  <div class='ocr_page' id='page_1' title='image "/cluster/home/n/w/nwhite01/storage/ocr_20150623/93/hvd.32044052820016/317.png"; bbox 0 0 3922 6190; ppageno 0'>
   <div class='ocr_carea' id='block_1_1' title="bbox 446 285 550 341">
    <p class='ocr_par' dir='ltr' id='par_1_1' title="bbox 446 285 550 341">
     <span class='ocr_line' id='line_1_1' title="bbox 446 285 550 341; baseline -0.019 0"><span class='ocrx_word' id='word_1_1' title='bbox 446 285 550 341; x_wconf 77' lang='grc'><strong>619</strong></span> 
     </span>
    </p>
   </div>
   <div class='ocr_carea' id='block_1_2' title="bbox 913 276 3231 338">
    <p class='ocr_par' dir='ltr' id='par_1_2' title="bbox 913 276 3231 338">
     <span class='ocr_line' id='line_1_2' title="bbox 913 276 3231 338; baseline -0.003 -1"><span class='ocrx_word' id='word_1_2' title='bbox 913 283 1111 338; x_wconf 67' lang='lat' dir='ltr'><strong>illiile</strong></span> <span class='ocrx_word' id='word_1_3' title='bbox 1155 279 1600 336; x_wconf 74' lang='lat' dir='ltr'><strong>VENERABILIS</strong></span> <span class='ocrx_word' id='word_1_4' title='bbox 1638 278 1786 333; x_wconf 80' lang='lat' dir='ltr'><strong>OPP.</strong></span> <span class='ocrx_word' id='word_1_5' title='bbox 1829 278 2003 336; x_wconf 76' lang='lat' dir='ltr'><strong>PARS</strong></span> <span class='ocrx_word' id='word_1_6' title='bbox 2043 277 2106 332; x_wconf 81' lang='lat' dir='ltr'><strong>ll.</strong></span> <span class='ocrx_word' id='word_1_7' title='bbox 2151 277 2344 337; x_wconf 83' lang='lat' dir='ltr'><strong>SECT.</strong></span> <span class='ocrx_word' id='word_1_8' title='bbox 2386 279 2447 334; x_wconf 94' lang='lat' dir='ltr'><strong>ll.</strong></span> <span class='ocrx_word' id='word_1_9' title='bbox 2488 307 2559 322; x_wconf 90' lang='lat'>—</span> <span class='ocrx_word' id='word_1_10' title='bbox 2594 278 2798 336; x_wconf 79' lang='lat' dir='ltr'><strong>DUDIA</strong></span> <span class='ocrx_word' id='word_1_11' title='bbox 2843 278 2928 333; x_wconf 76' lang='lat' dir='ltr'><strong>ET</strong></span> <span class='ocrx_word' id='word_1_12' title='bbox 2967 276 3231 333; x_wconf 70' lang='lat' dir='ltr'><strong>SPURM.</strong></span> 
     </span>
    </p>
   </div>
   <div class='ocr_carea' id='block_1_3' title="bbox 3587 278 3691 333">
    <p class='ocr_par' dir='ltr' id='par_1_3' title="bbox 3587 278 3691 333">
     <span class='ocr_line' id='line_1_3' title="bbox 3587 278 3691 333; baseline 0.029 -5"><span class='ocrx_word' id='word_1_13' title='bbox 3587 278 3691 333; x_wconf 58' lang='lat' dir='ltr'><strong>(till</strong></span> 
     </span>
    </p>
   </div>
   <div class='ocr_carea' id='block_1_4' title="bbox 452 394 3689 463">
    <p class='ocr_par' dir='ltr' id='par_1_4' title="bbox 452 394 3689 463">
     <span class='ocr_line' id='line_1_4' title="bbox 452 394 3689 463; baseline -0.003 -8"><span class='ocrx_word' id='word_1_14' title='bbox 452 403 576 455; x_wconf 87' lang='lat' dir='ltr'><strong>Iutis</strong></span> <span class='ocrx_word' id='word_1_15' title='bbox 598 445 612 463; x_wconf 89' lang='lat'><strong>,</strong></span> <span class='ocrx_word' id='word_1_16' title='bbox 654 394 856 453; x_wconf 79' lang='lat' dir='ltr'><strong>scilicet</strong></span> <span class='ocrx_word' id='word_1_17' title='bbox 887 406 941 449; x_wconf 91' lang='lat' dir='ltr'><strong>ut</strong></span> <span class='ocrx_word' id='word_1_18' title='bbox 981 396 1193 463; x_wconf 67' lang='lat' dir='ltr'><strong>quilibet</strong></span> <span class='ocrx_word' id='word_1_19' title='bbox 1236 395 1304 446; x_wconf 88' lang='lat' dir='ltr'><strong>sit</strong></span> <span class='ocrx_word' id='word_1_20' title='bbox 1331 395 1555 459; x_wconf 89' lang='lat' dir='ltr'><strong>otiosus,</strong></span> <span class='ocrx_word' id='word_1_21' title='bbox 1592 409 1765 461; x_wconf 86' lang='lat' dir='ltr'><strong>neque</strong></span> <span class='ocrx_word' id='word_1_22' title='bbox 1798 394 2021 462; x_wconf 79' lang='lat' dir='ltr'><strong>genibus</strong></span> <span class='ocrx_word' id='word_1_23' title='bbox 2053 399 2097 454; x_wconf 83' lang='grc' dir='ltr'><strong>Λ</strong></span> <span class='ocrx_word' id='word_1_24' title='bbox 2131 408 2225 460; x_wconf 84' lang='lat' dir='ltr'><strong>per</strong></span> <span class='ocrx_word' id='word_1_25' title='bbox 2271 396 2493 463; x_wconf 80' lang='lat' dir='ltr'><strong>gratiam</strong></span> <span class='ocrx_word' id='word_1_26' title='bbox 2523 436 2537 458; x_wconf 93' lang='lat'><strong>,</strong></span> <span class='ocrx_word' id='word_1_27' title='bbox 2582 405 2629 447; x_wconf 90' lang='lat' dir='ltr'><strong>et</strong></span> <span class='ocrx_word' id='word_1_28' title='bbox 2669 397 2734 446; x_wconf 85' lang='lat' dir='ltr'><strong>ad</strong></span> <span class='ocrx_word' id='word_1_29' title='bbox 2768 394 2865 446; x_wconf 80' lang='lat' dir='ltr'><strong>huc</strong></span> <span class='ocrx_word' id='word_1_30' title='bbox 2905 396 3134 448; x_wconf 73' lang='lat' dir='ltr'><strong>rlanmbo</strong></span> <span class='ocrx_word' id='word_1_31' title='bbox 3159 436 3172 454; x_wconf 92' lang='lat'><strong>,</strong></span> <span class='ocrx_word' id='word_1_32' title='bbox 3215 412 3277 446; x_wconf 79' lang='lat' dir='ltr'><strong>ne</strong></span> <span class='ocrx_word' id='word_1_33' title='bbox 3320 395 3467 447; x_wconf 59' lang='lat' dir='ltr'><strong>sileas</strong></span> <span class='ocrx_word' id='word_1_34' title='bbox 3502 411 3532 444; x_wconf 78' lang='grc' dir='ltr'><em>α</em></span> <span class='ocrx_word' id='word_1_35' title='bbox 3567 406 3649 446; x_wconf 78' lang='lat' dir='ltr'><strong>me</strong></span> <span class='ocrx_word' id='word_1_36' title='bbox 3671 410 3689 444; x_wconf 89' lang='lat'><strong><em>:</em></strong></span> 
     </span>
    </p>
   </div>
   <div class='ocr_carea' id='block_1_5' title="bbox 448 463 2019 532">
    <p class='ocr_par' dir='ltr' id='par_1_5' title="bbox 448 463 2019 532">
     <span class='ocr_line' id='line_1_5' title="bbox 448 463 2019 532; baseline -0.008 -6"><span class='ocrx_word' id='word_1_37' title='bbox 448 470 733 527; x_wconf 72' lang='lat' dir='ltr'><strong>debilitatis</strong></span> <span class='ocrx_word' id='word_1_38' title='bbox 759 486 771 520; x_wconf 87' lang='lat'>:</span> <span class='ocrx_word' id='word_1_39' title='bbox 805 467 1066 528; x_wconf 87' lang='lat' dir='ltr'><strong>videlicet,</strong></span> <span class='ocrx_word' id='word_1_40' title='bbox 1096 475 1151 518; x_wconf 92' lang='lat' dir='ltr'><strong>ut</strong></span> <span class='ocrx_word' id='word_1_41' title='bbox 1172 465 1263 532; x_wconf 85' lang='lat' dir='ltr'><strong>qui</strong></span> <span class='ocrx_word' id='word_1_42' title='bbox 1284 475 1403 529; x_wconf 83' lang='lat' dir='ltr'><strong>stat,</strong></span> <span class='ocrx_word' id='word_1_43' title='bbox 1426 465 1591 517; x_wconf 83' lang='lat' dir='ltr'><strong>videat</strong></span> <span class='ocrx_word' id='word_1_44' title='bbox 1619 480 1679 517; x_wconf 88' lang='lat' dir='ltr'><strong>ne</strong></span> <span class='ocrx_word' id='word_1_45' title='bbox 1703 464 1872 517; x_wconf 83' lang='lat' dir='ltr'><strong>cadat.</strong></span> <span class='ocrx_word' id='word_1_46' title='bbox 1907 463 2019 517; x_wconf 89' lang='lat' dir='ltr'><strong>lmo</strong></span> 
     </span>
    </p>
   </div>
   <div class='ocr_carea' id='block_1_6' title="bbox 450 535 2019 608">
    <p class='ocr_par' dir='ltr' id='par_1_6' title="bbox 450 535 2019 608">
     <span class='ocr_line' id='line_1_6' title="bbox 450 535 2019 608; baseline -0.005 -12"><span class='ocrx_word' id='word_1_47' title='bbox 450 542 673 595; x_wconf 72' lang='lat' dir='ltr'><strong>viriliter</strong></span> <span class='ocrx_word' id='word_1_48' title='bbox 706 538 909 608; x_wconf 77' lang='lat' dir='ltr'><strong>agendo</strong></span> <span class='ocrx_word' id='word_1_49' title='bbox 948 547 999 590; x_wconf 85' lang='lat' dir='ltr'><strong>et</strong></span> <span class='ocrx_word' id='word_1_50' title='bbox 1026 536 1343 608; x_wconf 80' lang='lat' dir='ltr'><strong>determinet</strong></span> <span class='ocrx_word' id='word_1_51' title='bbox 1373 535 1594 589; x_wconf 74' lang='lat' dir='ltr'><strong>viriliter</strong></span> <span class='ocrx_word' id='word_1_52' title='bbox 1616 548 1772 604; x_wconf 77' lang='lat' dir='ltr'><strong>agere</strong></span> <span class='ocrx_word' id='word_1_53' title='bbox 1796 574 1810 594; x_wconf 90' lang='lat'><strong>.</strong></span> <span class='ocrx_word' id='word_1_54' title='bbox 1841 550 1909 589; x_wconf 87' lang='lat' dir='ltr'><strong>ne</strong></span> <span class='ocrx_word' id='word_1_55' title='bbox 1937 549 2019 608; x_wconf 78' lang='lat' dir='ltr'><strong>re-</strong></span> 
     </span>
    </p>
   </div>
   <div class='ocr_carea' id='block_1_7' title="bbox 451 602 2018 674">
    <p class='ocr_par' dir='ltr' id='par_1_7' title="bbox 451 602 2018 674">
     <span class='ocr_line' id='line_1_7' title="bbox 451 602 2018 674; baseline -0.006 -8"><span class='ocrx_word' id='word_1_56' title='bbox 451 615 677 666; x_wconf 80' lang='lat' dir='ltr'><strong>letretur</strong></span> <span class='ocrx_word' id='word_1_57' title='bbox 713 602 775 660; x_wconf 66' lang='lat' dir='ltr'><strong>ait</strong></span> <span class='ocrx_word' id='word_1_58' title='bbox 806 608 1033 674; x_wconf 82' lang='lat' dir='ltr'><strong>aliquam</strong></span> <span class='ocrx_word' id='word_1_59' title='bbox 1060 606 1393 674; x_wconf 71' lang='lat' dir='ltr'><strong>corporalem</strong></span> <span class='ocrx_word' id='word_1_60' title='bbox 1426 602 1892 672; x_wconf 79' lang='lat' dir='ltr'><strong>prtesumptionem</strong></span> <span class='ocrx_word' id='word_1_61' title='bbox 1933 602 2018 657; x_wconf 91' lang='lat' dir='ltr'><strong>di-</strong></span> 
     </span>
    </p>
   </div>
   <div class='ocr_carea' id='block_1_8' title="bbox 445 673 2017 743">
    <p class='ocr_par' dir='ltr' id='par_1_8' title="bbox 445 673 2017 743">
     <span class='ocr_line' id='line_1_8' title="bbox 445 673 2017 743; baseline -0.005 -8"><span class='ocrx_word' id='word_1_62' title='bbox 445 697 571 737; x_wconf 83' lang='lat' dir='ltr'><strong>tens</strong></span> <span class='ocrx_word' id='word_1_63' title='bbox 614 699 625 733; x_wconf 91' lang='lat'>:</span> <span class='ocrx_word' id='word_1_64' title='bbox 659 678 758 732; x_wconf 81' lang='lat' dir='ltr'><strong>Cor</strong></span> <span class='ocrx_word' id='word_1_65' title='bbox 788 688 930 732; x_wconf 88' lang='lat' dir='ltr'><strong>tuum</strong></span> <span class='ocrx_word' id='word_1_66' title='bbox 952 673 1281 743; x_wconf 82' lang='lat' dir='ltr'><strong>confortetur,</strong></span> <span class='ocrx_word' id='word_1_67' title='bbox 1331 676 1379 728; x_wconf 95' lang='lat' dir='ltr'><strong>id</strong></span> <span class='ocrx_word' id='word_1_68' title='bbox 1414 684 1515 737; x_wconf 91' lang='lat' dir='ltr'><strong>est,</strong></span> <span class='ocrx_word' id='word_1_69' title='bbox 1556 677 1788 728; x_wconf 77' lang='lat' dir='ltr'><strong>exterius</strong></span> <span class='ocrx_word' id='word_1_70' title='bbox 1820 673 2017 743; x_wconf 86' lang='lat' dir='ltr'><strong>aliquid</strong></span> 
     </span>
    </p>
   </div>
   <div class='ocr_carea' id='block_1_9' title="bbox 446 745 2018 816">
    <p class='ocr_par' dir='ltr' id='par_1_9' title="bbox 446 745 2018 816">
     <span class='ocr_line' id='line_1_9' title="bbox 446 745 2018 816; baseline -0.006 -10"><span class='ocrx_word' id='word_1_71' title='bbox 446 763 643 806; x_wconf 81' lang='lat' dir='ltr'><strong>temere</strong></span> <span class='ocrx_word' id='word_1_72' title='bbox 671 764 819 816; x_wconf 76' lang='lat' dir='ltr'><strong>agas,</strong></span> <span class='ocrx_word' id='word_1_73' title='bbox 852 746 945 801; x_wconf 88' lang='lat' dir='ltr'><strong>sed</strong></span> <span class='ocrx_word' id='word_1_74' title='bbox 975 762 1062 799; x_wconf 85' lang='lat' dir='ltr'><strong>cor</strong></span> <span class='ocrx_word' id='word_1_75' title='bbox 1083 754 1241 808; x_wconf 81' lang='lat' dir='ltr'><strong>tuum,</strong></span> <span class='ocrx_word' id='word_1_76' title='bbox 1277 746 1326 799; x_wconf 90' lang='lat' dir='ltr'><strong>id</strong></span> <span class='ocrx_word' id='word_1_77' title='bbox 1356 754 1460 816; x_wconf 85' lang='lat' dir='ltr'><strong>est,</strong></span> <span class='ocrx_word' id='word_1_78' title='bbox 1495 745 1718 799; x_wconf 90' lang='lat' dir='ltr'><strong>interius</strong></span> <span class='ocrx_word' id='word_1_79' title='bbox 1752 754 1897 797; x_wconf 91' lang='lat' dir='ltr'><strong>tuum</strong></span> <span class='ocrx_word' id='word_1_80' title='bbox 1915 758 2018 816; x_wconf 89' lang='lat' dir='ltr'><strong>_cor</strong></span> 
     </span>
    </p>
   </div>
   <div class='ocr_carea' id='block_1_10' title="bbox 444 814 2015 886">
    <p class='ocr_par' dir='ltr' id='par_1_10' title="bbox 444 814 2015 886">
     <span class='ocr_line' id='line_1_10' title="bbox 444 814 2015 886; baseline -0.005 -11"><span class='ocrx_word' id='word_1_81' title='bbox 444 814 725 875; x_wconf 73' lang='lat' dir='ltr'><strong>roboratur</strong></span> <span class='ocrx_word' id='word_1_82' title='bbox 748 832 839 886; x_wconf 88' lang='lat' dir='ltr'><strong>per</strong></span> <span class='ocrx_word' id='word_1_83' title='bbox 860 816 1233 873; x_wconf 80' lang='lat' dir='ltr'><strong>conﬁdentiam</strong></span> <span class='ocrx_word' id='word_1_84' title='bbox 1259 831 1274 867; x_wconf 90' lang='lat'><strong>:</strong></span> <span class='ocrx_word' id='word_1_85' title='bbox 1305 815 1480 869; x_wconf 89' lang='lat' dir='ltr'><strong>ethoc</strong></span> <span class='ocrx_word' id='word_1_86' title='bbox 1503 818 1659 886; x_wconf 85' lang='lat' dir='ltr'><strong>modo</strong></span> <span class='ocrx_word' id='word_1_87' title='bbox 1679 816 1872 868; x_wconf 77' lang='lat' dir='ltr'><strong>sustine</strong></span> <span class='ocrx_word' id='word_1_88' title='bbox 1904 814 2015 886; x_wconf 87' lang='lat' dir='ltr'><strong>Do-</strong></span> 
     </span>
    </p>
   </div>
   <div class='ocr_carea' id='block_1_11' title="bbox 444 884 2015 953">
    <p class='ocr_par' dir='ltr' id='par_1_11' title="bbox 444 884 2015 953">
     <span class='ocr_line' id='line_1_11' title="bbox 444 884 2015 953; baseline -0.003 -11"><span class='ocrx_word' id='word_1_89' title='bbox 444 894 667 953; x_wconf 81' lang='lat' dir='ltr'><strong>minum,</strong></span> <span class='ocrx_word' id='word_1_90' title='bbox 703 884 896 953; x_wconf 87' lang='lat' dir='ltr'><strong>idest,</strong></span> <span class='ocrx_word' id='word_1_91' title='bbox 932 887 1192 953; x_wconf 78' lang='lat' dir='ltr'><strong>patienter</strong></span> <span class='ocrx_word' id='word_1_92' title='bbox 1212 895 1460 949; x_wconf 78' lang='lat' dir='ltr'><strong>exstiecta</strong></span> <span class='ocrx_word' id='word_1_93' title='bbox 1500 884 1781 940; x_wconf 89' lang='lat' dir='ltr'><strong>Dominum</strong></span> <span class='ocrx_word' id='word_1_94' title='bbox 1809 926 1821 950; x_wconf 88' lang='lat'><strong>,</strong></span> <span class='ocrx_word' id='word_1_95' title='bbox 1856 885 2015 940; x_wconf 83' lang='lat' dir='ltr'><strong>susti-</strong></span> 
     </span>
    </p>
   </div>
   <div class='ocr_carea' id='block_1_12' title="bbox 443 955 1427 1030">
    <p class='ocr_par' dir='ltr' id='par_1_12' title="bbox 443 955 1427 1030">
     <span class='ocr_line' id='line_1_12' title="bbox 443 955 1427 1030; baseline -0.007 -15"><span class='ocrx_word' id='word_1_96' title='bbox 443 962 622 1016; x_wconf 84' lang='lat' dir='ltr'><strong>nendo</strong></span> <span class='ocrx_word' id='word_1_97' title='bbox 651 960 855 1030; x_wconf 90' lang='lat' dir='ltr'><strong>pondus</strong></span> <span class='ocrx_word' id='word_1_98' title='bbox 886 966 1266 1027; x_wconf 71' lang='lat' dir='ltr'><strong>praeceptorum</strong></span> <span class='ocrx_word' id='word_1_99' title='bbox 1294 955 1427 1025; x_wconf 86' lang='lat' dir='ltr'><strong>ejus.</strong></span> 
     </span>
    </p>
   </div>
   <div class='ocr_carea' id='block_1_13' title="bbox 878 1067 1541 1126">
    <p class='ocr_par' dir='ltr' id='par_1_13' title="bbox 878 1067 1541 1126">
     <span class='ocr_line' id='line_1_13' title="bbox 878 1067 1541 1126; baseline -0.008 0"><span class='ocrx_word' id='word_1_100' title='bbox 878 1070 940 1126; x_wconf 83' lang='grc' dir='ltr'><strong>ΙΝ</strong></span> <span class='ocrx_word' id='word_1_101' title='bbox 982 1067 1301 1124; x_wconf 77' lang='lat' dir='ltr'><strong>PSALMUM</strong></span> <span class='ocrx_word' id='word_1_102' title='bbox 1334 1067 1541 1122; x_wconf 74' lang='lat' dir='ltr'><strong>XXVII.</strong></span> 
     </span>
    </p>
   </div>
   <div class='ocr_carea' id='block_1_14' title="bbox 1072 1159 1382 1229">
    <p class='ocr_par' dir='ltr' id='par_1_14' title="bbox 1072 1159 1382 1229">
     <span class='ocr_line' id='line_1_14' title="bbox 1072 1159 1382 1229; baseline 0.006 -18"><span class='ocrx_word' id='word_1_103' title='bbox 1072 1160 1172 1229; x_wconf 77' lang='lat' dir='ltr'><strong>Ipsi</strong></span> <span class='ocrx_word' id='word_1_104' title='bbox 1198 1159 1382 1214; x_wconf 72' lang='lat' dir='ltr'><strong>David.</strong></span> 
     </span>
    </p>
   </div>
   <div class='ocr_carea' id='block_1_15' title="bbox 1051 1271 1430 1311">
    <p class='ocr_par' dir='ltr' id='par_1_15' title="bbox 1051 1271 1430 1311">
     <span class='ocr_line' id='line_1_15' title="bbox 1051 1271 1430 1311; baseline -0.005 0"><span class='ocrx_word' id='word_1_105' title='bbox 1051 1271 1430 1311; x_wconf 67' lang='lat' dir='ltr'><strong>ABGUMENTUM.</strong></span> 
     </span>
    </p>
   </div>
   <div class='ocr_carea' id='block_1_16' title="bbox 515 1344 2015 1415">
    <p class='ocr_par' dir='ltr' id='par_1_16' title="bbox 515 1344 2015 1415">
     <span class='ocr_line' id='line_1_16' title="bbox 515 1344 2015 1415; baseline -0.005 -10"><span class='ocrx_word' id='word_1_106' title='bbox 515 1346 770 1407; x_wconf 63' lang='lat' dir='ltr'><strong>l&#39;Tzet-hias</strong></span> <span class='ocrx_word' id='word_1_107' title='bbox 800 1348 1115 1402; x_wconf 81' lang='lat' dir='ltr'><strong>inﬁrmitatis</strong></span> <span class='ocrx_word' id='word_1_108' title='bbox 1141 1363 1250 1401; x_wconf 70' lang='lat' dir='ltr'><strong>sum</strong></span> <span class='ocrx_word' id='word_1_109' title='bbox 1276 1356 1513 1415; x_wconf 82' lang='lat' dir='ltr'><strong>tempore</strong></span> <span class='ocrx_word' id='word_1_110' title='bbox 1543 1344 1821 1399; x_wconf 90' lang='lat' dir='ltr'><strong>Dominum</strong></span> <span class='ocrx_word' id='word_1_111' title='bbox 1846 1354 2015 1408; x_wconf 69' lang='lat' dir='ltr'><strong>rogat.</strong></span> 
     </span>
    </p>
   </div>
   <div class='ocr_carea' id='block_1_17' title="bbox 442 1414 2021 1489">
    <p class='ocr_par' dir='ltr' id='par_1_17' title="bbox 442 1414 2021 1489">
     <span class='ocr_line' id='line_1_17' title="bbox 442 1414 2021 1489; baseline -0.006 -12"><span class='ocrx_word' id='word_1_112' title='bbox 442 1424 485 1477; x_wconf 88' lang='lat' dir='ltr'><strong>lt</strong></span> <span class='ocrx_word' id='word_1_113' title='bbox 523 1440 571 1476; x_wconf 91' lang='grc' dir='ltr'><strong>ιιι</strong></span> <span class='ocrx_word' id='word_1_114' title='bbox 602 1421 853 1489; x_wconf 76' lang='lat' dir='ltr'><strong>legendus</strong></span> <span class='ocrx_word' id='word_1_115' title='bbox 882 1419 947 1471; x_wconf 85' lang='lat' dir='ltr'><strong>ad</strong></span> <span class='ocrx_word' id='word_1_116' title='bbox 977 1419 1269 1489; x_wconf 80' lang='lat' dir='ltr'><strong>Danielem.</strong></span> <span class='ocrx_word' id='word_1_117' title='bbox 1300 1414 1543 1489; x_wconf 84' lang='lat' dir='ltr'><strong>Christus</strong></span> <span class='ocrx_word' id='word_1_118' title='bbox 1567 1416 1866 1489; x_wconf 12' lang='lat' dir='ltr'><strong>defludteis</strong></span> <span class='ocrx_word' id='word_1_119' title='bbox 1889 1416 2021 1469; x_wconf 84' lang='lat' dir='ltr'><strong>dicit</strong></span> 
     </span>
    </p>
   </div>
   <div class='ocr_carea' id='block_1_18' title="bbox 438 1486 2014 1554">
    <p class='ocr_par' dir='ltr' id='par_1_18' title="bbox 438 1486 2014 1554">
     <span class='ocr_line' id='line_1_18' title="bbox 438 1486 2014 1554; baseline -0.004 -9"><span class='ocrx_word' id='word_1_120' title='bbox 438 1497 503 1546; x_wconf 79' lang='lat' dir='ltr'><strong>ad</strong></span> <span class='ocrx_word' id='word_1_121' title='bbox 554 1486 783 1546; x_wconf 78' lang='lat' dir='ltr'><strong>Patrem.</strong></span> <span class='ocrx_word' id='word_1_122' title='bbox 834 1488 1120 1542; x_wconf 88' lang='lat' dir='ltr'><strong>Sciendum</strong></span> <span class='ocrx_word' id='word_1_123' title='bbox 1162 1498 1337 1540; x_wconf 88' lang='lat' dir='ltr'><strong>autem</strong></span> <span class='ocrx_word' id='word_1_124' title='bbox 1380 1487 1517 1554; x_wconf 90' lang='lat' dir='ltr'><strong>quod</strong></span> <span class='ocrx_word' id='word_1_125' title='bbox 1551 1496 1603 1541; x_wconf 91' lang='lat' dir='ltr'><strong>et</strong></span> <span class='ocrx_word' id='word_1_126' title='bbox 1633 1488 1731 1539; x_wconf 88' lang='lat' dir='ltr'><strong>iste</strong></span> <span class='ocrx_word' id='word_1_127' title='bbox 1762 1486 2014 1553; x_wconf 84' lang='lat' dir='ltr'><strong>psalmus,</strong></span> 
     </span>
    </p>
   </div>
   <div class='ocr_carea' id='block_1_19' title="bbox 441 1556 2020 1631">
    <p class='ocr_par' dir='ltr' id='par_1_19' title="bbox 441 1556 2020 1631">
     <span class='ocr_line' id='line_1_19' title="bbox 441 1556 2020 1631; baseline -0.003 -16"><span class='ocrx_word' id='word_1_128' title='bbox 441 1574 659 1631; x_wconf 69' lang='lat' dir='ltr'><strong>excepta</strong></span> <span class='ocrx_word' id='word_1_129' title='bbox 690 1575 795 1631; x_wconf 80' lang='lat' dir='ltr'><strong>una</strong></span> <span class='ocrx_word' id='word_1_130' title='bbox 827 1562 1023 1631; x_wconf 81' lang='lat' dir='ltr'><strong>littera,</strong></span> <span class='ocrx_word' id='word_1_131' title='bbox 1065 1557 1115 1609; x_wconf 92' lang='lat' dir='ltr'><strong>in</strong></span> <span class='ocrx_word' id='word_1_132' title='bbox 1151 1556 1387 1631; x_wconf 69' lang='lat' dir='ltr'><strong>iit‘ilt‘a&#39;is</strong></span> <span class='ocrx_word' id='word_1_133' title='bbox 1408 1557 1762 1611; x_wconf 84' lang='lat' dir='ltr'><strong>voluminibus</strong></span> <span class='ocrx_word' id='word_1_134' title='bbox 1789 1556 2020 1625; x_wconf 82' lang='lat' dir='ltr'><strong>scriptus</strong></span> 
     </span>
    </p>
   </div>
   <div class='ocr_carea' id='block_1_20' title="bbox 440 1628 1490 1699">
    <p class='ocr_par' dir='ltr' id='par_1_20' title="bbox 440 1628 1490 1699">
     <span class='ocr_line' id='line_1_20' title="bbox 440 1628 1490 1699; baseline -0.004 -14"><span class='ocrx_word' id='word_1_135' title='bbox 440 1644 517 1686; x_wconf 68' lang='lat' dir='ltr'><strong>est</strong></span> <span class='ocrx_word' id='word_1_136' title='bbox 544 1675 560 1699; x_wconf 95' lang='lat'><strong>,</strong></span> <span class='ocrx_word' id='word_1_137' title='bbox 578 1628 886 1686; x_wconf 72' lang='lat' dir='ltr'><strong>secundum</strong></span> <span class='ocrx_word' id='word_1_138' title='bbox 913 1629 1152 1683; x_wconf 88' lang='lat' dir='ltr'><strong>ordinem</strong></span> <span class='ocrx_word' id='word_1_139' title='bbox 1178 1628 1490 1681; x_wconf 90' lang='lat' dir='ltr'><strong>litterarum.</strong></span> 
     </span>
    </p>
   </div>
   <div class='ocr_carea' id='block_1_21' title="bbox 1042 1732 1395 1771">
    <p class='ocr_par' dir='ltr' id='par_1_21' title="bbox 1042 1732 1395 1771">
     <span class='ocr_line' id='line_1_21' title="bbox 1042 1732 1395 1771; baseline -0.003 0"><span class='ocrx_word' id='word_1_140' title='bbox 1042 1732 1395 1771; x_wconf 67' lang='lat' dir='ltr'><strong>EXPLANA&#39;I&#39;IO.</strong></span> 
     </span>
    </p>
   </div>
   <div class='ocr_carea' id='block_1_22' title="bbox 514 1805 2015 1877">
    <p class='ocr_par' dir='ltr' id='par_1_22' title="bbox 514 1805 2015 1877">
     <span class='ocr_line' id='line_1_22' title="bbox 514 1805 2015 1877; baseline -0.007 -11"><span class='ocrx_word' id='word_1_141' title='bbox 514 1812 677 1865; x_wconf 83' lang='lat' dir='ltr'><strong>David</strong></span> <span class='ocrx_word' id='word_1_142' title='bbox 698 1826 892 1877; x_wconf 82' lang='lat' dir='ltr'><strong>semper</strong></span> <span class='ocrx_word' id='word_1_143' title='bbox 917 1808 969 1862; x_wconf 86' lang='lat' dir='ltr'><strong>in</strong></span> <span class='ocrx_word' id='word_1_144' title='bbox 996 1808 1151 1860; x_wconf 81' lang='lat' dir='ltr'><strong>titulis</strong></span> <span class='ocrx_word' id='word_1_145' title='bbox 1180 1805 1437 1859; x_wconf 79' lang='lat' dir='ltr'><strong>Christum</strong></span> <span class='ocrx_word' id='word_1_146' title='bbox 1476 1805 1763 1872; x_wconf 83' lang='lat' dir='ltr'><strong>signiﬁcare</strong></span> <span class='ocrx_word' id='word_1_147' title='bbox 1791 1846 1805 1867; x_wconf 88' lang='lat'><strong>,</strong></span> <span class='ocrx_word' id='word_1_148' title='bbox 1839 1805 2015 1877; x_wconf 88' lang='lat' dir='ltr'><strong>palam</strong></span> 
     </span>
    </p>
   </div>
   <div class='ocr_carea' id='block_1_23' title="bbox 440 1876 2015 1944">
    <p class='ocr_par' dir='ltr' id='par_1_23' title="bbox 440 1876 2015 1944">
     <span class='ocr_line' id='line_1_23' title="bbox 440 1876 2015 1944; baseline -0.006 -7"><span class='ocrx_word' id='word_1_149' title='bbox 440 1894 509 1937; x_wconf 85' lang='lat' dir='ltr'><strong>est</strong></span> <span class='ocrx_word' id='word_1_150' title='bbox 538 1898 693 1935; x_wconf 90' lang='lat' dir='ltr'><strong>manu</strong></span> <span class='ocrx_word' id='word_1_151' title='bbox 725 1876 902 1941; x_wconf 76' lang='lat' dir='ltr'><strong>fortem</strong></span> <span class='ocrx_word' id='word_1_152' title='bbox 930 1880 980 1931; x_wconf 92' lang='lat' dir='ltr'><strong>in</strong></span> <span class='ocrx_word' id='word_1_153' title='bbox 1011 1878 1284 1930; x_wconf 81' lang='lat' dir='ltr'><strong>certamine</strong></span> <span class='ocrx_word' id='word_1_154' title='bbox 1312 1876 1559 1944; x_wconf 72' lang='lat' dir='ltr'><strong>passionis</strong></span> <span class='ocrx_word' id='word_1_155' title='bbox 1585 1914 1599 1941; x_wconf 95' lang='lat'><strong>,</strong></span> <span class='ocrx_word' id='word_1_156' title='bbox 1632 1876 2015 1929; x_wconf 67' lang='lat' dir='ltr'><strong>desiderabilem</strong></span> 
     </span>
    </p>
   </div>
   <div class='ocr_carea' id='block_1_24' title="bbox 438 1945 2015 2013">
    <p class='ocr_par' dir='ltr' id='par_1_24' title="bbox 438 1945 2015 2013">
     <span class='ocr_line' id='line_1_24' title="bbox 438 1945 2015 2013; baseline -0.006 -7"><span class='ocrx_word' id='word_1_157' title='bbox 438 1959 490 2008; x_wconf 82' lang='lat' dir='ltr'><strong>in</strong></span> <span class='ocrx_word' id='word_1_158' title='bbox 519 1954 747 2006; x_wconf 87' lang='lat' dir='ltr'><strong>claritate</strong></span> <span class='ocrx_word' id='word_1_159' title='bbox 790 1948 1169 2002; x_wconf 82' lang='lat' dir='ltr'><strong>resurrectionis</strong></span> <span class='ocrx_word' id='word_1_160' title='bbox 1193 1962 1212 2000; x_wconf 88' lang='lat'><strong><em>:</em></strong></span> <span class='ocrx_word' id='word_1_161' title='bbox 1248 1949 1336 2000; x_wconf 88' lang='lat' dir='ltr'><strong>sed</strong></span> <span class='ocrx_word' id='word_1_162' title='bbox 1377 1946 1659 2013; x_wconf 79' lang='lat' dir='ltr'><strong>aliquando</strong></span> <span class='ocrx_word' id='word_1_163' title='bbox 1706 1947 1757 1999; x_wconf 90' lang='lat' dir='ltr'><strong>in</strong></span> <span class='ocrx_word' id='word_1_164' title='bbox 1797 1962 1872 2009; x_wconf 86' lang='lat' dir='ltr'><strong>se,</strong></span> <span class='ocrx_word' id='word_1_165' title='bbox 1915 1945 2015 1998; x_wconf 87' lang='lat' dir='ltr'><strong>ali-</strong></span> 
     </span>
    </p>
   </div>
   <div class='ocr_carea' id='block_1_25' title="bbox 438 2017 2010 2092">
    <p class='ocr_par' dir='ltr' id='par_1_25' title="bbox 438 2017 2010 2092">
     <span class='ocr_line' id='line_1_25' title="bbox 438 2017 2010 2092; baseline -0.005 -17"><span class='ocrx_word' id='word_1_166' title='bbox 438 2024 645 2092; x_wconf 80' lang='lat' dir='ltr'><strong>quando</strong></span> <span class='ocrx_word' id='word_1_167' title='bbox 671 2023 723 2073; x_wconf 91' lang='lat' dir='ltr'><strong>in</strong></span> <span class='ocrx_word' id='word_1_168' title='bbox 754 2022 859 2073; x_wconf 84' lang='lat' dir='ltr'><strong>suis</strong></span> <span class='ocrx_word' id='word_1_169' title='bbox 898 2018 1131 2072; x_wconf 85' lang='lat' dir='ltr'><strong>membris</strong></span> <span class='ocrx_word' id='word_1_170' title='bbox 1166 2017 1519 2092; x_wconf 67' lang='lat' dir='ltr'><strong>_(_}ttm_autetn_</strong></span> <span class='ocrx_word' id='word_1_171' title='bbox 1541 2017 1860 2092; x_wconf 45' lang='lat' dir='ltr'><strong>praemittitur</strong></span> <span class='ocrx_word' id='word_1_172' title='bbox 1890 2017 2010 2081; x_wconf 85' lang='lat' dir='ltr'><strong>ipsi,</strong></span> 
     </span>
    </p>
   </div>
   <div class='ocr_carea' id='block_1_26' title="bbox 441 2088 2012 2160">
    <p class='ocr_par' dir='ltr' id='par_1_26' title="bbox 441 2088 2012 2160">
     <span class='ocr_line' id='line_1_26' title="bbox 441 2088 2012 2160; baseline -0.006 -15"><span class='ocrx_word' id='word_1_173' title='bbox 441 2088 639 2147; x_wconf 80' lang='lat' dir='ltr'><strong>nullam</strong></span> <span class='ocrx_word' id='word_1_174' title='bbox 667 2093 821 2145; x_wconf 82' lang='lat' dir='ltr'><strong>alium</strong></span> <span class='ocrx_word' id='word_1_175' title='bbox 862 2104 1128 2160; x_wconf 68' lang='lat' dir='ltr'><strong>personam</strong></span> <span class='ocrx_word' id='word_1_176' title='bbox 1159 2088 1273 2140; x_wconf 85' lang='lat' dir='ltr'><strong>licet</strong></span> <span class='ocrx_word' id='word_1_177' title='bbox 1301 2088 1519 2160; x_wconf 78' lang='lat' dir='ltr'><strong>intelligi</strong></span> <span class='ocrx_word' id='word_1_178' title='bbox 1545 2125 1561 2151; x_wconf 90' lang='lat'><strong>,</strong></span> <span class='ocrx_word' id='word_1_179' title='bbox 1593 2088 1678 2138; x_wconf 84' lang='lat' dir='ltr'><strong>sed</strong></span> <span class='ocrx_word' id='word_1_180' title='bbox 1707 2088 1875 2160; x_wconf 78' lang='lat' dir='ltr'><strong>ipsum</strong></span> <span class='ocrx_word' id='word_1_181' title='bbox 1904 2102 2012 2160; x_wconf 80' lang='lat' dir='ltr'><strong>me-</strong></span> 
     </span>
    </p>
   </div>
   <div class='ocr_carea' id='block_1_27' title="bbox 436 2157 2005 2227">
    <p class='ocr_par' dir='ltr' id='par_1_27' title="bbox 436 2157 2005 2227">
     <span class='ocr_line' id='line_1_27' title="bbox 436 2157 2005 2227; baseline -0.006 -10"><span class='ocrx_word' id='word_1_182' title='bbox 436 2165 680 2218; x_wconf 89' lang='lat' dir='ltr'><strong>diatorent</strong></span> <span class='ocrx_word' id='word_1_183' title='bbox 729 2160 821 2215; x_wconf 89' lang='lat' dir='ltr'><strong>Dei</strong></span> <span class='ocrx_word' id='word_1_184' title='bbox 864 2157 907 2212; x_wconf 62' lang='lat' dir='ltr'><strong>et</strong></span> <span class='ocrx_word' id='word_1_185' title='bbox 947 2160 1235 2227; x_wconf 83' lang='lat' dir='ltr'><strong>hominum,</strong></span> <span class='ocrx_word' id='word_1_186' title='bbox 1280 2159 1366 2227; x_wconf 89' lang='lat' dir='ltr'><strong>qui</strong></span> <span class='ocrx_word' id='word_1_187' title='bbox 1405 2173 1493 2226; x_wconf 73' lang='lat' dir='ltr'><strong>per</strong></span> <span class='ocrx_word' id='word_1_188' title='bbox 1524 2167 1685 2209; x_wconf 85' lang='lat' dir='ltr'><strong>totum</strong></span> <span class='ocrx_word' id='word_1_189' title='bbox 1712 2157 1846 2209; x_wconf 84' lang='lat' dir='ltr'><strong>hunc</strong></span> <span class='ocrx_word' id='word_1_190' title='bbox 1871 2158 2005 2226; x_wconf 82' lang='lat' dir='ltr'><strong>psal-</strong></span> 
     </span>
    </p>
   </div>
   <div class='ocr_carea' id='block_1_28' title="bbox 434 2224 2011 2300">
    <p class='ocr_par' dir='ltr' id='par_1_28' title="bbox 434 2224 2011 2300">
     <span class='ocr_line' id='line_1_28' title="bbox 434 2224 2011 2300; baseline -0.006 -11"><span class='ocrx_word' id='word_1_191' title='bbox 434 2252 569 2289; x_wconf 85' lang='lat' dir='ltr'><strong>mum</strong></span> <span class='ocrx_word' id='word_1_192' title='bbox 619 2233 862 2300; x_wconf 83' lang='lat' dir='ltr'><strong>loquitur,</strong></span> <span class='ocrx_word' id='word_1_193' title='bbox 907 2246 1059 2281; x_wconf 85' lang='lat' dir='ltr'><strong>orans</strong></span> <span class='ocrx_word' id='word_1_194' title='bbox 1103 2230 1178 2300; x_wconf 19' lang='lat' dir='ltr'><strong>ab»</strong></span> <span class='ocrx_word' id='word_1_195' title='bbox 1218 2224 1507 2280; x_wconf 78' lang='lat' dir='ltr'><strong>humilitate</strong></span> <span class='ocrx_word' id='word_1_196' title='bbox 1552 2237 1797 2300; x_wconf 54' lang='lat' dir='ltr'><strong>susceptas</strong></span> <span class='ocrx_word' id='word_1_197' title='bbox 1843 2224 2011 2300; x_wconf 81' lang='lat' dir='ltr'><strong>carnis</strong></span> 
     </span>
    </p>
   </div>
   <div class='ocr_carea' id='block_1_29' title="bbox 442 2295 2010 2369">
    <p class='ocr_par' dir='ltr' id='par_1_29' title="bbox 442 2295 2010 2369">
     <span class='ocr_line' id='line_1_29' title="bbox 442 2295 2010 2369; baseline -0.005 -12"><span class='ocrx_word' id='word_1_198' title='bbox 442 2295 830 2369; x_wconf 68' lang='lat' dir='ltr'><strong>persecuturum,</strong></span> <span class='ocrx_word' id='word_1_199' title='bbox 860 2301 1051 2353; x_wconf 88' lang='lat' dir='ltr'><strong>debitas</strong></span> <span class='ocrx_word' id='word_1_200' title='bbox 1072 2298 1302 2351; x_wconf 88' lang='lat' dir='ltr'><strong>indicans</strong></span> <span class='ocrx_word' id='word_1_201' title='bbox 1334 2314 1503 2366; x_wconf 71' lang='lat' dir='ltr'><strong>poenas</strong></span> <span class='ocrx_word' id='word_1_202' title='bbox 1535 2313 1637 2369; x_wconf 77' lang='lat' dir='ltr'><strong>non</strong></span> <span class='ocrx_word' id='word_1_203' title='bbox 1663 2298 1828 2350; x_wconf 87' lang='lat' dir='ltr'><strong>studio</strong></span> <span class='ocrx_word' id='word_1_204' title='bbox 1853 2295 2010 2350; x_wconf 82' lang='lat' dir='ltr'><strong>ntale-</strong></span> 
     </span>
    </p>
   </div>
   <div class='ocr_carea' id='block_1_30' title="bbox 432 2366 2013 2433">
    <p class='ocr_par' dir='ltr' id='par_1_30' title="bbox 432 2366 2013 2433">
     <span class='ocr_line' id='line_1_30' title="bbox 432 2366 2013 2433; baseline -0.005 -5"><span class='ocrx_word' id='word_1_205' title='bbox 432 2366 663 2428; x_wconf 77' lang='lat' dir='ltr'><strong>volentite</strong></span> <span class='ocrx_word' id='word_1_206' title='bbox 689 2414 704 2433; x_wconf 93' lang='lat'><strong>,</strong></span> <span class='ocrx_word' id='word_1_207' title='bbox 752 2372 840 2425; x_wconf 89' lang='lat' dir='ltr'><strong>sed</strong></span> <span class='ocrx_word' id='word_1_208' title='bbox 884 2371 1244 2423; x_wconf 84' lang='lat' dir='ltr'><strong>contestatione</strong></span> <span class='ocrx_word' id='word_1_209' title='bbox 1288 2370 1539 2421; x_wconf 70' lang='lat' dir='ltr'><strong>vindictae.</strong></span> <span class='ocrx_word' id='word_1_210' title='bbox 1593 2366 1765 2419; x_wconf 82' lang='lat' dir='ltr'><strong>Prima</strong></span> <span class='ocrx_word' id='word_1_211' title='bbox 1795 2370 2013 2420; x_wconf 86' lang='lat' dir='ltr'><strong>sectione</strong></span> 
     </span>
    </p>
   </div>
   <div class='ocr_carea' id='block_1_31' title="bbox 437 2439 2011 2508">
    <p class='ocr_par' dir='ltr' id='par_1_31' title="bbox 437 2439 2011 2508">
     <span class='ocr_line' id='line_1_31' title="bbox 437 2439 2011 2508; baseline -0.004 -12"><span class='ocrx_word' id='word_1_212' title='bbox 437 2456 546 2498; x_wconf 86' lang='lat' dir='ltr'><strong>orat</strong></span> <span class='ocrx_word' id='word_1_213' title='bbox 581 2444 827 2496; x_wconf 84' lang='lat' dir='ltr'><strong>Dominus</strong></span> <span class='ocrx_word' id='word_1_214' title='bbox 857 2439 1088 2494; x_wconf 81' lang='lat' dir='ltr'><strong>Christus</strong></span> <span class='ocrx_word' id='word_1_215' title='bbox 1116 2455 1203 2508; x_wconf 88' lang='lat' dir='ltr'><strong>per</strong></span> <span class='ocrx_word' id='word_1_216' title='bbox 1232 2439 1285 2490; x_wconf 87' lang='lat' dir='ltr'><strong>id</strong></span> <span class='ocrx_word' id='word_1_217' title='bbox 1311 2443 1445 2506; x_wconf 89' lang='lat' dir='ltr'><strong>quod</strong></span> <span class='ocrx_word' id='word_1_218' title='bbox 1476 2442 1626 2491; x_wconf 85' lang='lat' dir='ltr'><strong>homo</strong></span> <span class='ocrx_word' id='word_1_219' title='bbox 1664 2447 1735 2490; x_wconf 86' lang='lat' dir='ltr'><strong>est</strong></span> <span class='ocrx_word' id='word_1_220' title='bbox 1762 2446 1869 2508; x_wconf 82' lang='lat' dir='ltr'><strong>,_ut</strong></span> <span class='ocrx_word' id='word_1_221' title='bbox 1900 2439 2011 2506; x_wconf 76' lang='lat' dir='ltr'><strong>ejus</strong></span> 
     </span>
    </p>
   </div>
   <div class='ocr_carea' id='block_1_32' title="bbox 437 2506 2010 2577">
    <p class='ocr_par' dir='ltr' id='par_1_32' title="bbox 437 2506 2010 2577">
     <span class='ocr_line' id='line_1_32' title="bbox 437 2506 2010 2577; baseline -0.003 -13"><span class='ocrx_word' id='word_1_222' title='bbox 437 2516 681 2568; x_wconf 80' lang='lat' dir='ltr'><strong>audiatur</strong></span> <span class='ocrx_word' id='word_1_223' title='bbox 731 2513 894 2564; x_wconf 81' lang='lat' dir='ltr'><strong>oratio</strong></span> <span class='ocrx_word' id='word_1_224' title='bbox 946 2506 1125 2575; x_wconf 76' lang='lat' dir='ltr'><strong>futuro</strong></span> <span class='ocrx_word' id='word_1_225' title='bbox 1178 2519 1398 2577; x_wconf 80' lang='lat' dir='ltr'><strong>tempore</strong></span> <span class='ocrx_word' id='word_1_226' title='bbox 1446 2508 1715 2577; x_wconf 80' lang='lat' dir='ltr'><strong>passionis.</strong></span> <span class='ocrx_word' id='word_1_227' title='bbox 1774 2506 2010 2560; x_wconf 85' lang='lat' dir='ltr'><strong>Secunda</strong></span> 
     </span>
    </p>
   </div>
   <div class='ocr_carea' id='block_1_33' title="bbox 435 2576 2008 2655">
    <p class='ocr_par' dir='ltr' id='par_1_33' title="bbox 435 2576 2008 2655">
     <span class='ocr_line' id='line_1_33' title="bbox 435 2576 2008 2655; baseline -0.004 -20"><span class='ocrx_word' id='word_1_228' title='bbox 435 2588 627 2655; x_wconf 76' lang='lat' dir='ltr'><strong>gratias</strong></span> <span class='ocrx_word' id='word_1_229' title='bbox 653 2584 776 2655; x_wconf 79' lang='lat' dir='ltr'><strong>egit,</strong></span> <span class='ocrx_word' id='word_1_230' title='bbox 803 2580 1042 2655; x_wconf 68' lang='lat' dir='ltr'><strong>quoniam</strong></span> <span class='ocrx_word' id='word_1_231' title='bbox 1072 2576 1342 2631; x_wconf 73' lang='lat' dir='ltr'><strong>exauditus</strong></span> <span class='ocrx_word' id='word_1_232' title='bbox 1366 2586 1436 2655; x_wconf 73' lang='lat' dir='ltr'><strong>est</strong></span> <span class='ocrx_word' id='word_1_233' title='bbox 1457 2576 1616 2655; x_wconf 59' lang='lat' dir='ltr'><strong>initis</strong></span> <span class='ocrx_word' id='word_1_234' title='bbox 1641 2578 2008 2655; x_wconf 31' lang='lat' dir='ltr'><strong>quw‘postula-</strong></span> 
     </span>
    </p>
   </div>
   <div class='ocr_carea' id='block_1_34' title="bbox 437 2648 2010 2722">
    <p class='ocr_par' dir='ltr' id='par_1_34' title="bbox 437 2648 2010 2722">
     <span class='ocr_line' id='line_1_34' title="bbox 437 2648 2010 2722; baseline -0.004 -16"><span class='ocrx_word' id='word_1_235' title='bbox 437 2648 543 2709; x_wconf 75' lang='lat' dir='ltr'><strong>bat.</strong></span> <span class='ocrx_word' id='word_1_236' title='bbox 578 2653 640 2705; x_wconf 87' lang='lat' dir='ltr'><strong>In</strong></span> <span class='ocrx_word' id='word_1_237' title='bbox 664 2648 844 2722; x_wconf 84' lang='lat' dir='ltr'><strong>psalmi</strong></span> <span class='ocrx_word' id='word_1_238' title='bbox 876 2650 977 2718; x_wconf 82' lang='lat' dir='ltr'><strong>line</strong></span> <span class='ocrx_word' id='word_1_239' title='bbox 1006 2651 1251 2722; x_wconf 80' lang='lat' dir='ltr'><strong>iungens,</strong></span> <span class='ocrx_word' id='word_1_240' title='bbox 1280 2656 1333 2700; x_wconf 88' lang='lat' dir='ltr'><strong>ut</strong></span> <span class='ocrx_word' id='word_1_241' title='bbox 1359 2648 1618 2722; x_wconf 68' lang='lat' dir='ltr'><strong>sicutjpse</strong></span> <span class='ocrx_word' id='word_1_242' title='bbox 1640 2650 1912 2722; x_wconf 82' lang='lat' dir='ltr'><strong>suscitatus</strong></span> <span class='ocrx_word' id='word_1_243' title='bbox 1937 2656 2010 2722; x_wconf 82' lang='lat' dir='ltr'><strong>est</strong></span> 
     </span>
    </p>
   </div>
   <div class='ocr_carea' id='block_1_35' title="bbox 439 2718 2011 2789">
    <p class='ocr_par' dir='ltr' id='par_1_35' title="bbox 439 2718 2011 2789">
     <span class='ocr_line' id='line_1_35' title="bbox 439 2718 2011 2789; baseline -0.004 -13"><span class='ocrx_word' id='word_1_244' title='bbox 439 2718 682 2789; x_wconf 84' lang='lat' dir='ltr'><strong>potestate</strong></span> <span class='ocrx_word' id='word_1_245' title='bbox 713 2722 986 2774; x_wconf 87' lang='lat' dir='ltr'><strong>divinitatis</strong></span> <span class='ocrx_word' id='word_1_246' title='bbox 1011 2734 1117 2773; x_wconf 74' lang='lat' dir='ltr'><strong>sua:</strong></span> <span class='ocrx_word' id='word_1_247' title='bbox 1138 2762 1152 2786; x_wconf 93' lang='lat'><strong>,</strong></span> <span class='ocrx_word' id='word_1_248' title='bbox 1192 2719 1266 2771; x_wconf 86' lang='lat' dir='ltr'><strong>ita</strong></span> <span class='ocrx_word' id='word_1_249' title='bbox 1289 2718 1459 2772; x_wconf 81' lang='lat' dir='ltr'><strong>salvus</strong></span> <span class='ocrx_word' id='word_1_250' title='bbox 1482 2718 1569 2787; x_wconf 76' lang='lat' dir='ltr'><strong>fiat</strong></span> <span class='ocrx_word' id='word_1_251' title='bbox 1596 2728 1640 2770; x_wconf 87' lang='lat' dir='ltr'><strong>et</strong></span> <span class='ocrx_word' id='word_1_252' title='bbox 1663 2718 1882 2787; x_wconf 77' lang='lat' dir='ltr'><strong>papulas</strong></span> <span class='ocrx_word' id='word_1_253' title='bbox 1902 2719 2011 2787; x_wconf 83' lang='lat' dir='ltr'><strong>ejus</strong></span> 
     </span>
    </p>
   </div>
   <div class='ocr_carea' id='block_1_36' title="bbox 438 2792 962 2848">
    <p class='ocr_par' dir='ltr' id='par_1_36' title="bbox 438 2792 962 2848">
     <span class='ocr_line' id='line_1_36' title="bbox 438 2792 962 2848; baseline -0.013 0"><span class='ocrx_word' id='word_1_254' title='bbox 438 2794 633 2848; x_wconf 84' lang='lat' dir='ltr'><strong>nomini</strong></span> <span class='ocrx_word' id='word_1_255' title='bbox 660 2792 962 2846; x_wconf 83' lang='lat' dir='ltr'><strong>crediturus.</strong></span> 
     </span>
    </p>
   </div>
   <div class='ocr_carea' id='block_1_37' title="bbox 992 2895 1420 2938">
    <p class='ocr_par' dir='ltr' id='par_1_37' title="bbox 992 2895 1420 2938">
     <span class='ocr_line' id='line_1_37' title="bbox 992 2895 1420 2938; baseline -0.005 0"><span class='ocrx_word' id='word_1_256' title='bbox 992 2895 1420 2938; x_wconf 60' lang='lat' dir='ltr'><strong>COMMENTARIUS.</strong></span> 
     </span>
    </p>
   </div>
   <div class='ocr_carea' id='block_1_38' title="bbox 512 2988 2012 3061">
    <p class='ocr_par' dir='ltr' id='par_1_38' title="bbox 512 2988 2012 3061">
     <span class='ocr_line' id='line_1_38' title="bbox 512 2988 2012 3061; baseline -0.004 -9"><span class='ocrx_word' id='word_1_257' title='bbox 512 3000 591 3053; x_wconf 80' lang='lat' dir='ltr'><strong>Ad</strong></span> <span class='ocrx_word' id='word_1_258' title='bbox 615 3007 681 3061; x_wconf 87' lang='lat' dir='ltr'><strong>te,</strong></span> <span class='ocrx_word' id='word_1_259' title='bbox 718 2996 948 3056; x_wconf 84' lang='lat' dir='ltr'><strong>Domine,</strong></span> <span class='ocrx_word' id='word_1_260' title='bbox 979 2994 1225 3047; x_wconf 89' lang='lat' dir='ltr'><strong>ctantabo.</strong></span> <span class='ocrx_word' id='word_1_261' title='bbox 1252 2994 1458 3048; x_wconf 83' lang='lat' dir='ltr'><strong>Titulus</strong></span> <span class='ocrx_word' id='word_1_262' title='bbox 1485 3002 1567 3047; x_wconf 86' lang='lat' dir='ltr'><strong>est</strong></span> <span class='ocrx_word' id='word_1_263' title='bbox 1596 2991 1735 3051; x_wconf 88' lang='lat' dir='ltr'><strong>talis.</strong></span> <span class='ocrx_word' id='word_1_264' title='bbox 1767 2988 2012 3046; x_wconf 82' lang='lat' dir='ltr'><strong>Psalmus</strong></span> 
     </span>
    </p>
   </div>
   <div class='ocr_carea' id='block_1_39' title="bbox 441 3062 2004 3133">
    <p class='ocr_par' dir='ltr' id='par_1_39' title="bbox 441 3062 2004 3133">
     <span class='ocr_line' id='line_1_39' title="bbox 441 3062 2004 3133; baseline -0.005 -10"><span class='ocrx_word' id='word_1_265' title='bbox 441 3071 559 3123; x_wconf 78' lang='lat' dir='ltr'><strong>huic</strong></span> <span class='ocrx_word' id='word_1_266' title='bbox 589 3067 776 3122; x_wconf 82' lang='lat' dir='ltr'><strong>David.</strong></span> <span class='ocrx_word' id='word_1_267' title='bbox 804 3064 956 3132; x_wconf 85' lang='lat' dir='ltr'><strong>Quod</strong></span> <span class='ocrx_word' id='word_1_268' title='bbox 987 3066 1074 3131; x_wconf 87' lang='lat' dir='ltr'><strong>qui</strong></span> <span class='ocrx_word' id='word_1_269' title='bbox 1118 3063 1249 3118; x_wconf 90' lang='lat' dir='ltr'><strong>velit</strong></span> <span class='ocrx_word' id='word_1_270' title='bbox 1281 3079 1569 3133; x_wconf 68' lang='lat' dir='ltr'><strong>exponere,</strong></span> <span class='ocrx_word' id='word_1_271' title='bbox 1601 3075 1890 3133; x_wconf 83' lang='lat' dir='ltr'><strong>pronomen</strong></span> <span class='ocrx_word' id='word_1_272' title='bbox 1921 3062 2004 3115; x_wconf 89' lang='lat' dir='ltr'><strong>in-</strong></span> 
     </span>
    </p>
   </div>
   <div class='ocr_carea' id='block_1_40' title="bbox 436 3131 2005 3203">
    <p class='ocr_par' dir='ltr' id='par_1_40' title="bbox 436 3131 2005 3203">
     <span class='ocr_line' id='line_1_40' title="bbox 436 3131 2005 3203; baseline -0.005 -10"><span class='ocrx_word' id='word_1_273' title='bbox 436 3143 610 3194; x_wconf 82' lang='lat' dir='ltr'><strong>sistat.</strong></span> <span class='ocrx_word' id='word_1_274' title='bbox 642 3131 861 3193; x_wconf 83' lang='lat' dir='ltr'><strong>Nomina</strong></span> <span class='ocrx_word' id='word_1_275' title='bbox 902 3148 1127 3203; x_wconf 87' lang='lat' dir='ltr'><strong>namque</strong></span> <span class='ocrx_word' id='word_1_276' title='bbox 1168 3131 1464 3202; x_wconf 75' lang='lat' dir='ltr'><strong>sigttiliCant</strong></span> <span class='ocrx_word' id='word_1_277' title='bbox 1506 3131 1851 3203; x_wconf 80' lang='lat' dir='ltr'><strong>substantiam</strong></span> <span class='ocrx_word' id='word_1_278' title='bbox 1882 3146 2005 3185; x_wconf 89' lang='lat' dir='ltr'><strong>cum</strong></span> 
     </span>
    </p>
   </div>
   <div class='ocr_carea' id='block_1_41' title="bbox 438 3201 2006 3278">
    <p class='ocr_par' dir='ltr' id='par_1_41' title="bbox 438 3201 2006 3278">
     <span class='ocr_line' id='line_1_41' title="bbox 438 3201 2006 3278; baseline -0.007 -15"><span class='ocrx_word' id='word_1_279' title='bbox 438 3210 711 3278; x_wconf 83' lang='lat' dir='ltr'><strong>qualitate.</strong></span> <span class='ocrx_word' id='word_1_280' title='bbox 746 3201 1065 3278; x_wconf 75' lang='lat' dir='ltr'><strong>Pronotnina</strong></span> <span class='ocrx_word' id='word_1_281' title='bbox 1088 3201 1411 3278; x_wconf 36' lang='lat' dir='ltr'><strong>vero&#39;solam</strong></span> <span class='ocrx_word' id='word_1_282' title='bbox 1452 3201 1799 3278; x_wconf 75' lang='lat' dir='ltr'><strong>substantiam</strong></span> <span class='ocrx_word' id='word_1_283' title='bbox 1826 3239 1843 3267; x_wconf 95' lang='lat'><strong>,</strong></span> <span class='ocrx_word' id='word_1_284' title='bbox 1872 3214 2006 3278; x_wconf 78' lang='lat' dir='ltr'><strong>qna-</strong></span> 
     </span>
    </p>
   </div>
   <div class='ocr_carea' id='block_1_42' title="bbox 440 3270 2006 3350">
    <p class='ocr_par' dir='ltr' id='par_1_42' title="bbox 440 3270 2006 3350">
     <span class='ocr_line' id='line_1_42' title="bbox 440 3270 2006 3350; baseline -0.004 -17"><span class='ocrx_word' id='word_1_285' title='bbox 440 3270 667 3350; x_wconf 14' lang='lat' dir='ltr'><strong>propter,</strong></span> <span class='ocrx_word' id='word_1_286' title='bbox 687 3278 865 3350; x_wconf 82' lang='lat' dir='ltr'><strong>titulus</strong></span> <span class='ocrx_word' id='word_1_287' title='bbox 894 3273 1096 3350; x_wconf 75' lang='lat' dir='ltr'><strong>istesic</strong></span> <span class='ocrx_word' id='word_1_288' title='bbox 1122 3273 1421 3350; x_wconf 66' lang='lat' dir='ltr'><strong>esponitur.</strong></span> <span class='ocrx_word' id='word_1_289' title='bbox 1450 3274 1690 3350; x_wconf 60' lang='lat' dir='ltr'><strong>ifsalmus</strong></span> <span class='ocrx_word' id='word_1_290' title='bbox 1719 3270 1820 3350; x_wconf 83' lang='lat' dir='ltr'><strong>iste</strong></span> <span class='ocrx_word' id='word_1_291' title='bbox 1836 3271 2006 3350; x_wconf 85' lang='lat' dir='ltr'><strong>_attri-</strong></span> 
     </span>
    </p>
   </div>
   <div class='ocr_carea' id='block_1_43' title="bbox 440 3341 2008 3412">
    <p class='ocr_par' dir='ltr' id='par_1_43' title="bbox 440 3341 2008 3412">
     <span class='ocr_line' id='line_1_43' title="bbox 440 3341 2008 3412; baseline -0.005 -8"><span class='ocrx_word' id='word_1_292' title='bbox 440 3341 615 3404; x_wconf 78' lang='lat' dir='ltr'><strong>imiiur</strong></span> <span class='ocrx_word' id='word_1_293' title='bbox 646 3348 830 3412; x_wconf 87' lang='lat' dir='ltr'><strong>David,</strong></span> <span class='ocrx_word' id='word_1_294' title='bbox 862 3361 966 3400; x_wconf 92' lang='lat' dir='ltr'><strong>non</strong></span> <span class='ocrx_word' id='word_1_295' title='bbox 998 3341 1274 3405; x_wconf 84' lang='lat' dir='ltr'><strong>historiali,</strong></span> <span class='ocrx_word' id='word_1_296' title='bbox 1306 3347 1385 3398; x_wconf 81' lang='lat' dir='ltr'><strong>vel</strong></span> <span class='ocrx_word' id='word_1_297' title='bbox 1415 3345 1568 3399; x_wconf 89' lang='lat' dir='ltr'><strong>alicui</strong></span> <span class='ocrx_word' id='word_1_298' title='bbox 1593 3341 1673 3396; x_wconf 90' lang='lat' dir='ltr'><strong>cui</strong></span> <span class='ocrx_word' id='word_1_299' title='bbox 1703 3342 2008 3412; x_wconf 67' lang='lat' dir='ltr'><strong>accidentes</strong></span> 
     </span>
    </p>
   </div>
   <div class='ocr_carea' id='block_1_44' title="bbox 440 3410 2007 3480">
    <p class='ocr_par' dir='ltr' id='par_1_44' title="bbox 440 3410 2007 3480">
     <span class='ocr_line' id='line_1_44' title="bbox 440 3410 2007 3480; baseline -0.004 -9"><span class='ocrx_word' id='word_1_300' title='bbox 440 3421 722 3474; x_wconf 78' lang='lat' dir='ltr'><strong>conveniat</strong></span> <span class='ocrx_word' id='word_1_301' title='bbox 756 3410 853 3471; x_wconf 81' lang='lat' dir='ltr'><strong>hoc</strong></span> <span class='ocrx_word' id='word_1_302' title='bbox 885 3430 1076 3469; x_wconf 84' lang='lat' dir='ltr'><strong>nomen</strong></span> <span class='ocrx_word' id='word_1_303' title='bbox 1112 3416 1294 3480; x_wconf 82' lang='lat' dir='ltr'><strong>David,</strong></span> <span class='ocrx_word' id='word_1_304' title='bbox 1315 3416 1358 3469; x_wconf 89' lang='lat' dir='ltr'><strong>si</strong></span> <span class='ocrx_word' id='word_1_305' title='bbox 1384 3416 1506 3468; x_wconf 91' lang='lat' dir='ltr'><strong>huic</strong></span> <span class='ocrx_word' id='word_1_306' title='bbox 1532 3413 1772 3477; x_wconf 84' lang='lat' dir='ltr'><strong>David,id</strong></span> <span class='ocrx_word' id='word_1_307' title='bbox 1802 3421 1905 3477; x_wconf 86' lang='lat' dir='ltr'><strong>est,</strong></span> <span class='ocrx_word' id='word_1_308' title='bbox 1930 3410 2007 3467; x_wconf 85' lang='lat' dir='ltr'><strong>illi</strong></span> 
     </span>
    </p>
   </div>
   <div class='ocr_carea' id='block_1_45' title="bbox 439 3482 2006 3557">
    <p class='ocr_par' dir='ltr' id='par_1_45' title="bbox 439 3482 2006 3557">
     <span class='ocr_line' id='line_1_45' title="bbox 439 3482 2006 3557; baseline -0.004 -15"><span class='ocrx_word' id='word_1_309' title='bbox 439 3492 527 3557; x_wconf 87' lang='lat' dir='ltr'><strong>qui</strong></span> <span class='ocrx_word' id='word_1_310' title='bbox 556 3485 971 3543; x_wconf 80' lang='lat' dir='ltr'><strong>substantialiter</strong></span> <span class='ocrx_word' id='word_1_311' title='bbox 998 3495 1081 3557; x_wconf 74' lang='lat' dir='ltr'><strong>est</strong></span> <span class='ocrx_word' id='word_1_312' title='bbox 1122 3485 1280 3538; x_wconf 85' lang='lat' dir='ltr'><strong>David</strong></span> <span class='ocrx_word' id='word_1_313' title='bbox 1306 3526 1322 3548; x_wconf 87' lang='lat'><strong>,</strong></span> <span class='ocrx_word' id='word_1_314' title='bbox 1353 3486 1403 3538; x_wconf 96' lang='lat' dir='ltr'><strong>id</strong></span> <span class='ocrx_word' id='word_1_315' title='bbox 1428 3495 1510 3557; x_wconf 85' lang='lat' dir='ltr'><strong>est</strong></span> <span class='ocrx_word' id='word_1_316' title='bbox 1539 3497 1696 3557; x_wconf 84' lang='lat' dir='ltr'><strong>manu</strong></span> <span class='ocrx_word' id='word_1_317' title='bbox 1726 3482 1878 3557; x_wconf 80' lang='lat' dir='ltr'><strong>fortis</strong></span> <span class='ocrx_word' id='word_1_318' title='bbox 1898 3490 2006 3557; x_wconf 86' lang='lat' dir='ltr'><strong>_._et</strong></span> 
     </span>
    </p>
   </div>
   <div class='ocr_carea' id='block_1_46' title="bbox 440 3551 2005 3619">
    <p class='ocr_par' dir='ltr' id='par_1_46' title="bbox 440 3551 2005 3619">
     <span class='ocr_line' id='line_1_46' title="bbox 440 3551 2005 3619; baseline -0.003 -9"><span class='ocrx_word' id='word_1_319' title='bbox 440 3551 556 3613; x_wconf 75' lang='lat' dir='ltr'><strong>visu</strong></span> <span class='ocrx_word' id='word_1_320' title='bbox 586 3557 973 3613; x_wconf 85' lang='lat' dir='ltr'><strong>desiderabilis.</strong></span> <span class='ocrx_word' id='word_1_321' title='bbox 1017 3555 1111 3609; x_wconf 84' lang='lat' dir='ltr'><strong>Est</strong></span> <span class='ocrx_word' id='word_1_322' title='bbox 1137 3557 1278 3608; x_wconf 87' lang='lat' dir='ltr'><strong>enim</strong></span> <span class='ocrx_word' id='word_1_323' title='bbox 1305 3570 1401 3608; x_wconf 83' lang='lat' dir='ltr'><strong>vox</strong></span> <span class='ocrx_word' id='word_1_324' title='bbox 1445 3556 1495 3607; x_wconf 93' lang='lat' dir='ltr'><strong>in</strong></span> <span class='ocrx_word' id='word_1_325' title='bbox 1536 3555 1636 3606; x_wconf 87' lang='lat' dir='ltr'><strong>hoc</strong></span> <span class='ocrx_word' id='word_1_326' title='bbox 1665 3553 1869 3619; x_wconf 87' lang='lat' dir='ltr'><strong>psalmo</strong></span> <span class='ocrx_word' id='word_1_327' title='bbox 1896 3551 2005 3605; x_wconf 81' lang='lat' dir='ltr'><strong>Me—</strong></span> 
     </span>
    </p>
   </div>
   <div class='ocr_carea' id='block_1_47' title="bbox 437 3623 2007 3693">
    <p class='ocr_par' dir='ltr' id='par_1_47' title="bbox 437 3623 2007 3693">
     <span class='ocr_line' id='line_1_47' title="bbox 437 3623 2007 3693; baseline -0.004 -12"><span class='ocrx_word' id='word_1_328' title='bbox 437 3632 675 3693; x_wconf 86' lang='lat' dir='ltr'><strong>tliatoris,</strong></span> <span class='ocrx_word' id='word_1_329' title='bbox 708 3643 831 3682; x_wconf 88' lang='lat' dir='ltr'><strong>vere</strong></span> <span class='ocrx_word' id='word_1_330' title='bbox 871 3641 1028 3679; x_wconf 88' lang='lat' dir='ltr'><strong>tnauu</strong></span> <span class='ocrx_word' id='word_1_331' title='bbox 1064 3624 1304 3690; x_wconf 78' lang='lat' dir='ltr'><strong>fortis,in</strong></span> <span class='ocrx_word' id='word_1_332' title='bbox 1332 3626 1447 3691; x_wconf 88' lang='lat' dir='ltr'><strong>ipso</strong></span> <span class='ocrx_word' id='word_1_333' title='bbox 1471 3623 1718 3677; x_wconf 77' lang='lat' dir='ltr'><strong>conﬂictu</strong></span> <span class='ocrx_word' id='word_1_334' title='bbox 1746 3623 2007 3693; x_wconf 78' lang='lat' dir='ltr'><strong>passionis</strong></span> 
     </span>
    </p>
   </div>
   <div class='ocr_carea' id='block_1_48' title="bbox 441 3691 2008 3764">
    <p class='ocr_par' dir='ltr' id='par_1_48' title="bbox 441 3691 2008 3764">
     <span class='ocr_line' id='line_1_48' title="bbox 441 3691 2008 3764; baseline -0.002 -16"><span class='ocrx_word' id='word_1_335' title='bbox 441 3691 897 3753; x_wconf 37' lang='lat' dir='ltr'><strong>orantis&#39;Ptitrem</strong></span> <span class='ocrx_word' id='word_1_336' title='bbox 949 3710 1044 3764; x_wconf 88' lang='lat' dir='ltr'><strong>pro</strong></span> <span class='ocrx_word' id='word_1_337' title='bbox 1080 3709 1174 3748; x_wconf 84' lang='lat' dir='ltr'><strong>sua</strong></span> <span class='ocrx_word' id='word_1_338' title='bbox 1223 3695 1634 3756; x_wconf 85' lang='lat' dir='ltr'><strong>resurrectione,</strong></span> <span class='ocrx_word' id='word_1_339' title='bbox 1667 3701 1724 3745; x_wconf 89' lang='lat' dir='ltr'><strong>ut</strong></span> <span class='ocrx_word' id='word_1_340' title='bbox 1760 3706 1867 3745; x_wconf 91' lang='lat' dir='ltr'><strong>non</strong></span> <span class='ocrx_word' id='word_1_341' title='bbox 1907 3691 2008 3745; x_wconf 82' lang='lat' dir='ltr'><strong>dif-</strong></span> 
     </span>
    </p>
   </div>
   <div class='ocr_carea' id='block_1_49' title="bbox 439 3765 2008 3831">
    <p class='ocr_par' dir='ltr' id='par_1_49' title="bbox 439 3765 2008 3831">
     <span class='ocr_line' id='line_1_49' title="bbox 439 3765 2008 3831; baseline -0.006 -8"><span class='ocrx_word' id='word_1_342' title='bbox 439 3772 642 3823; x_wconf 85' lang='lat' dir='ltr'><strong>teratur</strong></span> <span class='ocrx_word' id='word_1_343' title='bbox 668 3769 724 3825; x_wconf 86' lang='lat' dir='ltr'><strong>in</strong></span> <span class='ocrx_word' id='word_1_344' title='bbox 748 3780 1087 3822; x_wconf 88' lang='lat' dir='ltr'><strong>communem</strong></span> <span class='ocrx_word' id='word_1_345' title='bbox 1121 3765 1583 3826; x_wconf 78' lang='lat' dir='ltr'><strong>resurreCtionem,</strong></span> <span class='ocrx_word' id='word_1_346' title='bbox 1617 3775 1671 3816; x_wconf 89' lang='lat' dir='ltr'><strong>et</strong></span> <span class='ocrx_word' id='word_1_347' title='bbox 1699 3778 1794 3831; x_wconf 89' lang='lat' dir='ltr'><strong>pro</strong></span> <span class='ocrx_word' id='word_1_348' title='bbox 1825 3775 2008 3815; x_wconf 86' lang='lat' dir='ltr'><strong>resur-</strong></span> 
     </span>
    </p>
   </div>
   <div class='ocr_carea' id='block_1_50' title="bbox 440 3832 2007 3901">
    <p class='ocr_par' dir='ltr' id='par_1_50' title="bbox 440 3832 2007 3901">
     <span class='ocr_line' id='line_1_50' title="bbox 440 3832 2007 3901; baseline -0.003 -9"><span class='ocrx_word' id='word_1_349' title='bbox 440 3843 675 3894; x_wconf 65' lang='lat' dir='ltr'><strong>rectione</strong></span> <span class='ocrx_word' id='word_1_350' title='bbox 711 3852 925 3892; x_wconf 88' lang='lat' dir='ltr'><strong>suorum</strong></span> <span class='ocrx_word' id='word_1_351' title='bbox 971 3848 1111 3889; x_wconf 89' lang='lat' dir='ltr'><strong>nunc</strong></span> <span class='ocrx_word' id='word_1_352' title='bbox 1140 3836 1353 3889; x_wconf 88' lang='lat' dir='ltr'><strong>interim</strong></span> <span class='ocrx_word' id='word_1_353' title='bbox 1384 3834 1662 3897; x_wconf 88' lang='lat' dir='ltr'><strong>interiori,</strong></span> <span class='ocrx_word' id='word_1_354' title='bbox 1690 3832 2007 3901; x_wconf 76' lang='lat' dir='ltr'><strong>quandoque</strong></span> 
     </span>
    </p>
   </div>
   <div class='ocr_carea' id='block_1_51' title="bbox 437 3901 2006 3972">
    <p class='ocr_par' dir='ltr' id='par_1_51' title="bbox 437 3901 2006 3972">
     <span class='ocr_line' id='line_1_51' title="bbox 437 3901 2006 3972; baseline -0.004 -10"><span class='ocrx_word' id='word_1_355' title='bbox 437 3912 595 3963; x_wconf 83' lang='lat' dir='ltr'><strong>etiam</strong></span> <span class='ocrx_word' id='word_1_356' title='bbox 623 3908 876 3967; x_wconf 82' lang='lat' dir='ltr'><strong>exteriori</strong></span> <span class='ocrx_word' id='word_1_357' title='bbox 905 3924 917 3971; x_wconf 86' lang='lat'><strong>;</strong></span> <span class='ocrx_word' id='word_1_358' title='bbox 949 3915 1005 3959; x_wconf 89' lang='lat' dir='ltr'><strong>et</strong></span> <span class='ocrx_word' id='word_1_359' title='bbox 1042 3906 1183 3972; x_wconf 85' lang='lat' dir='ltr'><strong>quod</strong></span> <span class='ocrx_word' id='word_1_360' title='bbox 1216 3906 1315 3959; x_wconf 82' lang='lat' dir='ltr'><strong>hoc</strong></span> <span class='ocrx_word' id='word_1_361' title='bbox 1343 3908 1535 3959; x_wconf 89' lang='lat' dir='ltr'><strong>totiens</strong></span> <span class='ocrx_word' id='word_1_362' title='bbox 1560 3914 1613 3957; x_wconf 90' lang='lat' dir='ltr'><strong>et</strong></span> <span class='ocrx_word' id='word_1_363' title='bbox 1643 3912 1748 3956; x_wconf 88' lang='lat' dir='ltr'><strong>tam</strong></span> <span class='ocrx_word' id='word_1_364' title='bbox 1776 3901 2006 3970; x_wconf 83' lang='lat' dir='ltr'><strong>diligen-</strong></span> 
     </span>
    </p>
   </div>
   <div class='ocr_carea' id='block_1_52' title="bbox 443 3975 2006 4042">
    <p class='ocr_par' dir='ltr' id='par_1_52' title="bbox 443 3975 2006 4042">
     <span class='ocr_line' id='line_1_52' title="bbox 443 3975 2006 4042; baseline -0.002 -11"><span class='ocrx_word' id='word_1_365' title='bbox 443 3990 522 4031; x_wconf 88' lang='lat' dir='ltr'><strong>ter</strong></span> <span class='ocrx_word' id='word_1_366' title='bbox 547 3988 683 4041; x_wconf 84' lang='lat' dir='ltr'><strong>orat,</strong></span> <span class='ocrx_word' id='word_1_367' title='bbox 710 3992 866 4032; x_wconf 89' lang='lat' dir='ltr'><strong>nemo</strong></span> <span class='ocrx_word' id='word_1_368' title='bbox 904 3976 1061 4029; x_wconf 85' lang='lat' dir='ltr'><strong>debet</strong></span> <span class='ocrx_word' id='word_1_369' title='bbox 1089 3976 1271 4029; x_wconf 87' lang='lat' dir='ltr'><strong>mirari</strong></span> <span class='ocrx_word' id='word_1_370' title='bbox 1296 4015 1310 4039; x_wconf 88' lang='lat'><strong>,</strong></span> <span class='ocrx_word' id='word_1_371' title='bbox 1336 3975 1455 4042; x_wconf 82' lang='lat' dir='ltr'><strong>quia</strong></span> <span class='ocrx_word' id='word_1_372' title='bbox 1484 3975 1585 4027; x_wconf 88' lang='lat' dir='ltr'><strong>tale</strong></span> <span class='ocrx_word' id='word_1_373' title='bbox 1610 3983 1661 4027; x_wconf 88' lang='lat' dir='ltr'><strong>et</strong></span> <span class='ocrx_word' id='word_1_374' title='bbox 1694 3984 1894 4026; x_wconf 90' lang='lat' dir='ltr'><strong>tantum</strong></span> <span class='ocrx_word' id='word_1_375' title='bbox 1925 3982 2006 4027; x_wconf 86' lang='lat' dir='ltr'><strong>est</strong></span> 
     </span>
    </p>
   </div>
   <div class='ocr_carea' id='block_1_53' title="bbox 438 4042 2008 4115">
    <p class='ocr_par' dir='ltr' id='par_1_53' title="bbox 438 4042 2008 4115">
     <span class='ocr_line' id='line_1_53' title="bbox 438 4042 2008 4115; baseline -0.001 -16"><span class='ocrx_word' id='word_1_376' title='bbox 438 4047 578 4113; x_wconf 88' lang='lat' dir='ltr'><strong>quod</strong></span> <span class='ocrx_word' id='word_1_377' title='bbox 620 4057 758 4110; x_wconf 88' lang='lat' dir='ltr'><strong>orat,</strong></span> <span class='ocrx_word' id='word_1_378' title='bbox 804 4047 944 4115; x_wconf 91' lang='lat' dir='ltr'><strong>quod</strong></span> <span class='ocrx_word' id='word_1_379' title='bbox 995 4046 1270 4113; x_wconf 88' lang='lat' dir='ltr'><strong>multiplici</strong></span> <span class='ocrx_word' id='word_1_380' title='bbox 1311 4048 1603 4098; x_wconf 83' lang='lat' dir='ltr'><strong>attentione</strong></span> <span class='ocrx_word' id='word_1_381' title='bbox 1650 4052 1704 4095; x_wconf 91' lang='lat' dir='ltr'><strong>et</strong></span> <span class='ocrx_word' id='word_1_382' title='bbox 1753 4042 2008 4115; x_wconf 82' lang='lat' dir='ltr'><strong>petitione</strong></span> 
     </span>
    </p>
   </div>
   <div class='ocr_carea' id='block_1_54' title="bbox 439 4113 2007 4185">
    <p class='ocr_par' dir='ltr' id='par_1_54' title="bbox 439 4113 2007 4185">
     <span class='ocr_line' id='line_1_54' title="bbox 439 4113 2007 4185; baseline 0.001 -18"><span class='ocrx_word' id='word_1_383' title='bbox 439 4121 655 4185; x_wconf 77' lang='lat' dir='ltr'><strong>ilignum</strong></span> <span class='ocrx_word' id='word_1_384' title='bbox 686 4117 794 4181; x_wconf 86' lang='lat' dir='ltr'><strong>sit,</strong></span> <span class='ocrx_word' id='word_1_385' title='bbox 826 4113 877 4169; x_wconf 80' lang='lat' dir='ltr'><strong>et</strong></span> <span class='ocrx_word' id='word_1_386' title='bbox 908 4129 1002 4183; x_wconf 88' lang='lat' dir='ltr'><strong>per</strong></span> <span class='ocrx_word' id='word_1_387' title='bbox 1031 4116 1129 4185; x_wconf 86' lang='lat' dir='ltr'><strong>hoc</strong></span> <span class='ocrx_word' id='word_1_388' title='bbox 1170 4129 1265 4167; x_wconf 86' lang='lat' dir='ltr'><strong>nos</strong></span> <span class='ocrx_word' id='word_1_389' title='bbox 1296 4115 1581 4173; x_wconf 89' lang='lat' dir='ltr'><strong>admonet,</strong></span> <span class='ocrx_word' id='word_1_390' title='bbox 1609 4124 1808 4185; x_wconf 75' lang='lat' dir='ltr'><strong>quanto</strong></span> <span class='ocrx_word' id='word_1_391' title='bbox 1829 4113 2007 4167; x_wconf 79' lang='lat' dir='ltr'><strong>Sttttlio</strong></span> 
     </span>
    </p>
   </div>
   <div class='ocr_carea' id='block_1_55' title="bbox 439 4183 2003 4250">
    <p class='ocr_par' dir='ltr' id='par_1_55' title="bbox 439 4183 2003 4250">
     <span class='ocr_line' id='line_1_55' title="bbox 439 4183 2003 4250; baseline 0 -13"><span class='ocrx_word' id='word_1_392' title='bbox 439 4183 785 4240; x_wconf 46' lang='lat' dir='ltr'><strong>tit—desiderio</strong></span> <span class='ocrx_word' id='word_1_393' title='bbox 808 4199 902 4250; x_wconf 87' lang='lat' dir='ltr'><strong>pro</strong></span> <span class='ocrx_word' id='word_1_394' title='bbox 933 4183 1092 4236; x_wconf 89' lang='lat' dir='ltr'><strong>modo</strong></span> <span class='ocrx_word' id='word_1_395' title='bbox 1122 4194 1301 4238; x_wconf 90' lang='lat' dir='ltr'><strong>nostro</strong></span> <span class='ocrx_word' id='word_1_396' title='bbox 1326 4186 1460 4236; x_wconf 88' lang='lat' dir='ltr'><strong>idem</strong></span> <span class='ocrx_word' id='word_1_397' title='bbox 1489 4190 1673 4250; x_wconf 88' lang='lat' dir='ltr'><strong>optare</strong></span> <span class='ocrx_word' id='word_1_398' title='bbox 1694 4183 2003 4237; x_wconf 80' lang='lat' dir='ltr'><strong>debeamus.</strong></span> 
     </span>
    </p>
   </div>
   <div class='ocr_carea' id='block_1_56' title="bbox 437 4253 2003 4321">
    <p class='ocr_par' dir='ltr' id='par_1_56' title="bbox 437 4253 2003 4321">
     <span class='ocr_line' id='line_1_56' title="bbox 437 4253 2003 4321; baseline -0.003 -10"><span class='ocrx_word' id='word_1_399' title='bbox 437 4259 490 4311; x_wconf 77' lang='lat' dir='ltr'><strong>Si</strong></span> <span class='ocrx_word' id='word_1_400' title='bbox 523 4258 664 4309; x_wconf 87' lang='lat' dir='ltr'><strong>enim</strong></span> <span class='ocrx_word' id='word_1_401' title='bbox 689 4264 1089 4320; x_wconf 87' lang='lat' dir='ltr'><strong>temporaneum</strong></span> <span class='ocrx_word' id='word_1_402' title='bbox 1121 4262 1284 4317; x_wconf 81' lang='lat' dir='ltr'><strong>esset,</strong></span> <span class='ocrx_word' id='word_1_403' title='bbox 1315 4262 1370 4306; x_wconf 91' lang='lat' dir='ltr'><strong>et</strong></span> <span class='ocrx_word' id='word_1_404' title='bbox 1398 4263 1502 4305; x_wconf 89' lang='lat' dir='ltr'><strong>tam</strong></span> <span class='ocrx_word' id='word_1_405' title='bbox 1530 4253 1818 4321; x_wconf 89' lang='lat' dir='ltr'><strong>jucundum</strong></span> <span class='ocrx_word' id='word_1_406' title='bbox 1841 4262 2003 4319; x_wconf 81' lang='lat' dir='ltr'><strong>esset,</strong></span> 
     </span>
    </p>
   </div>
   <div class='ocr_carea' id='block_1_57' title="bbox 442 4322 2006 4391">
    <p class='ocr_par' dir='ltr' id='par_1_57' title="bbox 442 4322 2006 4391">
     <span class='ocr_line' id='line_1_57' title="bbox 442 4322 2006 4391; baseline -0.002 -11"><span class='ocrx_word' id='word_1_407' title='bbox 442 4342 568 4381; x_wconf 74' lang='lat' dir='ltr'><strong>vere</strong></span> <span class='ocrx_word' id='word_1_408' title='bbox 602 4327 670 4380; x_wconf 91' lang='lat' dir='ltr'><strong>ab</strong></span> <span class='ocrx_word' id='word_1_409' title='bbox 696 4323 942 4379; x_wconf 87' lang='lat' dir='ltr'><strong>omnibus</strong></span> <span class='ocrx_word' id='word_1_410' title='bbox 970 4325 1378 4391; x_wconf 83' lang='lat' dir='ltr'><strong>amplexandum</strong></span> <span class='ocrx_word' id='word_1_411' title='bbox 1407 4333 1577 4387; x_wconf 84' lang='lat' dir='ltr'><strong>esset;</strong></span> <span class='ocrx_word' id='word_1_412' title='bbox 1613 4334 1811 4389; x_wconf 89' lang='lat' dir='ltr'><strong>quanto</strong></span> <span class='ocrx_word' id='word_1_413' title='bbox 1841 4322 2006 4389; x_wconf 78' lang='lat' dir='ltr'><strong>magis</strong></span> 
     </span>
    </p>
   </div>
   <div class='ocr_carea' id='block_1_58' title="bbox 440 4392 2003 4465">
    <p class='ocr_par' dir='ltr' id='par_1_58' title="bbox 440 4392 2003 4465">
     <span class='ocr_line' id='line_1_58' title="bbox 440 4392 2003 4465; baseline -0.003 -14"><span class='ocrx_word' id='word_1_414' title='bbox 440 4412 567 4465; x_wconf 83' lang='lat' dir='ltr'><strong>ergo</strong></span> <span class='ocrx_word' id='word_1_415' title='bbox 590 4412 710 4450; x_wconf 90' lang='lat' dir='ltr'><strong>cum</strong></span> <span class='ocrx_word' id='word_1_416' title='bbox 741 4396 812 4448; x_wconf 89' lang='lat' dir='ltr'><strong>sit</strong></span> <span class='ocrx_word' id='word_1_417' title='bbox 839 4392 1108 4465; x_wconf 86' lang='lat' dir='ltr'><strong>beatitudo</strong></span> <span class='ocrx_word' id='word_1_418' title='bbox 1148 4392 1599 4465; x_wconf 70' lang='lat' dir='ltr'><strong>interminabilis,</strong></span> <span class='ocrx_word' id='word_1_419' title='bbox 1632 4392 1781 4465; x_wconf 82' lang='lat' dir='ltr'><strong>cujus</strong></span> <span class='ocrx_word' id='word_1_420' title='bbox 1808 4392 2003 4461; x_wconf 85' lang='lat' dir='ltr'><strong>gaudia</strong></span> 
     </span>
    </p>
   </div>
   <div class='ocr_carea' id='block_1_59' title="bbox 2046 1756 2097 1815">
    <p class='ocr_par' dir='ltr' id='par_1_59' title="bbox 2046 1756 2097 1815">
     <span class='ocr_line' id='line_1_59' title="bbox 2046 1756 2097 1815; baseline 0 0"><span class='ocrx_word' id='word_1_421' title='bbox 2046 1756 2097 1815; x_wconf 88' lang='lat' dir='ltr'><strong>B</strong></span> 
     </span>
    </p>
   </div>
   <div class='ocr_carea' id='block_1_60' title="bbox 2030 3105 2077 3166">
    <p class='ocr_par' dir='ltr' id='par_1_60' title="bbox 2030 3105 2077 3166">
     <span class='ocr_line' id='line_1_60' title="bbox 2030 3105 2077 3166; baseline 0 0"><span class='ocrx_word' id='word_1_422' title='bbox 2030 3105 2077 3166; x_wconf 76' lang='grc' dir='ltr'><strong>ο</strong></span> 
     </span>
    </p>
   </div>
   <div class='ocr_carea' id='block_1_61' title="bbox 2128 464 3695 532">
    <p class='ocr_par' dir='ltr' id='par_1_61' title="bbox 2128 464 3695 532">
     <span class='ocr_line' id='line_1_61' title="bbox 2128 464 3695 532; baseline 0.003 -18"><span class='ocrx_word' id='word_1_423' title='bbox 2128 464 2177 516; x_wconf 87' lang='lat' dir='ltr'><strong>id</strong></span> <span class='ocrx_word' id='word_1_424' title='bbox 2224 474 2343 527; x_wconf 86' lang='lat' dir='ltr'><strong>est,</strong></span> <span class='ocrx_word' id='word_1_425' title='bbox 2394 473 2450 517; x_wconf 92' lang='lat' dir='ltr'><strong>ut</strong></span> <span class='ocrx_word' id='word_1_426' title='bbox 2489 473 2541 518; x_wconf 89' lang='lat' dir='ltr'><strong>tu</strong></span> <span class='ocrx_word' id='word_1_427' title='bbox 2599 480 2864 532; x_wconf 77' lang='lat' dir='ltr'><strong>nunquam</strong></span> <span class='ocrx_word' id='word_1_428' title='bbox 2910 465 3073 519; x_wconf 84' lang='lat' dir='ltr'><strong>iratus</strong></span> <span class='ocrx_word' id='word_1_429' title='bbox 3115 480 3215 518; x_wconf 88' lang='lat' dir='ltr'><strong>non</strong></span> <span class='ocrx_word' id='word_1_430' title='bbox 3260 464 3449 525; x_wconf 85' lang='lat' dir='ltr'><strong>sileas,</strong></span> <span class='ocrx_word' id='word_1_431' title='bbox 3500 465 3548 517; x_wconf 89' lang='lat' dir='ltr'><strong>id</strong></span> <span class='ocrx_word' id='word_1_432' title='bbox 3579 474 3695 529; x_wconf 69' lang='lat' dir='ltr'><strong>est,</strong></span> 
     </span>
    </p>
   </div>
   <div class='ocr_carea' id='block_1_62' title="bbox 2130 534 3694 602">
    <p class='ocr_par' dir='ltr' id='par_1_62' title="bbox 2130 534 3694 602">
     <span class='ocr_line' id='line_1_62' title="bbox 2130 534 3694 602; baseline -0.001 -15"><span class='ocrx_word' id='word_1_433' title='bbox 2130 548 2235 587; x_wconf 89' lang='lat' dir='ltr'><strong>non</strong></span> <span class='ocrx_word' id='word_1_434' title='bbox 2267 548 2468 588; x_wconf 85' lang='lat' dir='ltr'><strong>annuas</strong></span> <span class='ocrx_word' id='word_1_435' title='bbox 2512 536 2911 601; x_wconf 74' lang='lat' dir='ltr'><strong>interrogationi</strong></span> <span class='ocrx_word' id='word_1_436' title='bbox 2961 550 3221 600; x_wconf 90' lang='lat' dir='ltr'><strong>meorum,</strong></span> <span class='ocrx_word' id='word_1_437' title='bbox 3248 534 3298 588; x_wconf 89' lang='lat' dir='ltr'><strong>id</strong></span> <span class='ocrx_word' id='word_1_438' title='bbox 3327 542 3448 601; x_wconf 89' lang='lat' dir='ltr'><strong>est,</strong></span> <span class='ocrx_word' id='word_1_439' title='bbox 3478 535 3694 602; x_wconf 85' lang='lat' dir='ltr'><strong>petitio-</strong></span> 
     </span>
    </p>
   </div>
   <div class='ocr_carea' id='block_1_63' title="bbox 2127 604 3697 673">
    <p class='ocr_par' dir='ltr' id='par_1_63' title="bbox 2127 604 3697 673">
     <span class='ocr_line' id='line_1_63' title="bbox 2127 604 3697 673; baseline 0.002 -18"><span class='ocrx_word' id='word_1_440' title='bbox 2127 604 2177 657; x_wconf 89' lang='lat' dir='ltr'><strong>ni</strong></span> <span class='ocrx_word' id='word_1_441' title='bbox 2211 618 2393 657; x_wconf 87' lang='lat' dir='ltr'><strong>eorum</strong></span> <span class='ocrx_word' id='word_1_442' title='bbox 2442 620 2538 672; x_wconf 87' lang='lat' dir='ltr'><strong>pro</strong></span> <span class='ocrx_word' id='word_1_443' title='bbox 2576 605 2963 659; x_wconf 88' lang='lat' dir='ltr'><strong>resurrectione</strong></span> <span class='ocrx_word' id='word_1_444' title='bbox 2985 605 3147 670; x_wconf 85' lang='lat' dir='ltr'><strong>prima</strong></span> <span class='ocrx_word' id='word_1_445' title='bbox 3174 643 3192 673; x_wconf 93' lang='lat'><strong>,</strong></span> <span class='ocrx_word' id='word_1_446' title='bbox 3244 617 3461 658; x_wconf 86' lang='lat' dir='ltr'><strong>aversus</strong></span> <span class='ocrx_word' id='word_1_447' title='bbox 3491 604 3697 658; x_wconf 86' lang='lat' dir='ltr'><strong>scilicet</strong></span> 
     </span>
    </p>
   </div>
   <div class='ocr_carea' id='block_1_64' title="bbox 2121 672 3696 737">
    <p class='ocr_par' dir='ltr' id='par_1_64' title="bbox 2121 672 3696 737">
     <span class='ocr_line' id='line_1_64' title="bbox 2121 672 3696 737; baseline -0.001 -11"><span class='ocrx_word' id='word_1_448' title='bbox 2121 690 2154 726; x_wconf 92' lang='lat' dir='ltr'><strong>a</strong></span> <span class='ocrx_word' id='word_1_449' title='bbox 2181 689 2279 737; x_wconf 88' lang='lat' dir='ltr'><strong>me,</strong></span> <span class='ocrx_word' id='word_1_450' title='bbox 2311 675 2359 726; x_wconf 92' lang='lat' dir='ltr'><strong>id</strong></span> <span class='ocrx_word' id='word_1_451' title='bbox 2386 683 2486 736; x_wconf 87' lang='lat' dir='ltr'><strong>est,</strong></span> <span class='ocrx_word' id='word_1_452' title='bbox 2518 690 2546 727; x_wconf 88' lang='lat' dir='ltr'><strong>a</strong></span> <span class='ocrx_word' id='word_1_453' title='bbox 2572 677 2722 728; x_wconf 89' lang='lat' dir='ltr'><strong>meis.</strong></span> <span class='ocrx_word' id='word_1_454' title='bbox 2749 676 3004 728; x_wconf 90' lang='lat' dir='ltr'><strong>lratorttm</strong></span> <span class='ocrx_word' id='word_1_455' title='bbox 3030 672 3168 727; x_wconf 88' lang='lat' dir='ltr'><strong>enim</strong></span> <span class='ocrx_word' id='word_1_456' title='bbox 3200 674 3474 727; x_wconf 90' lang='lat' dir='ltr'><strong>doctorum</strong></span> <span class='ocrx_word' id='word_1_457' title='bbox 3506 684 3589 729; x_wconf 84' lang='lat' dir='ltr'><strong>est</strong></span> <span class='ocrx_word' id='word_1_458' title='bbox 3623 676 3696 726; x_wconf 81' lang='lat' dir='ltr'><strong>si—</strong></span> 
     </span>
    </p>
   </div>
   <div class='ocr_carea' id='block_1_65' title="bbox 2123 742 3694 814">
    <p class='ocr_par' dir='ltr' id='par_1_65' title="bbox 2123 742 3694 814">
     <span class='ocr_line' id='line_1_65' title="bbox 2123 742 3694 814; baseline -0.001 -17"><span class='ocrx_word' id='word_1_459' title='bbox 2123 744 2233 797; x_wconf 81' lang='lat' dir='ltr'><strong>lere</strong></span> <span class='ocrx_word' id='word_1_460' title='bbox 2278 744 2342 798; x_wconf 86' lang='lat' dir='ltr'><strong>ad</strong></span> <span class='ocrx_word' id='word_1_461' title='bbox 2395 746 2861 814; x_wconf 72' lang='lat' dir='ltr'><strong>interrogationem</strong></span> <span class='ocrx_word' id='word_1_462' title='bbox 2914 744 3337 814; x_wconf 87' lang='lat' dir='ltr'><strong>discipulorum,</strong></span> <span class='ocrx_word' id='word_1_463' title='bbox 3397 755 3447 797; x_wconf 89' lang='lat' dir='ltr'><strong>et</strong></span> <span class='ocrx_word' id='word_1_464' title='bbox 3500 742 3694 797; x_wconf 76' lang='lat' dir='ltr'><strong>facient</strong></span> 
     </span>
    </p>
   </div>
   <div class='ocr_carea' id='block_1_66' title="bbox 2124 813 3694 881">
    <p class='ocr_par' dir='ltr' id='par_1_66' title="bbox 2124 813 3694 881">
     <span class='ocr_line' id='line_1_66' title="bbox 2124 813 3694 881; baseline 0.003 -17"><span class='ocrx_word' id='word_1_465' title='bbox 2124 822 2385 868; x_wconf 85' lang='lat' dir='ltr'><strong>avertere.</strong></span> <span class='ocrx_word' id='word_1_466' title='bbox 2417 813 2499 867; x_wconf 79' lang='lat' dir='ltr'><strong>Ne</strong></span> <span class='ocrx_word' id='word_1_467' title='bbox 2538 813 2750 881; x_wconf 87' lang='lat' dir='ltr'><strong>quando</strong></span> <span class='ocrx_word' id='word_1_468' title='bbox 2797 824 2962 868; x_wconf 85' lang='lat' dir='ltr'><strong>taceas</strong></span> <span class='ocrx_word' id='word_1_469' title='bbox 3002 831 3032 866; x_wconf 87' lang='lat' dir='ltr'><strong>a</strong></span> <span class='ocrx_word' id='word_1_470' title='bbox 3080 830 3175 877; x_wconf 87' lang='lat' dir='ltr'><strong>me,</strong></span> <span class='ocrx_word' id='word_1_471' title='bbox 3225 813 3276 866; x_wconf 90' lang='lat' dir='ltr'><strong>id</strong></span> <span class='ocrx_word' id='word_1_472' title='bbox 3328 823 3429 879; x_wconf 87' lang='lat' dir='ltr'><strong>est,</strong></span> <span class='ocrx_word' id='word_1_473' title='bbox 3476 815 3541 866; x_wconf 86' lang='lat' dir='ltr'><strong>ad</strong></span> <span class='ocrx_word' id='word_1_474' title='bbox 3591 814 3694 868; x_wconf 77' lang='lat' dir='ltr'><strong>hoc</strong></span> 
     </span>
    </p>
   </div>
   <div class='ocr_carea' id='block_1_67' title="bbox 2120 883 3690 952">
    <p class='ocr_par' dir='ltr' id='par_1_67' title="bbox 2120 883 3690 952">
     <span class='ocr_line' id='line_1_67' title="bbox 2120 883 3690 952; baseline 0.001 -16"><span class='ocrx_word' id='word_1_475' title='bbox 2120 886 2278 937; x_wconf 88' lang='lat' dir='ltr'><strong>etiam</strong></span> <span class='ocrx_word' id='word_1_476' title='bbox 2306 884 2546 939; x_wconf 78' lang='lat' dir='ltr'><strong>clamabo</strong></span> <span class='ocrx_word' id='word_1_477' title='bbox 2568 923 2584 949; x_wconf 91' lang='lat'><strong>,</strong></span> <span class='ocrx_word' id='word_1_478' title='bbox 2630 893 2684 937; x_wconf 91' lang='lat' dir='ltr'><strong>ut</strong></span> <span class='ocrx_word' id='word_1_479' title='bbox 2710 896 2760 937; x_wconf 92' lang='lat' dir='ltr'><strong>tu</strong></span> <span class='ocrx_word' id='word_1_480' title='bbox 2789 900 2892 937; x_wconf 92' lang='lat' dir='ltr'><strong>non</strong></span> <span class='ocrx_word' id='word_1_481' title='bbox 2927 893 3102 938; x_wconf 88' lang='lat' dir='ltr'><strong>taceas</strong></span> <span class='ocrx_word' id='word_1_482' title='bbox 3133 883 3258 938; x_wconf 88' lang='lat' dir='ltr'><strong>mihi</strong></span> <span class='ocrx_word' id='word_1_483' title='bbox 3292 883 3387 952; x_wconf 78' lang='lat' dir='ltr'><strong>ipsi</strong></span> <span class='ocrx_word' id='word_1_484' title='bbox 3416 897 3636 937; x_wconf 87' lang='lat' dir='ltr'><strong>aversus</strong></span> <span class='ocrx_word' id='word_1_485' title='bbox 3660 903 3690 936; x_wconf 75' lang='grc' dir='ltr'><em>α</em></span> 
     </span>
    </p>
   </div>
   <div class='ocr_carea' id='block_1_68' title="bbox 2121 953 3684 1021">
    <p class='ocr_par' dir='ltr' id='par_1_68' title="bbox 2121 953 3684 1021">
     <span class='ocr_line' id='line_1_68' title="bbox 2121 953 3684 1021; baseline 0.001 -17"><span class='ocrx_word' id='word_1_486' title='bbox 2121 971 2200 1007; x_wconf 86' lang='lat' dir='ltr'><strong>me</strong></span> <span class='ocrx_word' id='word_1_487' title='bbox 2225 994 2240 1019; x_wconf 89' lang='lat'><strong>,</strong></span> <span class='ocrx_word' id='word_1_488' title='bbox 2274 953 2325 1007; x_wconf 90' lang='lat' dir='ltr'><strong>id</strong></span> <span class='ocrx_word' id='word_1_489' title='bbox 2354 964 2455 1018; x_wconf 88' lang='lat' dir='ltr'><strong>est,</strong></span> <span class='ocrx_word' id='word_1_490' title='bbox 2489 964 2540 1007; x_wconf 89' lang='lat' dir='ltr'><strong>ut</strong></span> <span class='ocrx_word' id='word_1_491' title='bbox 2572 969 2677 1007; x_wconf 91' lang='lat' dir='ltr'><strong>non</strong></span> <span class='ocrx_word' id='word_1_492' title='bbox 2703 968 2919 1021; x_wconf 86' lang='lat' dir='ltr'><strong>separes</strong></span> <span class='ocrx_word' id='word_1_493' title='bbox 2948 956 3203 1009; x_wconf 89' lang='lat' dir='ltr'><strong>unitatem</strong></span> <span class='ocrx_word' id='word_1_494' title='bbox 3236 954 3383 1007; x_wconf 87' lang='lat' dir='ltr'><strong>verbi</strong></span> <span class='ocrx_word' id='word_1_495' title='bbox 3418 954 3489 1007; x_wconf 92' lang='lat' dir='ltr'><strong>tui</strong></span> <span class='ocrx_word' id='word_1_496' title='bbox 3518 970 3546 1005; x_wconf 90' lang='lat' dir='ltr'><strong>a</strong></span> <span class='ocrx_word' id='word_1_497' title='bbox 3579 968 3684 1008; x_wconf 87' lang='lat' dir='ltr'><strong>me.</strong></span> 
     </span>
    </p>
   </div>
   <div class='ocr_carea' id='block_1_69' title="bbox 2121 1023 3689 1092">
    <p class='ocr_par' dir='ltr' id='par_1_69' title="bbox 2121 1023 3689 1092">
     <span class='ocr_line' id='line_1_69' title="bbox 2121 1023 3689 1092; baseline 0.004 -21"><span class='ocrx_word' id='word_1_498' title='bbox 2121 1025 2341 1088; x_wconf 74' lang='lat' dir='ltr'><strong>Quando</strong></span> <span class='ocrx_word' id='word_1_499' title='bbox 2373 1040 2466 1092; x_wconf 91' lang='lat' dir='ltr'><strong>pro</strong></span> <span class='ocrx_word' id='word_1_500' title='bbox 2494 1023 2775 1091; x_wconf 86' lang='lat' dir='ltr'><strong>aliquando</strong></span> <span class='ocrx_word' id='word_1_501' title='bbox 2800 1063 2818 1090; x_wconf 91' lang='lat'><strong>,</strong></span> <span class='ocrx_word' id='word_1_502' title='bbox 2852 1024 2901 1077; x_wconf 91' lang='lat' dir='ltr'><strong>id</strong></span> <span class='ocrx_word' id='word_1_503' title='bbox 2927 1033 3011 1078; x_wconf 90' lang='lat' dir='ltr'><strong>est</strong></span> <span class='ocrx_word' id='word_1_504' title='bbox 3034 1065 3049 1089; x_wconf 92' lang='lat'><strong>,</strong></span> <span class='ocrx_word' id='word_1_505' title='bbox 3080 1025 3133 1077; x_wconf 91' lang='lat' dir='ltr'><strong>in</strong></span> <span class='ocrx_word' id='word_1_506' title='bbox 3166 1035 3337 1078; x_wconf 86' lang='lat' dir='ltr'><strong>morte</strong></span> <span class='ocrx_word' id='word_1_507' title='bbox 3368 1039 3485 1078; x_wconf 88' lang='lat' dir='ltr'><strong>mea</strong></span> <span class='ocrx_word' id='word_1_508' title='bbox 3511 1064 3527 1086; x_wconf 93' lang='lat'><strong>,</strong></span> <span class='ocrx_word' id='word_1_509' title='bbox 3569 1038 3689 1091; x_wconf 72' lang='lat' dir='ltr'><strong>quae</strong></span> 
     </span>
    </p>
   </div>
   <div class='ocr_carea' id='block_1_70' title="bbox 2122 1093 3689 1163">
    <p class='ocr_par' dir='ltr' id='par_1_70' title="bbox 2122 1093 3689 1163">
     <span class='ocr_line' id='line_1_70' title="bbox 2122 1093 3689 1163; baseline 0 -16"><span class='ocrx_word' id='word_1_510' title='bbox 2122 1104 2245 1147; x_wconf 91' lang='lat' dir='ltr'><strong>tunc</strong></span> <span class='ocrx_word' id='word_1_511' title='bbox 2268 1097 2494 1159; x_wconf 90' lang='lat' dir='ltr'><strong>videtur,</strong></span> <span class='ocrx_word' id='word_1_512' title='bbox 2524 1093 2568 1147; x_wconf 88' lang='lat' dir='ltr'><strong>si</strong></span> <span class='ocrx_word' id='word_1_513' title='bbox 2592 1093 2825 1147; x_wconf 72' lang='lat' dir='ltr'><strong>differret</strong></span> <span class='ocrx_word' id='word_1_514' title='bbox 2847 1094 2964 1163; x_wconf 83' lang='lat' dir='ltr'><strong>ejns</strong></span> <span class='ocrx_word' id='word_1_515' title='bbox 2987 1096 3431 1149; x_wconf 84' lang='lat' dir='ltr'><strong>resurrectionem</strong></span> <span class='ocrx_word' id='word_1_516' title='bbox 3464 1094 3516 1147; x_wconf 92' lang='lat' dir='ltr'><strong>in</strong></span> <span class='ocrx_word' id='word_1_517' title='bbox 3540 1107 3689 1147; x_wconf 85' lang='lat' dir='ltr'><strong>com-</strong></span> 
     </span>
    </p>
   </div>
   <div class='ocr_carea' id='block_1_71' title="bbox 2123 1163 3691 1221">
    <p class='ocr_par' dir='ltr' id='par_1_71' title="bbox 2123 1163 3691 1221">
     <span class='ocr_line' id='line_1_71' title="bbox 2123 1163 3691 1221; baseline 0 -4"><span class='ocrx_word' id='word_1_518' title='bbox 2123 1180 2335 1217; x_wconf 91' lang='lat' dir='ltr'><strong>munem</strong></span> <span class='ocrx_word' id='word_1_519' title='bbox 2364 1165 2599 1218; x_wconf 89' lang='lat' dir='ltr'><strong>omnium</strong></span> <span class='ocrx_word' id='word_1_520' title='bbox 2631 1166 3096 1221; x_wconf 82' lang='lat' dir='ltr'><strong>resurrectionem.</strong></span> <span class='ocrx_word' id='word_1_521' title='bbox 3142 1164 3206 1218; x_wconf 84' lang='lat' dir='ltr'><strong>Et</strong></span> <span class='ocrx_word' id='word_1_522' title='bbox 3237 1163 3355 1217; x_wconf 86' lang='lat' dir='ltr'><strong>ideo</strong></span> <span class='ocrx_word' id='word_1_523' title='bbox 3384 1173 3440 1216; x_wconf 93' lang='lat' dir='ltr'><strong>ut</strong></span> <span class='ocrx_word' id='word_1_524' title='bbox 3477 1179 3583 1217; x_wconf 88' lang='lat' dir='ltr'><strong>non</strong></span> <span class='ocrx_word' id='word_1_525' title='bbox 3616 1164 3691 1218; x_wconf 84' lang='lat' dir='ltr'><strong>si-</strong></span> 
     </span>
    </p>
   </div>
   <div class='ocr_carea' id='block_1_72' title="bbox 2125 1233 3685 1303">
    <p class='ocr_par' dir='ltr' id='par_1_72' title="bbox 2125 1233 3685 1303">
     <span class='ocr_line' id='line_1_72' title="bbox 2125 1233 3685 1303; baseline 0.001 -17"><span class='ocrx_word' id='word_1_526' title='bbox 2125 1235 2234 1287; x_wconf 86' lang='lat' dir='ltr'><strong>leas</strong></span> <span class='ocrx_word' id='word_1_527' title='bbox 2260 1235 2391 1288; x_wconf 91' lang='lat' dir='ltr'><strong>meis</strong></span> <span class='ocrx_word' id='word_1_528' title='bbox 2416 1275 2430 1296; x_wconf 89' lang='lat'><strong>,</strong></span> <span class='ocrx_word' id='word_1_529' title='bbox 2461 1248 2633 1301; x_wconf 87' lang='lat' dir='ltr'><strong>neque</strong></span> <span class='ocrx_word' id='word_1_530' title='bbox 2663 1244 2837 1287; x_wconf 85' lang='lat' dir='ltr'><strong>taceas</strong></span> <span class='ocrx_word' id='word_1_531' title='bbox 2862 1236 2988 1288; x_wconf 83' lang='lat' dir='ltr'><strong>mihi</strong></span> <span class='ocrx_word' id='word_1_532' title='bbox 3024 1251 3035 1286; x_wconf 96' lang='lat'>:</span> <span class='ocrx_word' id='word_1_533' title='bbox 3067 1234 3187 1303; x_wconf 88' lang='lat' dir='ltr'><strong>quia</strong></span> <span class='ocrx_word' id='word_1_534' title='bbox 3216 1235 3258 1288; x_wconf 89' lang='lat' dir='ltr'><strong>si</strong></span> <span class='ocrx_word' id='word_1_535' title='bbox 3290 1234 3502 1303; x_wconf 85' lang='lat' dir='ltr'><strong>silueris</strong></span> <span class='ocrx_word' id='word_1_536' title='bbox 3528 1233 3685 1300; x_wconf 86' lang='lat' dir='ltr'><strong>meis,</strong></span> 
     </span>
    </p>
   </div>
   <div class='ocr_carea' id='block_1_73' title="bbox 2120 1301 3687 1368">
    <p class='ocr_par' dir='ltr' id='par_1_73' title="bbox 2120 1301 3687 1368">
     <span class='ocr_line' id='line_1_73' title="bbox 2120 1301 3687 1368; baseline 0 -11"><span class='ocrx_word' id='word_1_537' title='bbox 2120 1313 2277 1357; x_wconf 87' lang='lat' dir='ltr'><strong>erunt</strong></span> <span class='ocrx_word' id='word_1_538' title='bbox 2301 1304 2502 1359; x_wconf 87' lang='lat' dir='ltr'><strong>similes</strong></span> <span class='ocrx_word' id='word_1_539' title='bbox 2526 1304 2646 1357; x_wconf 84' lang='lat' dir='ltr'><strong>aliis</strong></span> <span class='ocrx_word' id='word_1_540' title='bbox 2676 1301 3098 1358; x_wconf 57' lang='lat' dir='ltr'><strong>descendentibus</strong></span> <span class='ocrx_word' id='word_1_541' title='bbox 3117 1307 3167 1357; x_wconf 88' lang='lat' dir='ltr'><strong>in</strong></span> <span class='ocrx_word' id='word_1_542' title='bbox 3195 1307 3384 1368; x_wconf 89' lang='lat' dir='ltr'><strong>lacum,</strong></span> <span class='ocrx_word' id='word_1_543' title='bbox 3414 1301 3465 1355; x_wconf 90' lang='lat' dir='ltr'><strong>id</strong></span> <span class='ocrx_word' id='word_1_544' title='bbox 3496 1311 3600 1367; x_wconf 86' lang='lat' dir='ltr'><strong>est,</strong></span> <span class='ocrx_word' id='word_1_545' title='bbox 3636 1305 3687 1357; x_wconf 92' lang='lat' dir='ltr'><strong>in</strong></span> 
     </span>
    </p>
   </div>
   <div class='ocr_carea' id='block_1_74' title="bbox 2122 1372 3690 1442">
    <p class='ocr_par' dir='ltr' id='par_1_74' title="bbox 2122 1372 3690 1442">
     <span class='ocr_line' id='line_1_74' title="bbox 2122 1372 3690 1442; baseline 0.001 -15"><span class='ocrx_word' id='word_1_546' title='bbox 2122 1372 2442 1439; x_wconf 79' lang='lat' dir='ltr'><strong>profundum</strong></span> <span class='ocrx_word' id='word_1_547' title='bbox 2470 1376 2714 1427; x_wconf 89' lang='lat' dir='ltr'><strong>vitiorum</strong></span> <span class='ocrx_word' id='word_1_548' title='bbox 2742 1413 2756 1436; x_wconf 93' lang='lat'><strong>,</strong></span> <span class='ocrx_word' id='word_1_549' title='bbox 2786 1375 2874 1427; x_wconf 92' lang='lat' dir='ltr'><strong>ubi</strong></span> <span class='ocrx_word' id='word_1_550' title='bbox 2904 1374 3071 1442; x_wconf 85' lang='lat' dir='ltr'><strong>posita</strong></span> <span class='ocrx_word' id='word_1_551' title='bbox 3097 1380 3443 1427; x_wconf 82' lang='lat' dir='ltr'><strong>coittemnnnt</strong></span> <span class='ocrx_word' id='word_1_552' title='bbox 3466 1412 3481 1436; x_wconf 89' lang='lat'><strong>,</strong></span> <span class='ocrx_word' id='word_1_553' title='bbox 3516 1389 3690 1439; x_wconf 81' lang='lat' dir='ltr'><strong>neque</strong></span> 
     </span>
    </p>
   </div>
   <div class='ocr_carea' id='block_1_75' title="bbox 2125 1444 3691 1511">
    <p class='ocr_par' dir='ltr' id='par_1_75' title="bbox 2125 1444 3691 1511">
     <span class='ocr_line' id='line_1_75' title="bbox 2125 1444 3691 1511; baseline -0.003 -13"><span class='ocrx_word' id='word_1_554' title='bbox 2125 1445 2211 1498; x_wconf 88' lang='lat' dir='ltr'><strong>hic</strong></span> <span class='ocrx_word' id='word_1_555' title='bbox 2240 1446 2519 1511; x_wconf 88' lang='lat' dir='ltr'><strong>participes</strong></span> <span class='ocrx_word' id='word_1_556' title='bbox 2544 1452 2669 1497; x_wconf 88' lang='lat' dir='ltr'><strong>sunt</strong></span> <span class='ocrx_word' id='word_1_557' title='bbox 2698 1445 2883 1510; x_wconf 69' lang='lat' dir='ltr'><strong>prima:</strong></span> <span class='ocrx_word' id='word_1_558' title='bbox 2923 1446 3353 1507; x_wconf 87' lang='lat' dir='ltr'><strong>resurrectionis,</strong></span> <span class='ocrx_word' id='word_1_559' title='bbox 3396 1453 3454 1496; x_wconf 90' lang='lat' dir='ltr'><strong>ut</strong></span> <span class='ocrx_word' id='word_1_560' title='bbox 3476 1444 3691 1507; x_wconf 79' lang='lat' dir='ltr'><strong>partici-</strong></span> 
     </span>
    </p>
   </div>
   <div class='ocr_carea' id='block_1_76' title="bbox 2123 1511 3693 1583">
    <p class='ocr_par' dir='ltr' id='par_1_76' title="bbox 2123 1511 3693 1583">
     <span class='ocr_line' id='line_1_76' title="bbox 2123 1511 3693 1583; baseline 0 -16"><span class='ocrx_word' id='word_1_561' title='bbox 2123 1530 2215 1583; x_wconf 88' lang='lat' dir='ltr'><strong>pes</strong></span> <span class='ocrx_word' id='word_1_562' title='bbox 2248 1516 2457 1568; x_wconf 89' lang='lat' dir='ltr'><strong>tandem</strong></span> <span class='ocrx_word' id='word_1_563' title='bbox 2506 1513 2633 1566; x_wconf 76' lang='lat' dir='ltr'><strong>fiant</strong></span> <span class='ocrx_word' id='word_1_564' title='bbox 2671 1513 2939 1566; x_wconf 72' lang='lat' dir='ltr'><strong>secundm.</strong></span> <span class='ocrx_word' id='word_1_565' title='bbox 2982 1513 3047 1567; x_wconf 84' lang='lat' dir='ltr'><strong>Et</strong></span> <span class='ocrx_word' id='word_1_566' title='bbox 3086 1511 3130 1566; x_wconf 85' lang='lat' dir='ltr'><strong>si</strong></span> <span class='ocrx_word' id='word_1_567' title='bbox 3177 1513 3403 1567; x_wconf 81' lang='lat' dir='ltr'><strong>tacueris</strong></span> <span class='ocrx_word' id='word_1_568' title='bbox 3446 1514 3574 1564; x_wconf 88' lang='lat' dir='ltr'><strong>mihi</strong></span> <span class='ocrx_word' id='word_1_569' title='bbox 3606 1528 3693 1567; x_wconf 84' lang='lat' dir='ltr'><strong>se-</strong></span> 
     </span>
    </p>
   </div>
   <div class='ocr_carea' id='block_1_77' title="bbox 2122 1583 3693 1652">
    <p class='ocr_par' dir='ltr' id='par_1_77' title="bbox 2122 1583 3693 1652">
     <span class='ocr_line' id='line_1_77' title="bbox 2122 1583 3693 1652; baseline 0.001 -20"><span class='ocrx_word' id='word_1_570' title='bbox 2122 1584 2355 1652; x_wconf 83' lang='lat' dir='ltr'><strong>parando</strong></span> <span class='ocrx_word' id='word_1_571' title='bbox 2378 1601 2405 1635; x_wconf 89' lang='lat' dir='ltr'><strong>a</strong></span> <span class='ocrx_word' id='word_1_572' title='bbox 2436 1599 2521 1637; x_wconf 89' lang='lat' dir='ltr'><strong>tne</strong></span> <span class='ocrx_word' id='word_1_573' title='bbox 2551 1583 2801 1636; x_wconf 90' lang='lat' dir='ltr'><strong>unitatem</strong></span> <span class='ocrx_word' id='word_1_574' title='bbox 2829 1584 2975 1637; x_wconf 85' lang='lat' dir='ltr'><strong>verbi</strong></span> <span class='ocrx_word' id='word_1_575' title='bbox 3007 1584 3077 1637; x_wconf 90' lang='lat' dir='ltr'><strong>ttti</strong></span> <span class='ocrx_word' id='word_1_576' title='bbox 3105 1624 3121 1647; x_wconf 94' lang='lat'><strong>,</strong></span> <span class='ocrx_word' id='word_1_577' title='bbox 3152 1601 3236 1637; x_wconf 87' lang='lat' dir='ltr'><strong>ero</strong></span> <span class='ocrx_word' id='word_1_578' title='bbox 3266 1583 3451 1635; x_wconf 87' lang='lat' dir='ltr'><strong>similis</strong></span> <span class='ocrx_word' id='word_1_579' title='bbox 3480 1583 3693 1635; x_wconf 86' lang='lat' dir='ltr'><strong>descen-</strong></span> 
     </span>
    </p>
   </div>
   <div class='ocr_carea' id='block_1_78' title="bbox 2119 1652 3693 1720">
    <p class='ocr_par' dir='ltr' id='par_1_78' title="bbox 2119 1652 3693 1720">
     <span class='ocr_line' id='line_1_78' title="bbox 2119 1652 3693 1720; baseline 0 -15"><span class='ocrx_word' id='word_1_580' title='bbox 2119 1654 2350 1708; x_wconf 86' lang='lat' dir='ltr'><strong>dentibus</strong></span> <span class='ocrx_word' id='word_1_581' title='bbox 2377 1655 2428 1707; x_wconf 89' lang='lat' dir='ltr'><strong>in</strong></span> <span class='ocrx_word' id='word_1_582' title='bbox 2457 1653 2648 1712; x_wconf 85' lang='lat' dir='ltr'><strong>locum,</strong></span> <span class='ocrx_word' id='word_1_583' title='bbox 2683 1652 2732 1706; x_wconf 91' lang='lat' dir='ltr'><strong>id</strong></span> <span class='ocrx_word' id='word_1_584' title='bbox 2757 1662 2857 1719; x_wconf 89' lang='lat' dir='ltr'><strong>est,</strong></span> <span class='ocrx_word' id='word_1_585' title='bbox 2885 1654 3278 1720; x_wconf 88' lang='lat' dir='ltr'><strong>corruptionem</strong></span> <span class='ocrx_word' id='word_1_586' title='bbox 3308 1654 3483 1706; x_wconf 91' lang='lat' dir='ltr'><strong>carnis</strong></span> <span class='ocrx_word' id='word_1_587' title='bbox 3515 1653 3693 1705; x_wconf 86' lang='lat' dir='ltr'><strong>incur-</strong></span> 
     </span>
    </p>
   </div>
   <div class='ocr_carea' id='block_1_79' title="bbox 2121 1721 3691 1791">
    <p class='ocr_par' dir='ltr' id='par_1_79' title="bbox 2121 1721 3691 1791">
     <span class='ocr_line' id='line_1_79' title="bbox 2121 1721 3691 1791; baseline 0 -15"><span class='ocrx_word' id='word_1_588' title='bbox 2121 1738 2233 1776; x_wconf 89' lang='lat' dir='ltr'><strong>ram</strong></span> <span class='ocrx_word' id='word_1_589' title='bbox 2259 1762 2277 1788; x_wconf 92' lang='lat'><strong>,</strong></span> <span class='ocrx_word' id='word_1_590' title='bbox 2315 1724 2434 1791; x_wconf 86' lang='lat' dir='ltr'><strong>quia</strong></span> <span class='ocrx_word' id='word_1_591' title='bbox 2465 1722 2822 1777; x_wconf 88' lang='lat' dir='ltr'><strong>assimilamnr</strong></span> <span class='ocrx_word' id='word_1_592' title='bbox 2845 1723 2963 1776; x_wconf 89' lang='lat' dir='ltr'><strong>aliis</strong></span> <span class='ocrx_word' id='word_1_593' title='bbox 2995 1723 3130 1776; x_wconf 89' lang='lat' dir='ltr'><strong>natis</strong></span> <span class='ocrx_word' id='word_1_594' title='bbox 3160 1723 3211 1776; x_wconf 92' lang='lat' dir='ltr'><strong>in</strong></span> <span class='ocrx_word' id='word_1_595' title='bbox 3245 1721 3499 1788; x_wconf 83' lang='lat' dir='ltr'><strong>profunda</strong></span> <span class='ocrx_word' id='word_1_596' title='bbox 3529 1725 3691 1776; x_wconf 88' lang='lat' dir='ltr'><strong>mise-</strong></span> 
     </span>
    </p>
   </div>
   <div class='ocr_carea' id='block_1_80' title="bbox 2122 1791 3692 1860">
    <p class='ocr_par' dir='ltr' id='par_1_80' title="bbox 2122 1791 3692 1860">
     <span class='ocr_line' id='line_1_80' title="bbox 2122 1791 3692 1860; baseline -0.001 -13"><span class='ocrx_word' id='word_1_597' title='bbox 2122 1794 2200 1847; x_wconf 90' lang='lat' dir='ltr'><strong>ria</strong></span> <span class='ocrx_word' id='word_1_598' title='bbox 2231 1795 2385 1860; x_wconf 86' lang='lat' dir='ltr'><strong>bnjus</strong></span> <span class='ocrx_word' id='word_1_599' title='bbox 2408 1794 2586 1847; x_wconf 69' lang='lat' dir='ltr'><strong>saeculi</strong></span> <span class='ocrx_word' id='word_1_600' title='bbox 2611 1832 2626 1856; x_wconf 92' lang='lat'><strong>,</strong></span> <span class='ocrx_word' id='word_1_601' title='bbox 2672 1808 2788 1859; x_wconf 68' lang='lat' dir='ltr'><strong>qua:</strong></span> <span class='ocrx_word' id='word_1_602' title='bbox 2819 1803 2901 1848; x_wconf 87' lang='lat' dir='ltr'><strong>est</strong></span> <span class='ocrx_word' id='word_1_603' title='bbox 2931 1795 3076 1847; x_wconf 88' lang='lat' dir='ltr'><strong>lacus</strong></span> <span class='ocrx_word' id='word_1_604' title='bbox 3100 1792 3426 1847; x_wconf 76' lang='lat' dir='ltr'><strong>confusionis</strong></span> <span class='ocrx_word' id='word_1_605' title='bbox 3452 1834 3464 1857; x_wconf 89' lang='lat'><strong>,</strong></span> <span class='ocrx_word' id='word_1_606' title='bbox 3501 1791 3555 1844; x_wconf 89' lang='lat' dir='ltr'><strong>in</strong></span> <span class='ocrx_word' id='word_1_607' title='bbox 3583 1808 3692 1859; x_wconf 90' lang='lat' dir='ltr'><strong>quo</strong></span> 
     </span>
    </p>
   </div>
   <div class='ocr_carea' id='block_1_81' title="bbox 2119 1860 3688 1917">
    <p class='ocr_par' dir='ltr' id='par_1_81' title="bbox 2119 1860 3688 1917">
     <span class='ocr_line' id='line_1_81' title="bbox 2119 1860 3688 1917; baseline -0.002 -1"><span class='ocrx_word' id='word_1_608' title='bbox 2119 1874 2385 1917; x_wconf 87' lang='lat' dir='ltr'><strong>amatores</strong></span> <span class='ocrx_word' id='word_1_609' title='bbox 2416 1863 2600 1917; x_wconf 89' lang='lat' dir='ltr'><strong>mundi</strong></span> <span class='ocrx_word' id='word_1_610' title='bbox 2642 1862 2693 1915; x_wconf 91' lang='lat' dir='ltr'><strong>in</strong></span> <span class='ocrx_word' id='word_1_611' title='bbox 2724 1864 3004 1917; x_wconf 80' lang='lat' dir='ltr'><strong>volutabra</strong></span> <span class='ocrx_word' id='word_1_612' title='bbox 3047 1864 3269 1916; x_wconf 78' lang='lat' dir='ltr'><strong>luxuria:</strong></span> <span class='ocrx_word' id='word_1_613' title='bbox 3298 1873 3351 1916; x_wconf 91' lang='lat' dir='ltr'><strong>et</strong></span> <span class='ocrx_word' id='word_1_614' title='bbox 3394 1860 3688 1915; x_wconf 86' lang='lat' dir='ltr'><strong>carnalium</strong></span> 
     </span>
    </p>
   </div>
   <div class='ocr_carea' id='block_1_82' title="bbox 2114 1931 3689 2000">
    <p class='ocr_par' dir='ltr' id='par_1_82' title="bbox 2114 1931 3689 2000">
     <span class='ocr_line' id='line_1_82' title="bbox 2114 1931 3689 2000; baseline -0.003 -14"><span class='ocrx_word' id='word_1_615' title='bbox 2114 1933 2665 2000; x_wconf 79' lang='lat' dir='ltr'><strong>concupiscentiarum</strong></span> <span class='ocrx_word' id='word_1_616' title='bbox 2717 1932 3090 1998; x_wconf 87' lang='lat' dir='ltr'><strong>involvuntur,</strong></span> <span class='ocrx_word' id='word_1_617' title='bbox 3139 1942 3193 1986; x_wconf 87' lang='lat' dir='ltr'><strong>et</strong></span> <span class='ocrx_word' id='word_1_618' title='bbox 3239 1933 3358 1986; x_wconf 89' lang='lat' dir='ltr'><strong>ideo</strong></span> <span class='ocrx_word' id='word_1_619' title='bbox 3404 1931 3467 1985; x_wconf 90' lang='lat' dir='ltr'><strong>ad</strong></span> <span class='ocrx_word' id='word_1_620' title='bbox 3518 1932 3689 1985; x_wconf 82' lang='lat' dir='ltr'><strong>solam</strong></span> 
     </span>
    </p>
   </div>
   <div class='ocr_carea' id='block_1_83' title="bbox 2115 2001 3688 2070">
    <p class='ocr_par' dir='ltr' id='par_1_83' title="bbox 2115 2001 3688 2070">
     <span class='ocr_line' id='line_1_83' title="bbox 2115 2001 3688 2070; baseline -0.001 -14"><span class='ocrx_word' id='word_1_621' title='bbox 2115 2006 2507 2069; x_wconf 83' lang='lat' dir='ltr'><strong>corruptionem</strong></span> <span class='ocrx_word' id='word_1_622' title='bbox 2558 2002 2798 2056; x_wconf 89' lang='lat' dir='ltr'><strong>tendunt.</strong></span> <span class='ocrx_word' id='word_1_623' title='bbox 2846 2005 2916 2056; x_wconf 74' lang='lat' dir='ltr'><strong>Ex</strong></span> <span class='ocrx_word' id='word_1_624' title='bbox 2952 2017 3018 2056; x_wconf 88' lang='lat' dir='ltr'><strong>eo</strong></span> <span class='ocrx_word' id='word_1_625' title='bbox 3048 2003 3194 2057; x_wconf 90' lang='lat' dir='ltr'><strong>enim</strong></span> <span class='ocrx_word' id='word_1_626' title='bbox 3227 2001 3369 2070; x_wconf 91' lang='lat' dir='ltr'><strong>quod</strong></span> <span class='ocrx_word' id='word_1_627' title='bbox 3414 2002 3688 2055; x_wconf 63' lang='lat' dir='ltr'><strong>aeternitas</strong></span> 
     </span>
    </p>
   </div>
   <div class='ocr_carea' id='block_1_84' title="bbox 2112 2071 3687 2127">
    <p class='ocr_par' dir='ltr' id='par_1_84' title="bbox 2112 2071 3687 2127">
     <span class='ocr_line' id='line_1_84' title="bbox 2112 2071 3687 2127; baseline -0.001 -2"><span class='ocrx_word' id='word_1_628' title='bbox 2112 2074 2258 2127; x_wconf 88' lang='lat' dir='ltr'><strong>verbi</strong></span> <span class='ocrx_word' id='word_1_629' title='bbox 2293 2072 2367 2126; x_wconf 90' lang='lat' dir='ltr'><strong>tui</strong></span> <span class='ocrx_word' id='word_1_630' title='bbox 2398 2088 2502 2126; x_wconf 90' lang='lat' dir='ltr'><strong>non</strong></span> <span class='ocrx_word' id='word_1_631' title='bbox 2534 2073 2835 2126; x_wconf 90' lang='lat' dir='ltr'><strong>intermittit</strong></span> <span class='ocrx_word' id='word_1_632' title='bbox 2859 2074 3010 2127; x_wconf 87' lang='lat' dir='ltr'><strong>unire</strong></span> <span class='ocrx_word' id='word_1_633' title='bbox 3039 2088 3097 2126; x_wconf 85' lang='lat' dir='ltr'><strong>se</strong></span> <span class='ocrx_word' id='word_1_634' title='bbox 3128 2073 3253 2125; x_wconf 84' lang='lat' dir='ltr'><strong>miltt</strong></span> <span class='ocrx_word' id='word_1_635' title='bbox 3282 2074 3331 2125; x_wconf 92' lang='lat' dir='ltr'><strong>in</strong></span> <span class='ocrx_word' id='word_1_636' title='bbox 3362 2071 3462 2124; x_wconf 85' lang='lat' dir='ltr'><strong>hoc.</strong></span> <span class='ocrx_word' id='word_1_637' title='bbox 3491 2082 3552 2123; x_wconf 89' lang='lat' dir='ltr'><strong>ut</strong></span> <span class='ocrx_word' id='word_1_638' title='bbox 3580 2086 3687 2124; x_wconf 90' lang='lat' dir='ltr'><strong>non</strong></span> 
     </span>
    </p>
   </div>
   <div class='ocr_carea' id='block_1_85' title="bbox 2113 2140 3686 2211">
    <p class='ocr_par' dir='ltr' id='par_1_85' title="bbox 2113 2140 3686 2211">
     <span class='ocr_line' id='line_1_85' title="bbox 2113 2140 3686 2211; baseline -0.001 -17"><span class='ocrx_word' id='word_1_639' title='bbox 2113 2143 2213 2197; x_wconf 86' lang='lat' dir='ltr'><strong>sim</strong></span> <span class='ocrx_word' id='word_1_640' title='bbox 2243 2144 2358 2197; x_wconf 89' lang='lat' dir='ltr'><strong>talis</strong></span> <span class='ocrx_word' id='word_1_641' title='bbox 2412 2143 2594 2211; x_wconf 79' lang='lat' dir='ltr'><strong>quales</strong></span> <span class='ocrx_word' id='word_1_642' title='bbox 2624 2145 2803 2197; x_wconf 73' lang='lat' dir='ltr'><strong>caeteri</strong></span> <span class='ocrx_word' id='word_1_643' title='bbox 2847 2143 2936 2211; x_wconf 89' lang='lat' dir='ltr'><strong>qui</strong></span> <span class='ocrx_word' id='word_1_644' title='bbox 2967 2153 3255 2196; x_wconf 88' lang='lat' dir='ltr'><strong>nascuntur</strong></span> <span class='ocrx_word' id='word_1_645' title='bbox 3285 2143 3337 2197; x_wconf 89' lang='lat' dir='ltr'><strong>in</strong></span> <span class='ocrx_word' id='word_1_646' title='bbox 3369 2140 3686 2209; x_wconf 79' lang='lat' dir='ltr'><strong>profundam</strong></span> 
     </span>
    </p>
   </div>
   <div class='ocr_carea' id='block_1_86' title="bbox 2115 2212 3691 2282">
    <p class='ocr_par' dir='ltr' id='par_1_86' title="bbox 2115 2212 3691 2282">
     <span class='ocr_line' id='line_1_86' title="bbox 2115 2212 3691 2282; baseline 0 -17"><span class='ocrx_word' id='word_1_647' title='bbox 2115 2214 2384 2267; x_wconf 87' lang='lat' dir='ltr'><strong>miseriam</strong></span> <span class='ocrx_word' id='word_1_648' title='bbox 2409 2212 2565 2282; x_wconf 85' lang='lat' dir='ltr'><strong>hujus</strong></span> <span class='ocrx_word' id='word_1_649' title='bbox 2598 2212 2813 2280; x_wconf 71' lang='lat' dir='ltr'><strong>smculi,</strong></span> <span class='ocrx_word' id='word_1_650' title='bbox 2844 2212 2933 2268; x_wconf 90' lang='lat' dir='ltr'><strong>ubi</strong></span> <span class='ocrx_word' id='word_1_651' title='bbox 2961 2223 3209 2281; x_wconf 89' lang='lat' dir='ltr'><strong>tanquam</strong></span> <span class='ocrx_word' id='word_1_652' title='bbox 3237 2213 3396 2266; x_wconf 84' lang='lat' dir='ltr'><strong>sileas</strong></span> <span class='ocrx_word' id='word_1_653' title='bbox 3420 2252 3437 2278; x_wconf 91' lang='lat'><strong>,</strong></span> <span class='ocrx_word' id='word_1_654' title='bbox 3468 2226 3575 2265; x_wconf 86' lang='lat' dir='ltr'><strong>non</strong></span> <span class='ocrx_word' id='word_1_655' title='bbox 3598 2227 3691 2265; x_wconf 87' lang='lat' dir='ltr'><strong>co-</strong></span> 
     </span>
    </p>
   </div>
   <div class='ocr_carea' id='block_1_87' title="bbox 2116 2284 2833 2351">
    <p class='ocr_par' dir='ltr' id='par_1_87' title="bbox 2116 2284 2833 2351">
     <span class='ocr_line' id='line_1_87' title="bbox 2116 2284 2833 2351; baseline 0 -15"><span class='ocrx_word' id='word_1_656' title='bbox 2116 2284 2384 2351; x_wconf 81' lang='lat' dir='ltr'><strong>gnoscitur</strong></span> <span class='ocrx_word' id='word_1_657' title='bbox 2414 2286 2631 2337; x_wconf 87' lang='lat' dir='ltr'><strong>verbum</strong></span> <span class='ocrx_word' id='word_1_658' title='bbox 2665 2292 2833 2337; x_wconf 91' lang='lat' dir='ltr'><strong>tuum.</strong></span> 
     </span>
    </p>
   </div>
   <div class='ocr_carea' id='block_1_88' title="bbox 2186 2360 3684 2428">
    <p class='ocr_par' dir='ltr' id='par_1_88' title="bbox 2186 2360 3684 2428">
     <span class='ocr_line' id='line_1_88' title="bbox 2186 2360 3684 2428; baseline 0.002 -13"><span class='ocrx_word' id='word_1_659' title='bbox 2186 2361 2412 2428; x_wconf 71' lang='lat' dir='ltr'><strong>Exaudi,</strong></span> <span class='ocrx_word' id='word_1_660' title='bbox 2443 2360 2861 2423; x_wconf 85' lang='lat' dir='ltr'><strong>Domine,vocem</strong></span> <span class='ocrx_word' id='word_1_661' title='bbox 2883 2363 3125 2415; x_wconf 86' lang='lat' dir='ltr'><strong>orationis</strong></span> <span class='ocrx_word' id='word_1_662' title='bbox 3142 2379 3280 2415; x_wconf 79' lang='lat' dir='ltr'><strong>mete.</strong></span> <span class='ocrx_word' id='word_1_663' title='bbox 3313 2362 3475 2427; x_wconf 83' lang='lat' dir='ltr'><strong>Quasi</strong></span> <span class='ocrx_word' id='word_1_664' title='bbox 3498 2362 3643 2417; x_wconf 84' lang='lat' dir='ltr'><strong>dicat</strong></span> <span class='ocrx_word' id='word_1_665' title='bbox 3668 2382 3684 2418; x_wconf 93' lang='lat'><strong>:</strong></span> 
     </span>
    </p>
   </div>
   <div class='ocr_carea' id='block_1_89' title="bbox 2112 2431 3689 2499">
    <p class='ocr_par' dir='ltr' id='par_1_89' title="bbox 2112 2431 3689 2499">
     <span class='ocr_line' id='line_1_89' title="bbox 2112 2431 3689 2499; baseline 0 -12"><span class='ocrx_word' id='word_1_666' title='bbox 2112 2433 2210 2495; x_wconf 84' lang='grc' dir='ltr'>Νε,</span> <span class='ocrx_word' id='word_1_667' title='bbox 2244 2433 2486 2496; x_wconf 86' lang='lat' dir='ltr'><strong>Domine,</strong></span> <span class='ocrx_word' id='word_1_668' title='bbox 2519 2446 2616 2499; x_wconf 75' lang='lat' dir='ltr'><strong>ego</strong></span> <span class='ocrx_word' id='word_1_669' title='bbox 2646 2434 2725 2485; x_wconf 85' lang='lat' dir='ltr'><strong>vel</strong></span> <span class='ocrx_word' id='word_1_670' title='bbox 2759 2431 2863 2486; x_wconf 88' lang='lat' dir='ltr'><strong>mei</strong></span> <span class='ocrx_word' id='word_1_671' title='bbox 2893 2433 3243 2486; x_wconf 87' lang='lat' dir='ltr'><strong>assimilemur</strong></span> <span class='ocrx_word' id='word_1_672' title='bbox 3271 2433 3689 2487; x_wconf 79' lang='lat' dir='ltr'><strong>descendentibus</strong></span> 
     </span>
    </p>
   </div>
   <div class='ocr_carea' id='block_1_90' title="bbox 2113 2502 3683 2571">
    <p class='ocr_par' dir='ltr' id='par_1_90' title="bbox 2113 2502 3683 2571">
     <span class='ocr_line' id='line_1_90' title="bbox 2113 2502 3683 2571; baseline -0.001 -15"><span class='ocrx_word' id='word_1_673' title='bbox 2113 2506 2165 2556; x_wconf 91' lang='lat' dir='ltr'><strong>in</strong></span> <span class='ocrx_word' id='word_1_674' title='bbox 2194 2503 2382 2565; x_wconf 86' lang='lat' dir='ltr'><strong>locum,</strong></span> <span class='ocrx_word' id='word_1_675' title='bbox 2409 2502 2592 2555; x_wconf 71' lang='lat' dir='ltr'><strong>exaudi</strong></span> <span class='ocrx_word' id='word_1_676' title='bbox 2620 2516 2789 2555; x_wconf 88' lang='lat' dir='ltr'><strong>vocem</strong></span> <span class='ocrx_word' id='word_1_677' title='bbox 2829 2502 3199 2571; x_wconf 85' lang='lat' dir='ltr'><strong>deprecationis</strong></span> <span class='ocrx_word' id='word_1_678' title='bbox 3236 2518 3362 2555; x_wconf 76' lang='lat' dir='ltr'><strong>mea:</strong></span> <span class='ocrx_word' id='word_1_679' title='bbox 3410 2518 3430 2556; x_wconf 88' lang='lat'><strong><em>:</em></strong></span> <span class='ocrx_word' id='word_1_680' title='bbox 3485 2504 3534 2555; x_wconf 89' lang='lat' dir='ltr'><strong>id</strong></span> <span class='ocrx_word' id='word_1_681' title='bbox 3578 2518 3683 2567; x_wconf 66' lang='grc' dir='ltr'>εει,</span> 
     </span>
    </p>
   </div>
   <div class='ocr_carea' id='block_1_91' title="bbox 2113 2572 3687 2641">
    <p class='ocr_par' dir='ltr' id='par_1_91' title="bbox 2113 2572 3687 2641">
     <span class='ocr_line' id='line_1_91' title="bbox 2113 2572 3687 2641; baseline 0 -15"><span class='ocrx_word' id='word_1_682' title='bbox 2113 2574 2302 2627; x_wconf 85' lang='lat' dir='ltr'><strong>exaudi</strong></span> <span class='ocrx_word' id='word_1_683' title='bbox 2326 2572 2550 2625; x_wconf 84' lang='lat' dir='ltr'><strong>validam</strong></span> <span class='ocrx_word' id='word_1_684' title='bbox 2580 2572 2755 2626; x_wconf 89' lang='lat' dir='ltr'><strong>cordis</strong></span> <span class='ocrx_word' id='word_1_685' title='bbox 2778 2573 3143 2631; x_wconf 86' lang='lat' dir='ltr'><strong>intentionem,</strong></span> <span class='ocrx_word' id='word_1_686' title='bbox 3174 2587 3276 2640; x_wconf 82' lang='lat' dir='ltr'><strong>qua</strong></span> <span class='ocrx_word' id='word_1_687' title='bbox 3314 2572 3578 2641; x_wconf 85' lang='lat' dir='ltr'><strong>deprecor</strong></span> <span class='ocrx_word' id='word_1_688' title='bbox 3633 2584 3687 2627; x_wconf 86' lang='lat' dir='ltr'><strong>te</strong></span> 
     </span>
    </p>
   </div>
   <div class='ocr_carea' id='block_1_92' title="bbox 2116 2642 3690 2710">
    <p class='ocr_par' dir='ltr' id='par_1_92' title="bbox 2116 2642 3690 2710">
     <span class='ocr_line' id='line_1_92' title="bbox 2116 2642 3690 2710; baseline -0.002 -14"><span class='ocrx_word' id='word_1_689' title='bbox 2116 2658 2212 2709; x_wconf 87' lang='lat' dir='ltr'><strong>pro</strong></span> <span class='ocrx_word' id='word_1_690' title='bbox 2248 2657 2332 2696; x_wconf 88' lang='lat' dir='ltr'><strong>me</strong></span> <span class='ocrx_word' id='word_1_691' title='bbox 2364 2644 2517 2709; x_wconf 85' lang='lat' dir='ltr'><strong>ipso,</strong></span> <span class='ocrx_word' id='word_1_692' title='bbox 2561 2651 2616 2695; x_wconf 81' lang='lat' dir='ltr'><strong>rt</strong></span> <span class='ocrx_word' id='word_1_693' title='bbox 2658 2644 2844 2695; x_wconf 75' lang='lat' dir='ltr'><strong>exaudi</strong></span> <span class='ocrx_word' id='word_1_694' title='bbox 2889 2657 3057 2696; x_wconf 82' lang='lat' dir='ltr'><strong>vocem</strong></span> <span class='ocrx_word' id='word_1_695' title='bbox 3092 2642 3214 2694; x_wconf 89' lang='lat' dir='ltr'><strong>dum</strong></span> <span class='ocrx_word' id='word_1_696' title='bbox 3256 2658 3343 2694; x_wconf 88' lang='lat' dir='ltr'><strong>oro</strong></span> <span class='ocrx_word' id='word_1_697' title='bbox 3380 2644 3447 2694; x_wconf 90' lang='lat' dir='ltr'><strong>ad</strong></span> <span class='ocrx_word' id='word_1_698' title='bbox 3494 2653 3542 2694; x_wconf 90' lang='lat' dir='ltr'><strong>te</strong></span> <span class='ocrx_word' id='word_1_699' title='bbox 3591 2659 3690 2710; x_wconf 88' lang='lat' dir='ltr'><strong>pro</strong></span> 
     </span>
    </p>
   </div>
   <div class='ocr_carea' id='block_1_93' title="bbox 2116 2712 3686 2777">
    <p class='ocr_par' dir='ltr' id='par_1_93' title="bbox 2116 2712 3686 2777">
     <span class='ocr_line' id='line_1_93' title="bbox 2116 2712 3686 2777; baseline 0.001 -13"><span class='ocrx_word' id='word_1_700' title='bbox 2116 2712 2266 2767; x_wconf 83' lang='lat' dir='ltr'><strong>meis.</strong></span> <span class='ocrx_word' id='word_1_701' title='bbox 2294 2715 2358 2765; x_wconf 75' lang='lat' dir='ltr'><strong>Et</strong></span> <span class='ocrx_word' id='word_1_702' title='bbox 2383 2713 2506 2764; x_wconf 89' lang='lat' dir='ltr'><strong>dum</strong></span> <span class='ocrx_word' id='word_1_703' title='bbox 2528 2712 2716 2764; x_wconf 74' lang='lat' dir='ltr'><strong>extollo</strong></span> <span class='ocrx_word' id='word_1_704' title='bbox 2745 2728 2924 2765; x_wconf 85' lang='lat' dir='ltr'><strong>manus</strong></span> <span class='ocrx_word' id='word_1_705' title='bbox 2950 2728 3103 2777; x_wconf 88' lang='lat' dir='ltr'><strong>meas,</strong></span> <span class='ocrx_word' id='word_1_706' title='bbox 3133 2712 3184 2764; x_wconf 91' lang='lat' dir='ltr'><strong>id</strong></span> <span class='ocrx_word' id='word_1_707' title='bbox 3223 2723 3323 2774; x_wconf 67' lang='lat' dir='ltr'><strong>Cal.</strong></span> <span class='ocrx_word' id='word_1_708' title='bbox 3356 2714 3480 2765; x_wconf 91' lang='lat' dir='ltr'><strong>dum</strong></span> <span class='ocrx_word' id='word_1_709' title='bbox 3522 2713 3686 2765; x_wconf 85' lang='lat' dir='ltr'><strong>etiam</strong></span> 
     </span>
    </p>
   </div>
   <div class='ocr_carea' id='block_1_94' title="bbox 2116 2780 3690 2852">
    <p class='ocr_par' dir='ltr' id='par_1_94' title="bbox 2116 2780 3690 2852">
     <span class='ocr_line' id='line_1_94' title="bbox 2116 2780 3690 2852; baseline -0.001 -17"><span class='ocrx_word' id='word_1_710' title='bbox 2116 2782 2424 2852; x_wconf 77' lang='lat' dir='ltr'><strong>crucitigor,</strong></span> <span class='ocrx_word' id='word_1_711' title='bbox 2449 2796 2636 2835; x_wconf 89' lang='lat' dir='ltr'><strong>manus</strong></span> <span class='ocrx_word' id='word_1_712' title='bbox 2667 2795 2813 2835; x_wconf 89' lang='lat' dir='ltr'><strong>meas</strong></span> <span class='ocrx_word' id='word_1_713' title='bbox 2843 2782 2894 2835; x_wconf 90' lang='lat' dir='ltr'><strong>in</strong></span> <span class='ocrx_word' id='word_1_714' title='bbox 2922 2796 3079 2835; x_wconf 90' lang='lat' dir='ltr'><strong>cruce</strong></span> <span class='ocrx_word' id='word_1_715' title='bbox 3105 2780 3407 2835; x_wconf 80' lang='lat' dir='ltr'><strong>extollendo</strong></span> <span class='ocrx_word' id='word_1_716' title='bbox 3444 2782 3512 2835; x_wconf 86' lang='lat' dir='ltr'><strong>ad</strong></span> <span class='ocrx_word' id='word_1_717' title='bbox 3563 2790 3690 2835; x_wconf 80' lang='lat' dir='ltr'><strong>tem-</strong></span> 
     </span>
    </p>
   </div>
   <div class='ocr_carea' id='block_1_95' title="bbox 2115 2852 3686 2922">
    <p class='ocr_par' dir='ltr' id='par_1_95' title="bbox 2115 2852 3686 2922">
     <span class='ocr_line' id='line_1_95' title="bbox 2115 2852 3686 2922; baseline 0.001 -18"><span class='ocrx_word' id='word_1_718' title='bbox 2115 2853 2258 2922; x_wconf 87' lang='lat' dir='ltr'><strong>plum</strong></span> <span class='ocrx_word' id='word_1_719' title='bbox 2275 2862 2503 2904; x_wconf 86' lang='lat' dir='ltr'><strong>sanctum</strong></span> <span class='ocrx_word' id='word_1_720' title='bbox 2524 2860 2668 2903; x_wconf 87' lang='lat' dir='ltr'><strong>tuum</strong></span> <span class='ocrx_word' id='word_1_721' title='bbox 2690 2866 2706 2904; x_wconf 90' lang='lat'><em>:</em></span> <span class='ocrx_word' id='word_1_722' title='bbox 2737 2852 2787 2922; x_wconf 89' lang='lat' dir='ltr'><strong>id</strong></span> <span class='ocrx_word' id='word_1_723' title='bbox 2809 2862 2911 2917; x_wconf 87' lang='lat' dir='ltr'><strong>est,</strong></span> <span class='ocrx_word' id='word_1_724' title='bbox 2939 2853 3003 2906; x_wconf 87' lang='lat' dir='ltr'><strong>ad</strong></span> <span class='ocrx_word' id='word_1_725' title='bbox 3029 2853 3128 2905; x_wconf 91' lang='lat' dir='ltr'><strong>hoc</strong></span> <span class='ocrx_word' id='word_1_726' title='bbox 3153 2861 3209 2904; x_wconf 91' lang='lat' dir='ltr'><strong>ut</strong></span> <span class='ocrx_word' id='word_1_727' title='bbox 3230 2861 3284 2904; x_wconf 85' lang='lat' dir='ltr'><strong>et</strong></span> <span class='ocrx_word' id='word_1_728' title='bbox 3310 2867 3402 2917; x_wconf 84' lang='lat' dir='ltr'><strong>per</strong></span> <span class='ocrx_word' id='word_1_729' title='bbox 3422 2868 3506 2905; x_wconf 87' lang='lat' dir='ltr'><strong>me</strong></span> <span class='ocrx_word' id='word_1_730' title='bbox 3535 2853 3686 2906; x_wconf 87' lang='lat' dir='ltr'><strong>multi</strong></span> 
     </span>
    </p>
   </div>
   <div class='ocr_carea' id='block_1_96' title="bbox 2114 2921 3688 2989">
    <p class='ocr_par' dir='ltr' id='par_1_96' title="bbox 2114 2921 3688 2989">
     <span class='ocr_line' id='line_1_96' title="bbox 2114 2921 3688 2989; baseline 0 -13"><span class='ocrx_word' id='word_1_731' title='bbox 2114 2921 2423 2977; x_wconf 76' lang='lat' dir='ltr'><strong>Sanctiticati</strong></span> <span class='ocrx_word' id='word_1_732' title='bbox 2449 2922 2574 2974; x_wconf 86' lang='lat' dir='ltr'><strong>liant</strong></span> <span class='ocrx_word' id='word_1_733' title='bbox 2596 2921 2850 2989; x_wconf 84' lang='lat' dir='ltr'><strong>templum</strong></span> <span class='ocrx_word' id='word_1_734' title='bbox 2874 2931 3039 2976; x_wconf 88' lang='lat' dir='ltr'><strong>tuum.</strong></span> <span class='ocrx_word' id='word_1_735' title='bbox 3075 2922 3160 2975; x_wconf 72' lang='lat' dir='ltr'><strong>Vel</strong></span> <span class='ocrx_word' id='word_1_736' title='bbox 3190 2922 3379 2974; x_wconf 74' lang='lat' dir='ltr'><strong>extollo</strong></span> <span class='ocrx_word' id='word_1_737' title='bbox 3402 2938 3608 2987; x_wconf 87' lang='lat' dir='ltr'><strong>manus,</strong></span> <span class='ocrx_word' id='word_1_738' title='bbox 3637 2924 3688 2976; x_wconf 87' lang='lat' dir='ltr'><strong>id</strong></span> 
     </span>
    </p>
   </div>
   <div class='ocr_carea' id='block_1_97' title="bbox 2114 2991 3692 3061">
    <p class='ocr_par' dir='ltr' id='par_1_97' title="bbox 2114 2991 3692 3061">
     <span class='ocr_line' id='line_1_97' title="bbox 2114 2991 3692 3061; baseline -0.001 -15"><span class='ocrx_word' id='word_1_739' title='bbox 2114 3003 2217 3057; x_wconf 85' lang='lat' dir='ltr'><strong>est,</strong></span> <span class='ocrx_word' id='word_1_740' title='bbox 2241 2991 2518 3045; x_wconf 83' lang='lat' dir='ltr'><strong>manifesta</strong></span> <span class='ocrx_word' id='word_1_741' title='bbox 2539 3005 2697 3059; x_wconf 85' lang='lat' dir='ltr'><strong>opera</strong></span> <span class='ocrx_word' id='word_1_742' title='bbox 2718 3002 2769 3045; x_wconf 89' lang='lat' dir='ltr'><strong>et</strong></span> <span class='ocrx_word' id='word_1_743' title='bbox 2789 2996 2935 3061; x_wconf 83' lang='lat' dir='ltr'><strong>signa</strong></span> <span class='ocrx_word' id='word_1_744' title='bbox 2962 2991 3093 3045; x_wconf 79' lang='lat' dir='ltr'><strong>iacio</strong></span> <span class='ocrx_word' id='word_1_745' title='bbox 3112 2991 3179 3043; x_wconf 92' lang='lat' dir='ltr'><strong>ad</strong></span> <span class='ocrx_word' id='word_1_746' title='bbox 3196 2994 3439 3056; x_wconf 81' lang='lat' dir='ltr'><strong>temptant</strong></span> <span class='ocrx_word' id='word_1_747' title='bbox 3458 3004 3692 3045; x_wconf 83' lang='lat' dir='ltr'><strong>sanctum</strong></span> 
     </span>
    </p>
   </div>
   <div class='ocr_carea' id='block_1_98' title="bbox 2118 3061 3688 3128">
    <p class='ocr_par' dir='ltr' id='par_1_98' title="bbox 2118 3061 3688 3128">
     <span class='ocr_line' id='line_1_98' title="bbox 2118 3061 3688 3128; baseline 0.001 -13"><span class='ocrx_word' id='word_1_748' title='bbox 2118 3073 2259 3115; x_wconf 88' lang='lat' dir='ltr'><strong>tuum</strong></span> <span class='ocrx_word' id='word_1_749' title='bbox 2286 3078 2305 3117; x_wconf 91' lang='lat'><strong><em>:</em></strong></span> <span class='ocrx_word' id='word_1_750' title='bbox 2333 3063 2383 3114; x_wconf 90' lang='lat' dir='ltr'><strong>id</strong></span> <span class='ocrx_word' id='word_1_751' title='bbox 2405 3073 2509 3125; x_wconf 87' lang='lat' dir='ltr'><strong>est,</strong></span> <span class='ocrx_word' id='word_1_752' title='bbox 2529 3062 2690 3115; x_wconf 88' lang='lat' dir='ltr'><strong>utalii</strong></span> <span class='ocrx_word' id='word_1_753' title='bbox 2722 3061 2959 3116; x_wconf 84' lang='lat' dir='ltr'><strong>videntes</strong></span> <span class='ocrx_word' id='word_1_754' title='bbox 2973 3076 3128 3128; x_wconf 84' lang='lat' dir='ltr'><strong>Opera</strong></span> <span class='ocrx_word' id='word_1_755' title='bbox 3156 3076 3267 3116; x_wconf 85' lang='lat' dir='ltr'><strong>mea</strong></span> <span class='ocrx_word' id='word_1_756' title='bbox 3302 3063 3576 3116; x_wconf 88' lang='lat' dir='ltr'><strong>imitentur</strong></span> <span class='ocrx_word' id='word_1_757' title='bbox 3601 3078 3688 3127; x_wconf 88' lang='lat' dir='ltr'><strong>ea,</strong></span> 
     </span>
    </p>
   </div>
   <div class='ocr_carea' id='block_1_99' title="bbox 2112 3130 3692 3195">
    <p class='ocr_par' dir='ltr' id='par_1_99' title="bbox 2112 3130 3692 3195">
     <span class='ocr_line' id='line_1_99' title="bbox 2112 3130 3692 3195; baseline 0.001 -10"><span class='ocrx_word' id='word_1_758' title='bbox 2112 3142 2167 3186; x_wconf 93' lang='lat' dir='ltr'><strong>et</strong></span> <span class='ocrx_word' id='word_1_759' title='bbox 2203 3131 2534 3185; x_wconf 70' lang='lat' dir='ltr'><strong>conl’urtnent</strong></span> <span class='ocrx_word' id='word_1_760' title='bbox 2583 3144 2643 3185; x_wconf 86' lang='lat' dir='ltr'><strong>se</strong></span> <span class='ocrx_word' id='word_1_761' title='bbox 2686 3130 2834 3195; x_wconf 88' lang='lat' dir='ltr'><strong>mihi,</strong></span> <span class='ocrx_word' id='word_1_762' title='bbox 2869 3144 2919 3186; x_wconf 92' lang='lat' dir='ltr'><strong>et</strong></span> <span class='ocrx_word' id='word_1_763' title='bbox 2949 3133 3027 3186; x_wconf 90' lang='lat' dir='ltr'><strong>sic</strong></span> <span class='ocrx_word' id='word_1_764' title='bbox 3072 3131 3379 3186; x_wconf 86' lang='lat' dir='ltr'><strong>sanetilicati</strong></span> <span class='ocrx_word' id='word_1_765' title='bbox 3406 3133 3533 3186; x_wconf 77' lang='lat' dir='ltr'><strong>[iant</strong></span> <span class='ocrx_word' id='word_1_766' title='bbox 3560 3143 3692 3186; x_wconf 87' lang='lat' dir='ltr'><strong>tem-</strong></span> 
     </span>
    </p>
   </div>
   <div class='ocr_carea' id='block_1_100' title="bbox 2111 3198 3593 3271">
    <p class='ocr_par' dir='ltr' id='par_1_100' title="bbox 2111 3198 3593 3271">
     <span class='ocr_line' id='line_1_100' title="bbox 2111 3198 3593 3271; baseline 0.001 -18"><span class='ocrx_word' id='word_1_767' title='bbox 2111 3208 2254 3271; x_wconf 85' lang='lat' dir='ltr'><strong>plum</strong></span> <span class='ocrx_word' id='word_1_768' title='bbox 2285 3213 2451 3255; x_wconf 91' lang='lat' dir='ltr'><strong>tuum.</strong></span> <span class='ocrx_word' id='word_1_769' title='bbox 2486 3199 2754 3269; x_wconf 85' lang='lat' dir='ltr'><strong>Templum</strong></span> <span class='ocrx_word' id='word_1_770' title='bbox 2777 3202 2912 3255; x_wconf 89' lang='lat' dir='ltr'><strong>enim</strong></span> <span class='ocrx_word' id='word_1_771' title='bbox 2935 3198 3031 3255; x_wconf 84' lang='lat' dir='ltr'><strong>Dei</strong></span> <span class='ocrx_word' id='word_1_772' title='bbox 3046 3204 3290 3269; x_wconf 84' lang='lat' dir='ltr'><strong>est,quod</strong></span> <span class='ocrx_word' id='word_1_773' title='bbox 3321 3203 3441 3255; x_wconf 86' lang='lat' dir='ltr'><strong>estis</strong></span> <span class='ocrx_word' id='word_1_774' title='bbox 3477 3217 3593 3255; x_wconf 80' lang='lat' dir='ltr'><strong>vos.</strong></span> 
     </span>
    </p>
   </div>
   <div class='ocr_carea' id='block_1_101' title="bbox 2181 3278 3691 3349">
    <p class='ocr_par' dir='ltr' id='par_1_101' title="bbox 2181 3278 3691 3349">
     <span class='ocr_line' id='line_1_101' title="bbox 2181 3278 3691 3349; baseline 0.001 -17"><span class='ocrx_word' id='word_1_775' title='bbox 2181 3279 2264 3333; x_wconf 90' lang='lat' dir='ltr'><strong>Ne</strong></span> <span class='ocrx_word' id='word_1_776' title='bbox 2283 3280 2432 3333; x_wconf 84' lang='lat' dir='ltr'><strong>simul</strong></span> <span class='ocrx_word' id='word_1_777' title='bbox 2460 3282 2633 3332; x_wconf 81' lang='lat' dir='ltr'><strong>tradas</strong></span> <span class='ocrx_word' id='word_1_778' title='bbox 2660 3295 2736 3333; x_wconf 88' lang='lat' dir='ltr'><strong>me</strong></span> <span class='ocrx_word' id='word_1_779' title='bbox 2756 3295 2869 3333; x_wconf 83' lang='lat' dir='ltr'><strong>cum</strong></span> <span class='ocrx_word' id='word_1_780' title='bbox 2893 3280 3257 3349; x_wconf 82' lang='lat' dir='ltr'><strong>peccatoribus.</strong></span> <span class='ocrx_word' id='word_1_781' title='bbox 3278 3278 3420 3341; x_wconf 86' lang='lat' dir='ltr'><strong>Ideo,</strong></span> <span class='ocrx_word' id='word_1_782' title='bbox 3440 3278 3691 3344; x_wconf 82' lang='lat' dir='ltr'><strong>Domine,</strong></span> 
     </span>
    </p>
   </div>
   <div class='ocr_carea' id='block_1_102' title="bbox 2111 3349 3690 3414">
    <p class='ocr_par' dir='ltr' id='par_1_102' title="bbox 2111 3349 3690 3414">
     <span class='ocr_line' id='line_1_102' title="bbox 2111 3349 3690 3414; baseline -0.003 -10"><span class='ocrx_word' id='word_1_783' title='bbox 2111 3364 2177 3404; x_wconf 85' lang='lat' dir='ltr'><strong>ne</strong></span> <span class='ocrx_word' id='word_1_784' title='bbox 2207 3349 2368 3403; x_wconf 88' lang='lat' dir='ltr'><strong>sileas</strong></span> <span class='ocrx_word' id='word_1_785' title='bbox 2398 3349 2553 3414; x_wconf 89' lang='lat' dir='ltr'><strong>meis,</strong></span> <span class='ocrx_word' id='word_1_786' title='bbox 2583 3357 2641 3402; x_wconf 92' lang='lat' dir='ltr'><strong>ut</strong></span> <span class='ocrx_word' id='word_1_787' title='bbox 2668 3365 2772 3403; x_wconf 93' lang='lat' dir='ltr'><strong>non</strong></span> <span class='ocrx_word' id='word_1_788' title='bbox 2804 3354 2981 3404; x_wconf 88' lang='lat' dir='ltr'><strong>tradas</strong></span> <span class='ocrx_word' id='word_1_789' title='bbox 3007 3364 3098 3403; x_wconf 90' lang='lat' dir='ltr'><strong>eos</strong></span> <span class='ocrx_word' id='word_1_790' title='bbox 3130 3349 3181 3401; x_wconf 90' lang='lat' dir='ltr'><strong>in</strong></span> <span class='ocrx_word' id='word_1_791' title='bbox 3205 3358 3431 3401; x_wconf 86' lang='lat' dir='ltr'><strong>mortem</strong></span> <span class='ocrx_word' id='word_1_792' title='bbox 3466 3349 3690 3411; x_wconf 69' lang='lat' dir='ltr'><strong>profun-</strong></span> 
     </span>
    </p>
   </div>
   <div class='ocr_carea' id='block_1_103' title="bbox 2110 3417 3695 3485">
    <p class='ocr_par' dir='ltr' id='par_1_103' title="bbox 2110 3417 3695 3485">
     <span class='ocr_line' id='line_1_103' title="bbox 2110 3417 3695 3485; baseline 0 -12"><span class='ocrx_word' id='word_1_793' title='bbox 2110 3420 2293 3473; x_wconf 89' lang='lat' dir='ltr'><strong>ditatis</strong></span> <span class='ocrx_word' id='word_1_794' title='bbox 2337 3420 2584 3473; x_wconf 88' lang='lat' dir='ltr'><strong>vitiorum</strong></span> <span class='ocrx_word' id='word_1_795' title='bbox 2614 3420 2859 3473; x_wconf 83' lang='lat' dir='ltr'><strong>similiter</strong></span> <span class='ocrx_word' id='word_1_796' title='bbox 2878 3434 2998 3473; x_wconf 89' lang='lat' dir='ltr'><strong>cum</strong></span> <span class='ocrx_word' id='word_1_797' title='bbox 3030 3417 3152 3473; x_wconf 88' lang='lat' dir='ltr'><strong>aliis</strong></span> <span class='ocrx_word' id='word_1_798' title='bbox 3180 3418 3572 3485; x_wconf 78' lang='lat' dir='ltr'><strong>peccatoribus.</strong></span> <span class='ocrx_word' id='word_1_799' title='bbox 3629 3422 3695 3473; x_wconf 73' lang='lat' dir='ltr'><strong>Et</strong></span> 
     </span>
    </p>
   </div>
   <div class='ocr_carea' id='block_1_104' title="bbox 2109 3488 3690 3556">
    <p class='ocr_par' dir='ltr' id='par_1_104' title="bbox 2109 3488 3690 3556">
     <span class='ocr_line' id='line_1_104' title="bbox 2109 3488 3690 3556; baseline 0 -15"><span class='ocrx_word' id='word_1_800' title='bbox 2109 3488 2231 3545; x_wconf 88' lang='lat' dir='ltr'><strong>ideo</strong></span> <span class='ocrx_word' id='word_1_801' title='bbox 2260 3505 2324 3544; x_wconf 83' lang='lat' dir='ltr'><strong>ne</strong></span> <span class='ocrx_word' id='word_1_802' title='bbox 2353 3498 2529 3543; x_wconf 85' lang='lat' dir='ltr'><strong>taceas</strong></span> <span class='ocrx_word' id='word_1_803' title='bbox 2556 3489 2708 3556; x_wconf 87' lang='lat' dir='ltr'><strong>mihi,</strong></span> <span class='ocrx_word' id='word_1_804' title='bbox 2736 3504 2799 3543; x_wconf 90' lang='lat' dir='ltr'><strong>ne</strong></span> <span class='ocrx_word' id='word_1_805' title='bbox 2822 3490 3006 3555; x_wconf 86' lang='lat' dir='ltr'><strong>perdas</strong></span> <span class='ocrx_word' id='word_1_806' title='bbox 3035 3504 3113 3542; x_wconf 85' lang='lat' dir='ltr'><strong>me</strong></span> <span class='ocrx_word' id='word_1_807' title='bbox 3162 3500 3182 3539; x_wconf 90' lang='lat'><strong><em>:</em></strong></span> <span class='ocrx_word' id='word_1_808' title='bbox 3218 3488 3268 3540; x_wconf 90' lang='lat' dir='ltr'><strong>id</strong></span> <span class='ocrx_word' id='word_1_809' title='bbox 3319 3497 3423 3553; x_wconf 88' lang='lat' dir='ltr'><strong>est,</strong></span> <span class='ocrx_word' id='word_1_810' title='bbox 3468 3500 3521 3540; x_wconf 89' lang='lat' dir='ltr'><strong>ut</strong></span> <span class='ocrx_word' id='word_1_811' title='bbox 3586 3504 3690 3541; x_wconf 81' lang='lat' dir='ltr'><strong>non</strong></span> 
     </span>
    </p>
   </div>
   <div class='ocr_carea' id='block_1_105' title="bbox 2111 3558 3692 3627">
    <p class='ocr_par' dir='ltr' id='par_1_105' title="bbox 2111 3558 3692 3627">
     <span class='ocr_line' id='line_1_105' title="bbox 2111 3558 3692 3627; baseline -0.001 -14"><span class='ocrx_word' id='word_1_812' title='bbox 2111 3560 2207 3614; x_wconf 88' lang='lat' dir='ltr'><strong>des</strong></span> <span class='ocrx_word' id='word_1_813' title='bbox 2236 3575 2322 3614; x_wconf 89' lang='lat' dir='ltr'><strong>me</strong></span> <span class='ocrx_word' id='word_1_814' title='bbox 2350 3558 2401 3612; x_wconf 91' lang='lat' dir='ltr'><strong>in</strong></span> <span class='ocrx_word' id='word_1_815' title='bbox 2437 3559 2787 3627; x_wconf 87' lang='lat' dir='ltr'><strong>perditionem</strong></span> <span class='ocrx_word' id='word_1_816' title='bbox 2817 3559 3176 3627; x_wconf 87' lang='lat' dir='ltr'><strong>corruptionis</strong></span> <span class='ocrx_word' id='word_1_817' title='bbox 3205 3574 3321 3610; x_wconf 89' lang='lat' dir='ltr'><strong>cum</strong></span> <span class='ocrx_word' id='word_1_818' title='bbox 3359 3560 3692 3625; x_wconf 77' lang='lat' dir='ltr'><strong>operantibus</strong></span> 
     </span>
    </p>
   </div>
   <div class='ocr_carea' id='block_1_106' title="bbox 2106 3628 3693 3699">
    <p class='ocr_par' dir='ltr' id='par_1_106' title="bbox 2106 3628 3693 3699">
     <span class='ocr_line' id='line_1_106' title="bbox 2106 3628 3693 3699; baseline 0.001 -17"><span class='ocrx_word' id='word_1_819' title='bbox 2106 3629 2444 3699; x_wconf 83' lang='lat' dir='ltr'><strong>iniquitatem,</strong></span> <span class='ocrx_word' id='word_1_820' title='bbox 2475 3628 2525 3681; x_wconf 91' lang='lat' dir='ltr'><strong>id</strong></span> <span class='ocrx_word' id='word_1_821' title='bbox 2554 3639 2657 3691; x_wconf 87' lang='lat' dir='ltr'><strong>est,</strong></span> <span class='ocrx_word' id='word_1_822' title='bbox 2680 3643 2800 3684; x_wconf 91' lang='lat' dir='ltr'><strong>cum</strong></span> <span class='ocrx_word' id='word_1_823' title='bbox 2831 3630 3028 3685; x_wconf 66' lang='lat' dir='ltr'><strong>ludatis</strong></span> <span class='ocrx_word' id='word_1_824' title='bbox 3054 3631 3143 3698; x_wconf 89' lang='lat' dir='ltr'><strong>qui</strong></span> <span class='ocrx_word' id='word_1_825' title='bbox 3173 3640 3465 3699; x_wconf 82' lang='lat' dir='ltr'><strong>operantur</strong></span> <span class='ocrx_word' id='word_1_826' title='bbox 3520 3632 3575 3682; x_wconf 91' lang='lat' dir='ltr'><strong>in</strong></span> <span class='ocrx_word' id='word_1_827' title='bbox 3605 3643 3693 3683; x_wconf 87' lang='lat' dir='ltr'><strong>me</strong></span> 
     </span>
    </p>
   </div>
   <div class='ocr_carea' id='block_1_107' title="bbox 2109 3698 3694 3769">
    <p class='ocr_par' dir='ltr' id='par_1_107' title="bbox 2109 3698 3694 3769">
     <span class='ocr_line' id='line_1_107' title="bbox 2109 3698 3694 3769; baseline 0 -16"><span class='ocrx_word' id='word_1_828' title='bbox 2109 3698 2460 3767; x_wconf 84' lang='lat' dir='ltr'><strong>iniquitatem,</strong></span> <span class='ocrx_word' id='word_1_829' title='bbox 2490 3708 2544 3752; x_wconf 88' lang='lat' dir='ltr'><strong>et</strong></span> <span class='ocrx_word' id='word_1_830' title='bbox 2593 3714 2750 3767; x_wconf 88' lang='lat' dir='ltr'><strong>quam</strong></span> <span class='ocrx_word' id='word_1_831' title='bbox 2809 3700 3139 3769; x_wconf 85' lang='lat' dir='ltr'><strong>iniquitatem</strong></span> <span class='ocrx_word' id='word_1_832' title='bbox 3190 3698 3694 3769; x_wconf 54' lang='lat' dir='ltr'><strong>o:tendit,sciticet</strong></span> 
     </span>
    </p>
   </div>
   <div class='ocr_carea' id='block_1_108' title="bbox 2107 3768 3690 3837">
    <p class='ocr_par' dir='ltr' id='par_1_108' title="bbox 2107 3768 3690 3837">
     <span class='ocr_line' id='line_1_108' title="bbox 2107 3768 3690 3837; baseline -0.001 -16"><span class='ocrx_word' id='word_1_833' title='bbox 2107 3772 2193 3837; x_wconf 86' lang='lat' dir='ltr'><strong>qui</strong></span> <span class='ocrx_word' id='word_1_834' title='bbox 2216 3773 2490 3837; x_wconf 76' lang='lat' dir='ltr'><strong>loquuntur</strong></span> <span class='ocrx_word' id='word_1_835' title='bbox 2508 3784 2684 3837; x_wconf 87' lang='lat' dir='ltr'><strong>pacem</strong></span> <span class='ocrx_word' id='word_1_836' title='bbox 2702 3769 2787 3822; x_wconf 90' lang='lat' dir='ltr'><strong>hic</strong></span> <span class='ocrx_word' id='word_1_837' title='bbox 2805 3771 3039 3823; x_wconf 76' lang='lat' dir='ltr'><strong>exterius</strong></span> <span class='ocrx_word' id='word_1_838' title='bbox 3062 3784 3173 3821; x_wconf 85' lang='lat' dir='ltr'><strong>cum</strong></span> <span class='ocrx_word' id='word_1_839' title='bbox 3201 3782 3284 3821; x_wconf 92' lang='lat' dir='ltr'><strong>me</strong></span> <span class='ocrx_word' id='word_1_840' title='bbox 3309 3768 3546 3837; x_wconf 68' lang='lat' dir='ltr'><strong>proximo</strong></span> <span class='ocrx_word' id='word_1_841' title='bbox 3574 3784 3690 3835; x_wconf 82' lang='lat' dir='ltr'><strong>suo,</strong></span> 
     </span>
    </p>
   </div>
   <div class='ocr_carea' id='block_1_109' title="bbox 2107 3838 3689 3906">
    <p class='ocr_par' dir='ltr' id='par_1_109' title="bbox 2107 3838 3689 3906">
     <span class='ocr_line' id='line_1_109' title="bbox 2107 3838 3689 3906; baseline -0.001 -13"><span class='ocrx_word' id='word_1_842' title='bbox 2107 3848 2162 3893; x_wconf 86' lang='lat' dir='ltr'><strong>et</strong></span> <span class='ocrx_word' id='word_1_843' title='bbox 2187 3842 2480 3894; x_wconf 84' lang='lat' dir='ltr'><strong>secundum</strong></span> <span class='ocrx_word' id='word_1_844' title='bbox 2510 3852 2724 3892; x_wconf 85' lang='lat' dir='ltr'><strong>carnem</strong></span> <span class='ocrx_word' id='word_1_845' title='bbox 2755 3848 2809 3892; x_wconf 89' lang='lat' dir='ltr'><strong>et</strong></span> <span class='ocrx_word' id='word_1_846' title='bbox 2834 3850 3088 3906; x_wconf 89' lang='lat' dir='ltr'><strong>quantum</strong></span> <span class='ocrx_word' id='word_1_847' title='bbox 3125 3838 3189 3891; x_wconf 88' lang='lat' dir='ltr'><strong>ad</strong></span> <span class='ocrx_word' id='word_1_848' title='bbox 3239 3838 3689 3905; x_wconf 74' lang='lat' dir='ltr'><strong>tttiserimirdiam,</strong></span> 
     </span>
    </p>
   </div>
   <div class='ocr_carea' id='block_1_110' title="bbox 2108 3906 3693 3978">
    <p class='ocr_par' dir='ltr' id='par_1_110' title="bbox 2108 3906 3693 3978">
     <span class='ocr_line' id='line_1_110' title="bbox 2108 3906 3693 3978; baseline 0 -17"><span class='ocrx_word' id='word_1_849' title='bbox 2108 3925 2266 3978; x_wconf 88' lang='lat' dir='ltr'><strong>quam</strong></span> <span class='ocrx_word' id='word_1_850' title='bbox 2312 3908 2393 3963; x_wconf 87' lang='lat' dir='ltr'><strong>eis</strong></span> <span class='ocrx_word' id='word_1_851' title='bbox 2433 3910 2689 3962; x_wconf 75' lang='lat' dir='ltr'><strong>exhibere</strong></span> <span class='ocrx_word' id='word_1_852' title='bbox 2712 3910 2852 3962; x_wconf 89' lang='lat' dir='ltr'><strong>volui</strong></span> <span class='ocrx_word' id='word_1_853' title='bbox 2882 3912 3122 3963; x_wconf 85' lang='lat' dir='ltr'><strong>dicentes</strong></span> <span class='ocrx_word' id='word_1_854' title='bbox 3159 3925 3169 3959; x_wconf 95' lang='lat'>:</span> <span class='ocrx_word' id='word_1_855' title='bbox 3203 3906 3473 3976; x_wconf 83' lang='lat' dir='ltr'><strong>Magister,</strong></span> <span class='ocrx_word' id='word_1_856' title='bbox 3498 3912 3693 3961; x_wconf 79' lang='lat' dir='ltr'><strong>scimus</strong></span> 
     </span>
    </p>
   </div>
   <div class='ocr_carea' id='block_1_111' title="bbox 2107 3978 3690 4048">
    <p class='ocr_par' dir='ltr' id='par_1_111' title="bbox 2107 3978 3690 4048">
     <span class='ocr_line' id='line_1_111' title="bbox 2107 3978 3690 4048; baseline 0 -17"><span class='ocrx_word' id='word_1_857' title='bbox 2107 3981 2226 4048; x_wconf 87' lang='lat' dir='ltr'><strong>quia</strong></span> <span class='ocrx_word' id='word_1_858' title='bbox 2249 3994 2403 4048; x_wconf 70' lang='lat' dir='ltr'><strong>verna;</strong></span> <span class='ocrx_word' id='word_1_859' title='bbox 2424 3994 2494 4039; x_wconf 85' lang='lat' dir='ltr'><strong>es,</strong></span> <span class='ocrx_word' id='word_1_860' title='bbox 2518 3991 2565 4031; x_wconf 90' lang='lat' dir='ltr'><strong>et</strong></span> <span class='ocrx_word' id='word_1_861' title='bbox 2593 3979 2724 4031; x_wconf 88' lang='lat' dir='ltr'><strong>viam</strong></span> <span class='ocrx_word' id='word_1_862' title='bbox 2754 3978 2848 4031; x_wconf 87' lang='lat' dir='ltr'><strong>Dei</strong></span> <span class='ocrx_word' id='word_1_863' title='bbox 2877 3982 2927 4031; x_wconf 89' lang='lat' dir='ltr'><strong>in</strong></span> <span class='ocrx_word' id='word_1_864' title='bbox 2976 3980 3182 4031; x_wconf 84' lang='lat' dir='ltr'><strong>veritate</strong></span> <span class='ocrx_word' id='word_1_865' title='bbox 3212 3978 3381 4040; x_wconf 83' lang='lat' dir='ltr'><strong>dares,</strong></span> <span class='ocrx_word' id='word_1_866' title='bbox 3409 3988 3466 4030; x_wconf 85' lang='lat' dir='ltr'><strong>et</strong></span> <span class='ocrx_word' id='word_1_867' title='bbox 3522 3979 3690 4031; x_wconf 85' lang='lat' dir='ltr'><strong>multa</strong></span> 
     </span>
    </p>
   </div>
   <div class='ocr_carea' id='block_1_112' title="bbox 2111 4047 3694 4114">
    <p class='ocr_par' dir='ltr' id='par_1_112' title="bbox 2111 4047 3694 4114">
     <span class='ocr_line' id='line_1_112' title="bbox 2111 4047 3694 4114; baseline -0.001 -11"><span class='ocrx_word' id='word_1_868' title='bbox 2111 4051 2327 4103; x_wconf 79' lang='lat' dir='ltr'><strong>similia.</strong></span> <span class='ocrx_word' id='word_1_869' title='bbox 2370 4047 2435 4102; x_wconf 88' lang='lat' dir='ltr'><strong>In</strong></span> <span class='ocrx_word' id='word_1_870' title='bbox 2456 4048 2695 4102; x_wconf 87' lang='lat' dir='ltr'><strong>cordibus</strong></span> <span class='ocrx_word' id='word_1_871' title='bbox 2722 4057 2890 4101; x_wconf 88' lang='lat' dir='ltr'><strong>autem</strong></span> <span class='ocrx_word' id='word_1_872' title='bbox 2914 4065 3110 4113; x_wconf 83' lang='lat' dir='ltr'><strong>eorum,</strong></span> <span class='ocrx_word' id='word_1_873' title='bbox 3138 4048 3262 4100; x_wconf 86' lang='lat' dir='ltr'><strong>licet</strong></span> <span class='ocrx_word' id='word_1_874' title='bbox 3309 4062 3492 4114; x_wconf 75' lang='lat' dir='ltr'><strong>pacem</strong></span> <span class='ocrx_word' id='word_1_875' title='bbox 3542 4064 3694 4101; x_wconf 77' lang='lat' dir='ltr'><strong>este—</strong></span> 
     </span>
    </p>
   </div>
   <div class='ocr_carea' id='block_1_113' title="bbox 2109 4116 3688 4188">
    <p class='ocr_par' dir='ltr' id='par_1_113' title="bbox 2109 4116 3688 4188">
     <span class='ocr_line' id='line_1_113' title="bbox 2109 4116 3688 4188; baseline -0.004 -14"><span class='ocrx_word' id='word_1_876' title='bbox 2109 4120 2221 4174; x_wconf 82' lang='lat' dir='ltr'><strong>rius</strong></span> <span class='ocrx_word' id='word_1_877' title='bbox 2251 4120 2554 4188; x_wconf 87' lang='lat' dir='ltr'><strong>loquantur,</strong></span> <span class='ocrx_word' id='word_1_878' title='bbox 2580 4128 2706 4171; x_wconf 89' lang='lat' dir='ltr'><strong>sunt</strong></span> <span class='ocrx_word' id='word_1_879' title='bbox 2734 4120 2874 4171; x_wconf 88' lang='lat' dir='ltr'><strong>mala</strong></span> <span class='ocrx_word' id='word_1_880' title='bbox 2904 4134 2922 4171; x_wconf 91' lang='lat'><strong><em>:</em></strong></span> <span class='ocrx_word' id='word_1_881' title='bbox 2946 4120 3067 4184; x_wconf 84' lang='lat' dir='ltr'><strong>quia</strong></span> <span class='ocrx_word' id='word_1_882' title='bbox 3092 4116 3411 4188; x_wconf 85' lang='lat' dir='ltr'><strong>meditantur</strong></span> <span class='ocrx_word' id='word_1_883' title='bbox 3440 4122 3688 4170; x_wconf 58' lang='lat' dir='ltr'><strong>traditio.</strong></span> 
     </span>
    </p>
   </div>
   <div class='ocr_carea' id='block_1_114' title="bbox 2110 4187 3691 4253">
    <p class='ocr_par' dir='ltr' id='par_1_114' title="bbox 2110 4187 3691 4253">
     <span class='ocr_line' id='line_1_114' title="bbox 2110 4187 3691 4253; baseline -0.002 -11"><span class='ocrx_word' id='word_1_884' title='bbox 2110 4204 2230 4243; x_wconf 87' lang='lat' dir='ltr'><strong>nem</strong></span> <span class='ocrx_word' id='word_1_885' title='bbox 2289 4204 2460 4242; x_wconf 90' lang='lat' dir='ltr'><strong>meam</strong></span> <span class='ocrx_word' id='word_1_886' title='bbox 2503 4200 2556 4242; x_wconf 89' lang='lat' dir='ltr'><strong>et</strong></span> <span class='ocrx_word' id='word_1_887' title='bbox 2583 4200 2807 4243; x_wconf 89' lang='lat' dir='ltr'><strong>mortem</strong></span> <span class='ocrx_word' id='word_1_888' title='bbox 2837 4204 3032 4242; x_wconf 89' lang='lat' dir='ltr'><strong>meatu.</strong></span> <span class='ocrx_word' id='word_1_889' title='bbox 3066 4189 3130 4241; x_wconf 79' lang='lat' dir='ltr'><strong>Et</strong></span> <span class='ocrx_word' id='word_1_890' title='bbox 3156 4187 3296 4252; x_wconf 86' lang='lat' dir='ltr'><strong>ideo,</strong></span> <span class='ocrx_word' id='word_1_891' title='bbox 3326 4189 3573 4253; x_wconf 86' lang='lat' dir='ltr'><strong>Domine,</strong></span> <span class='ocrx_word' id='word_1_892' title='bbox 3620 4190 3691 4239; x_wconf 82' lang='lat' dir='ltr'><strong>da</strong></span> 
     </span>
    </p>
   </div>
   <div class='ocr_carea' id='block_1_115' title="bbox 2108 4259 3688 4326">
    <p class='ocr_par' dir='ltr' id='par_1_115' title="bbox 2108 4259 3688 4326">
     <span class='ocr_line' id='line_1_115' title="bbox 2108 4259 3688 4326; baseline 0 -15"><span class='ocrx_word' id='word_1_893' title='bbox 2108 4260 2213 4313; x_wconf 88' lang='lat' dir='ltr'><strong>illis</strong></span> <span class='ocrx_word' id='word_1_894' title='bbox 2239 4259 2517 4312; x_wconf 86' lang='lat' dir='ltr'><strong>secundum</strong></span> <span class='ocrx_word' id='word_1_895' title='bbox 2543 4274 2700 4324; x_wconf 85' lang='lat' dir='ltr'><strong>opera</strong></span> <span class='ocrx_word' id='word_1_896' title='bbox 2723 4261 2950 4326; x_wconf 86' lang='lat' dir='ltr'><strong>ipsorum</strong></span> <span class='ocrx_word' id='word_1_897' title='bbox 2976 4273 2995 4312; x_wconf 91' lang='lat'><strong><em>:</em></strong></span> <span class='ocrx_word' id='word_1_898' title='bbox 3028 4260 3076 4312; x_wconf 90' lang='lat' dir='ltr'><strong>id</strong></span> <span class='ocrx_word' id='word_1_899' title='bbox 3108 4270 3209 4319; x_wconf 77' lang='grc' dir='ltr'>εει,</span> <span class='ocrx_word' id='word_1_900' title='bbox 3232 4260 3499 4325; x_wconf 83' lang='lat' dir='ltr'><strong>accipiant</strong></span> <span class='ocrx_word' id='word_1_901' title='bbox 3545 4259 3688 4326; x_wconf 84' lang='lat' dir='ltr'><strong>quod</strong></span> 
     </span>
    </p>
   </div>
   <div class='ocr_carea' id='block_1_116' title="bbox 2109 4328 3693 4398">
    <p class='ocr_par' dir='ltr' id='par_1_116' title="bbox 2109 4328 3693 4398">
     <span class='ocr_line' id='line_1_116' title="bbox 2109 4328 3693 4398; baseline -0.001 -16"><span class='ocrx_word' id='word_1_902' title='bbox 2109 4341 2400 4383; x_wconf 88' lang='lat' dir='ltr'><strong>merentur.</strong></span> <span class='ocrx_word' id='word_1_903' title='bbox 2431 4328 2491 4382; x_wconf 89' lang='lat' dir='ltr'><strong>Et</strong></span> <span class='ocrx_word' id='word_1_904' title='bbox 2513 4329 2579 4381; x_wconf 88' lang='lat' dir='ltr'><strong>da</strong></span> <span class='ocrx_word' id='word_1_905' title='bbox 2613 4329 2714 4383; x_wconf 85' lang='lat' dir='ltr'><strong>iltis</strong></span> <span class='ocrx_word' id='word_1_906' title='bbox 2734 4330 3009 4382; x_wconf 79' lang='lat' dir='ltr'><strong>secundum</strong></span> <span class='ocrx_word' id='word_1_907' title='bbox 3040 4331 3316 4398; x_wconf 68' lang='lat' dir='ltr'><strong>aequitum</strong></span> <span class='ocrx_word' id='word_1_908' title='bbox 3364 4330 3693 4381; x_wconf 82' lang='lat' dir='ltr'><strong>adinventio—</strong></span> 
     </span>
    </p>
   </div>
   <div class='ocr_carea' id='block_1_117' title="bbox 2109 4398 3689 4468">
    <p class='ocr_par' dir='ltr' id='par_1_117' title="bbox 2109 4398 3689 4468">
     <span class='ocr_line' id='line_1_117' title="bbox 2109 4398 3689 4468; baseline 0 -16"><span class='ocrx_word' id='word_1_909' title='bbox 2109 4415 2231 4453; x_wconf 87' lang='lat' dir='ltr'><strong>nttm</strong></span> <span class='ocrx_word' id='word_1_910' title='bbox 2252 4401 2518 4467; x_wconf 86' lang='lat' dir='ltr'><strong>ipsorum:</strong></span> <span class='ocrx_word' id='word_1_911' title='bbox 2550 4400 2600 4451; x_wconf 89' lang='lat' dir='ltr'><strong>id</strong></span> <span class='ocrx_word' id='word_1_912' title='bbox 2631 4408 2732 4462; x_wconf 88' lang='lat' dir='ltr'><strong>est,</strong></span> <span class='ocrx_word' id='word_1_913' title='bbox 2757 4399 2879 4468; x_wconf 91' lang='lat' dir='ltr'><strong>quia</strong></span> <span class='ocrx_word' id='word_1_914' title='bbox 2912 4400 3007 4467; x_wconf 89' lang='lat' dir='ltr'><strong>ipsi</strong></span> <span class='ocrx_word' id='word_1_915' title='bbox 3054 4414 3149 4467; x_wconf 89' lang='lat' dir='ltr'><strong>per</strong></span> <span class='ocrx_word' id='word_1_916' title='bbox 3191 4398 3482 4468; x_wconf 78' lang='lat' dir='ltr'><strong>nequitiam</strong></span> <span class='ocrx_word' id='word_1_917' title='bbox 3532 4413 3689 4452; x_wconf 82' lang='lat' dir='ltr'><strong>suam</strong></span> 
     </span>
    </p>
   </div>
   <div class='ocr_carea' id='block_1_118' title="bbox 437 4457 3690 4533">
    <p class='ocr_par' dir='ltr' id='par_1_118' title="bbox 437 4457 3690 4533">
     <span class='ocr_line' id='line_1_118' title="bbox 437 4457 3690 4533; baseline -0.002 -13"><span class='ocrx_word' id='word_1_918' title='bbox 437 4457 585 4521; x_wconf 66' lang='lat' dir='ltr'><strong>nullo</strong></span> <span class='ocrx_word' id='word_1_919' title='bbox 606 4469 710 4520; x_wconf 86' lang='lat' dir='ltr'><strong>line</strong></span> <span class='ocrx_word' id='word_1_920' title='bbox 731 4464 1047 4520; x_wconf 87' lang='lat' dir='ltr'><strong>clauduntur</strong></span> <span class='ocrx_word' id='word_1_921' title='bbox 1070 4502 1085 4527; x_wconf 88' lang='lat'><strong>,</strong></span> <span class='ocrx_word' id='word_1_922' title='bbox 1125 4462 1388 4530; x_wconf 87' lang='lat' dir='ltr'><strong>nullisque</strong></span> <span class='ocrx_word' id='word_1_923' title='bbox 1415 4457 1853 4533; x_wconf 70' lang='lat' dir='ltr'><strong>amaritudinibus</strong></span> <span class='ocrx_word' id='word_1_924' title='bbox 1883 4478 2004 4531; x_wconf 87' lang='lat' dir='ltr'><strong>per-</strong></span> <span class='ocrx_word' id='word_1_925' title='bbox 2036 4457 2089 4520; x_wconf 82' lang='lat' dir='ltr'><strong>D</strong></span> <span class='ocrx_word' id='word_1_926' title='bbox 2112 4457 2453 4523; x_wconf 54' lang='lat' dir='ltr'><strong>adiuvéniunl</strong></span> <span class='ocrx_word' id='word_1_927' title='bbox 2481 4479 2533 4523; x_wconf 76' lang='lat' dir='ltr'><strong>et</strong></span> <span class='ocrx_word' id='word_1_928' title='bbox 2555 4457 2802 4522; x_wconf 67' lang='grc' dir='ltr'>ειίῐμειέηιί</span> <span class='ocrx_word' id='word_1_929' title='bbox 2853 4457 3011 4533; x_wconf 64' lang='grc' dir='ltr'>ηιιίιιι,</span> <span class='ocrx_word' id='word_1_930' title='bbox 3054 4457 3161 4521; x_wconf 64' lang='lat' dir='ltr'><strong>ilo&quot;</strong></span> <span class='ocrx_word' id='word_1_931' title='bbox 3209 4457 3477 4520; x_wconf 65' lang='lat' dir='ltr'><strong>inveniant</strong></span> <span class='ocrx_word' id='word_1_932' title='bbox 3522 4469 3690 4531; x_wconf 64' lang='lat' dir='ltr'><strong>bona,</strong></span> 
     </span>
    </p>
   </div>
   <div class='ocr_carea' id='block_1_119' title="bbox 442 4531 2003 4598">
    <p class='ocr_par' dir='ltr' id='par_1_119' title="bbox 442 4531 2003 4598">
     <span class='ocr_line' id='line_1_119' title="bbox 442 4531 2003 4598; baseline -0.001 -9"><span class='ocrx_word' id='word_1_933' title='bbox 442 4540 739 4591; x_wconf 85' lang='lat' dir='ltr'><strong>turbantur.</strong></span> <span class='ocrx_word' id='word_1_934' title='bbox 777 4534 1073 4589; x_wconf 86' lang='lat' dir='ltr'><strong>Novissime</strong></span> <span class='ocrx_word' id='word_1_935' title='bbox 1099 4549 1223 4587; x_wconf 88' lang='lat' dir='ltr'><strong>vero</strong></span> <span class='ocrx_word' id='word_1_936' title='bbox 1252 4534 1428 4587; x_wconf 85' lang='lat' dir='ltr'><strong>sciens</strong></span> <span class='ocrx_word' id='word_1_937' title='bbox 1446 4574 1461 4597; x_wconf 91' lang='lat'><strong>,</strong></span> <span class='ocrx_word' id='word_1_938' title='bbox 1494 4534 1612 4598; x_wconf 87' lang='lat' dir='ltr'><strong>quia</strong></span> <span class='ocrx_word' id='word_1_939' title='bbox 1641 4531 1798 4586; x_wconf 87' lang='lat' dir='ltr'><strong>Pater</strong></span> <span class='ocrx_word' id='word_1_940' title='bbox 1824 4533 2003 4587; x_wconf 88' lang='lat' dir='ltr'><strong>omnia</strong></span> 
     </span>
    </p>
   </div>
   <div class='ocr_carea' id='block_1_120' title="bbox 439 4604 2001 4673">
    <p class='ocr_par' dir='ltr' id='par_1_120' title="bbox 439 4604 2001 4673">
     <span class='ocr_line' id='line_1_120' title="bbox 439 4604 2001 4673; baseline 0.001 -17"><span class='ocrx_word' id='word_1_941' title='bbox 439 4610 580 4661; x_wconf 78' lang='lat' dir='ltr'><strong>dedit</strong></span> <span class='ocrx_word' id='word_1_942' title='bbox 599 4609 648 4662; x_wconf 89' lang='lat' dir='ltr'><strong>ei</strong></span> <span class='ocrx_word' id='word_1_943' title='bbox 680 4606 731 4660; x_wconf 92' lang='lat' dir='ltr'><strong>in</strong></span> <span class='ocrx_word' id='word_1_944' title='bbox 756 4620 962 4670; x_wconf 83' lang='lat' dir='ltr'><strong>manus,</strong></span> <span class='ocrx_word' id='word_1_945' title='bbox 988 4612 1043 4660; x_wconf 88' lang='lat' dir='ltr'><strong>et</strong></span> <span class='ocrx_word' id='word_1_946' title='bbox 1061 4605 1198 4673; x_wconf 91' lang='lat' dir='ltr'><strong>quod</strong></span> <span class='ocrx_word' id='word_1_947' title='bbox 1224 4604 1275 4658; x_wconf 90' lang='lat' dir='ltr'><strong>in</strong></span> <span class='ocrx_word' id='word_1_948' title='bbox 1305 4604 1549 4657; x_wconf 88' lang='lat' dir='ltr'><strong>omnibus</strong></span> <span class='ocrx_word' id='word_1_949' title='bbox 1570 4618 1690 4657; x_wconf 84' lang='lat' dir='ltr'><strong>eum</strong></span> <span class='ocrx_word' id='word_1_950' title='bbox 1714 4604 2001 4670; x_wconf 82' lang='lat' dir='ltr'><strong>exaudivit,</strong></span> 
     </span>
    </p>
   </div>
   <div class='ocr_carea' id='block_1_121' title="bbox 441 4675 2007 4744">
    <p class='ocr_par' dir='ltr' id='par_1_121' title="bbox 441 4675 2007 4744">
     <span class='ocr_line' id='line_1_121' title="bbox 441 4675 2007 4744; baseline 0.002 -18"><span class='ocrx_word' id='word_1_951' title='bbox 441 4681 548 4738; x_wconf 63' lang='lat' dir='ltr'><strong>agit</strong></span> <span class='ocrx_word' id='word_1_952' title='bbox 599 4678 793 4743; x_wconf 76' lang='lat' dir='ltr'><strong>gratias</strong></span> <span class='ocrx_word' id='word_1_953' title='bbox 843 4675 940 4744; x_wconf 88' lang='lat' dir='ltr'><strong>ipsi</strong></span> <span class='ocrx_word' id='word_1_954' title='bbox 985 4692 997 4726; x_wconf 86' lang='lat'><strong>:</strong></span> <span class='ocrx_word' id='word_1_955' title='bbox 1046 4675 1167 4743; x_wconf 90' lang='lat' dir='ltr'><strong>quia</strong></span> <span class='ocrx_word' id='word_1_956' title='bbox 1213 4690 1331 4726; x_wconf 90' lang='lat' dir='ltr'><strong>eum</strong></span> <span class='ocrx_word' id='word_1_957' title='bbox 1375 4683 1430 4728; x_wconf 88' lang='lat' dir='ltr'><strong>et</strong></span> <span class='ocrx_word' id='word_1_958' title='bbox 1471 4688 1567 4741; x_wconf 84' lang='lat' dir='ltr'><strong>pro</strong></span> <span class='ocrx_word' id='word_1_959' title='bbox 1606 4687 1664 4726; x_wconf 86' lang='lat' dir='ltr'><strong>se</strong></span> <span class='ocrx_word' id='word_1_960' title='bbox 1690 4683 1743 4725; x_wconf 90' lang='lat' dir='ltr'><strong>et</strong></span> <span class='ocrx_word' id='word_1_961' title='bbox 1774 4689 1869 4739; x_wconf 91' lang='lat' dir='ltr'><strong>pro</strong></span> <span class='ocrx_word' id='word_1_962' title='bbox 1897 4676 2007 4729; x_wconf 78' lang='lat' dir='ltr'><strong>suis</strong></span> 
     </span>
    </p>
   </div>
   <div class='ocr_carea' id='block_1_122' title="bbox 441 4747 2007 4812">
    <p class='ocr_par' dir='ltr' id='par_1_122' title="bbox 441 4747 2007 4812">
     <span class='ocr_line' id='line_1_122' title="bbox 441 4747 2007 4812; baseline -0.004 -10"><span class='ocrx_word' id='word_1_963' title='bbox 441 4748 709 4802; x_wconf 71' lang='lat' dir='ltr'><strong>t&#39;xandtvit</strong></span> <span class='ocrx_word' id='word_1_964' title='bbox 732 4787 747 4812; x_wconf 94' lang='lat'><strong>,</strong></span> <span class='ocrx_word' id='word_1_965' title='bbox 780 4747 1067 4799; x_wconf 77' lang='lat' dir='ltr'><strong>exbomns</strong></span> <span class='ocrx_word' id='word_1_966' title='bbox 1095 4759 1190 4798; x_wconf 91' lang='lat' dir='ltr'><strong>nos</strong></span> <span class='ocrx_word' id='word_1_967' title='bbox 1212 4783 1227 4806; x_wconf 91' lang='lat'><strong>,</strong></span> <span class='ocrx_word' id='word_1_968' title='bbox 1260 4755 1315 4797; x_wconf 92' lang='lat' dir='ltr'><strong>ut</strong></span> <span class='ocrx_word' id='word_1_969' title='bbox 1340 4755 1392 4798; x_wconf 88' lang='lat' dir='ltr'><strong>et</strong></span> <span class='ocrx_word' id='word_1_970' title='bbox 1420 4759 1515 4798; x_wconf 89' lang='lat' dir='ltr'><strong>nos</strong></span> <span class='ocrx_word' id='word_1_971' title='bbox 1540 4754 1790 4811; x_wconf 91' lang='lat' dir='ltr'><strong>quantum</strong></span> <span class='ocrx_word' id='word_1_972' title='bbox 1822 4758 2007 4810; x_wconf 88' lang='lat' dir='ltr'><strong>possu-</strong></span> 
     </span>
    </p>
   </div>
   <div class='ocr_carea' id='block_1_123' title="bbox 444 4813 2007 4885">
    <p class='ocr_par' dir='ltr' id='par_1_123' title="bbox 444 4813 2007 4885">
     <span class='ocr_line' id='line_1_123' title="bbox 444 4813 2007 4885; baseline -0.001 -17"><span class='ocrx_word' id='word_1_973' title='bbox 444 4831 559 4870; x_wconf 87' lang='lat' dir='ltr'><strong>mus</strong></span> <span class='ocrx_word' id='word_1_974' title='bbox 589 4855 603 4877; x_wconf 86' lang='lat'><strong>,</strong></span> <span class='ocrx_word' id='word_1_975' title='bbox 635 4817 752 4884; x_wconf 87' lang='lat' dir='ltr'><strong>ejus</strong></span> <span class='ocrx_word' id='word_1_976' title='bbox 781 4815 1024 4881; x_wconf 76' lang='lat' dir='ltr'><strong>exemplo</strong></span> <span class='ocrx_word' id='word_1_977' title='bbox 1043 4817 1237 4885; x_wconf 74' lang='lat' dir='ltr'><strong>gratias</strong></span> <span class='ocrx_word' id='word_1_978' title='bbox 1268 4829 1489 4883; x_wconf 80' lang='lat' dir='ltr'><strong>agamus</strong></span> <span class='ocrx_word' id='word_1_979' title='bbox 1514 4854 1530 4878; x_wconf 94' lang='lat'><strong>,</strong></span> <span class='ocrx_word' id='word_1_980' title='bbox 1565 4823 1621 4867; x_wconf 90' lang='lat' dir='ltr'><strong>ut</strong></span> <span class='ocrx_word' id='word_1_981' title='bbox 1660 4814 1708 4866; x_wconf 93' lang='lat' dir='ltr'><strong>in</strong></span> <span class='ocrx_word' id='word_1_982' title='bbox 1744 4813 2007 4880; x_wconf 84' lang='lat' dir='ltr'><strong>petittoni-</strong></span> 
     </span>
    </p>
   </div>
   <div class='ocr_carea' id='block_1_124' title="bbox 447 4885 2004 4950">
    <p class='ocr_par' dir='ltr' id='par_1_124' title="bbox 447 4885 2004 4950">
     <span class='ocr_line' id='line_1_124' title="bbox 447 4885 2004 4950; baseline -0.001 -12"><span class='ocrx_word' id='word_1_983' title='bbox 447 4886 539 4938; x_wconf 88' lang='lat' dir='ltr'><strong>hos</strong></span> <span class='ocrx_word' id='word_1_984' title='bbox 586 4887 782 4939; x_wconf 74' lang='lat' dir='ltr'><strong>nostris</strong></span> <span class='ocrx_word' id='word_1_985' title='bbox 809 4887 968 4938; x_wconf 88' lang='lat' dir='ltr'><strong>etiam</strong></span> <span class='ocrx_word' id='word_1_986' title='bbox 1008 4885 1245 4938; x_wconf 76' lang='lat' dir='ltr'><strong>exaudiri</strong></span> <span class='ocrx_word' id='word_1_987' title='bbox 1289 4900 1607 4938; x_wconf 89' lang='lat' dir='ltr'><strong>mereamur.</strong></span> <span class='ocrx_word' id='word_1_988' title='bbox 1649 4885 1797 4950; x_wconf 84' lang='lat' dir='ltr'><strong>Quod</strong></span> <span class='ocrx_word' id='word_1_989' title='bbox 1829 4896 2004 4937; x_wconf 89' lang='lat' dir='ltr'><strong>autem</strong></span> 
     </span>
    </p>
   </div>
   <div class='ocr_carea' id='block_1_125' title="bbox 442 4954 2009 5025">
    <p class='ocr_par' dir='ltr' id='par_1_125' title="bbox 442 4954 2009 5025">
     <span class='ocr_line' id='line_1_125' title="bbox 442 4954 2009 5025; baseline 0.002 -20"><span class='ocrx_word' id='word_1_990' title='bbox 442 4971 493 5006; x_wconf 84' lang='lat' dir='ltr'><strong>in</strong></span> <span class='ocrx_word' id='word_1_991' title='bbox 521 4955 621 5009; x_wconf 87' lang='lat' dir='ltr'><strong>ltoc</strong></span> <span class='ocrx_word' id='word_1_992' title='bbox 648 4956 848 5023; x_wconf 86' lang='lat' dir='ltr'><strong>psalmo</strong></span> <span class='ocrx_word' id='word_1_993' title='bbox 879 4954 1105 5008; x_wconf 89' lang='lat' dir='ltr'><strong>inimicis</strong></span> <span class='ocrx_word' id='word_1_994' title='bbox 1135 4965 1319 5025; x_wconf 83' lang='lat' dir='ltr'><strong>Optare</strong></span> <span class='ocrx_word' id='word_1_995' title='bbox 1348 4955 1577 5017; x_wconf 91' lang='lat' dir='ltr'><strong>videtur,</strong></span> <span class='ocrx_word' id='word_1_996' title='bbox 1611 4970 1713 5008; x_wconf 91' lang='lat' dir='ltr'><strong>non</strong></span> <span class='ocrx_word' id='word_1_997' title='bbox 1737 4963 1818 5008; x_wconf 87' lang='lat' dir='ltr'><strong>est</strong></span> <span class='ocrx_word' id='word_1_998' title='bbox 1843 4956 2009 5008; x_wconf 82' lang='lat' dir='ltr'><strong>male-</strong></span> 
     </span>
    </p>
   </div>
   <div class='ocr_carea' id='block_1_126' title="bbox 439 5025 2007 5092">
    <p class='ocr_par' dir='ltr' id='par_1_126' title="bbox 439 5025 2007 5092">
     <span class='ocr_line' id='line_1_126' title="bbox 439 5025 2007 5092; baseline 0.003 -17"><span class='ocrx_word' id='word_1_999' title='bbox 439 5025 686 5079; x_wconf 68' lang='lat' dir='ltr'><strong>volentia:</strong></span> <span class='ocrx_word' id='word_1_1000' title='bbox 709 5034 910 5091; x_wconf 88' lang='lat' dir='ltr'><strong>votum,</strong></span> <span class='ocrx_word' id='word_1_1001' title='bbox 942 5025 1035 5079; x_wconf 89' lang='lat' dir='ltr'><strong>sed</strong></span> <span class='ocrx_word' id='word_1_1002' title='bbox 1063 5030 1394 5079; x_wconf 87' lang='lat' dir='ltr'><strong>enumeratio</strong></span> <span class='ocrx_word' id='word_1_1003' title='bbox 1418 5040 1586 5092; x_wconf 70' lang='lat' dir='ltr'><strong>poenae</strong></span> <span class='ocrx_word' id='word_1_1004' title='bbox 1610 5026 1844 5091; x_wconf 87' lang='lat' dir='ltr'><strong>illorum,</strong></span> <span class='ocrx_word' id='word_1_1005' title='bbox 1868 5025 2007 5079; x_wconf 88' lang='lat' dir='ltr'><strong>sicut</strong></span> 
     </span>
    </p>
   </div>
   <div class='ocr_carea' id='block_1_127' title="bbox 439 5094 2007 5164">
    <p class='ocr_par' dir='ltr' id='par_1_127' title="bbox 439 5094 2007 5164">
     <span class='ocr_line' id='line_1_127' title="bbox 439 5094 2007 5164; baseline 0.001 -18"><span class='ocrx_word' id='word_1_1006' title='bbox 439 5098 491 5147; x_wconf 86' lang='lat' dir='ltr'><strong>iu</strong></span> <span class='ocrx_word' id='word_1_1007' title='bbox 539 5095 826 5164; x_wconf 65' lang='lat' dir='ltr'><strong>Evangelto</strong></span> <span class='ocrx_word' id='word_1_1008' title='bbox 871 5097 1188 5162; x_wconf 86' lang='lat' dir='ltr'><strong>quibusdam</strong></span> <span class='ocrx_word' id='word_1_1009' title='bbox 1231 5096 1537 5148; x_wconf 80' lang='lat' dir='ltr'><strong>civitatibus</strong></span> <span class='ocrx_word' id='word_1_1010' title='bbox 1579 5094 1849 5148; x_wconf 83' lang='lat' dir='ltr'><strong>miraculis</strong></span> <span class='ocrx_word' id='word_1_1011' title='bbox 1891 5095 2007 5162; x_wconf 88' lang='lat' dir='ltr'><strong>ejus</strong></span> 
     </span>
    </p>
   </div>
   <div class='ocr_carea' id='block_1_128' title="bbox 438 5165 2006 5232">
    <p class='ocr_par' dir='ltr' id='par_1_128' title="bbox 438 5165 2006 5232">
     <span class='ocr_line' id='line_1_128' title="bbox 438 5165 2006 5232; baseline 0 -14"><span class='ocrx_word' id='word_1_1012' title='bbox 438 5166 662 5219; x_wconf 82' lang='lat' dir='ltr'><strong>credere</strong></span> <span class='ocrx_word' id='word_1_1013' title='bbox 692 5165 994 5217; x_wconf 87' lang='lat' dir='ltr'><strong>nolentibus</strong></span> <span class='ocrx_word' id='word_1_1014' title='bbox 1034 5181 1137 5218; x_wconf 91' lang='lat' dir='ltr'><strong>non</strong></span> <span class='ocrx_word' id='word_1_1015' title='bbox 1184 5166 1559 5218; x_wconf 78' lang='lat' dir='ltr'><strong>maleVolentia</strong></span> <span class='ocrx_word' id='word_1_1016' title='bbox 1602 5174 1751 5231; x_wconf 87' lang='lat' dir='ltr'><strong>optat</strong></span> <span class='ocrx_word' id='word_1_1017' title='bbox 1778 5180 1893 5232; x_wconf 64' lang='lat' dir='ltr'><strong>quae</strong></span> <span class='ocrx_word' id='word_1_1018' title='bbox 1922 5165 2006 5218; x_wconf 89' lang='lat' dir='ltr'><strong>di-</strong></span> 
     </span>
    </p>
   </div>
   <div class='ocr_carea' id='block_1_129' title="bbox 434 5233 2010 5304">
    <p class='ocr_par' dir='ltr' id='par_1_129' title="bbox 434 5233 2010 5304">
     <span class='ocr_line' id='line_1_129' title="bbox 434 5233 2010 5304; baseline 0.001 -17"><span class='ocrx_word' id='word_1_1019' title='bbox 434 5240 528 5294; x_wconf 85' lang='lat' dir='ltr'><strong>cit.</strong></span> <span class='ocrx_word' id='word_1_1020' title='bbox 559 5237 651 5290; x_wconf 89' lang='lat' dir='ltr'><strong>sed</strong></span> <span class='ocrx_word' id='word_1_1021' title='bbox 682 5235 807 5304; x_wconf 86' lang='lat' dir='ltr'><strong>quid</strong></span> <span class='ocrx_word' id='word_1_1022' title='bbox 848 5234 926 5287; x_wconf 87' lang='lat' dir='ltr'><strong>eis</strong></span> <span class='ocrx_word' id='word_1_1023' title='bbox 967 5235 1272 5304; x_wconf 79' lang='lat' dir='ltr'><strong>immineat,</strong></span> <span class='ocrx_word' id='word_1_1024' title='bbox 1305 5238 1575 5301; x_wconf 75' lang='lat' dir='ltr'><strong>prtemittit</strong></span> <span class='ocrx_word' id='word_1_1025' title='bbox 1599 5272 1616 5299; x_wconf 89' lang='lat'><strong>,</strong></span> <span class='ocrx_word' id='word_1_1026' title='bbox 1654 5236 1839 5287; x_wconf 82' lang='lat' dir='ltr'><strong>dicens</strong></span> <span class='ocrx_word' id='word_1_1027' title='bbox 1871 5250 1885 5287; x_wconf 88' lang='lat'><strong>:</strong></span> <span class='ocrx_word' id='word_1_1028' title='bbox 1926 5233 2010 5288; x_wconf 79' lang='lat' dir='ltr'><strong>Vat</strong></span> 
     </span>
    </p>
   </div>
   <div class='ocr_carea' id='block_1_130' title="bbox 434 5303 2010 5373">
    <p class='ocr_par' dir='ltr' id='par_1_130' title="bbox 434 5303 2010 5373">
     <span class='ocr_line' id='line_1_130' title="bbox 434 5303 2010 5373; baseline -0.001 -14"><span class='ocrx_word' id='word_1_1029' title='bbox 434 5309 545 5373; x_wconf 87' lang='lat' dir='ltr'><strong>tibi,</strong></span> <span class='ocrx_word' id='word_1_1030' title='bbox 576 5306 872 5366; x_wconf 68' lang='lat' dir='ltr'><strong>Corosaim;</strong></span> <span class='ocrx_word' id='word_1_1031' title='bbox 898 5318 971 5357; x_wconf 74' lang='lat' dir='ltr'><strong>va:</strong></span> <span class='ocrx_word' id='word_1_1032' title='bbox 998 5304 1107 5371; x_wconf 87' lang='lat' dir='ltr'><strong>tibi,</strong></span> <span class='ocrx_word' id='word_1_1033' title='bbox 1138 5303 1438 5369; x_wconf 81' lang='lat' dir='ltr'><strong>Betttsaida,</strong></span> <span class='ocrx_word' id='word_1_1034' title='bbox 1463 5315 1568 5359; x_wconf 90' lang='lat' dir='ltr'><strong>etc.</strong></span> <span class='ocrx_word' id='word_1_1035' title='bbox 1612 5304 1758 5357; x_wconf 82' lang='lat' dir='ltr'><strong>Nunc</strong></span> <span class='ocrx_word' id='word_1_1036' title='bbox 1780 5304 1842 5357; x_wconf 91' lang='lat' dir='ltr'><strong>ad</strong></span> <span class='ocrx_word' id='word_1_1037' title='bbox 1867 5304 2010 5358; x_wconf 86' lang='lat' dir='ltr'><strong>litte-</strong></span> 
     </span>
    </p>
   </div>
   <div class='ocr_carea' id='block_1_131' title="bbox 439 5374 2006 5442">
    <p class='ocr_par' dir='ltr' id='par_1_131' title="bbox 439 5374 2006 5442">
     <span class='ocr_line' id='line_1_131' title="bbox 439 5374 2006 5442; baseline -0.002 -14"><span class='ocrx_word' id='word_1_1038' title='bbox 439 5392 550 5428; x_wconf 84' lang='lat' dir='ltr'><strong>ram</strong></span> <span class='ocrx_word' id='word_1_1039' title='bbox 582 5385 912 5430; x_wconf 82' lang='lat' dir='ltr'><strong>accedemus.</strong></span> <span class='ocrx_word' id='word_1_1040' title='bbox 952 5374 1057 5428; x_wconf 79' lang='lat' dir='ltr'><strong>Vox</strong></span> <span class='ocrx_word' id='word_1_1041' title='bbox 1098 5378 1285 5442; x_wconf 83' lang='lat' dir='ltr'><strong>cupitis</strong></span> <span class='ocrx_word' id='word_1_1042' title='bbox 1327 5386 1446 5437; x_wconf 81' lang='lat' dir='ltr'><strong>est,</strong></span> <span class='ocrx_word' id='word_1_1043' title='bbox 1480 5387 1536 5429; x_wconf 83' lang='lat' dir='ltr'><strong>ut</strong></span> <span class='ocrx_word' id='word_1_1044' title='bbox 1566 5390 1727 5441; x_wconf 86' lang='lat' dir='ltr'><strong>supra</strong></span> <span class='ocrx_word' id='word_1_1045' title='bbox 1754 5375 2006 5437; x_wconf 74' lang='lat' dir='ltr'><strong>diximus,</strong></span> 
     </span>
    </p>
   </div>
   <div class='ocr_carea' id='block_1_132' title="bbox 436 5444 2010 5514">
    <p class='ocr_par' dir='ltr' id='par_1_132' title="bbox 436 5444 2010 5514">
     <span class='ocr_line' id='line_1_132' title="bbox 436 5444 2010 5514; baseline 0.001 -17"><span class='ocrx_word' id='word_1_1046' title='bbox 436 5447 507 5498; x_wconf 89' lang='lat' dir='ltr'><strong>ita</strong></span> <span class='ocrx_word' id='word_1_1047' title='bbox 537 5463 633 5513; x_wconf 91' lang='lat' dir='ltr'><strong>pro</strong></span> <span class='ocrx_word' id='word_1_1048' title='bbox 662 5463 720 5500; x_wconf 88' lang='lat' dir='ltr'><strong>se</strong></span> <span class='ocrx_word' id='word_1_1049' title='bbox 750 5458 802 5499; x_wconf 89' lang='lat' dir='ltr'><strong>et</strong></span> <span class='ocrx_word' id='word_1_1050' title='bbox 852 5461 946 5514; x_wconf 89' lang='lat' dir='ltr'><strong>pro</strong></span> <span class='ocrx_word' id='word_1_1051' title='bbox 971 5446 1078 5500; x_wconf 89' lang='lat' dir='ltr'><strong>suis</strong></span> <span class='ocrx_word' id='word_1_1052' title='bbox 1114 5447 1249 5514; x_wconf 89' lang='lat' dir='ltr'><strong>apud</strong></span> <span class='ocrx_word' id='word_1_1053' title='bbox 1282 5446 1492 5499; x_wconf 84' lang='lat' dir='ltr'><strong>Patrem</strong></span> <span class='ocrx_word' id='word_1_1054' title='bbox 1530 5447 1756 5512; x_wconf 71' lang='lat' dir='ltr'><strong>agentis.</strong></span> <span class='ocrx_word' id='word_1_1055' title='bbox 1788 5444 2010 5498; x_wconf 87' lang='lat' dir='ltr'><strong>Domine</strong></span> 
     </span>
    </p>
   </div>
   <div class='ocr_carea' id='block_1_133' title="bbox 437 5514 2004 5585">
    <p class='ocr_par' dir='ltr' id='par_1_133' title="bbox 437 5514 2004 5585">
     <span class='ocr_line' id='line_1_133' title="bbox 437 5514 2004 5585; baseline -0.001 -19"><span class='ocrx_word' id='word_1_1056' title='bbox 437 5514 624 5582; x_wconf 71' lang='lat' dir='ltr'><strong>Pater,</strong></span> <span class='ocrx_word' id='word_1_1057' title='bbox 654 5531 754 5581; x_wconf 75' lang='lat' dir='ltr'><strong>ego</strong></span> <span class='ocrx_word' id='word_1_1058' title='bbox 777 5518 866 5585; x_wconf 90' lang='lat' dir='ltr'><strong>qui</strong></span> <span class='ocrx_word' id='word_1_1059' title='bbox 893 5516 1001 5584; x_wconf 81' lang='lat' dir='ltr'><strong>jam</strong></span> <span class='ocrx_word' id='word_1_1060' title='bbox 1025 5518 1249 5570; x_wconf 83' lang='lat' dir='ltr'><strong>clamavi</strong></span> <span class='ocrx_word' id='word_1_1061' title='bbox 1279 5526 1332 5570; x_wconf 88' lang='lat' dir='ltr'><strong>et</strong></span> <span class='ocrx_word' id='word_1_1062' title='bbox 1364 5519 1553 5575; x_wconf 86' lang='lat' dir='ltr'><strong>clamo,</strong></span> <span class='ocrx_word' id='word_1_1063' title='bbox 1587 5514 1819 5567; x_wconf 82' lang='lat' dir='ltr'><strong>clamabo</strong></span> <span class='ocrx_word' id='word_1_1064' title='bbox 1843 5514 1909 5565; x_wconf 89' lang='lat' dir='ltr'><strong>ad</strong></span> <span class='ocrx_word' id='word_1_1065' title='bbox 1938 5526 2004 5579; x_wconf 88' lang='lat' dir='ltr'><strong>te,</strong></span> 
     </span>
    </p>
   </div>
   <div class='ocr_carea' id='block_1_134' title="bbox 439 5585 2008 5650">
    <p class='ocr_par' dir='ltr' id='par_1_134' title="bbox 439 5585 2008 5650">
     <span class='ocr_line' id='line_1_134' title="bbox 439 5585 2008 5650; baseline 0.001 -14"><span class='ocrx_word' id='word_1_1066' title='bbox 439 5585 490 5637; x_wconf 88' lang='lat' dir='ltr'><strong>id</strong></span> <span class='ocrx_word' id='word_1_1067' title='bbox 515 5595 616 5650; x_wconf 83' lang='lat' dir='ltr'><strong>est,</strong></span> <span class='ocrx_word' id='word_1_1068' title='bbox 645 5586 868 5639; x_wconf 84' lang='lat' dir='ltr'><strong>validam</strong></span> <span class='ocrx_word' id='word_1_1069' title='bbox 896 5586 1072 5639; x_wconf 87' lang='lat' dir='ltr'><strong>cordis</strong></span> <span class='ocrx_word' id='word_1_1070' title='bbox 1097 5587 1436 5640; x_wconf 87' lang='lat' dir='ltr'><strong>intentionem</strong></span> <span class='ocrx_word' id='word_1_1071' title='bbox 1463 5596 1518 5638; x_wconf 89' lang='lat' dir='ltr'><strong>et</strong></span> <span class='ocrx_word' id='word_1_1072' title='bbox 1544 5588 1593 5637; x_wconf 89' lang='lat' dir='ltr'><strong>in</strong></span> <span class='ocrx_word' id='word_1_1073' title='bbox 1621 5602 1703 5637; x_wconf 87' lang='lat' dir='ltr'><strong>me</strong></span> <span class='ocrx_word' id='word_1_1074' title='bbox 1722 5596 1776 5637; x_wconf 89' lang='lat' dir='ltr'><strong>et</strong></span> <span class='ocrx_word' id='word_1_1075' title='bbox 1798 5585 1849 5637; x_wconf 92' lang='lat' dir='ltr'><strong>in</strong></span> <span class='ocrx_word' id='word_1_1076' title='bbox 1875 5588 2008 5637; x_wconf 84' lang='lat' dir='ltr'><strong>meis</strong></span> 
     </span>
    </p>
   </div>
   <div class='ocr_carea' id='block_1_135' title="bbox 439 5654 2011 5722">
    <p class='ocr_par' dir='ltr' id='par_1_135' title="bbox 439 5654 2011 5722">
     <span class='ocr_line' id='line_1_135' title="bbox 439 5654 2011 5722; baseline 0.001 -17"><span class='ocrx_word' id='word_1_1077' title='bbox 439 5656 662 5721; x_wconf 83' lang='lat' dir='ltr'><strong>dirigam</strong></span> <span class='ocrx_word' id='word_1_1078' title='bbox 693 5657 805 5710; x_wconf 87' lang='lat' dir='ltr'><strong>sine</strong></span> <span class='ocrx_word' id='word_1_1079' title='bbox 840 5657 1233 5711; x_wconf 82' lang='lat' dir='ltr'><strong>intermissione</strong></span> <span class='ocrx_word' id='word_1_1080' title='bbox 1271 5657 1336 5709; x_wconf 88' lang='lat' dir='ltr'><strong>ad</strong></span> <span class='ocrx_word' id='word_1_1081' title='bbox 1382 5668 1454 5719; x_wconf 87' lang='lat' dir='ltr'><strong>te,</strong></span> <span class='ocrx_word' id='word_1_1082' title='bbox 1492 5656 1613 5722; x_wconf 84' lang='lat' dir='ltr'><strong>quia</strong></span> <span class='ocrx_word' id='word_1_1083' title='bbox 1656 5657 1743 5720; x_wconf 90' lang='lat' dir='ltr'><strong>qui</strong></span> <span class='ocrx_word' id='word_1_1084' title='bbox 1787 5668 1845 5707; x_wconf 80' lang='lat' dir='ltr'><strong>es</strong></span> <span class='ocrx_word' id='word_1_1085' title='bbox 1875 5654 2011 5707; x_wconf 80' lang='lat' dir='ltr'><strong>Deus</strong></span> 
     </span>
    </p>
   </div>
   <div class='ocr_carea' id='block_1_136' title="bbox 440 5728 2008 5795">
    <p class='ocr_par' dir='ltr' id='par_1_136' title="bbox 440 5728 2008 5795">
     <span class='ocr_line' id='line_1_136' title="bbox 440 5728 2008 5795; baseline -0.001 -15"><span class='ocrx_word' id='word_1_1086' title='bbox 440 5728 676 5780; x_wconf 80' lang='lat' dir='ltr'><strong>omnium</strong></span> <span class='ocrx_word' id='word_1_1087' title='bbox 729 5742 819 5795; x_wconf 86' lang='lat' dir='ltr'><strong>per</strong></span> <span class='ocrx_word' id='word_1_1088' title='bbox 863 5736 1143 5795; x_wconf 80' lang='lat' dir='ltr'><strong>naturam,</strong></span> <span class='ocrx_word' id='word_1_1089' title='bbox 1202 5742 1351 5782; x_wconf 82' lang='lat' dir='ltr'><strong>meus</strong></span> <span class='ocrx_word' id='word_1_1090' title='bbox 1400 5736 1575 5779; x_wconf 84' lang='lat' dir='ltr'><strong>autem</strong></span> <span class='ocrx_word' id='word_1_1091' title='bbox 1624 5734 1676 5780; x_wconf 89' lang='lat' dir='ltr'><strong>et</strong></span> <span class='ocrx_word' id='word_1_1092' title='bbox 1731 5739 2008 5791; x_wconf 85' lang='lat' dir='ltr'><strong>meorum,</strong></span> 
     </span>
    </p>
   </div>
   <div class='ocr_carea' id='block_1_137' title="bbox 2111 4538 3693 4605">
    <p class='ocr_par' dir='ltr' id='par_1_137' title="bbox 2111 4538 3693 4605">
     <span class='ocr_line' id='line_1_137' title="bbox 2111 4538 3693 4605; baseline -0.002 -12"><span class='ocrx_word' id='word_1_1093' title='bbox 2111 4541 2204 4594; x_wconf 91' lang='lat' dir='ltr'><strong>sed</strong></span> <span class='ocrx_word' id='word_1_1094' title='bbox 2254 4540 2526 4593; x_wconf 83' lang='lat' dir='ltr'><strong>inveniant</strong></span> <span class='ocrx_word' id='word_1_1095' title='bbox 2567 4539 2725 4592; x_wconf 87' lang='lat' dir='ltr'><strong>tnala.</strong></span> <span class='ocrx_word' id='word_1_1096' title='bbox 2760 4541 2822 4592; x_wconf 78' lang='lat' dir='ltr'><strong>Et</strong></span> <span class='ocrx_word' id='word_1_1097' title='bbox 2851 4540 3070 4591; x_wconf 85' lang='lat' dir='ltr'><strong>rctribue</strong></span> <span class='ocrx_word' id='word_1_1098' title='bbox 3098 4541 3199 4592; x_wconf 84' lang='lat' dir='ltr'><strong>illis</strong></span> <span class='ocrx_word' id='word_1_1099' title='bbox 3224 4538 3500 4589; x_wconf 81' lang='lat' dir='ltr'><strong>secundum</strong></span> <span class='ocrx_word' id='word_1_1100' title='bbox 3526 4553 3693 4605; x_wconf 79' lang='lat' dir='ltr'><strong>opera</strong></span> 
     </span>
    </p>
   </div>
   <div class='ocr_carea' id='block_1_138' title="bbox 2110 4608 3689 4677">
    <p class='ocr_par' dir='ltr' id='par_1_138' title="bbox 2110 4608 3689 4677">
     <span class='ocr_line' id='line_1_138' title="bbox 2110 4608 3689 4677; baseline -0.002 -15"><span class='ocrx_word' id='word_1_1101' title='bbox 2110 4626 2352 4663; x_wconf 88' lang='lat' dir='ltr'><strong>manuum</strong></span> <span class='ocrx_word' id='word_1_1102' title='bbox 2373 4625 2545 4661; x_wconf 87' lang='lat' dir='ltr'><strong>eorum</strong></span> <span class='ocrx_word' id='word_1_1103' title='bbox 2572 4624 2591 4663; x_wconf 89' lang='lat'><strong><em>:</em></strong></span> <span class='ocrx_word' id='word_1_1104' title='bbox 2619 4609 2670 4662; x_wconf 90' lang='lat' dir='ltr'><strong>id</strong></span> <span class='ocrx_word' id='word_1_1105' title='bbox 2702 4618 2804 4674; x_wconf 89' lang='lat' dir='ltr'><strong>est,</strong></span> <span class='ocrx_word' id='word_1_1106' title='bbox 2838 4610 2956 4662; x_wconf 85' lang='lat' dir='ltr'><strong>licet</strong></span> <span class='ocrx_word' id='word_1_1107' title='bbox 2976 4610 3090 4662; x_wconf 89' lang='lat' dir='ltr'><strong>aliis</strong></span> <span class='ocrx_word' id='word_1_1108' title='bbox 3114 4608 3279 4677; x_wconf 89' lang='lat' dir='ltr'><strong>prosit</strong></span> <span class='ocrx_word' id='word_1_1109' title='bbox 3303 4610 3440 4675; x_wconf 89' lang='lat' dir='ltr'><strong>quod</strong></span> <span class='ocrx_word' id='word_1_1110' title='bbox 3462 4608 3689 4669; x_wconf 74' lang='lat' dir='ltr'><strong>iaciunt,</strong></span> 
     </span>
    </p>
   </div>
   <div class='ocr_carea' id='block_1_139' title="bbox 2110 4678 3690 4747">
    <p class='ocr_par' dir='ltr' id='par_1_139' title="bbox 2110 4678 3690 4747">
     <span class='ocr_line' id='line_1_139' title="bbox 2110 4678 3690 4747; baseline -0.001 -14"><span class='ocrx_word' id='word_1_1111' title='bbox 2110 4681 2188 4733; x_wconf 89' lang='lat' dir='ltr'><strong>eis</strong></span> <span class='ocrx_word' id='word_1_1112' title='bbox 2219 4691 2393 4733; x_wconf 86' lang='lat' dir='ltr'><strong>tamen</strong></span> <span class='ocrx_word' id='word_1_1113' title='bbox 2425 4680 2658 4733; x_wconf 86' lang='lat' dir='ltr'><strong>retribue</strong></span> <span class='ocrx_word' id='word_1_1114' title='bbox 2680 4682 2969 4732; x_wconf 89' lang='lat' dir='ltr'><strong>secundum</strong></span> <span class='ocrx_word' id='word_1_1115' title='bbox 2996 4682 3135 4747; x_wconf 71' lang='lat' dir='ltr'><strong>quod</strong></span> <span class='ocrx_word' id='word_1_1116' title='bbox 3176 4679 3477 4731; x_wconf 89' lang='lat' dir='ltr'><strong>intendunt.</strong></span> <span class='ocrx_word' id='word_1_1117' title='bbox 3508 4678 3690 4731; x_wconf 66' lang='lat' dir='ltr'><strong>Judaei</strong></span> 
     </span>
    </p>
   </div>
   <div class='ocr_carea' id='block_1_140' title="bbox 2110 4749 3693 4819">
    <p class='ocr_par' dir='ltr' id='par_1_140' title="bbox 2110 4749 3693 4819">
     <span class='ocr_line' id='line_1_140' title="bbox 2110 4749 3693 4819; baseline -0.001 -17"><span class='ocrx_word' id='word_1_1118' title='bbox 2110 4752 2250 4803; x_wconf 85' lang='lat' dir='ltr'><strong>enim</strong></span> <span class='ocrx_word' id='word_1_1119' title='bbox 2282 4749 2653 4819; x_wconf 82' lang='lat' dir='ltr'><strong>cruciﬁgentes</strong></span> <span class='ocrx_word' id='word_1_1120' title='bbox 2684 4749 2869 4809; x_wconf 89' lang='lat' dir='ltr'><strong>Deum,</strong></span> <span class='ocrx_word' id='word_1_1121' title='bbox 2895 4750 2959 4802; x_wconf 84' lang='lat' dir='ltr'><strong>ad</strong></span> <span class='ocrx_word' id='word_1_1122' title='bbox 2988 4750 3116 4802; x_wconf 87' lang='lat' dir='ltr'><strong>nihil</strong></span> <span class='ocrx_word' id='word_1_1123' title='bbox 3159 4749 3299 4802; x_wconf 88' lang='lat' dir='ltr'><strong>aliud</strong></span> <span class='ocrx_word' id='word_1_1124' title='bbox 3330 4763 3421 4815; x_wconf 90' lang='lat' dir='ltr'><strong>per</strong></span> <span class='ocrx_word' id='word_1_1125' title='bbox 3453 4760 3693 4802; x_wconf 81' lang='lat' dir='ltr'><strong>mortem</strong></span> 
     </span>
    </p>
   </div>
   <div class='ocr_carea' id='block_1_141' title="bbox 2110 4819 3695 4887">
    <p class='ocr_par' dir='ltr' id='par_1_141' title="bbox 2110 4819 3695 4887">
     <span class='ocr_line' id='line_1_141' title="bbox 2110 4819 3695 4887; baseline -0.001 -14"><span class='ocrx_word' id='word_1_1126' title='bbox 2110 4824 2226 4886; x_wconf 74' lang='lat' dir='ltr'><strong>eius</strong></span> <span class='ocrx_word' id='word_1_1127' title='bbox 2258 4821 2613 4886; x_wconf 72' lang='lat' dir='ltr'><strong>intenderunt,</strong></span> <span class='ocrx_word' id='word_1_1128' title='bbox 2649 4820 2747 4873; x_wconf 79' lang='lat' dir='ltr'><strong>nisi</strong></span> <span class='ocrx_word' id='word_1_1129' title='bbox 2802 4831 3005 4872; x_wconf 86' lang='lat' dir='ltr'><strong>tantum</strong></span> <span class='ocrx_word' id='word_1_1130' title='bbox 3058 4824 3123 4872; x_wconf 87' lang='lat' dir='ltr'><strong>ad</strong></span> <span class='ocrx_word' id='word_1_1131' title='bbox 3177 4822 3461 4887; x_wconf 83' lang='lat' dir='ltr'><strong>perniciem</strong></span> <span class='ocrx_word' id='word_1_1132' title='bbox 3515 4819 3695 4884; x_wconf 86' lang='lat' dir='ltr'><strong>ipsius</strong></span> 
     </span>
    </p>
   </div>
   <div class='ocr_carea' id='block_1_142' title="bbox 2112 4888 3692 4958">
    <p class='ocr_par' dir='ltr' id='par_1_142' title="bbox 2112 4888 3692 4958">
     <span class='ocr_line' id='line_1_142' title="bbox 2112 4888 3692 4958; baseline 0 -15"><span class='ocrx_word' id='word_1_1133' title='bbox 2112 4895 2291 4952; x_wconf 77' lang='lat' dir='ltr'><strong>Unius,</strong></span> <span class='ocrx_word' id='word_1_1134' title='bbox 2326 4889 2447 4942; x_wconf 87' lang='lat' dir='ltr'><strong>licet</strong></span> <span class='ocrx_word' id='word_1_1135' title='bbox 2477 4900 2624 4957; x_wconf 83' lang='lat' dir='ltr'><strong>pater</strong></span> <span class='ocrx_word' id='word_1_1136' title='bbox 2657 4889 2930 4957; x_wconf 86' lang='lat' dir='ltr'><strong>providam</strong></span> <span class='ocrx_word' id='word_1_1137' title='bbox 2968 4888 3420 4958; x_wconf 72' lang='lat' dir='ltr'><strong>dispensatiooetu</strong></span> <span class='ocrx_word' id='word_1_1138' title='bbox 3451 4904 3692 4943; x_wconf 78' lang='lat' dir='ltr'><strong>conver-</strong></span> 
     </span>
    </p>
   </div>
   <div class='ocr_carea' id='block_1_143' title="bbox 2112 4960 2920 5014">
    <p class='ocr_par' dir='ltr' id='par_1_143' title="bbox 2112 4960 2920 5014">
     <span class='ocr_line' id='line_1_143' title="bbox 2112 4960 2920 5014; baseline 0 -2"><span class='ocrx_word' id='word_1_1139' title='bbox 2112 4969 2233 5014; x_wconf 84' lang='lat' dir='ltr'><strong>terit</strong></span> <span class='ocrx_word' id='word_1_1140' title='bbox 2261 4961 2322 5011; x_wconf 89' lang='lat' dir='ltr'><strong>ad</strong></span> <span class='ocrx_word' id='word_1_1141' title='bbox 2354 4962 2576 5013; x_wconf 90' lang='lat' dir='ltr'><strong>salutem</strong></span> <span class='ocrx_word' id='word_1_1142' title='bbox 2615 4960 2920 5013; x_wconf 89' lang='lat' dir='ltr'><strong>multorum.</strong></span> 
     </span>
    </p>
   </div>
   <div class='ocr_carea' id='block_1_144' title="bbox 2182 5024 3691 5097">
    <p class='ocr_par' dir='ltr' id='par_1_144' title="bbox 2182 5024 3691 5097">
     <span class='ocr_line' id='line_1_144' title="bbox 2182 5024 3691 5097; baseline -0.001 -15"><span class='ocrx_word' id='word_1_1143' title='bbox 2182 5028 2248 5082; x_wconf 82' lang='lat' dir='ltr'><strong>Et</strong></span> <span class='ocrx_word' id='word_1_1144' title='bbox 2270 5031 2423 5082; x_wconf 86' lang='lat' dir='ltr'><strong>redde</strong></span> <span class='ocrx_word' id='word_1_1145' title='bbox 2445 5030 2567 5097; x_wconf 85' lang='lat' dir='ltr'><strong>ipsis</strong></span> <span class='ocrx_word' id='word_1_1146' title='bbox 2606 5031 2978 5083; x_wconf 86' lang='lat' dir='ltr'><strong>retributionem</strong></span> <span class='ocrx_word' id='word_1_1147' title='bbox 3022 5045 3216 5081; x_wconf 75' lang='lat' dir='ltr'><strong>eorum.</strong></span> <span class='ocrx_word' id='word_1_1148' title='bbox 3261 5024 3419 5093; x_wconf 82' lang='lat' dir='ltr'><strong>Quasi</strong></span> <span class='ocrx_word' id='word_1_1149' title='bbox 3466 5026 3619 5081; x_wconf 79' lang='lat' dir='ltr'><strong>dicat</strong></span> <span class='ocrx_word' id='word_1_1150' title='bbox 3675 5045 3691 5080; x_wconf 88' lang='lat'>:</span> 
     </span>
    </p>
   </div>
   <div class='ocr_carea' id='block_1_145' title="bbox 2110 5098 3692 5169">
    <p class='ocr_par' dir='ltr' id='par_1_145' title="bbox 2110 5098 3692 5169">
     <span class='ocr_line' id='line_1_145' title="bbox 2110 5098 3692 5169; baseline -0.002 -16"><span class='ocrx_word' id='word_1_1151' title='bbox 2110 5098 2212 5167; x_wconf 88' lang='lat' dir='ltr'><strong>Ipsi</strong></span> <span class='ocrx_word' id='word_1_1152' title='bbox 2241 5116 2334 5167; x_wconf 89' lang='lat' dir='ltr'><strong>pro</strong></span> <span class='ocrx_word' id='word_1_1153' title='bbox 2364 5108 2584 5153; x_wconf 80' lang='lat' dir='ltr'><strong>veritate</strong></span> <span class='ocrx_word' id='word_1_1154' title='bbox 2606 5116 2762 5169; x_wconf 89' lang='lat' dir='ltr'><strong>quam</strong></span> <span class='ocrx_word' id='word_1_1155' title='bbox 2786 5100 2863 5153; x_wconf 89' lang='lat' dir='ltr'><strong>eis</strong></span> <span class='ocrx_word' id='word_1_1156' title='bbox 2894 5098 3171 5165; x_wconf 79' lang='lat' dir='ltr'><strong>pra-dicavi</strong></span> <span class='ocrx_word' id='word_1_1157' title='bbox 3199 5100 3479 5169; x_wconf 76' lang='lat' dir='ltr'><strong>falsitatem</strong></span> <span class='ocrx_word' id='word_1_1158' title='bbox 3509 5101 3692 5158; x_wconf 70' lang='lat' dir='ltr'><strong>solum</strong></span> 
     </span>
    </p>
   </div>
   <div class='ocr_carea' id='block_1_146' title="bbox 2111 5168 3691 5237">
    <p class='ocr_par' dir='ltr' id='par_1_146' title="bbox 2111 5168 3691 5237">
     <span class='ocr_line' id='line_1_146' title="bbox 2111 5168 3691 5237; baseline -0.001 -14"><span class='ocrx_word' id='word_1_1159' title='bbox 2111 5170 2476 5223; x_wconf 82' lang='lat' dir='ltr'><strong>retrtbnebunt</strong></span> <span class='ocrx_word' id='word_1_1160' title='bbox 2497 5168 2647 5232; x_wconf 86' lang='lat' dir='ltr'><strong>mihi,</strong></span> <span class='ocrx_word' id='word_1_1161' title='bbox 2680 5173 2799 5237; x_wconf 89' lang='lat' dir='ltr'><strong>quia</strong></span> <span class='ocrx_word' id='word_1_1162' title='bbox 2824 5176 2987 5222; x_wconf 85' lang='lat' dir='ltr'><strong>multa</strong></span> <span class='ocrx_word' id='word_1_1163' title='bbox 3011 5172 3079 5222; x_wconf 90' lang='lat' dir='ltr'><strong>de</strong></span> <span class='ocrx_word' id='word_1_1164' title='bbox 3126 5184 3212 5224; x_wconf 88' lang='lat' dir='ltr'><strong>me</strong></span> <span class='ocrx_word' id='word_1_1165' title='bbox 3266 5168 3472 5222; x_wconf 86' lang='lat' dir='ltr'><strong>mentiti</strong></span> <span class='ocrx_word' id='word_1_1166' title='bbox 3530 5177 3691 5221; x_wconf 74' lang='lat' dir='ltr'><strong>sunt.</strong></span> 
     </span>
    </p>
   </div>
   <div class='ocr_carea' id='block_1_147' title="bbox 2115 5238 3697 5302">
    <p class='ocr_par' dir='ltr' id='par_1_147' title="bbox 2115 5238 3697 5302">
     <span class='ocr_line' id='line_1_147' title="bbox 2115 5238 3697 5302; baseline -0.001 -9"><span class='ocrx_word' id='word_1_1167' title='bbox 2115 5239 2180 5293; x_wconf 90' lang='lat' dir='ltr'><strong>Ut</strong></span> <span class='ocrx_word' id='word_1_1168' title='bbox 2205 5240 2416 5302; x_wconf 87' lang='lat' dir='ltr'><strong>quando</strong></span> <span class='ocrx_word' id='word_1_1169' title='bbox 2454 5241 2698 5293; x_wconf 79' lang='lat' dir='ltr'><strong>dixerunt</strong></span> <span class='ocrx_word' id='word_1_1170' title='bbox 2742 5258 2753 5292; x_wconf 94' lang='lat'><strong>:</strong></span> <span class='ocrx_word' id='word_1_1171' title='bbox 2804 5238 3098 5292; x_wconf 77' lang='lat' dir='ltr'><strong>lnt&#39;enimus</strong></span> <span class='ocrx_word' id='word_1_1172' title='bbox 3148 5241 3280 5291; x_wconf 76' lang='lat' dir='ltr'><strong>hunc</strong></span> <span class='ocrx_word' id='word_1_1173' title='bbox 3320 5242 3697 5292; x_wconf 66' lang='lat' dir='ltr'><strong>subverterent:</strong></span> 
     </span>
    </p>
   </div>
   <div class='ocr_carea' id='block_1_148' title="bbox 2110 5308 3699 5378">
    <p class='ocr_par' dir='ltr' id='par_1_148' title="bbox 2110 5308 3699 5378">
     <span class='ocr_line' id='line_1_148' title="bbox 2110 5308 3699 5378; baseline 0 -17"><span class='ocrx_word' id='word_1_1174' title='bbox 2110 5319 2306 5378; x_wconf 88' lang='lat' dir='ltr'><strong>gentem</strong></span> <span class='ocrx_word' id='word_1_1175' title='bbox 2329 5318 2575 5362; x_wconf 87' lang='lat' dir='ltr'><strong>nostram.</strong></span> <span class='ocrx_word' id='word_1_1176' title='bbox 2602 5308 2667 5362; x_wconf 86' lang='lat' dir='ltr'><strong>Et</strong></span> <span class='ocrx_word' id='word_1_1177' title='bbox 2691 5313 2770 5361; x_wconf 81' lang='lat' dir='ltr'><strong>hic</strong></span> <span class='ocrx_word' id='word_1_1178' title='bbox 2797 5311 2967 5363; x_wconf 76' lang='lat' dir='ltr'><strong>dixit:</strong></span> <span class='ocrx_word' id='word_1_1179' title='bbox 3001 5309 3220 5362; x_wconf 86' lang='lat' dir='ltr'><strong>Possum</strong></span> <span class='ocrx_word' id='word_1_1180' title='bbox 3261 5309 3513 5361; x_wconf 85' lang='lat' dir='ltr'><strong>destruere</strong></span> <span class='ocrx_word' id='word_1_1181' title='bbox 3553 5318 3699 5361; x_wconf 72' lang='lat' dir='ltr'><strong>teut-</strong></span> 
     </span>
    </p>
   </div>
   <div class='ocr_carea' id='block_1_149' title="bbox 2113 5378 3700 5444">
    <p class='ocr_par' dir='ltr' id='par_1_149' title="bbox 2113 5378 3700 5444">
     <span class='ocr_line' id='line_1_149' title="bbox 2113 5378 3700 5444; baseline -0.001 -13"><span class='ocrx_word' id='word_1_1182' title='bbox 2113 5381 2252 5444; x_wconf 86' lang='lat' dir='ltr'><strong>ptum</strong></span> <span class='ocrx_word' id='word_1_1183' title='bbox 2278 5378 2391 5442; x_wconf 87' lang='lat' dir='ltr'><strong>Dei,</strong></span> <span class='ocrx_word' id='word_1_1184' title='bbox 2419 5389 2473 5432; x_wconf 90' lang='lat' dir='ltr'><strong>et</strong></span> <span class='ocrx_word' id='word_1_1185' title='bbox 2502 5385 2663 5432; x_wconf 89' lang='lat' dir='ltr'><strong>multa</strong></span> <span class='ocrx_word' id='word_1_1186' title='bbox 2695 5381 2851 5443; x_wconf 79' lang='lat' dir='ltr'><strong>talia;</strong></span> <span class='ocrx_word' id='word_1_1187' title='bbox 2900 5393 2951 5432; x_wconf 87' lang='lat' dir='ltr'><strong>et</strong></span> <span class='ocrx_word' id='word_1_1188' title='bbox 2988 5382 3105 5433; x_wconf 82' lang='lat' dir='ltr'><strong>ideo</strong></span> <span class='ocrx_word' id='word_1_1189' title='bbox 3132 5382 3292 5433; x_wconf 88' lang='lat' dir='ltr'><strong>redde</strong></span> <span class='ocrx_word' id='word_1_1190' title='bbox 3320 5380 3425 5431; x_wconf 82' lang='lat' dir='ltr'><strong>illis</strong></span> <span class='ocrx_word' id='word_1_1191' title='bbox 3479 5380 3700 5434; x_wconf 60' lang='lat' dir='ltr'><strong>falsus-</strong></span> 
     </span>
    </p>
   </div>
   <div class='ocr_carea' id='block_1_150' title="bbox 2114 5448 3701 5518">
    <p class='ocr_par' dir='ltr' id='par_1_150' title="bbox 2114 5448 3701 5518">
     <span class='ocr_line' id='line_1_150' title="bbox 2114 5448 3701 5518; baseline 0.001 -16"><span class='ocrx_word' id='word_1_1192' title='bbox 2114 5457 2242 5512; x_wconf 85' lang='lat' dir='ltr'><strong>tem,</strong></span> <span class='ocrx_word' id='word_1_1193' title='bbox 2268 5460 2325 5502; x_wconf 87' lang='lat' dir='ltr'><strong>ut</strong></span> <span class='ocrx_word' id='word_1_1194' title='bbox 2368 5451 2617 5503; x_wconf 77' lang='lat' dir='ltr'><strong>exctrcati</strong></span> <span class='ocrx_word' id='word_1_1195' title='bbox 2645 5452 2849 5503; x_wconf 81' lang='lat' dir='ltr'><strong>scilicet</strong></span> <span class='ocrx_word' id='word_1_1196' title='bbox 2876 5452 2926 5501; x_wconf 82' lang='grc' dir='ltr'><strong>ιιι</strong></span> <span class='ocrx_word' id='word_1_1197' title='bbox 2957 5451 3067 5518; x_wconf 83' lang='lat' dir='ltr'><strong>ipsa</strong></span> <span class='ocrx_word' id='word_1_1198' title='bbox 3094 5457 3455 5518; x_wconf 82' lang='lat' dir='ltr'><strong>permaneant.</strong></span> <span class='ocrx_word' id='word_1_1199' title='bbox 3484 5448 3551 5500; x_wconf 71' lang='lat' dir='ltr'><strong>Et</strong></span> <span class='ocrx_word' id='word_1_1200' title='bbox 3585 5453 3701 5503; x_wconf 78' lang='lat' dir='ltr'><strong>hoc</strong></span> 
     </span>
    </p>
   </div>
   <div class='ocr_carea' id='block_1_151' title="bbox 2112 5519 3696 5584">
    <p class='ocr_par' dir='ltr' id='par_1_151' title="bbox 2112 5519 3696 5584">
     <span class='ocr_line' id='line_1_151' title="bbox 2112 5519 3696 5584; baseline 0 -14"><span class='ocrx_word' id='word_1_1201' title='bbox 2112 5519 2259 5584; x_wconf 74' lang='lat' dir='ltr'><strong>quasi</strong></span> <span class='ocrx_word' id='word_1_1202' title='bbox 2292 5519 2492 5572; x_wconf 87' lang='lat' dir='ltr'><strong>diceret</strong></span> <span class='ocrx_word' id='word_1_1203' title='bbox 2514 5537 2615 5572; x_wconf 89' lang='lat' dir='ltr'><strong>non</strong></span> <span class='ocrx_word' id='word_1_1204' title='bbox 2637 5531 2719 5573; x_wconf 81' lang='lat' dir='ltr'><strong>est</strong></span> <span class='ocrx_word' id='word_1_1205' title='bbox 2740 5522 3155 5583; x_wconf 72' lang='lat' dir='ltr'><strong>malevolentiae,</strong></span> <span class='ocrx_word' id='word_1_1206' title='bbox 3186 5523 3278 5571; x_wconf 66' lang='lat' dir='ltr'><strong>Sed</strong></span> <span class='ocrx_word' id='word_1_1207' title='bbox 3322 5530 3404 5573; x_wconf 74' lang='lat' dir='ltr'><strong>est</strong></span> <span class='ocrx_word' id='word_1_1208' title='bbox 3430 5531 3696 5572; x_wconf 77' lang='lat' dir='ltr'><strong>enuntia-</strong></span> 
     </span>
    </p>
   </div>
   <div class='ocr_carea' id='block_1_152' title="bbox 2114 5588 3704 5657">
    <p class='ocr_par' dir='ltr' id='par_1_152' title="bbox 2114 5588 3704 5657">
     <span class='ocr_line' id='line_1_152' title="bbox 2114 5588 3704 5657; baseline 0.002 -18"><span class='ocrx_word' id='word_1_1209' title='bbox 2114 5597 2188 5640; x_wconf 83' lang='lat' dir='ltr'><strong>tio</strong></span> <span class='ocrx_word' id='word_1_1210' title='bbox 2216 5590 2405 5642; x_wconf 71' lang='lat' dir='ltr'><strong>debita:</strong></span> <span class='ocrx_word' id='word_1_1211' title='bbox 2428 5604 2600 5657; x_wconf 58' lang='lat' dir='ltr'><strong>pugna:</strong></span> <span class='ocrx_word' id='word_1_1212' title='bbox 2623 5591 2854 5644; x_wconf 86' lang='lat' dir='ltr'><strong>illorum.</strong></span> <span class='ocrx_word' id='word_1_1213' title='bbox 2887 5592 3139 5655; x_wconf 80' lang='lat' dir='ltr'><strong>Quoniam</strong></span> <span class='ocrx_word' id='word_1_1214' title='bbox 3168 5590 3261 5655; x_wconf 90' lang='lat' dir='ltr'><strong>ipsi</strong></span> <span class='ocrx_word' id='word_1_1215' title='bbox 3295 5604 3395 5640; x_wconf 82' lang='lat' dir='ltr'><strong>non</strong></span> <span class='ocrx_word' id='word_1_1216' title='bbox 3418 5588 3704 5642; x_wconf 70' lang='lat' dir='ltr'><strong>intellexe-</strong></span> 
     </span>
    </p>
   </div>
   <div class='ocr_carea' id='block_1_153' title="bbox 2112 5660 3704 5730">
    <p class='ocr_par' dir='ltr' id='par_1_153' title="bbox 2112 5660 3704 5730">
     <span class='ocr_line' id='line_1_153' title="bbox 2112 5660 3704 5730; baseline 0.003 -22"><span class='ocrx_word' id='word_1_1217' title='bbox 2112 5670 2273 5711; x_wconf 88' lang='lat' dir='ltr'><strong>runt:</strong></span> <span class='ocrx_word' id='word_1_1218' title='bbox 2303 5660 2352 5711; x_wconf 90' lang='lat' dir='ltr'><strong>id</strong></span> <span class='ocrx_word' id='word_1_1219' title='bbox 2387 5671 2486 5725; x_wconf 88' lang='lat' dir='ltr'><strong>est,</strong></span> <span class='ocrx_word' id='word_1_1220' title='bbox 2520 5677 2622 5714; x_wconf 90' lang='lat' dir='ltr'><strong>non</strong></span> <span class='ocrx_word' id='word_1_1221' title='bbox 2651 5663 3005 5730; x_wconf 81' lang='lat' dir='ltr'><strong>intelligenter</strong></span> <span class='ocrx_word' id='word_1_1222' title='bbox 3035 5662 3238 5712; x_wconf 82' lang='lat' dir='ltr'><strong>iverunt</strong></span> <span class='ocrx_word' id='word_1_1223' title='bbox 3282 5661 3339 5730; x_wconf 85' lang='lat' dir='ltr'><strong>in</strong></span> <span class='ocrx_word' id='word_1_1224' title='bbox 3368 5674 3538 5730; x_wconf 77' lang='lat' dir='ltr'><strong>aperti</strong></span> <span class='ocrx_word' id='word_1_1225' title='bbox 3592 5662 3704 5712; x_wconf 70' lang='lat' dir='ltr'><strong>Dei</strong></span> 
     </span>
    </p>
   </div>
   <div class='ocr_carea' id='block_1_154' title="bbox 2114 5729 3707 5801">
    <p class='ocr_par' dir='ltr' id='par_1_154' title="bbox 2114 5729 3707 5801">
     <span class='ocr_line' id='line_1_154' title="bbox 2114 5729 3707 5801; baseline 0.003 -20"><span class='ocrx_word' id='word_1_1226' title='bbox 2114 5732 2299 5798; x_wconf 83' lang='lat' dir='ltr'><strong>patris,</strong></span> <span class='ocrx_word' id='word_1_1227' title='bbox 2325 5731 2448 5799; x_wconf 87' lang='lat' dir='ltr'><strong>quia</strong></span> <span class='ocrx_word' id='word_1_1228' title='bbox 2474 5746 2578 5786; x_wconf 90' lang='lat' dir='ltr'><strong>non</strong></span> <span class='ocrx_word' id='word_1_1229' title='bbox 2611 5731 2951 5787; x_wconf 77' lang='lat' dir='ltr'><strong>adverterunt</strong></span> <span class='ocrx_word' id='word_1_1230' title='bbox 2973 5744 3078 5801; x_wconf 85' lang='lat' dir='ltr'><strong>quo</strong></span> <span class='ocrx_word' id='word_1_1231' title='bbox 3105 5729 3329 5785; x_wconf 83' lang='lat' dir='ltr'><strong>consilio</strong></span> <span class='ocrx_word' id='word_1_1232' title='bbox 3359 5729 3502 5785; x_wconf 83' lang='lat' dir='ltr'><strong>Deus</strong></span> <span class='ocrx_word' id='word_1_1233' title='bbox 3530 5743 3707 5799; x_wconf 75' lang='lat' dir='ltr'><strong>pater</strong></span> 
     </span>
    </p>
   </div>
  </div>
