3922 6190
476 357 583 410 (ἴτὶῦ

980 352 1174 407 ΙιίσζῡίΕ
1217 351 1663 406 VENERABILIS
1702 353 1848 408 OPP.
1889 352 2020 408 PAR

2132 354 2168 409 l.
2212 352 2406 412 SECT.
2450 356 2510 410 l-l.
2552 385 2619 395 —
2662 354 2861 411 DUDIA
2909 356 2994 412 ΕΤ
3032 354 3305 412 ερυιιιΑ.

3626 358 3727 417 εει

475 475 599 535 troia
631 470 988 540 principaliter
1007 468 1169 540 duces
1198 466 1434 540 omnium
1465 478 1606 531 sunt,
1635 479 1688 540 ct
1736 470 1856 539 quia
1905 472 2035 523 alios
2064 472 2110 529 Α
2140 471 2256 522 (Iros
2278 470 2545 536 Libani,et
2570 470 2669 523 hoc
2691 469 2849 522 modo
2873 470 3271 540 conlringentnr
3291 486 3302 520 :
3326 468 3445 538 quia
3472 468 3726 531 Dominus

483 546 534 598 in
562 537 664 596 lide
691 547 984 608 genuerunt
1006 552 1098 608 pe_r
1121 537 1483 608 Evangeltcam
1512 537 1961 607 prmdicationetn,
1995 557 2047 600 et

482 612 605 682 quia
634 606 851 682 utroque
870 622 1031 662 eorou
1057 606 1269 682 feriunt.
1292 606 1343 659 id
1364 618 1463 682 est,
1488 621 1711 682 utroque
1727 606 2045 669 testamento

477 676 782 736 sententias
798 694 919 731 suas
947 678 1262 745 approbant,
1288 689 1337 729 et
1370 676 1507 729 dicta
1542 678 1874 734 inimicorum
1919 696 2045 737 eou-

476 753 738 819 fringttnt;
769 758 825 819 et
861 747 1127 815 quomodo
1151 746 1589 819 debeantafl'erre
1618 761 1670 803 et
1699 764 1758 803 se
1806 760 1857 805 ct
1910 753 2043 808 ftlios

467 817 616 886 suos,
647 818 878 872 ostendit
905 819 1087 870 dicens
1115 833 1127 869 :
1155 817 1341 883 Aﬂerte
1370 818 1579 870 Domino
1619 820 1832 887 gloriam
1872 833 1919 874 et
1954 824 2044 877 lio-

469 908 664 952 πει-ειη,
693 890 740 943 id
770 898 872 953 est,
909 903 1002 941 χοε
1032 888 1313 953 gloriosos,
1348 887 1396 939 id
1427 899 1538 951 est,
1572 890 1909 945 Itonoralnlcs
1940 893 2040 944 vir-

469 964 669 1015 tutibus
693 970 746 1014 et
778 958 929 1012 bouis
959 958 1239 1027 operibus;
1281 968 1329 1009 et
1364 973 1429 1011 ne
1471 960 1610 1011 illam
1664 962 1883 1027 gloriam
1941 964 2039 1016 sibi

464 1031 853 1094 adscriberent,
878 1026 1050 1081 subdit
1082 1046 1095 1078 :
1129 1027 1335 1093 Alferte,
1363 1027 1594 1097 inquam,
1621 1026 1832 1096 glariam
1862 1031 2039 1085 Domi-

466 1119 553 1165 no,
589 1100 659 1153 ita
682 1112 734 1153 ut
758 1099 898 1152 illam
924 1113 1026 1150 non
1058 1096 1253 1150 nomini
1278 1096 1476 1163 vestra,
1505 1102 1597 1152 scd
1643 1110 1816 1153 tamen
1849 1105 2042 1158 nomini

461 1170 938 1243 ejusglorilicando
958 1167 1297 1243 adscribatis.
1437 1171 1511 1221 sic
1560 1170 1797 1243 adorate,
1840 1173 1887 1224 id
1934 1184 2034 1239 cst,

464 1238 788 1295 veneramini
839 1238 1117 1291 Dominum
1160 1239 1211 1289 in
1237 1239 1369 1290 atrio
1405 1250 1578 1291 sancto
1610 1241 1739 1307 ejus,
1774 1243 1821 1293 id
1851 1252 1951 1306 est,
1984 1238 2035 1299 in

468 1312 722 1372 Ecclesia,
750 1326 866 1378 qua:
889 1317 969 1362 est
988 1320 1235 1378 sanetum
1281 1309 1468 1361 atrium
1510 1310 1645 1377 ejus,
1674 1311 1723 1363 id
1750 1320 1832 1364 est
1862 1314 2037 1367 Domi-

461 1382 516 1435 ni
548 1382 704 1451 :quia
732 1377 871 1434 sicut
898 1377 1089 1451 atrium
1112 1378 1431 1451 vestibulum
1462 1380 1601 1448 quod
1648 1390 1729 1433 est
1777 1393 1899 1436 ante
1944 1386 2038 1436 do-

465 1448 645 1515 mum,
674 1455 810 1503 solet
859 1448 1055 1513 vocari,
1111 1448 1161 1500 in
1210 1462 1313 1514 quo
1354 1462 1497 1514 smne
1543 1451 1730 1504 domus
1783 1452 2036 1509 Dominus

461 1521 756 1575 delectatur
783 1539 796 1575 :
828 1520 894 1572 ita
923 1518 1157 1571 Ecclesia
1186 1527 1269 1569 est
1296 1520 1442 1587 quasi
1468 1520 1660 1573 atrium
1701 1532 1823 1575 ante
1874 1528 2034 1579 coale-

460 1600 594 1644 stem
626 1590 863 1654 domum,
894 1589 1014 1651 quia
1047 1603 1139 1655 per
1180 1603 1295 1639 eam
1347 1589 1612 1653 introitur,
1647 1590 1712 1643 ad
1766 1593 1931 1657 illam,
1978 1595 2031 1649 iu

460 1677 561 1729 qua
587 1659 1130 1731 Ecclesia-Dominus
1182 1657 1335 1731 bouis
1392 1660 1628 1731 moribus
1676 1670 1730 1715 et
1782 1666 2033 1731 operibus

458 1727 770 1803 delectatur.
800 1729 894 1783 Vel
922 1731 977 1803 in
997 1736 1173 1781 sancto
1202 1727 1334 1803 atrio
1370 1732 1508 1803 ejus,
1534 1729 1717 1803 idest,
1768 1727 1832 1785 in'
1868 1736 2030 1791 corde

2155 540 2380 593 \‘erbnm
2405 556 2581 603 suum,
2607 541 2719 593 sive
2749 538 3170 607 Dominus-pater
3188 553 3348 607 agens
3372 554 3465 605 per
3493 541 3720 599 Verbum

2150 613 2472 664 comminuet
2503 625 2592 665 eas
2619 610 2830 671 cedros,
2858 612 2948 663 vel
2979 623 3072 662 eos
3101 612 3361 675 homines,
3395 611 3724 673 signiﬁcatus

2148 693 2243 744 per
2264 682 2476 747 cedros,
2506 691 2752 748 tanquam
2784 681 2976 732 vitulus
3016 679 3199 731 Libani
3230 689 3313 732 est
3339 684 3719 737 comminutos.

2152 749 2354 803 Vitulus
2381 756 2520 803 enim
2550 752 2601 804 in
2659 750 2862 803 Libano
2906 759 3057 801 natus
3104 758 3159 802 et
3204 750 3451 813 nutritus,
3473 752 3722 809 Christus

2142 821 2345 874 scilicet
2376 822 2441 875 de
2464 821 2577 885 ipso
2604 820 2803 873 Libano
2830 820 2893 871 ad
2920 819 3187 872 victimant
3216 819 3427 887 ducitis,
3454 838 3621 888 usque
3651 826 3718 877 ad

2145 900 2364 943 mortem
2391 891 2693 944 humiliatus
2714 898 2813 943 est.
2840 888 2918 943 Ad
2942 889 3096 956 hujus
3118 891 3392 953 exemplar
3408 893 3719 948 comminuet

2142 960 2332 1013 cedros
2378 961 2674 1025 Dominus,
2714 962 2835 1028 quia
2878 960 2998 1013 illos
3049 960 3135 1027 qui
3187 962 3329 1025 prius
3374 971 3525 1014 erant
3570 965 3720 1019 cedri

2144 1028 2296 1082 faciet
2328 1031 2519 1084 imitari
2549 1030 2900 1083 ltutnilitatcm
2928 1030 3063 1096 ejus.
3099 1029 3165 1081 Et
3193 1030 3309 1081 ideo
3341 1030 3460 1083 dico
3499 1036 3717 1085 convni-

2140 1110 2254 1171 nttet
2276 1118 2359 1153 eas
2382 1112 2619 1164 tanquam
2652 1100 2888 1171 vitulum,
2910 1102 3037 1171 quia
3058 1099 3289 1161 dilectus,
3316 1101 3367 1152 id
3394 1112 3493 1165 est,
3529 1106 3716 1171 11·ιίθέ-

2142 1169 2281 1223 uilus
2303 1172 2391 1223 Dei
2410 1172 2570 1224 Filius
2598 1185 2705 1236 prae
2729 1170 2973 1222 omnibus
2994 1170 3215 1230 electus,
3238 1181 3293 1222 et
3314 1171 3465 1225 unice
3486 1169 3717 1227 dilecius

2138 1241 2257 1305 erit,
2285 1242 2707 1309 quemadmodum
2733 1256 2862 1291 unus
2899 1240 2959 1291 de
2986 1240 3107 1305 ﬁliis
3148 1238 3490 1302 unicornium,
3522 1244 3571 1295 id
3602 1256 3713 1309 est,

2138 1312 2238 1383 erit
2262 1312 2423 1383 homo
2452 1312 2589 1383 sicut
2614 1324 2734 1376 ego.
2773 1310 2921 1383 Unde
2969 1310 3137 1383 etiam,
3182 1310 3375 1383 dicitur
3400 1313 3448 1362 in
3477 1312 3662 1383 Moyse
3696 1331 3709 1365 :

2138 1379 2412 1433 Suscitabit
2438 1378 2691 1432 Dominus
2714 1381 3012 1447 prophetam
3032 1379 3095 1431 de
3115 1379 3356 1447 fratribus
3378 1378 3578 1443 uestris;
3600 1395 3717 1436 tan-

2135 1464 2288 1523 quam
2312 1468 2387 1505 me
2411 1466 2428 1504 :
2451 1450 2502 1523 id
2523 1450 3117 1523 est,vhomiueinut_ego
3145 1463 3282 1501 sum.
3310 1450 3483 1519 Ipsum
3505 1456 3716 1523 audite;

2136 1521 2264 1572 venit
2284 1522 2415 1573 enim
2438 1520 2664 1593 Christus
2687 1520 2737 1572 in
2768 1518 3146 1593 similitudinem
3169 1518 3569 1593 carnis’pcceati,
3588 1518 3711 1593 quia

2134 1590 2200 1662 de
2224 1592 2587 1662 peccatoribus
2613 1600 2764 1643 natus
2792 1599 2893 1655 est,
2918 1588 3013 1662 sed
3052 1604 3155 1641 non
3200 1590 3261 1662 in,
3304 1588 3465 1645 carne
3523 1588 3715 1662 pecca-

2136 1660 2252 1714 trici
2278 1677 2292 1713 :
2320 1664 2439 1729 quia
2470 1671 2728 1728 peccatum
2755 1676 2855 1712 non
2884 1660 3024 1727 fecit,
3051 1674 3139 1729 nec
3175 1659 3323 1714 dolus
3360 1659 3597 1718 inventus
3639 1678 3712 1721 est

2133 1730 2184 1803 in
2211 1745 2295 1784 ore
2318 1728 2449 1800 ejus.
2486 1731 2779 1803 Utricornes
2800 1731 3052 1803 dicuntur
3078 1728 3272 1803 ψύξει,
3319 1731 3402 1803 vel
3451 1733 3710 1803 singulari

462 1819 551 1867 per
572 1802 881 1881 charita‘tem
909 1799 1147 1860 dilatato,
1180 1806 1234 1850 et
1262 1796 1413 1881 hornis
1443 1800 1711 1881 operibus,
1734 1810 1787 1855 et
1816 1804 2027 1859 virtuti-
2058 1818 2110 1881 Β
2132 1796 2353 1881 iustitiae
2371 1801 2710 1881 stiperbia_88
2737 1800 3029 1881 8118831185
3056 1800 3138 1854 νει
3187 1800 3235 1851 ίη
3283 1801 3474 1881 ad“???
3498 1796 3707 1881 lavatum

462 1875 561 1925 bus
592 1870 1019 1945 sanctiﬁcata-et
1059 1877 1277 1945 ornato.
1318 1867 1503 1923 Solent
1551 1871 1692 1924 enim
1750 1882 2031 1944 utrumque

464 1945 564 1996 hoc
596 1942 808 2000 habere.
835 1940 1036 1993 scilicet
1066 1948 1118 1992 et
1144 1940 1376 2004 Spatiosa
1406 1947 1459 1992 et
1481 1952 1665 1993 ornata
1694 1956 1834 1996 esse.

537 2011 647 2064 Vox
678 2008 879 2063 Domini
906 2024 1058 2075 super
1077 2024 1251 2077 aquas.
1284 2007 1417 2063 Vere
1441 2010 1645 2064 debetis
1676 2027 1813 2066 nunc
1838 2016 2030 2071 afferre

459 2096 553 2135 vos
602 2083 843 2150 Domino,
868 2089 922 2134 et
951 2079 1173 2150 adorare
1201 2092 1355 2150 eum.
1390 2080 1519 2132 Nam
1552 2096 1691 2135 nunc
1717 2090 1924 2150 tempus
1946 2096 2029 2141 est

457 2154 549 2206 ille
569 2152 723 2223 quia
756 2148 1034 2218 l’rOphctis
1063 2149 1306 2223 Salvator
1336 2148 1537 2203 futurus
1566 2148 1896 2217 pra-conatus
1923 2167 2024 2223 est,

457 2218 598 2277 nunc
622 2222 797 2286 adest,
826 2234 918 2287 per
947 2234 1101 2288 quem
1133 2218 1481 2273 mediatorcm
1512 2224 1730 2288 pmestis
1754 2239 1847 2277 vos
1875 2218 2027 2281 accc;

454 2293 708 2363 ptabilem
742 2291 965 2363 hostiam
996 2289 1209 2363 ollerre.
1238 2288 1405 2363 Quod
1434 2292 1511 2344 sic
1553 2291 1678 2346 dicit
1708 2309 1721 2345 :
1770 2293 1877 2349 Vox
1917 2296 2025 2350 Do-

457 2357 600 2427 im'ni,
626 2365 675 2415 id
705 2370 804 2423 est,
835 2358 1086 2428 unigeniti
1118 2359 1206 2412 Dei
1244 2357 1361 2413 Filii
1392 2362 1633 2427 intonuit,
1660 2363 1709 2415 id
1732 2377 1839 2426 εει,
1867 2370 2021 2419 terri-

455 2433 636 2487 biliter
663 2434 731 2484 de
780 2430 921 2485 nube
951 2429 1124 2483 carnis
1173 2429 1405 2482 insonuit
1452 2448 1601 2500 super
1640 2449 1819 2500 aquas,
1846 2436 1895 2489 id
1944 2446 2026 2492 est

454 2518 618 2567 super
646 2502 896 2576 iudaicos
923 2500 1144 2576 populos
1174 2500 1401 2576 dicens_:
1422 2502 1522 2576 nisi
1545 2504 1885 2571 paenitentiam
1910 2523 2026 2576 ege-

450 2574 591 2635 ritis,
615 2571 916 2643 moriemini.
946 2571 1140 2623 Dicitur
1160 2579 1336 2643 autem
1359 2570 1607 2643 .ludaicus
1631 2575 1857 2640 pupulas
1873 2570 2024 2643 aqua:

455 2642 730 2709 pluraliter
755 2680 769 2704 ,
796 2639 877 2711 vel
909 2650 1122 2708 propter
1166 2639 1444 2711 duodecim
1493 2639 1680 2706 tribas,
1706 2658 1824 2711 qua:
1872 2639 2024 2701 erant

450 2708 603 2779 quam
644 2709 853 2781 diversi
903 2711 1101 2781 pupuli,
1133 2708 1214 2781 vel
1262 2713 1478 2779 propter
1532 2711 1645 2764 illas
1683 2708 1815 2766 ditas
1848 2728 2024 2781 partes

452 2778 793 2856 principales,
825 2778 1012 2833 Judam
1044 2778 1241 2856 scilicet
1268 2778 1321 2833 et
1349 2780 1616 2856 |.-.rael_em.
1647 2781 1711 2835 Et
1740 2778 2023 2856 vox—cujus

456 2852 667 2905 Domini
722 2854 1050 2913 intonuerat,
1085 2851 1401 2907 determinat
1424 2893 1439 2916 ,
1471 2852 1654 2905 dicens
1681 2869 1694 2906 :
1726 2851 1869 2908 Deus
1913 2851 2022 2911 ma-

447 2922 863 2995 jestatis,gidest_,
889 2922 1305 2995 ontuipotentite,
1332 2936 1450 2975 vere
1481 2921 1713 2995 existens
1746 2924 2018 2995 Dominus,

453 2990 570 3061 ipse
599 2992 811 3061 quidem
834 2990 1071 3064 intonuit,
1098 3005 1199 3041 nun
1235 3003 1433 3045 tantum
1466 3005 1625 3058 super
1660 2992 1874 3047 Judmos
1928 2990 2022 3064 per

450 3079 534 3128 se,
556 3064 649 3117 sed
677 3064 837 3137 etiam
862 3061 1081 3137 intonuit
1115 3075 1207 3127 per
1252 3078 1346 3116 vos
1388 3064 1823 3137 apostolns_suos
1866 3061 2020 3137 super

446 3151 606 3200 aquas
628 3134 835 3197 multas,
858 3130 1040 3197 idest,
1071 3146 1174 3183 non
1202 3141 1402 3186 tantum
1450 3146 1611 3198 super
1659 3131 1890 3202 Judwos,
1924 3130 2017 3191 sed

448 3205 608 3257 etiam
639 3218 799 3271 super
827 3212 1035 3270 gentes.
1070 3202 1135 3254 Et
1180 3201 1446 3269 quomodo
1487 3212 1541 3254 ut
1595 3201 1884 3258 inlunuerit
1925 3223 2020 3261 vox

450 3272 656 3328 Domini
680 3282 736 3328 ct
766 3275 816 3325 in
844 3287 903 3325 se
923 3280 975 3325 et
998 3271 1049 3324 in
1078 3270 1189 3325 suis
1243 3270 1560 3328 determinat
1599 3272 1781 3327 dicens
1837 3293 1849 3327 :
1916 3276 2024 3331 Vox

452 3342 663 3397 Domini
694 3346 745 3397 in
772 3344 950 3410 seipsu
977 3342 1204 3395 intonuit
1228 3346 1279 3396 in
1302 3346 1502 3409 uirtute,
1530 3342 1577 3395 id
1604 3356 1684 3397 εει
1705 3344 1787 3397 vel
1815 3361 2019 3401 summa

452 3417 709 3483 potentia,
740 3428 846 3466 non
873 3413 1199 3467 iulirmitate.
1233 3414 1380 3469 [inde
1419 3412 1618 3483 d.c_tutn
1654 3424 1776 3467 est:
1808 3414 1873 3468 Et
1912 3428 2019 3472 erat

449 3480 658 3555 loquens
686 3500 789 3537 non
810 3486 941 3535 sicut
966 3483 1143 3555 scriba:
1181 3500 1377 3547 eorum,
1397 3492 1445 3555 et
1490 3480 1763 3551 I’ltariswi,
1785 3489 1874 3539 sed
1906 3497 2019 3540 tan-

448 3553 603 3625 quam
642 3562 936 3625 potestatem
964 3553 1174 3606 habens.
1225 3555 1276 3606 In
1327 3554 1437 3606 suis
1476 3564 1598 3605 ante
1652 3556 1876 3609 intonuit
1924 3575 2020 3611 vox

446 3624 656 3678 Domini
684 3628 736 3678 in
767 3624 1175 3692 magniﬁcentia,
1200 3625 1249 3678 id
1278 3632 1360 3677 est
1390 3628 1439 3675 in
1485 3625 1759 3691 magnilica
1809 3629 1978 3694 gloria
1999 3670 2015 3693 ,

447 3701 650 3749 scilicet
683 3703 749 3767 Aut
789 3710 894 3767 non
946 3703 1148 3767 tantum
1192 3694 1562 3767 praedicarent,
1589 3697 1683 3767 sed
1712 3698 1869 3749 etiam
1898 3714 2017 3767 quze

449 3765 803 3833 pra-dicabant
826 3764 990 3833 signis
1013 3763 1410 3819 conﬁrmarent.
1447 3762 1594 3818 Unde
1634 3764 1831 3819 dictum
1881 3762 1963 3822 est
1999 3787 2011 3821 :

448 3840 555 3889 Deo
583 3846 884 3905 coaperante
905 3873 921 3901 ,
953 3843 999 3887 et
1039 3846 1315 3889 sermonem
1344 3836 1675 3905 conﬁrntanle
1702 3838 2015 3904 sequentibus

445 3910 623 3975 signis.
649 3903 885 3971 Qualiter
906 3917 1081 3959 autem
1114 3906 1367 3961 Dominus
1391 3919 1488 3976 pe_r_
1505 3918 1629 3958 suos
1657 3903 1708 3957 in
1743 3909 2013 3976 magniﬁca

444 3972 613 4044 gloria
638 3977 882 4039 intonuit,
911 3976 1135 4029 ostendit
1166 3978 1347 4031 dicens
1380 3972 1405 4029 ς’
1452 3972 1591 4042 Vox,
1617 3972 1862 4044 inquam',
1906 3978 2015 4032 Do-

448 4046 572 4099 mini
588 4047 812 4099 intonuit
838 4047 886 4097 in
908 4044 1050 4110 suis;
1076 4046 1257 4098 Libani
1280 4048 1396 4100 dico
1423 4051 1617 4112 cedros,
1645 4045 1695 4099 id
1717 4057 1817 4111 est,
1843 4051 2014 4103 homi-

445 4130 545 4171 nes
571 4117 739 4169 elatos
784 4114 1003 4178 divitiis,
1036 4126 1291 4183 potentia,
1326 4124 1380 4168 et
1420 4118 1578 4167 etiam
1626 4116 1898 4173 nobilitate
1946 4121 2013 4174 de

448 4186 686 4256 quoltbet
708 4184 1022 4259 pupillorum
1066 4199 1164 4259 per
1194 4187 1334 4259 ipsos
1363 4188 1792 4259 constringeutis.
1829 4189 1879 4242 id
1905 4200 2009 4259 est,

450 4252 617 4325 usque
654 4258 719 4307 ad
748 4252 1113 4323 pmnitentiam
1144 4252 1473 4326 ltuttitlttatis.
1509 4258 1572 4307 Et
1602 4252 1721 4309 rete
1747 4252 2011 4326 quaslibei

448 4323 641 4380 cedrus
668 4341 759 4393 per
787 4327 1204 4401 eosconlrutget
1246 4323 1524 4401 Dominus,
1545 4326 1687 4401 _qu_ia_
1725 4323 2011 4401 confringet

445 4400 598 4450 (tium
620 4408 793 4448 cearos
820 4394 1019 4455 Libani,
1045 4399 1181 4462 quod
1206 4406 1286 4447 est
1318 4413 1345 4447 a
1376 4396 1580 4461 majori.
1614 4394 1841 4452 Libauus
1868 4394 2007 4455 etum

445 4468 823 4535 interpretatur
844 4468 1191 4535 candidatus,
1216 4465 1328 4518 sive
1363 4468 1678 4518 candidatio.
1736 4467 1836 4521 Per
1855 4469 2008 4524 Liba-

448 4534 775 4605 num’naque
808 4536 1115 4602 intelligitur
1168 4534 1417 4588 Judatcus
1460 4540 1701 4603 pupulas,
1734 4538 1818 4606 qui
1872 4546 2009 4595 Inter

447 4619 673 4661 caeteros
730 4619 949 4674 popuos
1003 4606 1208 4657 cultura
1256 4608 1513 4657 idolorum
1570 4616 1623 4658 et
1684 4609 2008 4675 ignobilitate

446 4693 624 4729 tat-ms
652 4692 800 4743 quasi
831 4677 1132 4742 denigratos
1161 4677 1417 4728 candidus
1458 4676 1679 4737 exstitit,
1702 4690 1753 4730 et
1795 4693 2008 4745 generis

447 4748 727 4800 nobilitate
752 4754 809 4817 et
831 4750 1070 4797 saeculari
1095 4748 1348 4817 potentia,
1380 4755 1433 4797 cl
1454 4747 1577 4817 quia
1609 4750 1737 4817 legis
1781 4750 2007 4817 cerimo-

449 4820 565 4869 nias
591 4816 928 4883 singular-lter
956 4816 1176 4883 atccpit.
1228 4814 1327 4868 l’tr
1368 4816 1559 4869 cedrus
1602 4814 1779 4870 autem
1816 4816 2006 4874 Libani

443 4890 659 4959 superbi
688 4891 753 4939 de
781 4884 1000 4959 iudaico
1031 4887 1222 4953 populo
1266 4886 1647 4959 intelliguntur,
1672 4890 1759 4956 qui
1790 4902 2007 4959 propter

447 4958 702 5010 malitiam
755 4955 1073 5030 singularem
1125 4971 1281 5025 qualn
1332 4955 1433 5009 sibi
1464 4955 1809 5030 arrogabant',
1837 4955 2005 5030 magis

442 5040 653 5094 semper
702 5026 910 5079 veritati
954 5030 1404 5081 contradixerunt.
1454 5028 1702 5099 Quosque
1751 5026 2007 5099 confregit

444 5100 498 5150 in
530 5107 677 5165 parte
701 5110 795 5164 per
820 5112 879 5149 se
903 5106 955 5148 et
975 5112 1067 5161 per
1088 5100 1354 5163 apostolus
1393 5111 1518 5149 suos
1563 5098 1834 5163 Dominus,
1867 5098 2003 5155 haud

443 5170 666 5222 dubium
692 5175 774 5218 est
800 5168 924 5233 quin
948 5167 1143 5218 tuultos
1169 5168 1303 5219 alios
1335 5169 1507 5219 minus
1556 5172 2001 5236 contradicentes,

434 5251 490 5293 et
507 5238 665 5293 laeile
684 5252 917 5289 errorem
934 5251 994 5287 su
1003 5250 1086 5287 um
1109 5240 1844 5305 cugttpsccntes,confregerit.
1861 5242 2003 5294 Uen-

438 5324 520 5363 tes
574 5310 715 5363 enim
765 5322 883 5373 qua:
931 5309 1235 5359 Creatorem
1280 5319 1535 5360 creaturae
1576 5320 2001 5379 postposuerant,

435 5384 592 5433 tacite
621 5394 679 5431 se
704 5392 912 5431 errasse
929 5387 1306 5445 cognoverunt,
1328 5386 1381 5429 et
1404 5379 1522 5431 ideo
1539 5377 1714 5430 statim
1738 5382 1799 5432 ad
1816 5377 2002 5436 sonum

432 5462 740 5516 apustouca:
785 5461 927 5501 vocis
973 5455 1353 5514 pteuttuerunt.
1408 5448 1464 5501 Si
1522 5462 1695 5499 autem
1751 5451 1876 5503 illud
1938 5456 2002 5505 ad

443 5522 725 5573 Dormitum
760 5519 930 5585 ipsum
954 5526 1233 5585 reteratnr,
1260 5528 1379 5571 tunc
1399 5518 1585 5571 cedrus
1614 5522 1755 5585 prius
1771 5522 1834 5572 ad
1862 5524 2005 5575 solos

436 5591 655 5644 θυαε-οε
708 5597 1005 5663 toleremus
1055 5604 1067 5639 :
1118 5595 1171 5663 ct
1215 5588 1359 5663 quod
1401 5602 1655 5663 statuitur,
1685 5592 1904 5657 scilicet,
1939 5592 2005 5644 Et

434 5662 722 5725 con/ringet
778 5657 1025 5709 Dominus
1068 5661 1242 5709 cedrus
1278 5656 1495 5721 Libani,
1544 5658 2002 5715 deternnnativutn

438 5739 646 5782 tantum
674 5742 721 5778 et
737 5728 795 5789 it,
819 5742 949 5793 quas
970 5730 1158 5780 cedrus
1184 5725 1521 5793 confregerit.

505 5798 571 5849 ει
596 5806 889 5848 cononmtet
912 5812 1010 5848 ros.
1039 5797 1163 5848 Dico
1191 5796 1331 5864 quod
1358 5796 1606 5851 Dominus
1626 5801 1904 5872 confringit
1926 5818 2004 5858 re-

2135 1878 2474 1934 testamcnto,
2504 1874 2611 1941 sive
2634 1873 2683 1923 in
2708 1870 2929 1941 terrenis
2953 1870 3144 1933 solum,
3172 1883 3273 1923 non
3300 1872 3706 1941 inetelestihns,

2132 1942 2474 1995 confidentes.
2502 1940 2595 1993 Vel
2618 1941 2767 1994 aliter
2803 1957 2815 1994 :
2851 1940 2985 1994 Vere
3013 1943 3311 1993 comminuet
3342 1957 3427 1995 eas
3453 1940 3709 2001 Dominus

2131 2013 2605 2085 tangaanrvitulum
2630 2010 2967 2085 Lib_ani,quia
2992 2008 3209 2085 dilectus
3232 2026 3251 2062 :
3283 2011 3456 2085 idest,
3481 2030 3711 2085 quisque

2132 2080 2181 2133 in
2207 2082 2311 2135 fide
2340 2082 2573 2143 electus;
2607 2094 2659 2135 et
2680 2082 2798 2134 ideo
2824 2083 3047 2152 dilectus
3072 2081 3174 2152 erit
3199 2082 3433 2152 humilis,
3458 2080 3701 2152 quemad-

2128 2152 2336 2203 modum
2363 2152 2501 2220 ﬁlius
2519 2151 2866 2213 unicornium,
2901 2151 2948 2202 id
2973 2150 3329 2214 est,Cltristus
3354 2150 3570 2208 humilis
3593 2157 3708 2212 fuit.

2133 2220 2222 2273 Vel
2251 2223 2481 2287 dilectus,
2515 2222 2565 2275 id
2595 2232 2704 2285 est,
2736 2220 3035 2287 ttnigenitus
3067 2220 3155 2273 Dei
3190 2220 3350 2273 Filius
3366 2228 3706 2281 comminue-

2131 2300 2213 2343 tur
2238 2294 2302 2344 ad
2328 2308 2445 2345 eum
2477 2294 2689 2345 modum
2710 2330 2726 2355 ,
2756 2292 2819 2344 ad
2844 2305 2999 2359 quem
3048 2289 3261 2343 modum
3284 2293 3381 2343 erit
3409 2293 3560 2360 [ilius
3592 2302 3705 2351 uni-

2127 2365 2382 2423 corm’um,
2414 2362 2465 2416 id
2488 2371 2591 2426 est,
2639 2371 2840 2414 tantum
2870 2360 3160 2414 secundum
3190 2375 3402 2415 carnem
3453 2366 3704 2421 humilia-

2128 2431 2265 2484 bitur
2291 2434 2545 2494 exterius,
2580 2447 2681 2484 non
2714 2445 2839 2485 vero
2863 2432 3153 2485 secundum
3178 2432 3423 2485 deitatem
3451 2436 3694 2492 interius.

2211 2501 2317 2554 Vox
2348 2502 2552 2556 Domini
2590 2502 2935 2555 intercidentis
2962 2501 3221 2568 flammam
3249 2502 3399 2570 ignis.
3440 2504 3575 2559 Vere
3601 2524 3699 2561 vos:

2129 2570 2334 2643 Domini
2375 2575 2659 2643 confringet
2700 2573 2909 2638 cedrus,
2952 2572 3072 2638 quia
3115 2572 3387 2626 intereldet
3427 2575 3700 2641 ﬂammam

2124 2642 2290 2710 ignis,
2338 2653 2392 2696 et
2418 2642 2695 2696 leuncutiet
2727 2646 3012 2707 demtum,
3055 2643 3370 2709 et~reliqua.
3421 2646 3577 2709 Quod
3620 2651 3699 2703 sic

2126 2715 2288 2765 dicit:
2331 2712 2443 2765 Vox
2490 2713 2696 2766 Domini
2740 2712 3029 2776 intonabit,
3081 2713 3285 2764 Domini
3316 2714 3438 2766 dico
3486 2718 3698 2770 interci-

2125 2784 2290 2854 dentis
2313 2798 2331 2834 :
2363 2784 2411 2836 id
2440 2794 2543 2844 est,
2569 2783 2854 2837 dividentis
2880 2793 2933 2835 et
2953 2784 3247 2849 separantis
3269 2784 3507 2850 [lautitias
3535 2789 3692 2854 ignis,

2126 2852 2207 2904 vel
2235 2853 2495 2906 furentem
2534 2854 2665 2907 itam
2708 2864 3129 2921 persecuturum,
3161 2855 3299 2921 quod
3331 2864 3457 2907 tunc
3487 2852 3691 2912 factum

2123 2932 2205 2975 est
2228 2925 2437 2990 quando
2466 2938 2557 2991 per
2581 2925 3010 2991 prtedicatiunem
3035 2925 3396 2987 apostolorum
3424 2930 3690 2993 quosdam

2124 2993 2190 3045 de
2218 2992 2297 3046 lus
2324 2995 2409 3062 qui
2438 2997 2583 3063 prius
2616 3003 2985 3063 persecutores
3018 2993 3252 3057 fuerunt,
3281 2996 3331 3046 in
3363 2992 3690 3054 charitatem

2124 3077 2276 3115 suam
2310 3066 2553 3131 trajecit,
2601 3065 2855 3132 quosdam
2890 3077 3018 3116 vero
3050 3066 3098 3116 in
3136 3067 3367 3132 nequitia
3395 3080 3495 3118 sua
3527 3072 3691 3123 dere-

2126 3132 2296 3200 liquit.
2357 3130 2484 3199 Vox,
2532 3130 2776 3201 inquam,
2813 3130 3021 3184 Domini
3070 3130 3299 3187 intonuit
3347 3141 3692 3195 concutientis

2124 3207 2393 3277 desertum,
2431 3207 2617 3277 idest,
2658 3205 2918 3277 gentilem
2943 3207 3190 3277 populum
3242 3206 3407 3277 prius,
3434 3220 3465 3257 a
3518 3214 3691 3277 patri-

2122 3273 2299 3326 arcltis
2317 3315 2330 3337 ,
2368 3275 2640 3343 prophetis
2665 3282 2720 3327 et
2743 3274 2952 3326 ca'teris
2979 3274 3175 3327 divinis
3203 3276 3499 3329 cultoribus
3518 3273 3690 3335 vdere-

2125 3343 2347 3419 licturn;
2382 3357 2450 3419 Act
2497 3345 2617 3399 ideo
2654 3346 2929 3419 desertum
2969 3348 3269 3419 concutiet,
3324 3348 3371 3398 id
3420 3358 3539 3412 est,
3597 3368 3690 3419 per

2124 3415 2553 3479 pra-dicationent
2603 3416 2963 3481 apustulorum
3017 3417 3261 3476 escolet.
3313 3428 3365 3469 et
3415 3415 3684 3477 arabilem

2110 3493 2316 3537 terram
2349 3484 2520 3540 faetet.
2556 3483 2624 3537 Et
2651 3491 2751 3536 hoc
2778 3485 2951 3537 taliter
2977 3487 3085 3546 fiet,
3112 3487 3230 3553 quia
3262 3485 3518 3541 Dominus
3546 3507 3686 3545 eam.

2120 3555 2354 3619 movebit,
2384 3556 2432 3609 id
2461 3561 2562 3617 est,
2593 3555 2849 3608 celebrari
2878 3554 3032 3608 faciet
3058 3556 3125 3608 ab
3154 3557 3256 3609 illis
3282 3568 3685 3617 commovendo

2120 3626 2183 3676 ad
2210 3639 2393 3678 eorum
2423 3626 2662 3678 notitiam
2697 3639 2789 3697 per
2821 3625 3100 3693 Apustolos
3130 3630 3376 3679 desertum
3407 3627 3603 3697 Gades,
3635 3636 3683 3689 id

2120 3706 2466 3769 estsanctutn
2504 3697 2632 3763 legis
2663 3710 2691 3747 a
2714 3696 2922 3769 _Jlld:.l.‘l$
2954 3699 3098 3763 prius
3128 3708 3381 3769 quantum
3413 3700 3483 3751 ad
3517 3696 3682 3769 spiri-

2122 3764 2312 3818 tualem
2342 3767 2663 3819 intellectum
2694 3765 2988 3830 desertum,
3021 3778 3074 3818 et
3103 3764 3418 3831 simpliciter
3439 3772 3513 3823 ad
3541 3764 3681 3828 litte-

2110 3848 2229 3887 ram
2259 3837 2607 3911 intellectum.
2644 3836 2818 3911 Gades
2843 3837 2984 3889 enim
3006 3848 3234 3911 sanctum
3265 3840 3387 3907 legis
3418 3839 3682 3911 interprc.

2120 3915 2275 3957 tatur.
2329 3908 2391 3959 Et
2439 3921 2544 3975 quo
2590 3907 2747 3959 modo
2776 3906 3046 3959 desertum
3096 3908 3220 3960 illud
3269 3906 3679 3969 commoveatur

2117 3978 2333 4043 exponit
2361 3976 2581 4030 dicens:
2623 3977 2730 4029 Vox
2764 3975 2969 4028 Domini
2992 3977 3287 4041 intonabit,
3326 3988 3675 4047 prmparantis

2115 4058 2315 4111 cervos,
2360 4048 2413 4099 id
2456 4056 2569 4110 est,
2610 4050 2699 4114 qui
2735 4049 3054 4115 praeparabit
3081 4050 3347 4114 apostolos
3374 4065 3675 4118 exsupera-

2118 4124 2257 4186 tores
2303 4128 2354 4169 et
2401 4124 2702 4185 repulsures
2735 4126 3008 4170 venenati:
3040 4118 3297 4170 dOleitt;L'
3340 4129 3391 4171 et
3439 4137 3670 4186 persna-

2113 4185 2278 4239 sionis
2308 4188 2545 4252 illorum,
2592 4190 2679 4255 qui
2724 4188 2774 4240 in
2820 4189 3042 4241 terrenis
3073 4202 3249 4240 verant
3278 4189 3669 4249 beatitudinem

2115 4269 2268 4324 posse
2311 4258 2489 4333 haberi
2532 4261 2824 4333 putabant,
2877 4270 2931 4333 et
2977 4260 3111 4309 alios
3142 4260 3403 4333 docebant
3455 4263 3513 4314 in
3565 4282 3671 4333 quo

2113 4337 2235 4379 sunt
2255 4328 2425 4380 cervis
2450 4330 2852 4393 comparabiles.
2883 4329 3171 4381 Cervorum
3195 4332 3335 4382 enim
3363 4340 3450 4383 est
3478 4328 3668 4389 natura

2111 4399 2329 4464 singulis
2359 4400 2510 4450 annis
2539 4409 2593 4451 ut
2622 4412 2823 4450 cornua
2864 4399 3127 4471 deponant
3156 4438 3171 4461 ,
3221 4411 3273 4452 et
3315 4400 3667 4471 illllUVt‘llNll',

2114 4479 2426 4542 venenatum
2458 4480 2755 4542 serpentem
2785 4472 2900 4522 sine
2938 4470 3109 4542 aliqua
3141 4471 3355 4524 liBaiOlle
3385 4470 3667 4542 transglué

2040 4524 2088 4583 Ι)
2116 4539 2340 4591 tinentes
2365 4554 2379 4590 :
2412 4550 2458 4590 et
2488 4524 2578 4605 per
2600 4539 2696 4591 ltus
2718 4554 2920 4602 cervos,
2948 4539 2996 4591 id
3024 4524 3124 4601 est,
3154 4554 3245 4607 per
3268 4542 3362 4593 hos

2108 4610 2343 4660 reuelabit
2392 4609 2645 4662 Dominus
2690 4612 2963 4661 condensa.
3019 4612 3168 4674 Quod
3215 4621 3296 4663 est
3340 4613 3550 4668 dictum
3600 4617 3667 4671 ad

2107 4679 2527 4732 suuilttudinetu.
2582 4680 2767 4733 Solent
2812 4681 2953 4733 enim
3004 4682 3147 4734 certi
3197 4681 3334 4734 inter
3378 4690 3665 4740 condensa

2108 4761 2381 4801 nemorum
2414 4749 2799 4824 ingredientes,
2848 4765 3025 4802 ramos
3060 4752 3187 4824 ipsis
3217 4752 3476 4805 cornibus
3507 4770 3667 4824 sepa-

2109 4831 2247 4888 rare,
2276 4832 2331 4871 et
2360 4834 2601 4888 catnpum
2636 4822 2721 4872 ubi
2753 4833 3036 4888 pascantur
3063 4823 3158 4873 sibi
3206 4832 3260 4874 et
3303 4824 3421 4874 aliis
3451 4822 3663 4878 anilita-

2108 4887 2244 4939 libus
2288 4887 2528 4956 aperire,
2584 4901 2720 4943 sicut
2754 4887 2935 4943 sancti
2985 4890 3211 4959 apostoli
3259 4904 3564 4959 opacitates
3610 4906 3664 4949 et

2106 4962 2309 5011 oet-ulta
2350 4962 2596 5028 mysteria
2639 4962 3027 5028 Scripturarnrn
3053 5001 3067 5025 ,
3120 4964 3171 5013 in
3221 4965 3411 5029 quibus
3461 4977 3520 5017 et.
3563 4968 3660 5032 ipsi

2107 5040 2451 5095 pascerentur
2474 5034 2687 5083 etaltus
2719 5041 3023 5098 pascerent,
3063 5041 3422 5099 aperuerunt;
3470 5046 3531 5088 et
3580 5036 3661 5089 nis

2104 5102 2387 5152 eandensis
2420 5115 2511 5165 per
2538 5109 2807 5165 apostmos
2836 5112 2889 5153 et
2915 5116 3098 5155 eorum
3129 5115 3477 5156 successores
3507 5120 3661 5159 reve-

2104 5167 2219 5222 latis
2248 5184 2437 5233 omnes,
2475 5172 2522 5223 td
2560 5183 2640 5224 est
2679 5171 2835 5239 aliqui
2866 5172 2933 5224 de
2961 5174 3181 5239 singulis
3209 5178 3459 5237 gentibus
3490 5178 3660 5227 dicent

2104 5240 2361 5308 gloriam,
2410 5244 2460 5293 id
2504 5253 2621 5304 cst,
2670 5242 3055 5295 annuntiabmit
3094 5244 3313 5310 gloriam
3356 5242 3575 5297 Domini
3606 5248 3661 5298 in

2106 5310 2287 5380 templo
2315 5318 2442 5379 ejus,
2495 5314 2541 5362 td
2588 5323 2669 5364 est
2713 5316 2761 5365 in
2794 5312 3052 5376 Ecclesia,
3085 5330 3197 5380 quia
3225 5328 3330 5365 non
3360 5317 3546 5367 solum
3578 5325 3658 5367 ta-

2105 5378 2441 5433 bernaculum
2476 5381 2566 5434 Dei
2596 5383 2806 5445 dicitur,
2854 5387 2945 5434 sed
2994 5378 3152 5436 etiam
3196 5389 3385 5435 domus
3421 5396 3481 5437 et
3525 5397 3659 5439 tent-

2106 5451 2446 5523 plum_cjus,
2499 5463 2552 5502 et
2599 5455 2697 5504 hoc
2731 5456 2958 5519 quisque
2990 5455 3143 5505 Iactet
3190 5468 3286 5520 pro
3332 5456 3482 5507 dono
3512 5457 3659 5523 quod

2103 5520 2305 5587 accepit
2326 5539 2351 5573 a
2377 5524 2576 5587 Spiritu
2598 5534 2801 5585 sancit),
2820 5524 3032 5588 quidam
3055 5523 3193 5577 enim
3215 5526 3372 5575 dictis
3394 5534 3450 5576 ct
3476 5520 3657 5591 laetis,

2103 5591 2313 5661 quidam
2345 5608 2471 5644 vero
2501 5606 2595 5658 pro
2623 5591 2748 5644 solis
2777 5595 2928 5645 bonis
2957 5596 3207 5661 operibus
3236 5605 3289 5645 et
3314 5600 3391 5646 sic
3417 5599 3660 5649 diversis

2105 5660 2307 5725 modis;
2344 5663 2441 5714 hoc
2470 5672 2644 5715 autem
2675 5664 2791 5714 ideo
2818 5660 3044 5727 eveniet,
3077 5677 3197 5731 quia
3230 5662 3485 5716 Dominus
3528 5668 3659 5718 dum

2104 5731 2374 5798 vagabitur
2404 5733 2454 5784 in
2486 5746 2606 5783 arca
2637 5747 2729 5784 sua
2749 5771 2762 5793 ,
2808 5734 2854 5783 id
2884 5743 2968 5784 est
2997 5738 3047 5784 in
3077 5736 3470 5787 Ecclesiasticts
3505 5737 3657 5788 insti-

2106 5810 2249 5865 tutis,
2281 5803 2329 5855 in
2362 5809 2550 5870 quibus
2580 5816 2698 5857 octo
2726 5816 2944 5870 atntttat,
2979 5805 3029 5858 id
3059 5813 3173 5867 est,
3203 5820 3386 5859 ttllltes'
3417 5808 3659 5872 perfecti
