3922 6190
282 334 384 393 6‘25

987 333 1050 388 IN
1091 328 1505 387 PSALMURUM
1548 327 1797 385 UERUM
1838 324 2192 383 EXEGESIS.
2235 354 2302 367 —-
2344 325 2589 382 PSALM.
2634 322 2825 379 XXIX.

3423 322 3525 407 eeo

275 457 640 514 salvabuntur.
673 456 771 510 hac
799 465 852 511 et
879 454 998 509 illac
1028 468 1123 520 per
1148 452 1401 508 diluvium
1424 494 1440 516 ,
1489 452 1536 505 id
1582 459 1694 512 est,
1739 463 1831 516 per
1863 446 1911 503 A
1936 446 1989 498 in
2015 460 2257 520 corpore,
2282 444 2419 497 unde
2440 445 2638 520 dictum
2668 453 2779 497 est:
2810 441 2943 520 Deus
2974 440 3127 520 Pater
3146 439 3233 510 qui
3255 438 3513 520 Christum

278 528 522 581 homines
566 527 655 595 qui
704 528 850 593 prius
895 519 1050 580 erant
1093 525 1243 593 quasi
1292 523 1547 595 diluvium
1584 523 1737 586 positi
1783 519 1833 571 itt

278 598 541 662 profundo
570 592 840 657 vitiorum,
879 605 932 649 et
958 597 1009 648 in
1043 592 1295 662 procellis
1323 592 1616 644 carnalium
1648 605 1846 662 conca:

278 659 687 734 piscentiarum,
743 668 890 728 faciet
936 659 1149 718 sanctos
1197 678 1322 716 suos
1374 662 1669 734 inhabitare
1719 659 1844 734 illud

275 729 545 791 diluvium.
594 738 646 790 ld
677 748 778 798 est,
814 736 1158 789 habitabilem
1190 745 1243 787 et
1273 733 1500 786 fertilem
1537 742 1732 783 terram
1766 729 1844 781 fa-

278 823 407 861 cere
440 809 576 871 illos,
610 809 696 875 qui
729 808 877 875 prius
906 814 1062 859 erant
1090 805 1342 857 diluvium
1370 820 1383 855 :
1417 813 1462 855 et
1491 801 1566 875 sic
1599 800 1848 853 Dominus

275 878 489 941 sedebit,
517 871 1004 930 ltoc‘est'hahitahit
1031 878 1079 927 itt
1105 876 1229 937 illis,
1255 876 1323 926 ita
1354 883 1417 925 ut-
1435 876 1501 925 sit
1529 871 1638 925 Rea:
1662 885 1845 941 eorum

278 954 331 1000 tn
371 958 652 1011 a'ternum;
696 948 746 1000 id
790 956 871 1000 est
911 954 1059 1007 regat
1099 960 1192 999 eos
1233 943 1576 997 :eternaliter.
1637 941 1703 1011 Et
1750 940 1850 993 hoc

278 1018 440 1071 modo
472 1029 616 1083 reget
644 1033 758 1080 eos,
786 1016 908 1083 quia
935 1015 1180 1068 Dominus
1207 1016 1347 1067 dabit
1374 1014 1628 1071 virtutem,
1662 1010 1709 1064 id
1741 1018 1849 1083 est,

275 1082 632 1141 constantiam
666 1089 716 1141 in
749 1082 887 1141 bono
918 1089 1108 1156 populo
1146 1101 1260 1139 suo.
1317 1085 1380 1136 Et
1411 1083 1659 1136 Dominus
1689 1082 1850 1156 etiam

277 1158 583 1221 benedicet,
611 1158 662 1211 id
701 1167 817 1217 est,
859 1151 1201 1223 augmentum
1240 1163 1294 1207 et
1325 1169 1547 1207 numero
1574 1162 1629 1207 et
1657 1151 1854 1223 virtute

276 1227 623 1281 dubiteidem
658 1229 847 1294 papula
876 1221 1000 1291 suo,
1053 1235 1111 1279 ut
1158 1225 1369 1278 tandem
1419 1233 1580 1291 ponat
1628 1236 1749 1275 eum
1800 1221 1852 1274 in

282 1312 417 1364 pace
442 1307 605 1351 eunte
634 1296 687 1350 in
727 1298 979 1364 idipsutn,
1013 1297 1062 1349 id
1094 1305 1176 1350 est
1207 1298 1258 1349 in
1291 1302 1494 1348 aeterna
1524 1294 1711 1358 requie
1732 1330 1749 1355 ,
1798 1298 1856 1344 ut

283 1367 565 1421 benedicet
596 1368 670 1420 illi
704 1368 878 1434 posito
911 1368 995 1421 hic
1024 1368 1075 1419 in
1110 1380 1272 1433 pace,
1324 1365 1374 1417 id
1421 1373 1535 1426 est,
1584 1366 1634 1415 in
1668 1364 1855 1434 obser-

283 1438 464 1490 vantia
508 1438 662 1491 bonae
705 1431 846 1491 vitae.
899 1431 1245 1492 Observantia
1296 1444 1475 1488 autem
1524 1436 1675 1487 bona:
1728 1431 1855 1484 vita:

281 1518 365 1559 est
402 1507 625 1576 litigium
660 1507 856 1563 habere
884 1522 1003 1563 cum
1037 1507 1211 1570 vitiis,
1245 1520 1431 1575 pacem
1462 1519 1581 1558 cum
1616 1502 1860 1557 moribus

280 1577 519 1645 Optintis.

750 1648 815 1702 IN
855 1647 1176 1703 PSALMUM
1215 1644 1403 1699 XXIX.

360 1739 603 1795 Psalmus
633 1739 825 1795 cantici
857 1741 908 1794 itt
938 1738 1274 1794 dedicatione
1305 1738 1495 1792 domus
1525 1734 1716 1789 David.

889 1846 1270 1886 ARGUMENTUM.

358 1923 611 1977 Elevatus
635 1922 892 1977 Ezechias
916 1923 1148 1975 victorize
1168 1930 1272 1974 tam
1290 1921 1534 1989 gloriosa:
1570 1929 1858 1985 proventu,

282 1996 637 2059 :Pgrotatione
668 2002 946 2059 correptus
973 2002 1076 2055 εει,
1111 2000 1168 2043 ut
1198 2008 1306 2044 sua:
1339 1989 1645 2059 fragilitatis
1672 1991 1861 2042 admo-

282 2065 495 2118 nitione
540 2066 832 2132 deponeret
878 2062 1235 2127 arrOgantiam
1262 2063 1425 2132 zisub
1472 2060 1589 2129 ejus
1624 2059 1864 2132 proinde

283 2150 513 2200 persona
537 2131 807 2187 aberrare
828 2135 1057 2198 correpti
1089 2175 1102 2197 ,
1126 2133 1193 2185 ab
1224 2131 1529 2185 inﬁrmitate
1558 2131 1746 2182 salvati
1767 2171 1780 2194 ,
1811 2137 1867 2182 et

279 2205 351 2257 ab
385 2205 626 2257 hostibus
652 2204 789 2258 eruti
819 2205 1107 2272 gratiarum
1137 2204 1276 2255 actio
1304 2201 1644 2272 pra-dicatur,
1685 2212 1738 2254 et
1770 2214 1865 2272 pro

280 2275 699 2328 conversatione
731 2271 911 2341 templi
932 2315 947 2337 ,
982 2282 1235 2338 tanquam
1270 2287 1365 2340 pro
1398 2271 1738 2325 dedicatione
1770 2271 1865 2324 de-

281 2354 556 2399 cantatur.
589 2345 757 2399 Aliter
784 2343 1020 2399 Ecclesia
1048 2353 1165 2395 orat
1193 2358 1313 2397 cum
1346 2342 1529 2396 laude.

892 2448 1245 2487 EIPLANATIO.

358 2527 607 2583 Psalmus
636 2527 820 2581 cantici
847 2535 919 2579 est
947 2542 1061 2578 cum
1089 2524 1242 2577 choro
1272 2532 1603 2576 antecanente
1626 2523 1867 2577 humauit

280 2599 623 2663 conlationis,
669 2598 856 2667 hymno
904 2612 988 2648 ars
1034 2594 1215 2667 organi
1263 2594 1585 2667 consonantis
1621 2603 1863 2667 aptatur,

281 2672 425 2742 quod
452 2663 731 2733 ubicunque
753 2667 978 2742 ponitur,
1006 2664 1221 2742 ostendit
1244 2680 1331 2735 per
1353 2663 1655 2742 vagnitionis
1679 2665 1867 2718 divina:

283 2736 554 2794 scient/ant
584 2756 726 2791 usum
756 2736 874 2791 boni
905 2737 1069 2806 operis
1099 2736 1576 2806 essetractaudum,
1608 2745 1865 2803 quatenus

282 2820 520 2875 optatam
550 2810 773 2876 ﬁdelium
805 2805 1056 2877 gestorum
1094 2805 1410 2877 efﬁcientiam
1449 2806 1690 2873 praecedit
1708 2815 1866 2877 _ante-

280 2873 393 2933 rior
440 2882 506 2932 de
551 2873 657 2931 Deo
707 2873 892 2948 adepta
938 2873 1178 2948 cognitio.
1242 2875 1432 2948 Domus
1481 2887 1650 2948 autem
1700 2873 1865 2929 David

284 2950 550 3004 Dominici
571 2950 794 3019 corporis
807 2945 865 3000 in
884 2946 1145 3016 templum,
1161 2945 1409 3019 dedicatio
1432 2961 1545 2998 vero
1568 2947 1674 3019 ejus
1699 2960 1867 2998 resur-

282 3025 568 3075 rectionem
596 3016 705 3089 ejus
735 3018 948 3071 ostendit
973 3061 988 3083 ,
1036 3033 1137 3089 qua
1167 3016 1218 3089 in
1248 3026 1492 3089 (sternam
1522 3016 1737 3089 gloriam
1757 3032 1864 3089 Apo-

282 3084 631 3158 testatcmque
653 3091 945 3156 perductum
972 3084 1065 3140 est.
1094 3084 1274 3158 Prima
1298 3084 1590 3158 narratione
1616 3085 1863 3139 Dominus

282 3143 402 3231 post
434 3143 815 3231 restirrec'tionis
840 3158 1057 3231 gloriam
1083 3156 1228 3231 Patri
1253 3157 1442 3231 gratias
1460 3157 1584 3224 agit,
1604 3159 1729 3231 quia
1753 3173 1864 3231 eum
1891 3143 1937 3205 C

283 3226 350 3283 de
392 3232 574 3283 ntundi
614 3230 758 3283 istius
796 3226 1099 3281 adversitate
1138 3228 1401 3298 liberavit,
1450 3229 1639 3281 sanctis
1678 3226 1866 3298 jubens

281 3303 501 3355 laudem
535 3300 698 3353 dicere
730 3299 969 3359 Domino,
998 3297 1204 3363 quando
1249 3298 1478 3350 universa
1524 3298 1575 3351 in
1620 3300 1731 3366 ejus
1778 3314 1871 3367 po-

283 3381 473 3426 trstate
502 3380 619 3424 sunt
649 3372 830 3437 posita.
883 3370 1123 3423 Secundo
1152 3383 1204 3420 se
1233 3368 1355 3420 dicit
1398 3385 1427 3419 a
1468 3386 1561 3422 sua
1588 3370 1871 3421 constantia

284 3461 393 3496 non
427 3442 750 3505 movendum,
786 3441 992 3507 insuper
1020 3438 1215 3491 addens
1246 3442 1505 3506 pracon‘a
1536 3439 1812 3491 divinitatis
1843 3456 1874 3491 η

282 3516 418 3567 vivis
449 3514 642 3581 potius,
676 3528 775 3563 non
809 3528 840 3563 a
870 3509 1083 3581 mortuis
1114 3524 1220 3561 esse
1248 3510 1507 3581 solvenda.
1538 3507 1712 3561 Tertia
1745 3510 1875 3562 redit

283 3586 357 3636 ad
386 3578 809 3637 resurrectionem
831 3596 974 3633 suam
996 3580 1142 3630 laetus
1163 3578 1445 3639 exsultans,
1474 3582 1731 3644 quoniam,
1763 3595 1876 3632 car-

283 3656 369 3707 nis
394 3653 681 3723 fragilitate
708 3651 955 3721 deposita,
980 3649 1030 3701 in
1065 3661 1254 3702 wterua
1278 3650 1555 3716 majcstutis
1582 3667 1685 3703 sum
1708 3648 1877 3719 gloria

283 3734 599 3795 perseveret.

878 3805 1297 3846 εοιωιεδτλιιευε.

364 3885 631 3940 Exaltnbo
680 3894 744 3947 te,
799 3881 1031 3936 Dom'ne.
1083 3884 1301 3934 'l'itulns
1330 3892 1410 3935 est
1453 3881 1592 3948 talis,
1642 3883 1879 3939 I’salmus

285 3959 488 4011 cantici
518 3957 570 4007 in
600 3955 918 4007 dedicatione
946 3954 1127 4006 domus
1156 3952 1340 4005 David.
1398 3954 1592 4006 Domus
1624 3969 1749 4008 vero
1777 3954 1879 4009 Da-

283 4030 376 4082 vid
397 4068 415 4090 ,
458 4027 507 4079 id
540 4036 622 4079 est
654 4025 919 4088 Ecclesia,
957 4040 1075 4091 qua:
1101 4026 1154 4076 in
1190 4025 1434 4090 prmsenti
1465 4024 1643 4079 labore
1671 4039 1881 4080 summo

285 4111 346 4153 et
390 4096 833 4151 tribulationibus
874 4094 1035 4147 variis
1079 4102 1184 4146 tam
1229 4094 1281 4147 in
1326 4093 1584 4147 universis
1624 4110 1780 4163 quam
1827 4098 1880 4152 in

282 4167 529 4236 singulis
560 4168 871 4218 aediﬁcatur.
926 4165 1048 4217 Ilazc
1091 4165 1281 4236 domus
1312 4165 1520 4217 tandem
1552 4165 1883 4222 dedicabitur

281 4242 339 4293 in
372 4232 692 4301 communi,
738 4236 939 4289 scilicet
970 4232 1387 4300 resurrectione,
1433 4236 1643 4303 quando
1672 4238 1884 4292 mortale

281 4311 387 4362 hoc
434 4305 736 4360 absorbetur
765 4305 824 4357 ab
856 4303 1254 4365 immortalitate,
1285 4316 1338 4357 et
1366 4306 1578 4373 quando
1608 4310 1883 4375 apparebit

280 4380 465 4447 gloria
511 4376 690 4444 populi
736 4375 863 4447 Dei,
916 4374 1003 4440 qui
1033 4375 1643 4447 _nunc‘_in_tedilicando
1684 4374 1717 4430 'a
1764 4379 1883 4434 liliis

286 4443 591 4510 iidem,”
638 4446 930 4515 estrEsan,
964 4444 1116 4515 valde
1161 4443 1441 4515 tribulatur
1479 4455 1533 4498 et
1572 4446 1878 4515 impeditur,

285 4530 423 4572 tunc
454 4532 584 4570 vere
611 4516 661 4569 in
689 4514 1040 4568 admiratione
1066 4514 1206 4568 illius
1233 4514 1416 4581 gloria:
1439 4515 1678 4571 dicturus
1704 4535 1717 4571 :
1747 4514 1880 4572 Ecce

277 4606 419 4653 quos
443 4588 726 4651 aliquando
746 4584 1013 4637 habuimus
1033 4584 1084 4636 in
1104 4585 1344 4648 derisum,
1361 4593 1408 4637 et
1429 4586 1478 4637 in
1494 4587 1876 4642 similitudinem

280 4660 480 4712 mortis
510 4656 821 4725 impmperii,
852 4656 1107 4727 quomodo
1136 4657 1413 4724 comparati
1446 4667 1559 4727 sunt
1590 4657 1719 4710 inter
1741 4660 1877 4727 ﬁlios

280 4730 387 4783 Dei
403 4769 419 4790 ,
474 4737 523 4781 et
553 4727 679 4778 inter
706 4736 903 4779 sanctas
930 4725 1137 4778 illarum
1164 4732 1232 4777 est
1261 4742 1369 4779 sors
1390 4727 1415 4779 ?
1454 4726 1706 4780 Dedicare
1733 4725 1873 4784 enim

279 4800 518 4866 praprie
538 4807 621 4849 est
641 4796 834 4865 aliquid
854 4811 1044 4866 novum
1059 4794 1336 4848 azdilicium
1361 4796 1411 4848 in
1435 4810 1587 4849 usum
1609 4798 1872 4855 celebrem

277 4865 587 4937 deputare.
620 4866 757 4937 Vere
786 4866 899 4918 hinc
923 4865 1112 4937 domus
1151 4866 1203 4937 in
1233 4866 1495 4937 celebrem
1527 4881 1677 4921 usum
1709 4869 1875 4937 depu-

278 4935 524 4999 tabitur,
575 4936 786 5004 quando
835 4936 949 5001 ipse
1002 4936 1140 4989 Deus
1191 4935 1241 4987 in
1288 4936 1521 5005 singulis
1557 4935 1875 4996 mterttaliter

276 5008 559 5068 manebit,
594 5009 811 5059 (sistens
842 5006 1011 5058 omnia
1035 5006 1088 5057 in
1120 5005 1372 5059 omnibus.
1407 5006 1555 5060 Nunc
1584 5009 1745 5071 enim,
1774 5012 1873 5065 etsi

276 5084 336 5133 in
374 5077 545 5131 stabis
578 5077 806 5139 habitat,
848 5090 990 5144 smpe
1030 5087 1205 5128 tamen
1237 5081 1373 5129 malo
1403 5086 1591 5130 merito
1622 5090 1803 5133 nostro
1842 5097 1871 5135 a

274 5148 457 5203 nobis
486 5148 707 5200 recedit.
750 5147 878 5211 Qua:
905 5146 1248 5198 commutatio
1279 5154 1400 5200 tunc
1427 5148 1633 5213 penitus
1658 5151 1871 5205 exclusa

268 5221 414 5283 erit,
457 5221 575 5269 haec
605 5230 776 5269 autem
803 5215 1066 5269 dedicatio
1089 5216 1197 5282 jam
1228 5216 1361 5269 facta
1387 5228 1468 5270 est
1491 5220 1678 5285 partim
1710 5221 1760 5272 in
1792 5236 1869 5285 re,

272 5293 497 5358 partim
534 5287 584 5339 in
630 5302 742 5355 spe.
786 5286 1376 5358 Fundamentumenim
1403 5285 1512 5355 jam
1544 5288 1756 5342 realiter
1780 5290 1872 5344 de-

266 5354 537 5415 dicatum
562 5368 663 5423 est,
690 5358 739 5409 id
762 5366 863 5417 est,
886 5354 1132 5409 Christus
1151 5356 1238 5424 qui
1260 5356 1370 5424 jam
1399 5354 1537 5409 nunc
1560 5360 1868 5425 resurrexit,

268 5443 327 5485 et
362 5442 569 5483 rursus
598 5429 795 5493 positus
820 5429 986 5496 estad
1008 5426 1280 5480 dexteram
1308 5427 1396 5479 Dei
1420 5427 1609 5496 Patris,
1632 5429 1719 5496 qui
1747 5445 1872 5485 vere

263 5503 703 5553 fundamentum
731 5507 831 5550 εει.
882 5493 1036 5549 Juxta
1068 5496 1190 5548 illud
1223 5497 1464 5564 Apostoli
1492 5514 1502 5548 :
1537 5493 1870 5552 Fundamen-

260 5586 386 5625 tum
422 5570 570 5623 enim
610 5568 752 5619 aliud
784 5583 925 5618 nemo
952 5573 1116 5636 potest
1161 5582 1378 5632 ponere,
1425 5577 1606 5636 prwter
1642 5570 1694 5619 id
1736 5572 1871 5635 quod

258 5644 518 5711 positum
544 5648 638 5711 est,
663 5637 912 5711 Christus.
948 5635 1243 5711 Parietibus
1268 5635 1441 5711 autem
1470 5647 1688 5711 et__tecto
1715 5639 1869 5708 hujus

256 5704 512 5766 a'tl‘tticti
555 5709 663 5771 jam
696 5708 826 5758 facta
871 5716 951 5759 cst
978 5704 1243 5760 dedicatio
1274 5707 1323 5758 in
1355 5722 1466 5773 spe.
1518 5708 1747 5763 Necesse
1784 5704 1868 5765 est

252 5784 424 5838 enim
481 5778 623 5848 quod
655 5781 706 5831 itt
736 5777 990 5832 membris
1033 5786 1283 5846 sequatur
1311 5779 1560 5846 quidquid
1597 5783 1865 5848 praecessi;

1948 519 2262 569 resuscitarit
2306 532 2336 566 a
2384 516 2632 577 mortuis,
2687 524 2730 564 et
2781 529 2869 565 nos
2915 513 2968 565 in
3020 514 3132 577 ipso
3176 511 3516 565 resuscitabit.

1948 585 2154 639 Titulus
2177 596 2352 637 autem
2381 586 2455 637 sic
2480 584 2798 648 esponitnr:
2834 583 2934 635 Istc
2964 583 3217 646 psalmus,
3242 583 3291 634 id
3323 592 3403 634 est
3429 582 3460 634 lt
3485 598 3515 635 c

1950 657 2205 725 hymnus,
2254 655 2343 719 qui
2384 664 2466 707 est
2500 654 2721 715 oattlici,
2768 653 2821 725 id
2851 662 2933 706 est
2962 652 3367 725 exsultationis,
3399 654 3520 725 quia

1950 722 2180 787 pertinet
2205 726 2268 777 ad
2296 726 2437 778 illam
2463 740 2639 777 veram
2675 724 2929 790 Iustitiam,
2954 739 3110 789 quam
3140 722 3278 775 nulla
3308 723 3520 776 tristitia

1948 797 2263 849 intercurret
2289 835 2304 857 ,
2352 803 2432 847 est
2476 793 2823 848 dedicationis
2849 794 3041 846 domus
3072 791 3238 845 David
3261 834 3274 856 ,
3323 794 3372 845 id
3404 805 3483 845 est
3514 836 3527 855 ,

1950 868 2056 931 agit
2083 866 2151 918 de
2177 864 2510 917 dedicatione
2537 865 2726 917 domus
2756 864 2863 916 veri
2902 863 3083 915 David.
3123 864 3216 918 Est
3243 862 3384 916 enim
3421 879 3523 915 vox

1955 936 2144 1002 capitis
2192 935 2241 988 itt
2293 935 2393 987 hoc
2436 934 2659 1002 psalmo,
2689 935 2888 1002 gratias
2914 933 3087 1001 agenti
3118 935 3228 989 Deo
3262 933 3424 995 Patri,
3456 933 3523 987 de

1952 1006 2055 1060 hoc
2088 1005 2209 1075 quia
2248 1005 2515 1058 tristitiam
2554 1004 2815 1072 passionis
2853 1018 2969 1075 suae
3004 1006 3264 1059 convertit
3305 1004 3354 1056 iu
3397 1018 3526 1071 gau-

1953 1072 2542 1129 dium'resurrecdonis
2567 1114 2581 1138 ,
2629 1089 2722 1141 per
2762 1074 2901 1141 quod
2942 1072 3122 1128 donmi
3164 1088 3372 1143 quoque
3415 1088 3524 1126 sum

1954 1146 2101 1199 dedit
2146 1159 2296 1212 spem
2349 1145 2537 1198 latina:
2583 1143 2972 1207 dedicationis,
3026 1154 3078 1197 et
3127 1158 3267 1198 nunc
3312 1144 3522 1197 interitu

1950 1214 2215 1284 justitiam
2246 1216 2470 1269 internas
2499 1215 2937 1278 resurrectionis,
2984 1214 3033 1266 in
3064 1230 3169 1283 quo
3201 1230 3296 1268 nos
3322 1214 3521 1267 ethor-

1958 1295 2119 1350 tatur,
2166 1296 2227 1338 ut
2271 1286 2665 1353 quantumlibet
2694 1284 3028 1348 tribuletnur,
3075 1302 3179 1337 non
3212 1284 3524 1338 deliciamus

1959 1366 2132 1409 tamen
2174 1356 2225 1409 in
2265 1355 2639 1417 :cdilicatione,
2667 1370 2772 1421 quo
2801 1354 3013 1407 tandem
3042 1370 3169 1409 vere
3199 1356 3525 1423 gaudeamus

1957 1427 2011 1481 in
2053 1426 2404 1481 dedicatione.
2455 1426 2586 1480 Orat
2631 1434 2810 1478 autem
2863 1425 2916 1475 in
2969 1426 3068 1477 hoc
3118 1426 3323 1494 psalmo
3369 1435 3527 1488 caput

1958 1506 2196 1549 nostrum
2228 1496 2473 1549 Christus
2499 1511 2563 1549 ex
2595 1495 2827 1548 humana
2857 1493 3193 1562 inﬁrmitate,
3231 1496 3521 1549 secundum

1958 1580 2115 1634 quam
2142 1567 2397 1633 competit
2424 1568 2471 1620 ei
2501 1580 2676 1620 orare.

2030 1636 2085 1689 Si
2115 1637 2255 1689 enim
2287 1636 2540 1700 restricias
2581 1636 2645 1688 ad
2692 1637 2793 1689 hoc
2835 1635 2975 1703 quod
3021 1635 3074 1688 in
3121 1635 3370 1704 principio
3417 1646 3525 1688 erat

1966 1704 2207 1769 Verbum,
2240 1716 2283 1758 et
2316 1705 2450 1759 Deus
2476 1717 2582 1759 erat
2612 1704 2851 1769 Verbum,
2888 1720 2983 1757 nec
3017 1707 3173 1760 habet
3202 1721 3357 1775 quem
3389 1716 3525 1764 oret.

1895 1794 1941 1856 η
1972 1790 2142 1856 neque
2183 1792 2278 1841 pro
2308 1791 2412 1856 qur»
2440 1786 2589 1839 oret;
2642 1778 2683 1828 si
2720 1776 3143 1856 veroresiticias
3183 1777 3254 1856 ad
3302 1777 3349 1828 id
3373 1781 3524 1856 quod

1980 1844 2194 1898 Verbum
2222 1860 2340 1898 caro
2370 1847 2557 1915 factum
2578 1854 2670 1910 est,
2696 1856 2739 1899 et
2765 1845 3005 1897 habitavit
3033 1848 3083 1898 in
3110 1846 3271 1906 nobis,
3295 1854 3348 1898 ct
3373 1846 3533 1900 habet

1964 1930 2122 1984 quem
2152 1926 2269 1969 oret
2299 1925 2355 1971 et
2384 1932 2476 1984 pro
2506 1931 2610 1983 quo
2638 1925 2774 1969 oret.
2825 1915 3043 1969 Scilicet
3085 1932 3179 1983 pro
3211 1927 3260 1969 te
3291 1916 3522 1980 homine,

1965 1986 2088 2054 quia
2120 1987 2381 2040 mediator
2409 1986 2578 2039 factus
2614 1996 2697 2040 est
2736 1986 2876 2038 inter
2905 2000 3164 2039 summam
3196 1988 3521 2055 mqttilatent,

1965 2065 2020 2110 et
2040 2057 2277 2110 inﬁmam
2299 2057 2628 2125 iniquitatem
2657 2075 2667 2107 :
2700 2056 2813 2121 ipse
2833 2056 2953 2107 dico
2978 2055 3135 2109 homo
3162 2071 3265 2110 non
3290 2056 3519 2125 iniquus,

1965 2126 2059 2180 sed
2092 2128 2350 2180 iniit-mus.
2411 2125 2474 2180 Ut
2524 2140 2623 2193 per
2649 2127 2748 2179 hoc
2777 2125 2917 2191 quod
2960 2135 3100 2179 esset
3144 2142 3248 2179 non
3294 2128 3525 2192 iniquus,

1966 2195 2379 2264 coniungeretur
2407 2210 2628 2249 summae
2657 2196 2891 2263 :equitati
2921 2238 2934 2258 ,
2983 2211 3076 2262 per
3102 2204 3201 2249 hoc
3229 2211 3356 2249 vero
3385 2199 3523 2264 quod

1966 2266 2209 2321 inﬁrmus
2232 2305 2248 2330 ,
2298 2279 2493 2319 nosmn
2533 2266 2830 2321 sociaretur
2857 2264 3169 2319 inﬁrmitati.
3225 2266 3289 2319 Et
3319 2275 3400 2320 est
3428 2269 3531 2321 tale

1966 2337 2116 2405 quasi
2164 2337 2343 2390 dicat:
2400 2336 2623 2389 Domine
2674 2337 2849 2399 Pater,
2897 2336 3100 2404 ptimus
3148 2336 3309 2389 homo
3357 2337 3525 2390 Adam

1965 2407 2139 2461 erexit
2164 2421 2242 2470 se,
2265 2414 2318 2458 et
2339 2408 2489 2477 quasi
2517 2407 2781 2477 depressit
2812 2415 2884 2471 te,
2911 2406 3029 2474 quia
3058 2407 3226 2474 potuit
3248 2407 3411 2477 videri
3439 2410 3523 2462 vel

1968 2486 2020 2530 te
2047 2490 2167 2531 esse
2198 2477 2483 2539 intirmutn,
2518 2477 2606 2544 qui
2640 2476 2907 2529 hominem
2940 2477 3159 2537 fet-eras,
3191 2476 3340 2545 cujus
3374 2478 3528 2531 ltabi~

1969 2556 2079 2600 tum
2110 2562 2216 2600 non
2248 2560 2439 2611 noras;
2475 2546 2553 2600 vel
2582 2546 2724 2615 quod
2756 2561 2860 2598 non
2890 2560 3036 2599 esses
3068 2546 3298 2613 perfecte
3328 2548 3523 2611 bonus,

1967 2631 2123 2685 quem
2170 2626 2274 2669 tam
2328 2618 2436 2670 cito
2484 2626 2603 2669 tuus
2641 2616 2873 2670 deseruit
2918 2617 3364 2670 consecretarius.
3418 2619 3527 2683 Ego

1967 2698 2142 2740 autem
2175 2686 2506 2741 humiliando
2538 2702 2621 2740 me
2653 2688 2886 2740 exaltabo
2915 2695 2991 2749 te,
3032 2687 3150 2753 quia
3183 2703 3299 2740 mea
3330 2686 3527 2752 glorili-

1967 2762 2109 2811 catio
2138 2766 2224 2811 tua
2252 2758 2355 2811 erit
2380 2757 2655 2811 exaltatio.
2710 2758 2773 2810 Et
2814 2757 3005 2810 merito
3034 2758 3269 2810 exaltabo
3298 2770 3362 2821 te,
3396 2775 3523 2821 quo-

1969 2828 2107 2880 niam
2136 2829 2396 2896 suscepisti
2424 2842 2522 2890 nte,
2556 2827 2607 2881 id
2639 2836 2719 2881 est
2747 2842 2958 2881 causam
2994 2842 3162 2881 meam
3195 2839 3379 2881 contra
3410 2846 3527 2895 pra-

1968 2910 2062 2951 vos
2090 2898 2386 2952 causidicos
2409 2937 2427 2966 ,
2470 2897 2524 2950 id
2553 2908 2634 2951 est
2662 2908 2842 2951 contra
2872 2897 3085 2952 Judants
3112 2898 3262 2966 egisti
3282 2940 3297 2962 ,
3330 2907 3382 2952 et
3411 2900 3528 2951 ideo

1970 2983 2073 3021 non
2118 2967 2381 3022 dclectasti
2427 2968 2658 3021 inimicos
2701 2984 2869 3029 meos,
2918 2968 2967 3020 id
3017 2980 3097 3021 est
3145 2980 3522 3036 prmceptorem

1970 3038 2286 3107 iniquitatis,
2318 3038 2609 3109 diabolum,
2638 3047 2693 3092 et
2719 3040 2933 3092 Judtcos
2964 3055 2975 3090 :
3021 3046 3074 3092 et
3103 3039 3144 3090 si
3178 3039 3346 3109 lactus
3374 3056 3530 3109 stpcr

1969 3124 2048 3161 me
2076 3118 2332 3177 quantum
2364 3108 2429 3162 ad
2459 3110 2723 3175 exterius,
2771 3110 2895 3175 quia
2926 3109 3165 3174 quamvis
3195 3107 3527 3162 delectarent.

1972 3188 2054 3232 tur
2075 3178 2126 3231 in
2146 3189 2318 3233 morte
2336 3194 2474 3242 mea,
2500 3179 2588 3232 illa
2614 3188 2786 3232 tamen
2818 3180 3098 3233 delectatio
3121 3179 3185 3231 ad
3207 3179 3385 3231 horam
3414 3189 3531 3231 tan-

1972 3256 2083 3303 tum
2115 3249 2232 3313 fuit,
2280 3256 2335 3302 et
2359 3263 2617 3303 conversa
2648 3258 2730 3302 est
2758 3249 2838 3302 eis
2870 3251 2920 3301 in
2951 3259 3208 3301 aeternam
3241 3249 3526 3303 tristitiam.

2042 3317 2263 3371 Domine
2294 3318 2427 3372 Deus
2455 3335 2614 3383 meus,
2656 3318 2869 3371 clamavi
2898 3320 2964 3371 ad
2992 3332 3057 3372 te.
3109 3318 3229 3371 Ideo
3260 3334 3361 3371 non
3394 3320 3530 3372 (lele-

1974 3391 2141 3454 ctasti,
2176 3389 2418 3455 Domine,
2450 3390 2681 3443 inimicos
2729 3404 2885 3451 meos,
2917 3390 3037 3456 quia
3067 3389 3300 3451 clamavi,
3349 3389 3398 3441 id
3445 3400 3529 3441 est

1976 3459 2206 3513 validam
2234 3459 2412 3513 cordis
2440 3458 2784 3512 intentionem
2811 3460 2878 3511 ad
2904 3470 2950 3512 te
2975 3459 3165 3519 direxi,
3187 3460 3533 3514 considerans

1908 3574 1913 3581 .
1977 3532 2099 3598 quia
2131 3538 2183 3583 tu
2211 3544 2270 3583 es
2297 3529 2438 3583 Deus
2464 3544 2638 3594 meus,
2662 3544 2768 3583 non
2791 3544 2890 3599 ego
2914 3544 3032 3583 sum
3060 3529 3187 3582 mitti
3212 3530 3371 3594 Deus,
3396 3531 3532 3583 sicut

1978 3599 2141 3654 miser
2168 3599 2338 3653 Adam
2365 3600 2594 3667 seipsutn
2626 3599 2789 3653 Deum
2820 3600 3023 3668 putavit
3052 3616 3228 3669 suum,
3268 3610 3322 3654 et
3350 3617 3413 3654 ex
3439 3616 3535 3653 suo

1979 3679 2109 3724 nutu
2139 3670 2368 3738 pendere
2390 3670 2571 3724 voluit.
2608 3671 2672 3724 Et
2696 3670 2818 3740 quia
2839 3672 3053 3724 clamavi
3076 3672 3141 3723 ad
3168 3682 3233 3733 te,
3262 3680 3315 3724 tu
3340 3676 3534 3724 sanasti

1980 3756 2079 3804 me,
2105 3741 2156 3794 id
2180 3751 2271 3796 est
2288 3755 2482 3811 corpus
2503 3742 2906 3809 quod-saucium
2934 3743 3283 3810 passibilitate
3304 3748 3531 3809 portavl,

1982 3811 2382 3865 immortalitate
2425 3812 2698 3865 restituisti
2724 3828 2737 3863 :
2769 3821 2822 3865 et
2848 3814 3115 3878 quomodo
3144 3814 3411 3865 sanaverit
3438 3825 3531 3866 ex-

1980 3884 2131 3950 ponit
2172 3880 2394 3936 dicens:
2438 3882 2693 3949 Domine,
2744 3881 2964 3936 eduxisti
3000 3882 3223 3936 animam
3268 3898 3430 3935 meam
3472 3884 3535 3935 ab

1982 3955 2206 4020 inferno,
2259 3952 2308 4006 id
2353 3961 2436 4006 est
2481 3967 2584 4005 non
2616 3951 2899 4020 permisisti
2934 3953 3164 4006 animam
3198 3967 3370 4006 meam
3400 3953 3538 4008 sicut

1983 4021 2114 4075 alias
2160 4022 2213 4075 in
2256 4021 2463 4076 inferno
2491 4023 2739 4088 detineri,
2790 4023 2883 4077 sed
2934 4038 3052 4077 cum
3102 4024 3371 4090 triumpho
3417 4039 3535 4078 eam

1984 4092 2263 4159 reduxisti,
2296 4102 2349 4147 et
2395 4095 2472 4146 sic
2520 4107 2606 4146 me
2651 4093 2883 4147 secunda
2918 4095 3308 4148 resurrectione
3337 4098 3536 4149 clarili—

1983 4165 2157 4229 casti,
2208 4164 2459 4230 quoniam
2508 4164 2655 4232 prius
2707 4178 2801 4231 per
2833 4163 3053 4231 primam
3087 4167 3537 4220 resurrectionem

1985 4234 2413 4287 clarilicaveras:
2466 4248 2586 4286 nam
2617 4235 2825 4286 salvasti
2852 4250 2948 4299 nte,
2982 4234 3033 4287 id
3085 4245 3168 4289 est
3212 4240 3540 4291 resuscitasti

1987 4317 2073 4356 nte
2104 4307 2249 4375 prius
2293 4303 2346 4357 itt
2393 4303 2663 4365 interiori,
2698 4319 2790 4371 per
2816 4304 3199 4375 immunitatem
3229 4321 3257 4357 a
3287 4309 3538 4375 peccatis.

1986 4387 2073 4426 mc
2094 4374 2213 4427 dico
2234 4385 2531 4441 separatum
2558 4390 2589 4426 a
2611 4374 3021 4428 descendentibus
3047 4378 3098 4427 in
3120 4374 3307 4441 lacum,
3335 4377 3382 4429 id
3406 4389 3488 4431 est
3513 4397 3541 4429 a

1987 4444 2433 4498 Commorantibus
2460 4445 2509 4497 in
2540 4444 2798 4512 profundo
2821 4446 3088 4497 vitiorum.
3124 4448 3213 4498 Est
3234 4448 3373 4499 enim
3399 4449 3541 4500 lacus

1989 4530 2093 4582 quo
2119 4515 2395 4568 descendit
2426 4514 2534 4568 fere
2561 4529 2720 4568 omne
2765 4516 2987 4568 mortale
3013 4529 3200 4582 genus,
3232 4516 3535 4569 barathrum

1980 4584 2189 4655 scilicet
2216 4584 2438 4637 luxuria:
2466 4594 2519 4655 et
2549 4586 2709 4639 latius
2740 4585 3004 4653 nequitiae.
3041 4584 3095 4636 In
3120 4601 3275 4652 quem
3306 4586 3394 4638 ille
3421 4589 3539 4655 qui-

1979 4653 2100 4707 dem
2133 4668 2236 4708 non
2267 4654 2576 4719 descendit,
2616 4656 2702 4723 qui
2732 4666 2991 4723 peccatum
3020 4671 3120 4707 non
3149 4655 3297 4724 fecit,
3341 4653 3541 4711 nec—in-

1978 4735 2151 4795 ventus
2174 4734 2246 4778 est
2271 4726 2416 4795 dolus
2442 4726 2493 4777 in
2519 4740 2604 4777 ore
2630 4727 2761 4795 ejus.

2048 4794 2266 4848 Psallite
2293 4794 2528 4866 Domino,
2560 4794 2719 4866 sancti
2745 4799 2873 4866 ejus.
2913 4796 3049 4851 Ecce
3069 4796 3258 4864 capitis
3279 4797 3543 4853 dedicatio

1973 4864 2082 4933 jam
2126 4875 2302 4919 notata
2332 4874 2434 4919 est.
2488 4864 2587 4920 Ubi
2632 4864 2829 4919 dictum
2879 4878 2998 4921 est:
3035 4867 3272 4922 Eduxisti
3316 4871 3541 4923 animant

1976 4952 2139 4988 meam
2168 4939 2237 5008 ab
2260 4936 2484 5003 inferno.
2540 4936 2606 5008 Et
2634 4937 2755 5002 quia
2787 4939 2925 5005 quod
2960 4939 3227 5006 praecessit
3260 4942 3311 4993 in
3342 4944 3538 5008 capite,

1976 5006 2276 5059 necessario
2296 5015 2549 5074 sequetur
2572 5007 2621 5058 in
2646 5021 2889 5074 corpore.
2923 5008 3085 5063 Vetus
3110 5011 3251 5063 enim
3277 5018 3332 5064 et
3353 5006 3537 5066 verum

1976 5076 2315 5150 proxerbium
2341 5072 2609 5150 est_:_Quo
2637 5072 2810 5144 caput,
2841 5088 2886 5130 et
2913 5090 3093 5132 ctctera
3122 5081 3360 5136 membra.
3406 5083 3546 5150 Ergo

1974 5149 2123 5220 quasi
2160 5146 2347 5220 dicat:
2397 5145 2663 5220 [labentes
2696 5157 2903 5220 tantam
2935 5151 3304 5204 certitudinem
3336 5145 3536 5220 glorifi-

1976 5217 2201 5269 catiouis
2240 5225 2292 5269 et
2332 5217 2741 5271 resurrectionis
2772 5230 2961 5275 vestrae
2993 5221 3041 5273 in
3076 5236 3161 5274 me
3186 5217 3390 5287 capite,
3434 5236 3536 5276 vos

1974 5289 2135 5340 sancti
2181 5289 2324 5356 ejus,
2375 5286 2425 5339 id
2476 5296 2560 5359 est
2604 5302 2698 5341 vos
2746 5305 2879 5359 quos
2924 5291 3032 5358 jam
3085 5286 3337 5343 Dominus
3385 5290 3543 5346 Pater

1973 5359 2329 5409 sanetilicavit
2379 5372 2471 5423 per
2514 5356 2779 5425 juStitiaui
2822 5356 2998 5413 datam
3050 5361 3101 5412 in
3148 5362 3539 5414 I'CSttt't'cCliuttc

1974 5442 2090 5481 mea
2112 5469 2125 5490 ,
2176 5428 2378 5496 psallite
2406 5428 2623 5479 Domino
2654 5428 2817 5493 Patri,
2851 5429 2997 5496 quasi
3028 5431 3205 5482 dicat:
3242 5429 3453 5485 Gemite
3474 5434 3542 5486 de

1975 5509 2249 5565 praesenti,
2281 5498 2485 5565 psallite
2517 5499 2582 5550 de
2610 5497 2814 5563 futuro;
2846 5498 2993 5553 orate
3023 5501 3088 5553 de
3117 5515 3193 5563 re,
3225 5500 3451 5565 gaudete
3483 5504 3534 5555 in

1972 5582 2088 5636 spe.
2144 5570 2294 5633 Quod
2342 5567 2583 5620 ultimum
2633 5570 2711 5621 sic
2756 5572 2912 5632 dicit,
2952 5568 3307 5631 Coa/itemiui,
3361 5573 3415 5625 id
3458 5586 3542 5626 est

1975 5638 2182 5713 laudent
2210 5638 2369 5713 dicite
2394 5653 2488 5713 pro
2511 5636 2682 5713 futura
2710 5654 2804 5707 spe
2827 5643 3081 5693 memoria:
3100 5642 3376 5713 sanctitatis
3405 5644 3535 5713 cjtts,

1973 5710 2023 5763 id
2051 5719 2131 5763 est
2164 5709 2262 5782 ipsi
2295 5709 2534 5761 Domino.
2586 5711 2685 5776 Qui
2716 5725 2835 5782 cum
2868 5727 2958 5763 vos
2988 5713 3178 5765 essetis
3209 5711 3357 5767 obliti
3392 5709 3535 5782 ejus,

1974 5780 2419 5849 transgredientes
2442 5790 2701 5851 praecepta
2725 5781 2862 5851 ejus,
2884 5796 2986 5838 non
3014 5794 3092 5839 εει
3115 5784 3308 5840 oblitus
3339 5780 3528 5851 vestri,
