3922 6190
435 341 531 395 (551

931 337 1130 394 υΕΒΑΞ
1173 338 1617 395 VENERABILIS
1655 339 1803 394 OPP.
1848 336 2007 394 PARS

2116 377 2124 392 .
2171 336 2359 395 SECT.
2404 338 2467 395 ll.
2500 368 2570 381 --
2602 337 2803 396 DUBlA
2846 339 2935 397 ET
2972 342 3240 399 SPURIA.

3566 329 3674 387 65‘!

434 460 797 520 a‘grntantem,
829 451 964 504 Deus
992 450 1055 502 ad
1086 449 1388 513 hominem;
1417 467 1590 504 aurem
1622 460 1779 514 tuam,
1811 450 1861 503 id
1894 460 1994 513 εει,
2032 450 2073 507 Α
2103 448 2512 513 defendendam,
2533 464 2638 504 non
2669 450 3026 506 infirmitatem
3056 468 3248 517 meam,
3280 456 3371 507 sed
3402 456 3453 507 in
3492 470 3681 509 manus

438 522 719 587 potentiam
766 521 1077 573 exandiendi
1124 534 1243 585 qua:
1289 522 1338 573 iti
1372 532 1419 574 te
1445 530 1528 574 est
1560 522 1623 573 ad
1655 536 1735 573 me
1765 521 2001 573 claman-

436 601 575 653 tetn,
610 591 659 642 id
690 600 801 649 est,
830 590 1050 654 dispone
1079 589 1489 644 misericordiam
1522 600 1665 643 tuam
1697 605 1857 658 super
1895 605 1997 643 tne.

435 661 563 722 Quae
586 660 723 713 enim
750 658 1107 712 misericordia
1134 660 1301 726 major
1328 669 1499 728 potest
1518 675 1656 721 esse,
1682 675 1836 725 quam
1862 660 1998 727 quod

437 730 573 783 Deus
616 730 937 799 unigenitum
977 743 1130 781 suum
1176 731 1437 782 incarnari
1480 746 1573 798 pro
1619 730 1769 782 nobis
1807 731 2003 781 consti-

436 801 529 851 tuit
549 841 562 861 ,
600 815 702 851 non
736 808 789 851 ut
816 800 970 853 nobis
994 799 1224 862 viveret,
1259 801 1350 852 sed
1383 810 1437 852 ut
1468 815 1560 865 pro
1590 799 1744 853 nobis
1772 814 2003 852 morere-

435 870 558 920 tur?
589 868 814 931 Inclina,
849 870 1081 936 inquam,
1101 878 1145 921 et
1166 869 1413 934 accelera,
1438 879 1493 921 ut
1523 886 1668 921 eruas
1699 886 1795 931 me,
1825 869 1874 920 id
1902 878 1999 932 est,

436 948 495 990 ιιι
528 939 734 991 tandem
766 954 795 991 a
822 939 1090 992 consortio
1124 940 1377 991 malorum
1408 954 1620 1008 separes
1652 953 1763 999 ine,
1799 948 1850 989 et
1880 954 2004 993 vere

434 1009 757 1061 nccelerabis
778 1049 793 1072 ,
825 1009 946 1077 quia
978 1018 1185 1075 tempus
1217 1009 1373 1063 breve
1399 1019 1511 1071 est,
1558 1024 1653 1063 nec
1694 1008 1885 1077 aliquid
1922 1008 1997 1061 vi-

434 1078 545 1130 deri
577 1078 735 1131 debet
766 1079 1005 1145 longum,
1037 1078 1177 1145 quod
1209 1078 1364 1131 habet
1393 1080 1611 1131 exitum.

508 1145 631 1199 Esto
672 1149 795 1199 mihi
841 1148 892 1199 in
932 1147 1092 1199 Deum
1138 1158 1481 1212 protectorem.
1530 1148 1656 1202 Dico
1700 1158 1753 1199 ut
1795 1148 2003 1201 tandem

438 1232 587 1269 eruas
615 1234 709 1269 nte.
744 1217 892 1271 Nunc
918 1228 1093 1271 autem
1126 1218 1330 1271 interim
1361 1228 1463 1270 esto
1490 1219 1610 1270 milii
1654 1219 1790 1271 Deus
1830 1231 2008 1284 prote—

437 1298 573 1347 ctor,
600 1287 651 1339 id
690 1296 802 1352 est,
848 1296 1126 1355 protegens
1157 1303 1241 1341 me
1267 1296 1451 1340 contra
1482 1303 1666 1341 omnes
1700 1288 1925 1345 impetus
1955 1299 2008 1341 et

433 1355 652 1410 insidias
702 1356 920 1419 inimici,
964 1364 1019 1410 et
1058 1366 1171 1410 esto
1215 1358 1341 1409 mihi
1390 1359 1579 1410 domus
1621 1358 1827 1425 refugii.
1880 1358 2004 1425 Ftigi

437 1427 579 1479 enim
612 1442 639 1477 a
672 1436 742 1493 te,
770 1435 823 1479 et
864 1426 1067 1493 perdidi
1111 1441 1227 1491 me;
1271 1425 1522 1496 refugiant
1554 1426 1617 1479 ad
1657 1439 1726 1491 te,
1771 1437 1828 1480 tit
1865 1428 2009 1480 inve-

438 1498 579 1548 niant
613 1511 731 1560 me,
763 1497 883 1564 quia
917 1497 959 1547 si
990 1511 1017 1549 a
1050 1505 1099 1549 te
1131 1496 1371 1550 recedam
1393 1538 1406 1557 ,
1440 1512 1752 1565 quocunque
1792 1498 2004 1565 fttgero,

437 1577 488 1617 te
521 1567 804 1619 inveniam.
848 1566 905 1621 Si
936 1566 1121 1630 iratus,
1167 1567 1495 1630 ptittitorem;
1541 1568 1584 1621 si
1628 1567 1884 1633 placatus,
1915 1568 2005 1621 ad-

430 1634 684 1703 jutorem.
727 1635 795 1689 Et
822 1636 942 1689 ideo
970 1637 1043 1690 sis
1088 1635 1213 1688 mihi
1242 1636 1451 1702 domus,
1493 1638 1557 1689 ad
1590 1653 1742 1703 quam
1774 1638 1859 1705 qui
1902 1638 2004 1701 iam

438 1706 609 1758 defeci
638 1707 685 1759 in
714 1720 899 1770 eampo
930 1706 1184 1759 recedens
1211 1721 1237 1757 a
1271 1716 1354 1769 te,
1399 1706 1653 1773 refugiant
1678 1746 1691 1764 ,
1734 1718 1786 1758 ut
1819 1708 2005 1761 faciam

2105 529 2237 579 tuas,
2274 520 2322 572 id
2354 531 2452 582 est,
2490 523 2539 573 itt
2568 521 3002 586 omnipotentiam
3034 534 3195 576 tuam.
3245 524 3306 577 Et
3346 528 3536 578 merito
3578 527 3680 576 hoc

2106 589 2263 659 facio,
2292 590 2411 656 quia
2443 600 2496 643 ιιι
2528 592 2822 645 certissime
2853 594 3077 647 redimes
3107 591 3229 649 itide
3257 608 3395 657 eam,
3425 595 3678 659 quoniam

2099 657 2207 725 jam
2240 674 2356 711 eam
2402 674 2494 726 per
2525 659 2643 713 fidei
2674 672 3063 715 sacramentum
3095 664 3367 715 redemisti.
3400 657 3501 723 Tn,
3536 665 3679 727 dico,

2104 728 2191 849 qtp
2223 743 2279 807 es
2314 728 2449 781 Deus
2480 730 2724 794 veritatis,
2750 730 2798 783 id
2828 740 2928 797 est,
2957 733 3044 802 qui
3077 733 3274 786 nullum
3304 733 3438 787 fallis
3467 735 3522 786 iii
3556 749 3679 802 pro-

2105 813 2151 847 "l
2183 813 2299 849 ςςις.

2105 813 2299 850 ιιιιςςις.

2178 867 2341 920 Odisti
2368 871 2682 922 observantes
2706 870 2969 924 vanitates.
3000 870 3136 925 Vere
3164 886 3220 925 es
3251 870 3387 925 Dens
3416 872 3681 924 veritatis.

2104 934 2231 1008 Nam
2276 954 2376 989 non
2409 954 2466 991 es
2512 940 2646 992 Dens
2696 940 2959 1004 falsitatis,
3002 944 3121 1008 quia
3168 942 3320 993 odisti
3358 943 3683 994 observantes

2104 1007 2395 1059 vanitatem.
2440 1008 2734 1061 Observatit
2772 1020 2948 1064 autem
2980 1007 3293 1073 vanitatem,
3335 1013 3421 1078 qui
3450 1011 3579 1064 dtitn
3614 1012 3682 1063 ti-

2105 1085 2252 1128 ment
2280 1078 2433 1136 mori,
2461 1079 2776 1132 moriuntur.
2803 1080 3059 1133 Timendo
3083 1080 3223 1133 enim
3251 1081 3383 1133 mori
3416 1081 3683 1134 mentiun-

2107 1155 2212 1207 tur,
2237 1155 2288 1198 et
2319 1149 2626 1200 mentiendo
2656 1150 2972 1202 moriuntur.
2997 1150 3094 1215 Qui
3122 1150 3238 1203 ideo
3260 1151 3680 1213 mentiebantur,

2107 1226 2162 1267 ut
2191 1215 2451 1271 viverent.
2484 1216 2809 1270 Mendacium
2838 1221 2980 1272 enim
3008 1234 3143 1271 mors
3174 1229 3243 1272 est
3273 1222 3477 1275 ariimte.
3512 1220 3579 1273 Et
3606 1220 3683 1272 sic

2104 1286 2229 1337 dum
2291 1301 2446 1339 unam
2505 1300 2727 1339 mortem
2782 1288 3015 1355 fugiunt,
3074 1291 3332 1355 geminam
3384 1291 3680 1343 incurrunt.

2105 1355 2257 1426 Quod
2287 1356 2489 1410 scilicet
2517 1366 2738 1411 mortem
2774 1356 2952 1425 fugere
2978 1358 3045 1410 sit
3088 1374 3410 1426 supervacue
3433 1368 3485 1412 et
3521 1361 3683 1413 inuti-

2106 1423 2243 1484 liter,
2275 1427 2393 1492 quia
2441 1426 2564 1480 licet
2605 1423 2851 1492 mortem,
2880 1438 2933 1481 ut
2970 1423 3194 1495 videtur,
3220 1430 3421 1497 possint
3442 1428 3680 1493 differre,

2108 1509 2211 1547 non
2246 1504 2420 1548 tamen
2448 1510 2564 1549 eam
2597 1505 2819 1563 possunt
2841 1499 3069 1551 auferre.
3122 1498 3186 1551 Et
3234 1501 3333 1553 hoc
3362 1508 3529 1553 totum
3564 1500 3686 1552 ideo

2108 1564 2197 1627 fit,
2238 1567 2359 1633 quia
2392 1564 2526 1619 banc
2553 1566 2710 1619 vitam
2741 1577 2794 1619 et
2824 1568 2935 1620 lizec
2966 1568 3273 1635 temporalia
3304 1570 3435 1622 bona
3465 1580 3682 1632 amant,

2106 1649 2223 1700 qua-
2255 1649 2384 1707 vana
2416 1644 2559 1689 sunt.
2592 1635 2687 1707 Vel
2716 1639 2814 1689 hoc
2841 1637 2997 1707 modo
3026 1654 3037 1687 :
3070 1638 3123 1691 Si
3165 1651 3348 1706 speras
3377 1639 3427 1690 iii
3458 1642 3683 1707 pecunia

2106 1713 2197 1755 aut
2226 1704 2517 1768 nobilitate,
2550 1706 2637 1775 vel
2662 1709 2710 1757 in
2741 1707 2913 1775 aliqua
2939 1704 3496 1773 singulari-dignitate,
3531 1710 3683 1760 vani-

434 1791 513 1827 me
538 1776 731 1847 salvum
751 1816 767 1841 ,
799 1776 849 1829 id
879 1783 993 1839 est,
1028 1784 1084 1829 ut
1111 1776 1197 1845 qui
1238 1777 1379 1841 prius
1408 1792 1491 1829 me
1532 1776 1767 1844 perdidi,
1812 1793 1896 1831 me
1926 1778 2003 1830 iti-
2038 1787 2081 1847 Β
2111 1781 2268 1847 tatem
2300 1775 2569 1847 observas.
2601 1774 2727 1847 Nam
2758 1774 2882 1828 dum
2912 1791 3117 1847 speras.
3159 1781 3434 1844 exsultas;
3474 1788 3527 1832 el
3559 1780 3685 1831 dum

430 1860 661 1898 veniam.

507 1915 760 1987 Quoniam
786 1914 1028 1987 fortitudo
1057 1930 1187 1987 mea.
1232 1914 1376 1979 Ideo,
1411 1915 1651 1980 Domine,
1689 1927 1740 1971 te
1772 1932 1919 1987 rogo,
1952 1928 2009 1972 ιιι

437 1985 511 2037 sis
542 1984 668 2037 mihi
701 1984 889 2038 domus
929 1984 1113 2052 refugii
1143 1995 1195 2037 et
1238 1994 1523 2052 protector.
1569 1984 1916 2051 Qitoniam'tit
1955 2004 2006 2042 es

436 2055 682 2118 fortitudo
709 2071 819 2108 inea
835 2082 869 2119 ,σ
885 2056 1057 2108 dando
1094 2054 1225 2108 inibi
1272 2056 1612 2123 patientiam,
1647 2067 1701 2109 nt
1729 2058 1826 2111 siin
1861 2062 2007 2111 fortis

429 2124 497 2178 ad
528 2125 828 2178 tolerandas
859 2125 1223 2179 tribulatioues
1253 2135 1304 2179 et
1332 2128 1725 2193 persecutiones
1767 2129 2007 2182 inimico-

432 2209 575 2265 rum.
628 2194 691 2247 Et
739 2210 799 2248 es
846 2196 1096 2265 refugium
1146 2212 1312 2248 nteum
1358 2195 1425 2249 ad
1477 2197 1853 2264 relinquendos
1891 2214 2003 2261 eos,

432 2262 656 2329 scilicet,
686 2279 751 2318 ne
780 2279 898 2319 eam
928 2262 977 2319 in
1008 2266 1435 2337 conformitatem
1465 2262 1693 2327 illorum,
1727 2278 1775 2321 et
1803 2278 2010 2337 propter

433 2350 617 2388 nomen
644 2346 785 2388 tuum
809 2350 901 2400 per
928 2350 1011 2389 me
1037 2336 1434 2458 glorificandum
1462 2337 1681 2390 deduces
1702 2336 1809 2402 me,
1828 2339 1877 2392 id
1901 2348 2005 2404 est,

433 2405 757 2458 voluntatem
790 2414 933 2458 tuam
965 2406 1045 2458 ins
1068 2414 1211 2458 stere
1235 2416 1287 2458 et
1314 2420 1497 2458 amare
1516 2445 1531 2458 .
1563 2415 1617 2458 et
1645 2422 1816 2458 meam
1846 2425 2005 2458 uror-

433 2405 757 2459 voluntateui
790 2414 946 2477 tuam“
965 2405 1211 2477 insistere
1235 2416 1287 2460 et
1314 2420 1497 2460 amare
1516 2445 1531 2470 ,
1563 2415 1617 2460 et
1645 2422 1816 2461 meam
1846 2425 2007 2477 pror-

432 2488 524 2526 sus
552 2482 895 2529 contemnere
922 2474 1108 2529 facies.
1142 2475 1209 2529 Et
1235 2477 1306 2529 ita
1335 2477 1553 2529 deduces
1578 2492 1687 2539 me,
1720 2478 1770 2530 id
1797 2474 1876 2531 est
1895 2520 1908 2542 ,
1938 2478 2007 2534 de

439 2544 634 2597 virtute
667 2547 715 2597 in
740 2545 983 2598 virtutem
1011 2545 1322 2598 subliiuabis
1348 2560 1453 2599 me.
1480 2544 1546 2598 Et
1574 2546 1644 2599 ita
1667 2551 1881 2601 enutries
1906 2566 2005 2611 ine,

439 2612 490 2665 id
520 2623 620 2677 est,
651 2615 784 2668 lacte
815 2630 954 2667 nunc
983 2614 1191 2667 interim
1221 2614 1425 2669 cibabis
1451 2631 1555 2679 me,
1580 2626 1637 2668 ut
1669 2619 2006 2683 posmintlum

437 2691 591 2747 aptus
619 2686 718 2737 sim
749 2684 813 2737 ad
845 2684 1165 2738 vescendum
1206 2685 1379 2739 solido
1408 2685 1548 2750 cibo,
1578 2701 1684 2754 quo
1723 2697 2009 2754 pascuntur

437 2753 629 2827 angeli.
669 2754 1254 2827 Notasiinilitudinem.
1288 2757 1437 2809 Sicut
1464 2753 1606 2809 enim
1636 2753 1868 2812 materna
1900 2761 2010 2827 pie-

439 2832 520 2876 tas
548 2824 737 2877 dnrutn
769 2824 966 2887 cibum,
996 2840 1099 2889 quo
1130 2827 1376 2894 parvulus
1408 2828 1591 2893 nequit
1622 2830 1783 2895 pasci,
1815 2830 1864 2882 in
1891 2824 2008 2882 car-

438 2906 560 2945 netu
588 2909 733 2966 suam
769 2895 981 2961 trajicit,
1008 2904 1064 2948 ut
1091 2897 1144 2966 in
1176 2897 1255 2949 lac
1284 2897 1576 2961 mollescat,
1608 2906 1661 2951 et
1686 2899 1763 2952 sic
1791 2900 2008 2966 parvulo

442 2977 542 3035 suo
590 2964 843 3035 praibeat,
875 2966 1044 3018 donec
1088 2965 1310 3019 idoneus
1351 2966 1522 3020 solido
1553 2967 1673 3020 cibo
1714 2964 1852 3035 pasci
1895 2969 2007 3032 fiat,

443 3032 514 3084 ita
545 3034 734 3109 summi
783 3034 952 3109 Patris
992 3036 1273 3109 clementia
1318 3036 1546 3109 solidum
1578 3032 1751 3091 cibum
1793 3040 2008 3109 angelo—

444 3116 581 3186 rum,
611 3102 660 3155 id
684 3113 794 3184 est,
811 3105 1118 3172 sapientiam
1142 3120 1313 3186 suam,
1344 3106 1585 3186 adquam
1616 3102 2006 3186 percipiendam
2037 3126 2081 3186 ρ

446 3182 622 3246 nostra
655 3177 883 3240 pravitas
912 3190 1014 3227 non
1049 3186 1163 3229 erat
1191 3177 1408 3237 idonea,
1444 3178 1494 3229 in
1526 3191 1740 3231 carnem
1773 3180 2005 3246 trajecit,

439 3242 558 3307 quia
586 3258 744 3317 carne
771 3259 892 3317 eam,
918 3246 1144 3309 vestivit,
1174 3246 1611 3317 etAliumilitatein
1643 3247 1755 3315 ejus
1778 3242 1927 3317 quasi
1960 3242 2009 3302 in

438 3326 559 3386 esea
592 3311 741 3367 lactis
772 3315 924 3386 nobis
949 3317 1190 3383 praebuit.
1222 3315 1389 3381 Quam
1420 3311 1871 3383 comedentesfid
1905 3330 2009 3386 est,

439 3382 726 3447 imitantes,
762 3382 960 3438 fiamus
980 3386 1188 3439 tandem
1221 3387 1391 3439 idonei
1422 3388 1491 3440 ad
1521 3382 1844 3453 pascendum
1875 3382 2011 3457 pane

444 3466 570 3505 vero
598 3468 700 3521 quo
747 3466 1030 3528 pascuntur
1060 3457 1257 3528 angeli:
1300 3457 1366 3511 Ut
1393 3458 1535 3528 enim
1567 3472 1755 3525 panem
1798 3460 2012 3528 angelo-

439 3538 559 3643 liuni
614 3527 955 3579 manducarct
1002 3525 1182 3591 homo,
1231 3525 1340 3580 Rex
1394 3527 1655 3581 (ix-lorum
1708 3525 1891 3583 factus'
1931 3542 2013 3585 est

456 3607 617 3643 ionio.

456 3607 617 3645 ιοιιιο.

516 3661 718 3737 Editt‘es
754 3680 832 3717 me
873 3666 934 3719 de
981 3665 1180 3734 laqueo.
1230 3667 1473 3721 Enttti'ies
1510 3684 1622 3731 me,
1664 3668 1913 3737 inquam,
1958 3679 2011 3724 et

439 3734 760 3807 enutrietitlo
786 3737 965 3789 educes
996 3753 1092 3800 ine,
1128 3736 1176 3790 id
1200 3745 1282 3790 est
1302 3777 1317 3800 ,
1344 3737 1598 3802 expedies
1627 3753 1711 3792 me
1741 3734 1804 3791 de
1831 3741 2010 3807 laqueo

440 3803 555 3876 illo,
587 3819 731 3871 quem
759 3810 1148 3867 absconderant,
1186 3808 1233 3859 id
1261 3816 1370 3872 est,
1402 3807 1663 3862 absconse
1695 3803 2013 3876 paraverunt

446 3874 576 3945 inibi
614 3876 853 3929 diabolus
890 3886 943 3930 et
992 3875 1214 3929 ministri
1256 3876 1393 3945 ejus.
1440 3874 1710 3945 Laqueum
1740 3891 1888 3932 vocat
1920 3880 2012 3933 de-

441 3943 740 4008 ceptionem
768 3962 981 3999 omnem
1012 3957 1065 3999 et
1095 3943 1311 4000 insidias
1340 3943 1575 4008 diaboli,
1604 3950 1653 4001 in
1686 3964 1792 4017 quo
1824 3949 2011 4017 laqueo

439 4023 589 4084 parat
631 4018 783 4067 nobis
811 4024 863 4068 et
904 4020 1134 4068 occultat
1174 4018 1279 4070 duo
1319 4017 1730 4084 itnplicatnenta,
1770 4033 2008 4073 errorem

440 4082 644 4133 scilicet
674 4093 725 4136 et
777 4093 1056 4138 terrorem.
1105 4087 1351 4140 Errorem
1382 4082 1593 4151 quidem
1635 4086 1686 4139 iii
1718 4082 2006 4155 blanditiis,

436 4164 541 4216 quo
574 4166 669 4204 nos
703 4155 963 4225 decipiat;
988 4166 1274 4225 Aterrorem
1318 4172 1443 4209 vero
1473 4159 1523 4209 in
1557 4157 2004 4225 tribulationibus,

438 4234 544 4285 quo
583 4235 680 4295 nos
712 4221 934 4295 frangat.
980 4223 1084 4279 Sed
1126 4241 1221 4277 nos
1259 4228 1527 4279 imitemur
1567 4227 1862 4295 exemplum
1898 4221 2010 4281 im;

445 4292 704 4365 peratoris
745 4294 939 4365 nostri,
970 4295 1057 4361 qui
1081 4310 1201 4365 non
1241 4298 1410 4349 solum
1453 4310 1547 4361 pro
1587 4292 1737 4349 nobis
1765 4298 2008 4365 dignatus

442 4368 543 4435 est,
564 4360 595 4414 is
614 4364 827 4435 eainari
850 4402 864 4427 ,
895 4360 995 4417 sed
1023 4363 1181 4417 etiam
1212 4380 1306 4433 pro
1336 4360 1486 4420 nobis
1514 4367 1756 4435 dignatus
1784 4360 1865 4421 est
1894 4377 2008 4421 ten—

446 4431 566 4482 tari.
613 4431 675 4483 Et
706 4435 876 4501 primo
901 4435 1109 4500 quidem
1144 4431 1377 4489 tentatus
1405 4446 1486 4489 est
1513 4431 1696 4490 eriere
1737 4437 1789 4489 in
1828 4450 2007 4492 monte

439 4517 467 4549 a
519 4501 586 4553 di.
612 4502 761 4564 bolo,
811 4518 928 4556 cunt
980 4506 1027 4557 ei
1080 4519 1377 4572 imponens
1423 4507 1600 4559 omnia
1649 4507 2006 4562 blandimenta

444 4572 623 4622 mundi
655 4573 786 4625 dixit
821 4588 837 4624 '.
867 4572 993 4627 lla’c
1024 4578 1191 4628 omnia
1220 4578 1307 4628 tibi
1323 4576 1455 4627 dabo
1476 4578 1518 4628 si
1541 4578 1805 4643 procidens
1825 4580 2011 4630 adora-

440 4644 571 4714 ecris
618 4658 719 4695 me.
789 4647 891 4697 Sed
923 4644 1097 4712 decipi
1151 4661 1252 4699 non
1286 4648 1453 4714 potuit
1480 4688 1494 4710 ,
1525 4648 1644 4714 quia
1671 4647 1886 4714 januatn
1918 4662 2010 4700 cu~

443 4711 675 4783 pitlitatis
705 4726 885 4766 contra
917 4711 1153 4768 errorem
1181 4711 1369 4769 clausit
1402 4711 1585 4769 dicetis
1619 4733 1632 4768 :
1670 4711 1814 4770 Vade
1852 4727 2008 4783 retro,

440 4781 654 4842 Satana,
689 4798 787 4834 non
820 4786 1031 4838 tentabis
1064 4783 1340 4838 Dominum
1370 4785 1531 4838 Deum
1562 4795 1723 4840 tuuin.
1756 4787 1926 4852 Tunc,
1957 4781 2013 4841 ut

438 4853 756 4925 evangelista
792 4862 1031 4919 testatur,
1070 4856 1293 4909 recessit
1331 4855 1399 4907 ab
1440 4871 1505 4909 eo
1544 4858 1609 4909 ad
1642 4868 1869 4925 tempus,
1916 4859 2009 4911 ite-

441 4922 972 4996 iitt_n_retltturus;_et
998 4941 1155 4992 quem
1184 4941 1288 4978 non
1318 4935 1445 4993 potu
1470 4937 1486 4979 t
1518 4941 1702 4981 errore
1730 4922 1973 4996 decipere
1992 4967 2008 4991 ,

437 4990 602 5065 Voluit
653 5000 853 5065 terrore
899 4990 1140 5063 frangere
1184 4990 1420 5064 parando
1460 4998 1508 5049 ei
1556 4990 1879 5065 passionem}
1907 4990 2011 5051 Sed

441 5074 538 5111 nec
571 5060 673 5140 boe
699 5062 855 5140 modo
879 5060 1161 5133 quidquam
1184 5060 1449 5140 profecit,
1486 5060 1608 5140 quia
1635 5069 1745 5140 ipse
1776 5068 1902 5122 item
1930 5068 2011 5136 ja-

439 5145 597 5206 nuain
640 5133 844 5206 timetis
881 5143 1069 5206 contra
1105 5144 1360 5189 terrorem
1392 5133 1601 5189 clausit.
1640 5138 1747 5190 Nos
1777 5152 1904 5206 ergo
1933 5133 2015 5191 'si-

437 5201 635 5254 militer
662 5204 875 5269 quando
911 5218 938 5255 a
968 5204 1181 5257 diabolo
1208 5206 1291 5259 vel
1322 5205 1577 5259 ministris
1605 5210 1686 5261 eis
1726 5201 2011 5271 tentantur,

438 5280 625 5325 contra
675 5287 910 5327 errorem
960 5276 1262 5340 cupiditatis
1308 5277 1521 5343 januatn
1573 5276 1913 5343 claudamus,
1961 5288 2018 5332 et

435 5351 618 5413 contra
654 5352 908 5397 terrorem
938 5345 1142 5399 timoris
1171 5354 1377 5413 portam
1408 5348 1764 5411 obstruamus,
1799 5356 1853 5401 et
1878 5348 1957 5401 sic
1982 5362 2012 5401 a

434 5411 624 5476 laqueo
653 5414 753 5467 isto
779 5414 1084 5469 educentur.

508 5482 757 5546 Quoniam
790 5494 841 5536 tit
873 5502 943 5538 es.
981 5487 1123 5554 ltleo,
1146 5486 1382 5554 inquam,
1405 5486 1583 5540 educes
1614 5502 1693 5539 me
1719 5487 1782 5540 de
1810 5487 2012 5556 laqueo,

434 5567 705 5625 quoniam
728 5564 777 5625 te
816 5557 988 5608 solum
1019 5558 1175 5625 elegi,
1220 5568 1276 5609 ut
1302 5570 1448 5610 esses
1481 5567 1663 5625 contra
1706 5557 1925 5611 insidias
1961 5568 2014 5611 et

437 5624 668 5693 impetus
698 5624 891 5676 inimici
922 5624 1172 5693 protector
1200 5642 1359 5679 mens.
1398 5627 1462 5678 Et
1493 5624 1611 5693 quia
1659 5635 1709 5680 te
1751 5635 2016 5693 protecto-

438 5704 549 5767 retii
582 5692 773 5756 balteo,
800 5694 938 5759 ideo,
970 5695 1212 5762 Domine,
1241 5692 1534 5749 continendo
1563 5698 1795 5765 spiritum
1829 5713 2010 5760 meum,

434 5760 490 5811 id
525 5769 625 5819 est,
676 5776 900 5814 annuam
934 5779 1102 5818 meam
1149 5760 1407 5834 alaqueo
1451 5760 1646 5821 erroris
1691 5779 1745 5822 et
1795 5777 2013 5823 terroris

2110 1844 2368 1909 esspiras,
2405 1846 2579 1912 perdis
2606 1845 2656 1897 in
2687 1860 2789 1913 quo
2816 1845 3072 1913 Sperab‘ts.
3098 1848 3245 1913 Quod
3274 1849 3396 1900 item
3423 1863 3686 1910 διινετνει-

2110 1927 2265 1965 cuuni
2292 1925 2393 1973 εει,
2426 1913 2472 1986 id
2503 1923 2603 1980 est,
2635 1916 2967 1971 damnosum.
3013 1918 3267 1970 Amemus
3293 1918 3451 1986 igitur
3473 1934 3539 1971 ea
3572 1934 3689 1982 qua:

2112 1998 2207 2035 nec
2238 2000 2332 2034 ntis
2358 1984 2619 2050 spirantes
2646 1986 2915 2052 deserant,
2959 2000 3056 2039 nec
3100 2002 3129 2039 a
3161 1984 3330 2040 nobis
3355 1989 3687 2056 spirantibus

2109 2056 2438 2107 deserantur.

2183 2121 2291 2191 Ego
2310 2134 2483 2177 autem
2509 2126 2705 2192 speravi
2732 2126 2785 2177 in
2821 2125 2942 2178 Deo.
2980 2126 3145 2180 Odisti
3169 2127 3402 2195 quidem,
3433 2127 3686 2187 Domine,

2110 2192 2423 2265 observantes
2462 2197 2762 2257 vanitatem,
2797 2210 2881 2250 me
2910 2207 3083 2249 autem
3114 2192 3216 2250 noit
3247 2197 3395 2261 udis,
3436 2198 3563 2265 quia
3591 2212 3692 2264 ego

2109 2263 2175 2315 ad
2224 2263 2507 2318 vanitatem
2552 2279 2655 2320 non
2700 2268 2929 2333 respexi,
2975 2267 3082 2320 imo
3125 2267 3188 2319 ad
3233 2263 3533 2329 veritatem,
3567 2263 3689 2330 quia

2110 2335 2308 2401 speravi
2355 2349 2585 2402 semper,
2631 2345 2681 2389 et
2724 2336 2950 2399 sperabo
2991 2338 3039 2389 iti
3085 2346 3155 2398 te,
3202 2337 3441 2389 Domine.
3486 2338 3551 2389 Et
3591 2338 3692 2391 hoc

2112 2404 2270 2457 modo
2291 2405 2534 2473 sperabo,
2556 2406 2675 2474 quia
2704 2405 2961 2459 exsultatio
2987 2408 3237 2467 exterius,
3280 2419 3325 2458 et
3361 2407 3573 2459 ltetabor
3598 2404 3690 2457 in-

2114 2474 2297 2544 terius,
2330 2475 2378 2527 id
2421 2486 2499 2528 est
2521 2516 2534 2539 ,
2572 2475 2803 2541 plenarie
2831 2476 3070 2544 gaudebo
3101 2492 3202 2529 non
3236 2476 3285 2529 in
3309 2477 3515 2544 jnstitia
3548 2490 3691 2539 mea,

2112 2543 2205 2615 sed
2232 2544 2283 2615 in
2314 2546 2677 2608 misericordia,
2712 2545 2760 2596 id
2794 2543 2907 2607 est,
2942 2548 2991 2597 in
3020 2546 3185 2615 gratia
3218 2543 3323 2598 tua.
3360 2548 3412 2597 lii
3444 2562 3547 2613 qua
3581 2562 3693 2598 me-

2112 2613 2215 2683 rito
2242 2614 2411 2667 debeo
2454 2615 2650 2681 lietari,
2684 2617 2923 2683 quoniam
2953 2613 3088 2670 sicut
3127 2618 3269 2681 prius
3294 2630 3378 2669 tne
3404 2617 3605 2669 elatum
3638 2616 3689 2667 iti

2113 2682 2280 2737 Adam
2306 2684 2593 2754 despexisti
2615 2726 2629 2748 ,
2662 2682 2836 2738 dando
2880 2702 2964 2738 tne
3011 2690 3060 2738 in
3106 2689 3469 2745 necessitates,
3503 2689 3574 2738 ita
3607 2700 3692 2739 me

2112 2767 2253 2806 nunc
2298 2754 2626 2807 humiliatum
2673 2755 2969 2823 respexisti,
3018 2757 3137 2822 quia
3178 2756 3286 2822 jam
3333 2755 3547 2807 saluaati
3597 2770 3691 2822 pro

2110 2837 2205 2890 spe
2236 2824 2297 2875 de
2325 2823 2697 2877 necessitatibus
2719 2826 2940 2877 animant
2971 2840 3153 2887 meam,
3188 2825 3236 2878 id
3265 2834 3380 2888 est,
3409 2828 3476 2878 de
3504 2838 3694 2892 pecea-

2112 2895 2180 2946 tis
2208 2903 2261 2947 et
2307 2893 2533 2947 miseriis
2579 2896 2847 2949 omnibus.
2890 2896 3018 2960 Qua:
3069 2898 3187 2948 ideo
3219 2896 3568 2948 necessitates
3612 2898 3694 2946 dt—

2112 2974 2321 3034 cuntur,
2352 2965 2471 3031 quia
2500 2962 2625 3017 dum
2655 2979 2683 3016 a
2729 2971 2843 3019 luce
2873 2965 3113 3019 veritatis
3158 2966 3208 3017 iti
3256 2965 3425 3030 primo
3467 2975 3692 3034 parente

2110 3033 2465 3098 concidimns,
2499 3036 2799 3088 necessario
2831 3036 2880 3088 in
2914 3036 3004 3088 lias
3036 3035 3273 3088 miserias
3304 3036 3434 3100 lapsi
3474 3033 3690 3097 ’sutntts,

2114 3117 2141 3156 a
2171 3103 2360 3169 quibus
2392 3119 2721 3173 nequaquam
2756 3105 2987 3173 perfecte
3018 3120 3184 3171 usque
3216 3105 3265 3158 iti
3299 3104 3457 3158 finem
3490 3108 3689 3158 salvari

2118 3174 2428 3240 poterimus,
2460 3190 2551 3241 spe
2578 3184 2751 3227 tamen
2779 3176 2963 3227 salvati
2999 3190 3199 3227 sumus.
3233 3176 3305 3228 De
3336 3178 3416 3227 bis
3449 3176 3693 3229 necessi-

2117 3245 2313 3296 tatibus
2343 3245 2469 3296 dicit
2499 3246 2821 3314 Augustinus
2850 3262 2863 3299 :
2903 3263 2921 3295 t
2958 3246 3085 3312 Quis
3113 3246 3301 3298 animae
3344 3248 3697 3298 necessitates

2111 3328 2457 3375 enumerare,
2500 3316 2583 3367 vel
2617 3316 2771 3381 digne
2797 3328 2956 3382 queat
2989 3316 3226 3367 vitandas
3277 3316 3694 3369 commendare?

2114 3383 2301 3437 Nullus
2330 3386 2547 3454 utique.
2592 3384 2774 3454 Magna
2825 3386 2966 3438 enim
3018 3387 3306 3439 necessitas
3351 3395 3429 3439 est
3478 3390 3695 3437 nesrire

2113 3469 2207 3507 cor
2233 3455 2465 3525 alterius.
2510 3453 2658 3507 Unde
2685 3453 2878 3508 evenit
2928 3466 2981 3509 ut
3028 3471 3170 3525 stt-pe
3216 3457 3281 3508 de
3326 3456 3497 3508 amico
3551 3457 3694 3508 fideli

2116 3526 2253 3577 male
2284 3524 2596 3585 sentiamus,
2627 3526 2693 3577 tle
2733 3526 2947 3579 inimico
2976 3524 3115 3580 vero
3145 3526 3284 3579 fideli
3327 3527 3458 3577 bene
3483 3528 3695 3592 cogite-

2116 3609 2254 3648 mus.
2287 3597 2413 3647 lliuc
2432 3595 2626 3648 dictum
2651 3605 2732 3648 est
2758 3614 2768 3646 :
2797 3596 2968 3649 Nolite
2995 3606 3117 3649 ante
3147 3604 3350 3662 tempus
3378 3596 3643 3662 judicare,
3674 3615 3690 3643 ι

2114 3676 2166 3718 ει
2209 3665 2424 3733 reliqua.
2456 3666 2637 3733 Magna
2684 3681 2891 3731 quoque
2936 3668 3225 3720 necessitas
3266 3681 3346 3718 εει
3386 3680 3479 3717 cor
3525 3680 3689 3717 suum

2115 3735 2339 3788 nescire.
2381 3736 2525 3787 Sicut
2557 3734 2743 3788 Petrus
2780 3737 2994 3789 nescivit
3029 3739 3113 3803 qui
3143 3737 3275 3788 dixit
3304 3753 3314 3787 :
3353 3734 3611 3797 Domine,
3646 3746 3695 3785 et

2112 3806 2157 3860 si
2201 3813 2426 3871 oporteat
2472 3821 2547 3857 nte
2578 3814 2739 3857 tecum
2767 3807 2916 3871 mori,
2953 3822 3054 3857 non
3096 3815 3143 3858 te
3182 3806 3390 3875 negabo.
3423 3803 3691 3857 Praeterea

2115 3890 2299 3943 magna
2333 3879 2619 3928 necessitas
2646 3886 2727 3927 est
2761 3876 2871 3943 ipsa
2903 3877 3193 3929 mortalitas
3214 3916 3228 3938 ,
3270 3878 3391 3943 quia
3430 3890 3696 3927 necess:t-

2113 3946 2247 3998 rium
2288 3955 2369 3997 est
2411 3960 2597 3998 omnes
2636 3946 2792 4012 mori,
2845 3958 2897 3998 et
2943 3962 3099 3998 nemo
3146 3959 3319 3998 tamen
3369 3945 3478 3996 vult
3524 3944 3690 3997 muti.

2117 4016 2355 4084 l‘ugnate
2402 4030 2611 4082 quoque
2656 4029 2841 4069 contra
2890 4025 3095 4069 veteres
3144 4017 3577 4075 consuetudines,
3640 4024 3694 4068 et

2112 4085 2360 4139 detestari
2392 4087 2620 4149 malum;
2652 4094 2705 4136 et
2734 4097 2905 4140 tamen
2934 4086 3112 4139 facere
3141 4090 3333 4138 malum
3370 4100 3555 4151 graves
3591 4101 3690 4137 tie-

2112 4155 2387 4208 cessitates
2424 4166 2580 4219 sunt,
2611 4164 2663 4207 et
2690 4155 2804 4209 alia:
2846 4156 3163 4222 multiplices
3192 4165 3246 4208 et
3274 4156 3566 4207 innumera:
3599 4169 3693 4208 ne-

2111 4225 2384 4279 ceSsitates
2413 4227 2602 4276 aiiiinze
2630 4235 2767 4288 sunt,
2796 4241 2925 4293 quas
2954 4226 3127 4279 nullus
3157 4228 3295 4278 valet
3320 4225 3616 4291 extilicare.

2185 4293 2293 4347 Nec
2321 4294 2612 4347 canclusisti
2635 4311 2711 4347 me
2739 4298 2790 4347 in
2822 4296 3051 4347 manibus
3084 4296 3292 4347 inimici.
3328 4294 3548 4349 Salvasti
3582 4309 3691 4355 tne,

2112 4367 2345 4435 inquam,
2376 4366 2437 4416 de
2464 4364 2862 4432 necessitatibus,
2892 4374 2945 4418 et
2974 4368 3073 4419 lioc
3102 4370 3258 4418 modo
3288 4365 3609 4427 conclusisti,
3642 4369 3690 4416 id

2110 4447 2211 4498 est,
2265 4450 2365 4487 noti
2419 4435 2703 4501 permisisti
2753 4450 2856 4497 tne,
2908 4451 3076 4503 neque
3125 4437 3395 4503 permittes
3442 4435 3694 4487 eoticludi

2040 4492 2084 4547 θ
2115 4492 2219 4569 me,
2253 4505 2301 4556 id
2330 4492 2436 4566 est,
2468 4504 2694 4557 animam
2726 4492 2895 4558 meum
2924 4506 2976 4557 in
2994 4492 3253 4569 inanibus,
3282 4507 3330 4557 id
3358 4514 3471 4570 est,
3504 4504 3557 4556 iii
3594 4520 3695 4570 po-

2115 4586 2302 4628 testate
2335 4575 2546 4629 inimici.
2589 4574 2859 4627 Inimicum
2903 4576 2986 4628 liic
3023 4578 3203 4642 accipe
3241 4592 3344 4628 nnn
3374 4574 3691 4627 familiarem

2114 4648 2379 4714 aliquem,
2412 4646 2493 4697 vel
2535 4656 2682 4697 tuum
2712 4645 2967 4707 vicinum,
3020 4646 3111 4699 sed
3150 4645 3436 4713 pessimum
3480 4644 3693 4697 hostem

2115 4713 2413 4784 serpentem
2446 4716 2753 4781 antiquum,
2798 4718 2848 4768 in
2889 4713 3039 4784 cujus
3081 4717 3322 4767 inanibus
3354 4714 3696 4767 concluditur

2115 4789 2416 4853 quicunque
2458 4785 2509 4836 in
2558 4784 2787 4853 peccatis
2833 4801 2943 4837 suis
2984 4785 3225 4838 moritur.
3266 4784 3369 4851 Qti
3406 4799 3534 4837 vero
3563 4800 3693 4837 con-

2119 4871 2305 4910 versus
2335 4854 2489 4908 fuerit
2519 4864 2584 4908 ab
2627 4856 2896 4923 impietate
2925 4870 3041 4919 sita,
3089 4866 3145 4908 et
3189 4854 3371 4908 fecerit
3403 4853 3691 4921 justitiam,

2117 4942 2221 4978 unn
2254 4930 2529 4988 morietur,
2576 4940 2743 4993 neque
2784 4926 2834 4978 in
2880 4927 3121 4978 inanibus
3162 4925 3275 4993 ejus
3318 4925 3690 4978 concludetur.

2121 4995 2239 5048 Non
2270 4995 2565 5048 conclusisti
2592 5011 2697 5056 me,
2732 4996 2943 5063 inquam
2965 5038 2978 5060 ,
3009 4996 3061 5048 in
3091 4997 3324 5047 manibus
3354 4994 3563 5057 inimici,
3598 4996 3693 5047 sed

2119 5068 2290 5133 potius
2318 5065 2543 5117 statuisti
2571 5064 2722 5133 pedes
2752 5081 2920 5129 meos,
2954 5066 3003 5117 id
3034 5074 3146 5127 est,
3177 5064 3479 5118 affectiones
3517 5079 3687 5124 meas,

2116 5138 2167 5187 in
2196 5137 2307 5189 loco
2333 5137 2577 5201 spatioso,
2614 5136 2662 5186 id
2693 5146 2806 5198 est,
2855 5138 2904 5186 in
2946 5135 3221 5189 latitudine
3248 5134 3556 5200 charitatis,
3590 5136 3692 5187 hoc

2116 5214 2229 5267 est,
2264 5206 2433 5258 fecisti
2474 5205 2603 5257 tiiilii
2634 5202 2842 5257 facilem
2870 5206 3128 5273 justitiam
3159 5214 3333 5266 tuam,
3365 5216 3420 5255 ut
3451 5219 3545 5270 per
3571 5219 3693 5257 eam

2119 5277 2279 5329 corde
2310 5276 2530 5328 dilatato
2563 5290 2835 5328 curreretn
2861 5317 2873 5334 ,
2907 5291 3024 5342 qua:
3068 5277 3204 5329 sicut
3228 5285 3308 5328 est
3335 5274 3567 5326 difficilis
3593 5290 3695 5327 uno

2120 5347 2275 5409 lenti,
2316 5346 2384 5398 ita
2416 5352 2501 5398 est
2530 5345 2698 5397 facilis
2728 5346 2947 5397 amanti.
2981 5346 3133 5397 Arcta
3161 5346 3298 5398 enitn
3330 5344 3411 5395 via
3438 5353 3547 5407 est,
3576 5359 3694 5411 qua:

2118 5417 2257 5467 ducit
2283 5417 2350 5467 ad
2377 5417 2548 5479 vitam,
2580 5418 2698 5483 quia
2732 5430 2835 5467 non
2863 5416 3095 5467 curritur
3128 5419 3226 5467 nisi
3253 5415 3474 5466 dilatato
3503 5416 3687 5466 corde.

2190 5484 2433 5538 Miserere
2461 5488 2585 5547 mei,
2622 5483 2855 5537 Domine.
2889 5486 3169 5553 llucusque
3198 5494 3281 5539 est
3308 5484 3458 5552 quasi
3499 5498 3692 5553 aggra-

2120 5557 2303 5609 tulatio
2329 5556 2545 5623 perfecti
2577 5556 2710 5623 viri,
2739 5556 2949 5608 liberari
2980 5570 3009 5609 a
3042 5554 3493 5617 tribulationibus,
3522 5554 3609 5621 qui
3638 5564 3693 5605 et

2118 5626 2351 5681 salvatus
2380 5636 2460 5679 est
2489 5644 2515 5677 ιι
2547 5627 2973 5679 necessitatibus.
3022 5626 3083 5679 Et
3112 5626 3263 5693 cujus
3295 5623 3455 5690 pedes
3485 5635 3606 5677 Sutit
3638 5625 3691 5674 in

2122 5698 2237 5750 loeti
2267 5699 2521 5764 spatioso.
2565 5695 2842 5759 Quomodo
2888 5706 3062 5749 autem
3094 5713 3233 5749 nunc
3259 5694 3420 5755 dicit,
3459 5696 3694 5759 periculo

2121 5767 2269 5838 quasi
2302 5783 2484 5821 rursus
2516 5766 2843 5831 imminente,
2876 5766 3113 5823 Miserere
3141 5768 3261 5833 mei,
3298 5764 3536 5831 Domine,
3563 5780 3695 5833 quo-
