  <div class='ocr_page' id='page_1' title='image "/cluster/home/n/w/nwhite01/storage/ocr_20150623/93/hvd.32044052820016/324.png"; bbox 0 0 3922 6190; ppageno 0'>
   <div class='ocr_carea' id='block_1_1' title="bbox 296 345 400 403">
    <p class='ocr_par' dir='ltr' id='par_1_1' title="bbox 296 345 400 403">
     <span class='ocr_line' id='line_1_1' title="bbox 296 345 400 403; baseline 0.029 -3"><span class='ocrx_word' id='word_1_1' title='bbox 296 345 400 403; x_wconf 74' lang='lat'><strong>653</strong></span> 
     </span>
    </p>
   </div>
   <div class='ocr_carea' id='block_1_2' title="bbox 994 338 2822 403">
    <p class='ocr_par' dir='ltr' id='par_1_2' title="bbox 994 338 2822 403">
     <span class='ocr_line' id='line_1_2' title="bbox 994 338 2822 403; baseline 0.003 -6"><span class='ocrx_word' id='word_1_2' title='bbox 994 340 1059 397; x_wconf 66' lang='grc' dir='ltr'><strong>ιιι</strong></span> <span class='ocrx_word' id='word_1_3' title='bbox 1099 338 1522 399; x_wconf 77' lang='lat' dir='ltr'><strong>PSALMORUM</strong></span> <span class='ocrx_word' id='word_1_4' title='bbox 1562 339 1818 397; x_wconf 78' lang='lat' dir='ltr'><strong>LIBRUM</strong></span> <span class='ocrx_word' id='word_1_5' title='bbox 1859 339 2226 400; x_wconf 76' lang='lat' dir='ltr'><strong>EXEGESIS.</strong></span> <span class='ocrx_word' id='word_1_6' title='bbox 2257 373 2330 387; x_wconf 96' lang='lat'><strong><em>—</em></strong></span> <span class='ocrx_word' id='word_1_7' title='bbox 2368 343 2609 403; x_wconf 70' lang='lat' dir='ltr'><strong>PSALM.</strong></span> <span class='ocrx_word' id='word_1_8' title='bbox 2653 344 2822 403; x_wconf 73' lang='lat' dir='ltr'><strong>XXX.</strong></span> 
     </span>
    </p>
   </div>
   <div class='ocr_carea' id='block_1_3' title="bbox 3426 351 3531 408">
    <p class='ocr_par' dir='ltr' id='par_1_3' title="bbox 3426 351 3531 408">
     <span class='ocr_line' id='line_1_3' title="bbox 3426 351 3531 408; baseline 0.029 -3"><span class='ocrx_word' id='word_1_9' title='bbox 3426 351 3531 408; x_wconf 73' lang='grc' dir='ltr'><strong>δδι</strong></span> 
     </span>
    </p>
   </div>
   <div class='ocr_carea' id='block_1_4' title="bbox 292 451 3530 529">
    <p class='ocr_par' dir='ltr' id='par_1_4' title="bbox 292 451 3530 529">
     <span class='ocr_line' id='line_1_4' title="bbox 292 451 3530 529; baseline 0.002 -18"><span class='ocrx_word' id='word_1_10' title='bbox 292 459 432 512; x_wconf 79' lang='lat' dir='ltr'><strong>niam</strong></span> <span class='ocrx_word' id='word_1_11' title='bbox 459 453 695 509; x_wconf 62' lang='lat' dir='ltr'><strong>tribuior.</strong></span> <span class='ocrx_word' id='word_1_12' title='bbox 725 451 780 510; x_wconf 90' lang='lat' dir='ltr'><strong>Si</strong></span> <span class='ocrx_word' id='word_1_13' title='bbox 808 452 950 529; x_wconf 76' lang='lat' dir='ltr'><strong>enim</strong></span> <span class='ocrx_word' id='word_1_14' title='bbox 977 451 1280 529; x_wconf 71' lang='lat' dir='ltr'><strong>tribulatur,</strong></span> <span class='ocrx_word' id='word_1_15' title='bbox 1303 462 1640 529; x_wconf 72' lang='lat' dir='ltr'><strong>angustatur;</strong></span> <span class='ocrx_word' id='word_1_16' title='bbox 1669 454 1712 508; x_wconf 88' lang='lat' dir='ltr'><strong>si</strong></span> <span class='ocrx_word' id='word_1_17' title='bbox 1738 469 1864 529; x_wconf 81' lang='lat' dir='ltr'><strong>vero</strong></span> <span class='ocrx_word' id='word_1_18' title='bbox 1894 455 1943 516; x_wconf 77' lang='grc' dir='ltr'><strong>Α</strong></span> <span class='ocrx_word' id='word_1_19' title='bbox 1970 455 2161 529; x_wconf 75' lang='lat' dir='ltr'><strong>mirum</strong></span> <span class='ocrx_word' id='word_1_20' title='bbox 2203 457 2248 510; x_wconf 87' lang='lat' dir='ltr'><strong>si</strong></span> <span class='ocrx_word' id='word_1_21' title='bbox 2279 457 2438 529; x_wconf 75' lang='lat' dir='ltr'><strong>virtus</strong></span> <span class='ocrx_word' id='word_1_22' title='bbox 2466 466 2542 512; x_wconf 72' lang='lat' dir='ltr'><strong>est</strong></span> <span class='ocrx_word' id='word_1_23' title='bbox 2571 458 2860 525; x_wconf 79' lang='lat' dir='ltr'><strong>inﬁrmata,</strong></span> <span class='ocrx_word' id='word_1_24' title='bbox 2889 459 3007 529; x_wconf 98' lang='lat' dir='ltr'><strong>quia</strong></span> <span class='ocrx_word' id='word_1_25' title='bbox 3037 459 3195 514; x_wconf 86' lang='lat' dir='ltr'><strong>etiam</strong></span> <span class='ocrx_word' id='word_1_26' title='bbox 3241 477 3356 515; x_wconf 75' lang='lat' dir='ltr'><strong>orsa</strong></span> <span class='ocrx_word' id='word_1_27' title='bbox 3385 479 3494 516; x_wconf 80' lang='lat' dir='ltr'><strong>mea</strong></span> <span class='ocrx_word' id='word_1_28' title='bbox 3512 505 3530 526; x_wconf 90' lang='lat'><strong>,</strong></span> 
     </span>
    </p>
   </div>
   <div class='ocr_carea' id='block_1_5' title="bbox 294 520 1861 593">
    <p class='ocr_par' dir='ltr' id='par_1_5' title="bbox 294 520 1861 593">
     <span class='ocr_line' id='line_1_5' title="bbox 294 520 1861 593; baseline -0.004 -12"><span class='ocrx_word' id='word_1_29' title='bbox 294 534 627 593; x_wconf 72' lang='lat' dir='ltr'><strong>angustatur,</strong></span> <span class='ocrx_word' id='word_1_30' title='bbox 654 522 920 593; x_wconf 87' lang='lat' dir='ltr'><strong>quomodo</strong></span> <span class='ocrx_word' id='word_1_31' title='bbox 949 523 1108 588; x_wconf 79' lang='lat' dir='ltr'><strong>pedes</strong></span> <span class='ocrx_word' id='word_1_32' title='bbox 1136 520 1251 591; x_wconf 82' lang='lat' dir='ltr'><strong>ejus</strong></span> <span class='ocrx_word' id='word_1_33' title='bbox 1279 520 1400 593; x_wconf 78' lang='lat' dir='ltr'><strong>sunt</strong></span> <span class='ocrx_word' id='word_1_34' title='bbox 1431 525 1480 575; x_wconf 88' lang='lat' dir='ltr'><strong>in</strong></span> <span class='ocrx_word' id='word_1_35' title='bbox 1513 525 1626 576; x_wconf 89' lang='lat' dir='ltr'><strong>loco</strong></span> <span class='ocrx_word' id='word_1_36' title='bbox 1668 525 1861 590; x_wconf 78' lang='lat' dir='ltr'><strong>spatio-</strong></span> 
     </span>
    </p>
   </div>
   <div class='ocr_carea' id='block_1_6' title="bbox 295 591 1860 661">
    <p class='ocr_par' dir='ltr' id='par_1_6' title="bbox 295 591 1860 661">
     <span class='ocr_line' id='line_1_6' title="bbox 295 591 1860 661; baseline -0.003 -10"><span class='ocrx_word' id='word_1_37' title='bbox 295 591 400 651; x_wconf 75' lang='lat' dir='ltr'><strong>so?</strong></span> <span class='ocrx_word' id='word_1_38' title='bbox 429 597 509 650; x_wconf 81' lang='lat' dir='ltr'><strong>An</strong></span> <span class='ocrx_word' id='word_1_39' title='bbox 545 593 680 650; x_wconf 84' lang='lat' dir='ltr'><strong>forte</strong></span> <span class='ocrx_word' id='word_1_40' title='bbox 727 593 848 646; x_wconf 86' lang='lat' dir='ltr'><strong>ideo</strong></span> <span class='ocrx_word' id='word_1_41' title='bbox 895 592 995 646; x_wconf 87' lang='lat' dir='ltr'><strong>hoc</strong></span> <span class='ocrx_word' id='word_1_42' title='bbox 1038 593 1202 646; x_wconf 90' lang='lat' dir='ltr'><strong>dicit:</strong></span> <span class='ocrx_word' id='word_1_43' title='bbox 1252 591 1384 656; x_wconf 89' lang='lat' dir='ltr'><strong>Quia</strong></span> <span class='ocrx_word' id='word_1_44' title='bbox 1429 608 1652 661; x_wconf 87' lang='lat' dir='ltr'><strong>quorum</strong></span> <span class='ocrx_word' id='word_1_45' title='bbox 1702 610 1860 647; x_wconf 91' lang='lat' dir='ltr'><strong>unum</strong></span> 
     </span>
    </p>
   </div>
   <div class='ocr_carea' id='block_1_7' title="bbox 296 662 1864 735">
    <p class='ocr_par' dir='ltr' id='par_1_7' title="bbox 296 662 1864 735">
     <span class='ocr_line' id='line_1_7' title="bbox 296 662 1864 735; baseline -0.003 -15"><span class='ocrx_word' id='word_1_46' title='bbox 296 680 493 735; x_wconf 88' lang='lat' dir='ltr'><strong>corpus</strong></span> <span class='ocrx_word' id='word_1_47' title='bbox 519 674 600 718; x_wconf 90' lang='lat' dir='ltr'><strong>est</strong></span> <span class='ocrx_word' id='word_1_48' title='bbox 618 706 634 727; x_wconf 86' lang='lat'><strong>,</strong></span> <span class='ocrx_word' id='word_1_49' title='bbox 660 676 965 735; x_wconf 10' lang='lat' dir='ltr'><strong>eorutnivox</strong></span> <span class='ocrx_word' id='word_1_50' title='bbox 991 662 1237 735; x_wconf 75' lang='lat' dir='ltr'><strong>unaest?</strong></span> <span class='ocrx_word' id='word_1_51' title='bbox 1265 662 1318 714; x_wconf 89' lang='lat' dir='ltr'><strong>lo</strong></span> <span class='ocrx_word' id='word_1_52' title='bbox 1337 678 1454 735; x_wconf 74' lang='lat' dir='ltr'><strong>quo</strong></span> <span class='ocrx_word' id='word_1_53' title='bbox 1475 677 1696 735; x_wconf 73' lang='lat' dir='ltr'><strong>corpore</strong></span> <span class='ocrx_word' id='word_1_54' title='bbox 1723 679 1864 729; x_wconf 66' lang='lat' dir='ltr'><strong>quie-</strong></span> 
     </span>
    </p>
   </div>
   <div class='ocr_carea' id='block_1_8' title="bbox 296 730 1863 798">
    <p class='ocr_par' dir='ltr' id='par_1_8' title="bbox 296 730 1863 798">
     <span class='ocr_line' id='line_1_8' title="bbox 296 730 1863 798; baseline -0.003 -8"><span class='ocrx_word' id='word_1_55' title='bbox 296 730 420 791; x_wconf 81' lang='lat' dir='ltr'><strong>dam</strong></span> <span class='ocrx_word' id='word_1_56' title='bbox 463 738 698 788; x_wconf 88' lang='lat' dir='ltr'><strong>membra</strong></span> <span class='ocrx_word' id='word_1_57' title='bbox 730 734 963 786; x_wconf 87' lang='lat' dir='ltr'><strong>sentiunt</strong></span> <span class='ocrx_word' id='word_1_58' title='bbox 994 731 1301 785; x_wconf 73' lang='lat' dir='ltr'><strong>facilitatem</strong></span> <span class='ocrx_word' id='word_1_59' title='bbox 1333 730 1554 798; x_wconf 66' lang='lat' dir='ltr'><strong>iustitia:</strong></span> <span class='ocrx_word' id='word_1_60' title='bbox 1576 773 1589 793; x_wconf 88' lang='lat'><strong>,</strong></span> <span class='ocrx_word' id='word_1_61' title='bbox 1622 737 1863 798; x_wconf 83' lang='lat' dir='ltr'><strong>qna-dam</strong></span> 
     </span>
    </p>
   </div>
   <div class='ocr_carea' id='block_1_9' title="bbox 297 801 1862 868">
    <p class='ocr_par' dir='ltr' id='par_1_9' title="bbox 297 801 1862 868">
     <span class='ocr_line' id='line_1_9' title="bbox 297 801 1862 868; baseline -0.004 -8"><span class='ocrx_word' id='word_1_62' title='bbox 297 804 475 860; x_wconf 79' lang='lat' dir='ltr'><strong>adhuc</strong></span> <span class='ocrx_word' id='word_1_63' title='bbox 531 805 774 858; x_wconf 82' lang='lat' dir='ltr'><strong>laborant</strong></span> <span class='ocrx_word' id='word_1_64' title='bbox 820 801 1203 865; x_wconf 82' lang='lat' dir='ltr'><strong>tribulatione;</strong></span> <span class='ocrx_word' id='word_1_65' title='bbox 1257 811 1309 854; x_wconf 90' lang='lat' dir='ltr'><strong>et</strong></span> <span class='ocrx_word' id='word_1_66' title='bbox 1357 801 1402 853; x_wconf 90' lang='lat' dir='ltr'><strong>si</strong></span> <span class='ocrx_word' id='word_1_67' title='bbox 1456 803 1651 868; x_wconf 89' lang='lat' dir='ltr'><strong>patitur</strong></span> <span class='ocrx_word' id='word_1_68' title='bbox 1702 818 1862 853; x_wconf 88' lang='lat' dir='ltr'><strong>ntutm</strong></span> 
     </span>
    </p>
   </div>
   <div class='ocr_carea' id='block_1_10' title="bbox 299 870 1865 938">
    <p class='ocr_par' dir='ltr' id='par_1_10' title="bbox 299 870 1865 938">
     <span class='ocr_line' id='line_1_10' title="bbox 299 870 1865 938; baseline -0.005 -8"><span class='ocrx_word' id='word_1_69' title='bbox 299 875 635 938; x_wconf 85' lang='lat' dir='ltr'><strong>membrum,</strong></span> <span class='ocrx_word' id='word_1_70' title='bbox 672 881 867 926; x_wconf 73' lang='lat' dir='ltr'><strong>ctelera</strong></span> <span class='ocrx_word' id='word_1_71' title='bbox 896 871 1329 938; x_wconf 84' lang='lat' dir='ltr'><strong>compatiuntur;</strong></span> <span class='ocrx_word' id='word_1_72' title='bbox 1377 879 1431 924; x_wconf 90' lang='lat' dir='ltr'><strong>et</strong></span> <span class='ocrx_word' id='word_1_73' title='bbox 1470 870 1512 922; x_wconf 82' lang='lat' dir='ltr'><strong>si</strong></span> <span class='ocrx_word' id='word_1_74' title='bbox 1543 871 1865 935; x_wconf 79' lang='lat' dir='ltr'><strong>glorificatur</strong></span> 
     </span>
    </p>
   </div>
   <div class='ocr_carea' id='block_1_11' title="bbox 303 937 1863 1006">
    <p class='ocr_par' dir='ltr' id='par_1_11' title="bbox 303 937 1863 1006">
     <span class='ocr_line' id='line_1_11' title="bbox 303 937 1863 1006; baseline -0.003 -8"><span class='ocrx_word' id='word_1_75' title='bbox 303 960 466 999; x_wconf 87' lang='lat' dir='ltr'><strong>unttm</strong></span> <span class='ocrx_word' id='word_1_76' title='bbox 500 937 795 997; x_wconf 89' lang='lat' dir='ltr'><strong>membrum</strong></span> <span class='ocrx_word' id='word_1_77' title='bbox 819 983 833 1006; x_wconf 92' lang='lat'><strong>,</strong></span> <span class='ocrx_word' id='word_1_78' title='bbox 865 937 1056 994; x_wconf 61' lang='lat' dir='ltr'><strong>castera</strong></span> <span class='ocrx_word' id='word_1_79' title='bbox 1102 937 1483 1004; x_wconf 74' lang='lat' dir='ltr'><strong>glorificantur.</strong></span> <span class='ocrx_word' id='word_1_80' title='bbox 1519 940 1583 993; x_wconf 83' lang='lat' dir='ltr'><strong>Et</strong></span> <span class='ocrx_word' id='word_1_81' title='bbox 1615 940 1732 993; x_wconf 76' lang='lat' dir='ltr'><strong>ideo</strong></span> <span class='ocrx_word' id='word_1_82' title='bbox 1765 941 1863 994; x_wconf 88' lang='lat' dir='ltr'><strong>ista</strong></span> 
     </span>
    </p>
   </div>
   <div class='ocr_carea' id='block_1_12' title="bbox 305 1010 1862 1072">
    <p class='ocr_par' dir='ltr' id='par_1_12' title="bbox 305 1010 1862 1072">
     <span class='ocr_line' id='line_1_12' title="bbox 305 1010 1862 1072; baseline -0.003 -4"><span class='ocrx_word' id='word_1_83' title='bbox 305 1017 582 1070; x_wconf 88' lang='lat' dir='ltr'><strong>tristantur</strong></span> <span class='ocrx_word' id='word_1_84' title='bbox 610 1015 660 1066; x_wconf 88' lang='lat' dir='ltr'><strong>in</strong></span> <span class='ocrx_word' id='word_1_85' title='bbox 693 1013 902 1066; x_wconf 90' lang='lat' dir='ltr'><strong>illorum</strong></span> <span class='ocrx_word' id='word_1_86' title='bbox 935 1011 1274 1064; x_wconf 79' lang='lat' dir='ltr'><strong>tribulatione</strong></span> <span class='ocrx_word' id='word_1_87' title='bbox 1295 1052 1310 1072; x_wconf 81' lang='lat'><strong>,</strong></span> <span class='ocrx_word' id='word_1_88' title='bbox 1341 1020 1394 1063; x_wconf 81' lang='lat' dir='ltr'><strong>et</strong></span> <span class='ocrx_word' id='word_1_89' title='bbox 1443 1011 1528 1064; x_wconf 89' lang='lat' dir='ltr'><strong>illa</strong></span> <span class='ocrx_word' id='word_1_90' title='bbox 1575 1010 1862 1064; x_wconf 87' lang='lat' dir='ltr'><strong>consolan-</strong></span> 
     </span>
    </p>
   </div>
   <div class='ocr_carea' id='block_1_13' title="bbox 305 1080 1864 1152">
    <p class='ocr_par' dir='ltr' id='par_1_13' title="bbox 305 1080 1864 1152">
     <span class='ocr_line' id='line_1_13' title="bbox 305 1080 1864 1152; baseline -0.002 -15"><span class='ocrx_word' id='word_1_91' title='bbox 305 1097 391 1138; x_wconf 87' lang='lat' dir='ltr'><strong>tur</strong></span> <span class='ocrx_word' id='word_1_92' title='bbox 421 1085 474 1137; x_wconf 92' lang='lat' dir='ltr'><strong>in</strong></span> <span class='ocrx_word' id='word_1_93' title='bbox 502 1085 722 1152; x_wconf 83' lang='lat' dir='ltr'><strong>istorum</strong></span> <span class='ocrx_word' id='word_1_94' title='bbox 751 1081 1150 1152; x_wconf 73' lang='lat' dir='ltr'><strong>glorificatioae.</strong></span> <span class='ocrx_word' id='word_1_95' title='bbox 1180 1080 1328 1145; x_wconf 90' lang='lat' dir='ltr'><strong>Quod</strong></span> <span class='ocrx_word' id='word_1_96' title='bbox 1359 1081 1480 1134; x_wconf 90' lang='lat' dir='ltr'><strong>inde</strong></span> <span class='ocrx_word' id='word_1_97' title='bbox 1505 1080 1680 1152; x_wconf 83' lang='lat' dir='ltr'><strong>evenit</strong></span> <span class='ocrx_word' id='word_1_98' title='bbox 1701 1123 1713 1142; x_wconf 92' lang='lat'><strong>,</strong></span> <span class='ocrx_word' id='word_1_99' title='bbox 1745 1082 1864 1147; x_wconf 83' lang='lat' dir='ltr'><strong>quia</strong></span> 
     </span>
    </p>
   </div>
   <div class='ocr_carea' id='block_1_14' title="bbox 306 1150 1866 1220">
    <p class='ocr_par' dir='ltr' id='par_1_14' title="bbox 306 1150 1866 1220">
     <span class='ocr_line' id='line_1_14' title="bbox 306 1150 1866 1220; baseline -0.004 -12"><span class='ocrx_word' id='word_1_100' title='bbox 306 1155 548 1208; x_wconf 87' lang='lat' dir='ltr'><strong>charitas</strong></span> <span class='ocrx_word' id='word_1_101' title='bbox 575 1151 699 1206; x_wconf 82' lang='lat' dir='ltr'><strong>facit</strong></span> <span class='ocrx_word' id='word_1_102' title='bbox 725 1150 1032 1220; x_wconf 84' lang='lat' dir='ltr'><strong>compagem</strong></span> <span class='ocrx_word' id='word_1_103' title='bbox 1052 1190 1066 1211; x_wconf 84' lang='lat'><strong>,</strong></span> <span class='ocrx_word' id='word_1_104' title='bbox 1090 1165 1373 1218; x_wconf 77' lang='lat' dir='ltr'><strong>compages</strong></span> <span class='ocrx_word' id='word_1_105' title='bbox 1399 1150 1731 1217; x_wconf 80' lang='lat' dir='ltr'><strong>amplectitur</strong></span> <span class='ocrx_word' id='word_1_106' title='bbox 1754 1151 1866 1202; x_wconf 88' lang='lat' dir='ltr'><strong>tini-</strong></span> 
     </span>
    </p>
   </div>
   <div class='ocr_carea' id='block_1_15' title="bbox 308 1220 1867 1288">
    <p class='ocr_par' dir='ltr' id='par_1_15' title="bbox 308 1220 1867 1288">
     <span class='ocr_line' id='line_1_15' title="bbox 308 1220 1867 1288; baseline -0.003 -10"><span class='ocrx_word' id='word_1_107' title='bbox 308 1234 472 1278; x_wconf 88' lang='lat' dir='ltr'><strong>tatem</strong></span> <span class='ocrx_word' id='word_1_108' title='bbox 500 1264 518 1288; x_wconf 91' lang='lat'><strong>,</strong></span> <span class='ocrx_word' id='word_1_109' title='bbox 548 1224 722 1277; x_wconf 90' lang='lat' dir='ltr'><strong>unitas</strong></span> <span class='ocrx_word' id='word_1_110' title='bbox 749 1229 926 1276; x_wconf 81' lang='lat' dir='ltr'><strong>servat</strong></span> <span class='ocrx_word' id='word_1_111' title='bbox 965 1220 1272 1274; x_wconf 88' lang='lat' dir='ltr'><strong>charitatem</strong></span> <span class='ocrx_word' id='word_1_112' title='bbox 1296 1263 1310 1283; x_wconf 91' lang='lat'><strong>,</strong></span> <span class='ocrx_word' id='word_1_113' title='bbox 1356 1221 1591 1274; x_wconf 87' lang='lat' dir='ltr'><strong>charitas</strong></span> <span class='ocrx_word' id='word_1_114' title='bbox 1625 1221 1867 1284; x_wconf 83' lang='lat' dir='ltr'><strong>perducit</strong></span> 
     </span>
    </p>
   </div>
   <div class='ocr_carea' id='block_1_16' title="bbox 308 1290 1866 1358">
    <p class='ocr_par' dir='ltr' id='par_1_16' title="bbox 308 1290 1866 1358">
     <span class='ocr_line' id='line_1_16' title="bbox 308 1290 1866 1358; baseline -0.001 -12"><span class='ocrx_word' id='word_1_115' title='bbox 308 1295 374 1347; x_wconf 88' lang='lat' dir='ltr'><strong>ad</strong></span> <span class='ocrx_word' id='word_1_116' title='bbox 405 1293 727 1348; x_wconf 86' lang='lat' dir='ltr'><strong>claritatem.</strong></span> <span class='ocrx_word' id='word_1_117' title='bbox 761 1294 1093 1356; x_wconf 80' lang='lat' dir='ltr'><strong>Quapropter</strong></span> <span class='ocrx_word' id='word_1_118' title='bbox 1125 1291 1385 1356; x_wconf 87' lang='lat' dir='ltr'><strong>perfectus</strong></span> <span class='ocrx_word' id='word_1_119' title='bbox 1415 1290 1499 1343; x_wconf 87' lang='lat' dir='ltr'><strong>hic</strong></span> <span class='ocrx_word' id='word_1_120' title='bbox 1531 1291 1628 1353; x_wconf 88' lang='lat' dir='ltr'><strong>vir,</strong></span> <span class='ocrx_word' id='word_1_121' title='bbox 1660 1291 1747 1358; x_wconf 86' lang='lat' dir='ltr'><strong>qui</strong></span> <span class='ocrx_word' id='word_1_122' title='bbox 1783 1292 1866 1345; x_wconf 86' lang='lat' dir='ltr'><strong>hic</strong></span> 
     </span>
    </p>
   </div>
   <div class='ocr_carea' id='block_1_17' title="bbox 312 1358 1865 1433">
    <p class='ocr_par' dir='ltr' id='par_1_17' title="bbox 312 1358 1865 1433">
     <span class='ocr_line' id='line_1_17' title="bbox 312 1358 1865 1433; baseline -0.003 -17"><span class='ocrx_word' id='word_1_123' title='bbox 312 1365 563 1433; x_wconf 81' lang='lat' dir='ltr'><strong>loquitur,</strong></span> <span class='ocrx_word' id='word_1_124' title='bbox 585 1362 823 1430; x_wconf 83' lang='lat' dir='ltr'><strong>quamvis</strong></span> <span class='ocrx_word' id='word_1_125' title='bbox 847 1375 876 1413; x_wconf 87' lang='lat' dir='ltr'><strong>a</strong></span> <span class='ocrx_word' id='word_1_126' title='bbox 903 1360 1329 1433; x_wconf 82' lang='lat' dir='ltr'><strong>tribulationibus</strong></span> <span class='ocrx_word' id='word_1_127' title='bbox 1363 1358 1638 1433; x_wconf 66' lang='lat' dir='ltr'><strong>iibcratus,</strong></span> <span class='ocrx_word' id='word_1_128' title='bbox 1666 1361 1716 1412; x_wconf 92' lang='lat' dir='ltr'><strong>iu</strong></span> <span class='ocrx_word' id='word_1_129' title='bbox 1748 1375 1865 1424; x_wconf 84' lang='lat' dir='ltr'><strong>per-</strong></span> 
     </span>
    </p>
   </div>
   <div class='ocr_carea' id='block_1_18' title="bbox 312 1429 1864 1496">
    <p class='ocr_par' dir='ltr' id='par_1_18' title="bbox 312 1429 1864 1496">
     <span class='ocr_line' id='line_1_18' title="bbox 312 1429 1864 1496; baseline -0.005 -9"><span class='ocrx_word' id='word_1_130' title='bbox 312 1429 441 1487; x_wconf 69' lang='lat' dir='ltr'><strong>sima</strong></span> <span class='ocrx_word' id='word_1_131' title='bbox 463 1429 783 1487; x_wconf 75' lang='lat' dir='ltr'><strong>consertium</strong></span> <span class='ocrx_word' id='word_1_132' title='bbox 805 1445 1019 1484; x_wconf 86' lang='lat' dir='ltr'><strong>suorum</strong></span> <span class='ocrx_word' id='word_1_133' title='bbox 1040 1429 1118 1482; x_wconf 86' lang='lat' dir='ltr'><strong>vel</strong></span> <span class='ocrx_word' id='word_1_134' title='bbox 1140 1429 1495 1496; x_wconf 89' lang='lat' dir='ltr'><strong>quorumlibet</strong></span> <span class='ocrx_word' id='word_1_135' title='bbox 1517 1429 1864 1492; x_wconf 85' lang='lat' dir='ltr'><strong>infirmorum,</strong></span> 
     </span>
    </p>
   </div>
   <div class='ocr_carea' id='block_1_19' title="bbox 311 1497 1869 1570">
    <p class='ocr_par' dir='ltr' id='par_1_19' title="bbox 311 1497 1869 1570">
     <span class='ocr_line' id='line_1_19' title="bbox 311 1497 1869 1570; baseline -0.003 -13"><span class='ocrx_word' id='word_1_136' title='bbox 311 1504 506 1570; x_wconf 85' lang='lat' dir='ltr'><strong>quibus</strong></span> <span class='ocrx_word' id='word_1_137' title='bbox 544 1504 879 1570; x_wconf 89' lang='lat' dir='ltr'><strong>compatitur,</strong></span> <span class='ocrx_word' id='word_1_138' title='bbox 909 1499 1036 1554; x_wconf 86' lang='lat' dir='ltr'><strong>dicit</strong></span> <span class='ocrx_word' id='word_1_139' title='bbox 1064 1516 1076 1551; x_wconf 92' lang='lat'><strong>:</strong></span> <span class='ocrx_word' id='word_1_140' title='bbox 1113 1499 1506 1570; x_wconf 74' lang='lat' dir='ltr'><strong>Misererentei,</strong></span> <span class='ocrx_word' id='word_1_141' title='bbox 1543 1497 1782 1570; x_wconf 69' lang='lat' dir='ltr'><strong>Domine,</strong></span> <span class='ocrx_word' id='word_1_142' title='bbox 1815 1507 1869 1570; x_wconf 84' lang='lat' dir='ltr'><strong>et</strong></span> 
     </span>
    </p>
   </div>
   <div class='ocr_carea' id='block_1_20' title="bbox 309 1567 1867 1639">
    <p class='ocr_par' dir='ltr' id='par_1_20' title="bbox 309 1567 1867 1639">
     <span class='ocr_line' id='line_1_20' title="bbox 309 1567 1867 1639; baseline -0.003 -13"><span class='ocrx_word' id='word_1_143' title='bbox 309 1567 446 1637; x_wconf 80' lang='lat' dir='ltr'><strong>opus</strong></span> <span class='ocrx_word' id='word_1_144' title='bbox 475 1580 557 1625; x_wconf 89' lang='lat' dir='ltr'><strong>est</strong></span> <span class='ocrx_word' id='word_1_145' title='bbox 593 1583 646 1624; x_wconf 93' lang='lat' dir='ltr'><strong>ut</strong></span> <span class='ocrx_word' id='word_1_146' title='bbox 668 1567 1005 1634; x_wconf 81' lang='lat' dir='ltr'><strong>miserearis,</strong></span> <span class='ocrx_word' id='word_1_147' title='bbox 1039 1570 1276 1639; x_wconf 83' lang='lat' dir='ltr'><strong>quoniam</strong></span> <span class='ocrx_word' id='word_1_148' title='bbox 1308 1568 1521 1639; x_wconf 86' lang='lat' dir='ltr'><strong>tribulor</strong></span> <span class='ocrx_word' id='word_1_149' title='bbox 1558 1583 1675 1639; x_wconf 76' lang='lat' dir='ltr'><strong>ego.</strong></span> <span class='ocrx_word' id='word_1_150' title='bbox 1721 1567 1867 1622; x_wconf 82' lang='lat' dir='ltr'><strong>Unde</strong></span> 
     </span>
    </p>
   </div>
   <div class='ocr_carea' id='block_1_21' title="bbox 313 1637 1865 1709">
    <p class='ocr_par' dir='ltr' id='par_1_21' title="bbox 313 1637 1865 1709">
     <span class='ocr_line' id='line_1_21' title="bbox 313 1637 1865 1709; baseline -0.003 -13"><span class='ocrx_word' id='word_1_151' title='bbox 313 1653 493 1696; x_wconf 89' lang='lat' dir='ltr'><strong>autem</strong></span> <span class='ocrx_word' id='word_1_152' title='bbox 521 1656 739 1709; x_wconf 85' lang='lat' dir='ltr'><strong>granum</strong></span> <span class='ocrx_word' id='word_1_153' title='bbox 771 1641 909 1693; x_wconf 88' lang='lat' dir='ltr'><strong>inter</strong></span> <span class='ocrx_word' id='word_1_154' title='bbox 939 1637 1134 1692; x_wconf 86' lang='lat' dir='ltr'><strong>tantam</strong></span> <span class='ocrx_word' id='word_1_155' title='bbox 1182 1638 1567 1692; x_wconf 83' lang='lat' dir='ltr'><strong>multitudinem</strong></span> <span class='ocrx_word' id='word_1_156' title='bbox 1599 1637 1865 1709; x_wconf 80' lang='lat' dir='ltr'><strong>palearum</strong></span> 
     </span>
    </p>
   </div>
   <div class='ocr_carea' id='block_1_22' title="bbox 315 1707 1867 1781">
    <p class='ocr_par' dir='ltr' id='par_1_22' title="bbox 315 1707 1867 1781">
     <span class='ocr_line' id='line_1_22' title="bbox 315 1707 1867 1781; baseline -0.002 -17"><span class='ocrx_word' id='word_1_157' title='bbox 315 1714 454 1781; x_wconf 90' lang='lat' dir='ltr'><strong>quod</strong></span> <span class='ocrx_word' id='word_1_158' title='bbox 487 1707 630 1777; x_wconf 78' lang='lat' dir='ltr'><strong>prius</strong></span> <span class='ocrx_word' id='word_1_159' title='bbox 661 1710 950 1776; x_wconf 80' lang='lat' dir='ltr'><strong>gaudebat,</strong></span> <span class='ocrx_word' id='word_1_160' title='bbox 977 1709 1142 1781; x_wconf 86' lang='lat' dir='ltr'><strong>modo</strong></span> <span class='ocrx_word' id='word_1_161' title='bbox 1171 1719 1346 1781; x_wconf 85' lang='lat' dir='ltr'><strong>autem</strong></span> <span class='ocrx_word' id='word_1_162' title='bbox 1381 1709 1696 1781; x_wconf 57' lang='lat' dir='ltr'><strong>tribulatur}</strong></span> <span class='ocrx_word' id='word_1_163' title='bbox 1739 1707 1867 1781; x_wconf 83' lang='lat' dir='ltr'><strong>lude</strong></span> 
     </span>
    </p>
   </div>
   <div class='ocr_carea' id='block_1_23' title="bbox 313 1778 1867 1850">
    <p class='ocr_par' dir='ltr' id='par_1_23' title="bbox 313 1778 1867 1850">
     <span class='ocr_line' id='line_1_23' title="bbox 313 1778 1867 1850; baseline -0.005 -13"><span class='ocrx_word' id='word_1_164' title='bbox 313 1778 546 1846; x_wconf 70' lang='lat' dir='ltr'><strong>scilicet,</strong></span> <span class='ocrx_word' id='word_1_165' title='bbox 578 1797 698 1850; x_wconf 85' lang='lat' dir='ltr'><strong>quia</strong></span> <span class='ocrx_word' id='word_1_166' title='bbox 730 1781 830 1848; x_wconf 83' lang='lat' dir='ltr'><strong>iam</strong></span> <span class='ocrx_word' id='word_1_167' title='bbox 861 1780 1057 1848; x_wconf 70' lang='lat' dir='ltr'><strong>refrixit</strong></span> <span class='ocrx_word' id='word_1_168' title='bbox 1085 1779 1308 1850; x_wconf 15' lang='lat' dir='ltr'><strong>citat-itas,</strong></span> <span class='ocrx_word' id='word_1_169' title='bbox 1331 1778 1622 1850; x_wconf 79' lang='lat' dir='ltr'><strong>multorum.</strong></span> <span class='ocrx_word' id='word_1_170' title='bbox 1657 1778 1867 1850; x_wconf 79' lang='lat' dir='ltr'><strong>thnia</strong></span> 
     </span>
    </p>
   </div>
   <div class='ocr_carea' id='block_1_24' title="bbox 311 1847 1866 1920">
    <p class='ocr_par' dir='ltr' id='par_1_24' title="bbox 311 1847 1866 1920">
     <span class='ocr_line' id='line_1_24' title="bbox 311 1847 1866 1920; baseline -0.003 -16"><span class='ocrx_word' id='word_1_171' title='bbox 311 1867 446 1920; x_wconf 86' lang='lat' dir='ltr'><strong>quos</strong></span> <span class='ocrx_word' id='word_1_172' title='bbox 487 1847 628 1920; x_wconf 85' lang='lat' dir='ltr'><strong>prius</strong></span> <span class='ocrx_word' id='word_1_173' title='bbox 669 1847 796 1905; x_wconf 89' lang='lat' dir='ltr'><strong>vidit</strong></span> <span class='ocrx_word' id='word_1_174' title='bbox 834 1852 886 1902; x_wconf 88' lang='lat' dir='ltr'><strong>in</strong></span> <span class='ocrx_word' id='word_1_175' title='bbox 912 1847 1123 1920; x_wconf 78' lang='lat' dir='ltr'><strong>templo</strong></span> <span class='ocrx_word' id='word_1_176' title='bbox 1166 1849 1402 1913; x_wconf 84' lang='lat' dir='ltr'><strong>Domini,</strong></span> <span class='ocrx_word' id='word_1_177' title='bbox 1441 1847 1605 1920; x_wconf 76' lang='lat' dir='ltr'><strong>modo</strong></span> <span class='ocrx_word' id='word_1_178' title='bbox 1651 1847 1866 1900; x_wconf 89' lang='lat' dir='ltr'><strong>videtin</strong></span> 
     </span>
    </p>
   </div>
   <div class='ocr_carea' id='block_1_25' title="bbox 313 1915 1872 1985">
    <p class='ocr_par' dir='ltr' id='par_1_25' title="bbox 313 1915 1872 1985">
     <span class='ocr_line' id='line_1_25' title="bbox 313 1915 1872 1985; baseline -0.001 -11"><span class='ocrx_word' id='word_1_179' title='bbox 313 1915 544 1977; x_wconf 77' lang='lat' dir='ltr'><strong>theatro.</strong></span> <span class='ocrx_word' id='word_1_180' title='bbox 571 1921 633 1973; x_wconf 77' lang='lat' dir='ltr'><strong>Et</strong></span> <span class='ocrx_word' id='word_1_181' title='bbox 656 1936 795 1973; x_wconf 91' lang='lat' dir='ltr'><strong>nunc</strong></span> <span class='ocrx_word' id='word_1_182' title='bbox 820 1919 964 1972; x_wconf 82' lang='lat' dir='ltr'><strong>audit</strong></span> <span class='ocrx_word' id='word_1_183' title='bbox 990 1915 1204 1972; x_wconf 78' lang='lat' dir='ltr'><strong>cantare</strong></span> <span class='ocrx_word' id='word_1_184' title='bbox 1232 1915 1504 1971; x_wconf 89' lang='lat' dir='ltr'><strong>theatralia</strong></span> <span class='ocrx_word' id='word_1_185' title='bbox 1523 1959 1537 1980; x_wconf 93' lang='lat'><strong>,</strong></span> <span class='ocrx_word' id='word_1_186' title='bbox 1567 1932 1698 1985; x_wconf 90' lang='lat' dir='ltr'><strong>quos</strong></span> <span class='ocrx_word' id='word_1_187' title='bbox 1729 1920 1872 1985; x_wconf 89' lang='lat' dir='ltr'><strong>prius</strong></span> 
     </span>
    </p>
   </div>
   <div class='ocr_carea' id='block_1_26' title="bbox 312 1987 1870 2058">
    <p class='ocr_par' dir='ltr' id='par_1_26' title="bbox 312 1987 1870 2058">
     <span class='ocr_line' id='line_1_26' title="bbox 312 1987 1870 2058; baseline -0.001 -14"><span class='ocrx_word' id='word_1_188' title='bbox 312 1991 511 2044; x_wconf 73' lang='lat' dir='ltr'><strong>audivit</strong></span> <span class='ocrx_word' id='word_1_189' title='bbox 551 1992 775 2058; x_wconf 83' lang='lat' dir='ltr'><strong>psallere</strong></span> <span class='ocrx_word' id='word_1_190' title='bbox 807 1989 1166 2043; x_wconf 83' lang='lat' dir='ltr'><strong>ecclesiastica</strong></span> <span class='ocrx_word' id='word_1_191' title='bbox 1205 1988 1427 2058; x_wconf 83' lang='lat' dir='ltr'><strong>cantica.</strong></span> <span class='ocrx_word' id='word_1_192' title='bbox 1474 1987 1547 2058; x_wconf 82' lang='lat' dir='ltr'><strong>Et</strong></span> <span class='ocrx_word' id='word_1_193' title='bbox 1567 2003 1670 2039; x_wconf 92' lang='lat' dir='ltr'><strong>non</strong></span> <span class='ocrx_word' id='word_1_194' title='bbox 1701 1988 1870 2058; x_wconf 83' lang='lat' dir='ltr'><strong>solum</strong></span> 
     </span>
    </p>
   </div>
   <div class='ocr_carea' id='block_1_27' title="bbox 317 2056 1868 2123">
    <p class='ocr_par' dir='ltr' id='par_1_27' title="bbox 317 2056 1868 2123">
     <span class='ocr_line' id='line_1_27' title="bbox 317 2056 1868 2123; baseline -0.003 -9"><span class='ocrx_word' id='word_1_195' title='bbox 317 2056 564 2123; x_wconf 75' lang='lat' dir='ltr'><strong>tribulor,</strong></span> <span class='ocrx_word' id='word_1_196' title='bbox 605 2063 697 2114; x_wconf 89' lang='lat' dir='ltr'><strong>sed</strong></span> <span class='ocrx_word' id='word_1_197' title='bbox 743 2060 901 2112; x_wconf 87' lang='lat' dir='ltr'><strong>etiam</strong></span> <span class='ocrx_word' id='word_1_198' title='bbox 944 2059 1166 2112; x_wconf 90' lang='lat' dir='ltr'><strong>irascor.</strong></span> <span class='ocrx_word' id='word_1_199' title='bbox 1213 2057 1362 2113; x_wconf 89' lang='lat' dir='ltr'><strong>Unde</strong></span> <span class='ocrx_word' id='word_1_200' title='bbox 1400 2056 1682 2110; x_wconf 75' lang='lat' dir='ltr'><strong>irascitur?</strong></span> <span class='ocrx_word' id='word_1_201' title='bbox 1712 2057 1868 2121; x_wconf 85' lang='lat' dir='ltr'><strong>lude,</strong></span> 
     </span>
    </p>
   </div>
   <div class='ocr_carea' id='block_1_28' title="bbox 311 2126 1868 2195">
    <p class='ocr_par' dir='ltr' id='par_1_28' title="bbox 311 2126 1868 2195">
     <span class='ocr_line' id='line_1_28' title="bbox 311 2126 1868 2195; baseline -0.002 -12"><span class='ocrx_word' id='word_1_202' title='bbox 311 2131 514 2184; x_wconf 80' lang='lat' dir='ltr'><strong>sciiicet</strong></span> <span class='ocrx_word' id='word_1_203' title='bbox 540 2173 554 2195; x_wconf 89' lang='lat'><strong>,</strong></span> <span class='ocrx_word' id='word_1_204' title='bbox 585 2131 700 2195; x_wconf 87' lang='lat' dir='ltr'><strong>quia</strong></span> <span class='ocrx_word' id='word_1_205' title='bbox 732 2128 875 2182; x_wconf 84' lang='lat' dir='ltr'><strong>videt</strong></span> <span class='ocrx_word' id='word_1_206' title='bbox 905 2128 1146 2181; x_wconf 88' lang='lat' dir='ltr'><strong>homines</strong></span> <span class='ocrx_word' id='word_1_207' title='bbox 1190 2142 1280 2181; x_wconf 69' lang='lat' dir='ltr'><strong>ore</strong></span> <span class='ocrx_word' id='word_1_208' title='bbox 1325 2126 1488 2179; x_wconf 88' lang='lat' dir='ltr'><strong>Deum</strong></span> <span class='ocrx_word' id='word_1_209' title='bbox 1515 2128 1830 2181; x_wconf 86' lang='lat' dir='ltr'><strong>confitentes</strong></span> <span class='ocrx_word' id='word_1_210' title='bbox 1855 2168 1868 2189; x_wconf 88' lang='lat'><strong>,</strong></span> 
     </span>
    </p>
   </div>
   <div class='ocr_carea' id='block_1_29' title="bbox 312 2196 1873 2267">
    <p class='ocr_par' dir='ltr' id='par_1_29' title="bbox 312 2196 1873 2267">
     <span class='ocr_line' id='line_1_29' title="bbox 312 2196 1873 2267; baseline -0.003 -13"><span class='ocrx_word' id='word_1_211' title='bbox 312 2201 556 2254; x_wconf 88' lang='lat' dir='ltr'><strong>moribus</strong></span> <span class='ocrx_word' id='word_1_212' title='bbox 581 2209 755 2254; x_wconf 86' lang='lat' dir='ltr'><strong>autem</strong></span> <span class='ocrx_word' id='word_1_213' title='bbox 787 2200 1241 2267; x_wconf 86' lang='lat' dir='ltr'><strong>blasphetnautes.</strong></span> <span class='ocrx_word' id='word_1_214' title='bbox 1275 2198 1338 2250; x_wconf 82' lang='lat' dir='ltr'><strong>Et</strong></span> <span class='ocrx_word' id='word_1_215' title='bbox 1369 2196 1568 2249; x_wconf 87' lang='lat' dir='ltr'><strong>mundo</strong></span> <span class='ocrx_word' id='word_1_216' title='bbox 1597 2197 1752 2267; x_wconf 87' lang='lat' dir='ltr'><strong>dictis</strong></span> <span class='ocrx_word' id='word_1_217' title='bbox 1780 2197 1873 2250; x_wconf 85' lang='lat' dir='ltr'><strong>ab-</strong></span> 
     </span>
    </p>
   </div>
   <div class='ocr_carea' id='block_1_30' title="bbox 315 2266 1874 2336">
    <p class='ocr_par' dir='ltr' id='par_1_30' title="bbox 315 2266 1874 2336">
     <span class='ocr_line' id='line_1_30' title="bbox 315 2266 1874 2336; baseline -0.003 -12"><span class='ocrx_word' id='word_1_218' title='bbox 315 2271 717 2336; x_wconf 86' lang='lat' dir='ltr'><strong>renuntiantes,</strong></span> <span class='ocrx_word' id='word_1_219' title='bbox 774 2266 924 2322; x_wconf 82' lang='lat' dir='ltr'><strong>factis</strong></span> <span class='ocrx_word' id='word_1_220' title='bbox 971 2278 1147 2322; x_wconf 88' lang='lat' dir='ltr'><strong>autem</strong></span> <span class='ocrx_word' id='word_1_221' title='bbox 1201 2266 1545 2336; x_wconf 60' lang='lat' dir='ltr'><strong>inhaerentes.</strong></span> <span class='ocrx_word' id='word_1_222' title='bbox 1573 2335 1581 2336; x_wconf 16' lang='grc' dir='ltr'>ί</span> <span class='ocrx_word' id='word_1_223' title='bbox 1609 2266 1874 2336; x_wconf 79' lang='lat' dir='ltr'><strong>Multaque</strong></span> 
     </span>
    </p>
   </div>
   <div class='ocr_carea' id='block_1_31' title="bbox 314 2333 1871 2405">
    <p class='ocr_par' dir='ltr' id='par_1_31' title="bbox 314 2333 1871 2405">
     <span class='ocr_line' id='line_1_31' title="bbox 314 2333 1871 2405; baseline -0.003 -11"><span class='ocrx_word' id='word_1_224' title='bbox 314 2341 440 2394; x_wconf 86' lang='lat' dir='ltr'><strong>talia</strong></span> <span class='ocrx_word' id='word_1_225' title='bbox 487 2340 660 2404; x_wconf 83' lang='lat' dir='ltr'><strong>videt,</strong></span> <span class='ocrx_word' id='word_1_226' title='bbox 703 2333 893 2405; x_wconf 74' lang='lat' dir='ltr'><strong>quibus</strong></span> <span class='ocrx_word' id='word_1_227' title='bbox 939 2338 1184 2391; x_wconf 87' lang='lat' dir='ltr'><strong>irascitur</strong></span> <span class='ocrx_word' id='word_1_228' title='bbox 1227 2350 1420 2403; x_wconf 92' lang='lat' dir='ltr'><strong>corpus</strong></span> <span class='ocrx_word' id='word_1_229' title='bbox 1459 2333 1687 2400; x_wconf 89' lang='lat' dir='ltr'><strong>Christi,</strong></span> <span class='ocrx_word' id='word_1_230' title='bbox 1731 2333 1871 2404; x_wconf 81' lang='lat' dir='ltr'><strong>quod</strong></span> 
     </span>
    </p>
   </div>
   <div class='ocr_carea' id='block_1_32' title="bbox 312 2406 1864 2478">
    <p class='ocr_par' dir='ltr' id='par_1_32' title="bbox 312 2406 1864 2478">
     <span class='ocr_line' id='line_1_32' title="bbox 312 2406 1864 2478; baseline -0.003 -16"><span class='ocrx_word' id='word_1_231' title='bbox 312 2409 539 2464; x_wconf 88' lang='lat' dir='ltr'><strong>interius</strong></span> <span class='ocrx_word' id='word_1_232' title='bbox 569 2410 700 2463; x_wconf 81' lang='lat' dir='ltr'><strong>vivit</strong></span> <span class='ocrx_word' id='word_1_233' title='bbox 725 2409 793 2463; x_wconf 89' lang='lat' dir='ltr'><strong>de</strong></span> <span class='ocrx_word' id='word_1_234' title='bbox 823 2406 1010 2478; x_wconf 80' lang='lat' dir='ltr'><strong>Spiritu</strong></span> <span class='ocrx_word' id='word_1_235' title='bbox 1040 2406 1255 2478; x_wconf 83' lang='lat' dir='ltr'><strong>Christi.</strong></span> <span class='ocrx_word' id='word_1_236' title='bbox 1302 2406 1497 2459; x_wconf 82' lang='lat' dir='ltr'><strong>Littera</strong></span> <span class='ocrx_word' id='word_1_237' title='bbox 1527 2406 1827 2478; x_wconf 8' lang='lat' dir='ltr'><strong>sicgdicitur</strong></span> <span class='ocrx_word' id='word_1_238' title='bbox 1852 2423 1864 2478; x_wconf 67' lang='grc' dir='ltr'>ς</span> 
     </span>
    </p>
   </div>
   <div class='ocr_carea' id='block_1_33' title="bbox 314 2475 1869 2545">
    <p class='ocr_par' dir='ltr' id='par_1_33' title="bbox 314 2475 1869 2545">
     <span class='ocr_line' id='line_1_33' title="bbox 314 2475 1869 2545; baseline -0.002 -12"><span class='ocrx_word' id='word_1_239' title='bbox 314 2478 508 2534; x_wconf 72' lang='lat' dir='ltr'><strong>Oculus</strong></span> <span class='ocrx_word' id='word_1_240' title='bbox 535 2496 674 2534; x_wconf 81' lang='lat' dir='ltr'><strong>meus</strong></span> <span class='ocrx_word' id='word_1_241' title='bbox 696 2522 710 2545; x_wconf 90' lang='lat'><strong>,</strong></span> <span class='ocrx_word' id='word_1_242' title='bbox 741 2479 789 2530; x_wconf 88' lang='lat' dir='ltr'><strong>id</strong></span> <span class='ocrx_word' id='word_1_243' title='bbox 818 2475 933 2542; x_wconf 80' lang='lat' dir='ltr'><strong>est,</strong></span> <span class='ocrx_word' id='word_1_244' title='bbox 969 2475 1270 2530; x_wconf 87' lang='lat' dir='ltr'><strong>inteilectus</strong></span> <span class='ocrx_word' id='word_1_245' title='bbox 1300 2491 1466 2539; x_wconf 86' lang='lat' dir='ltr'><strong>meus,</strong></span> <span class='ocrx_word' id='word_1_246' title='bbox 1503 2487 1576 2530; x_wconf 81' lang='lat' dir='ltr'><strong>est</strong></span> <span class='ocrx_word' id='word_1_247' title='bbox 1607 2476 1659 2528; x_wconf 86' lang='lat' dir='ltr'><strong>in</strong></span> <span class='ocrx_word' id='word_1_248' title='bbox 1688 2476 1784 2540; x_wconf 87' lang='lat' dir='ltr'><strong>ira,</strong></span> <span class='ocrx_word' id='word_1_249' title='bbox 1818 2477 1869 2530; x_wconf 89' lang='lat' dir='ltr'><strong>id</strong></span> 
     </span>
    </p>
   </div>
   <div class='ocr_carea' id='block_1_34' title="bbox 311 2545 1870 2614">
    <p class='ocr_par' dir='ltr' id='par_1_34' title="bbox 311 2545 1870 2614">
     <span class='ocr_line' id='line_1_34' title="bbox 311 2545 1870 2614; baseline -0.003 -10"><span class='ocrx_word' id='word_1_250' title='bbox 311 2559 430 2614; x_wconf 84' lang='lat' dir='ltr'><strong>est,</strong></span> <span class='ocrx_word' id='word_1_251' title='bbox 464 2551 705 2602; x_wconf 65' lang='lat' dir='ltr'><strong>irascitur</strong></span> <span class='ocrx_word' id='word_1_252' title='bbox 735 2548 876 2602; x_wconf 79' lang='lat' dir='ltr'><strong>falsis</strong></span> <span class='ocrx_word' id='word_1_253' title='bbox 907 2545 1190 2609; x_wconf 85' lang='lat' dir='ltr'><strong>fratribus,</strong></span> <span class='ocrx_word' id='word_1_254' title='bbox 1221 2547 1407 2600; x_wconf 91' lang='lat' dir='ltr'><strong>oculus</strong></span> <span class='ocrx_word' id='word_1_255' title='bbox 1437 2547 1578 2611; x_wconf 81' lang='lat' dir='ltr'><strong>dico,</strong></span> <span class='ocrx_word' id='word_1_256' title='bbox 1611 2560 1705 2612; x_wconf 90' lang='lat' dir='ltr'><strong>per</strong></span> <span class='ocrx_word' id='word_1_257' title='bbox 1736 2547 1870 2600; x_wconf 85' lang='lat' dir='ltr'><strong>iram</strong></span> 
     </span>
    </p>
   </div>
   <div class='ocr_carea' id='block_1_35' title="bbox 310 2617 1874 2681">
    <p class='ocr_par' dir='ltr' id='par_1_35' title="bbox 310 2617 1874 2681">
     <span class='ocr_line' id='line_1_35' title="bbox 310 2617 1874 2681; baseline -0.002 -8"><span class='ocrx_word' id='word_1_258' title='bbox 310 2618 682 2673; x_wconf 87' lang='lat' dir='ltr'><strong>rationabilem</strong></span> <span class='ocrx_word' id='word_1_259' title='bbox 737 2626 938 2671; x_wconf 89' lang='lat' dir='ltr'><strong>tantum</strong></span> <span class='ocrx_word' id='word_1_260' title='bbox 994 2619 1358 2681; x_wconf 73' lang='lat' dir='ltr'><strong>conturbatus,</strong></span> <span class='ocrx_word' id='word_1_261' title='bbox 1413 2631 1516 2668; x_wconf 80' lang='lat' dir='ltr'><strong>mn</strong></span> <span class='ocrx_word' id='word_1_262' title='bbox 1568 2617 1727 2669; x_wconf 81' lang='lat' dir='ltr'><strong>etiam</strong></span> <span class='ocrx_word' id='word_1_263' title='bbox 1782 2630 1874 2680; x_wconf 89' lang='lat' dir='ltr'><strong>per</strong></span> 
     </span>
    </p>
   </div>
   <div class='ocr_carea' id='block_1_36' title="bbox 311 2684 1870 2754">
    <p class='ocr_par' dir='ltr' id='par_1_36' title="bbox 311 2684 1870 2754">
     <span class='ocr_line' id='line_1_36' title="bbox 311 2684 1870 2754; baseline -0.003 -11"><span class='ocrx_word' id='word_1_264' title='bbox 311 2691 497 2743; x_wconf 90' lang='lat' dir='ltr'><strong>odium</strong></span> <span class='ocrx_word' id='word_1_265' title='bbox 544 2691 856 2742; x_wconf 80' lang='lat' dir='ltr'><strong>exstinctus.</strong></span> <span class='ocrx_word' id='word_1_266' title='bbox 906 2687 1061 2741; x_wconf 90' lang='lat' dir='ltr'><strong>Irasci</strong></span> <span class='ocrx_word' id='word_1_267' title='bbox 1105 2687 1245 2740; x_wconf 89' lang='lat' dir='ltr'><strong>enim</strong></span> <span class='ocrx_word' id='word_1_268' title='bbox 1294 2685 1446 2739; x_wconf 89' lang='lat' dir='ltr'><strong>malis</strong></span> <span class='ocrx_word' id='word_1_269' title='bbox 1475 2701 1589 2754; x_wconf 75' lang='lat' dir='ltr'><strong>qua:</strong></span> <span class='ocrx_word' id='word_1_270' title='bbox 1636 2685 1757 2738; x_wconf 90' lang='lat' dir='ltr'><strong>mali</strong></span> <span class='ocrx_word' id='word_1_271' title='bbox 1789 2684 1870 2738; x_wconf 86' lang='lat' dir='ltr'><strong>fa-</strong></span> 
     </span>
    </p>
   </div>
   <div class='ocr_carea' id='block_1_37' title="bbox 310 2756 1872 2826">
    <p class='ocr_par' dir='ltr' id='par_1_37' title="bbox 310 2756 1872 2826">
     <span class='ocr_line' id='line_1_37' title="bbox 310 2756 1872 2826; baseline -0.001 -17"><span class='ocrx_word' id='word_1_272' title='bbox 310 2761 464 2811; x_wconf 81' lang='lat' dir='ltr'><strong>ciunt</strong></span> <span class='ocrx_word' id='word_1_273' title='bbox 493 2759 641 2822; x_wconf 89' lang='lat' dir='ltr'><strong>licet,</strong></span> <span class='ocrx_word' id='word_1_274' title='bbox 673 2759 817 2826; x_wconf 89' lang='lat' dir='ltr'><strong>ipsos</strong></span> <span class='ocrx_word' id='word_1_275' title='bbox 846 2771 972 2810; x_wconf 88' lang='lat' dir='ltr'><strong>vero</strong></span> <span class='ocrx_word' id='word_1_276' title='bbox 998 2757 1174 2810; x_wconf 84' lang='lat' dir='ltr'><strong>odisse</strong></span> <span class='ocrx_word' id='word_1_277' title='bbox 1205 2771 1307 2808; x_wconf 90' lang='lat' dir='ltr'><strong>non</strong></span> <span class='ocrx_word' id='word_1_278' title='bbox 1344 2757 1487 2810; x_wconf 90' lang='lat' dir='ltr'><strong>licet.</strong></span> <span class='ocrx_word' id='word_1_279' title='bbox 1537 2756 1598 2808; x_wconf 86' lang='lat' dir='ltr'><strong>Et</strong></span> <span class='ocrx_word' id='word_1_280' title='bbox 1651 2771 1753 2807; x_wconf 91' lang='lat' dir='ltr'><strong>non</strong></span> <span class='ocrx_word' id='word_1_281' title='bbox 1783 2769 1872 2826; x_wconf 51' lang='lat' dir='ltr'><strong>soe</strong></span> 
     </span>
    </p>
   </div>
   <div class='ocr_carea' id='block_1_38' title="bbox 309 2825 1871 2892">
    <p class='ocr_par' dir='ltr' id='par_1_38' title="bbox 309 2825 1871 2892">
     <span class='ocr_line' id='line_1_38' title="bbox 309 2825 1871 2892; baseline -0.001 -10"><span class='ocrx_word' id='word_1_282' title='bbox 309 2829 422 2882; x_wconf 89' lang='lat' dir='ltr'><strong>lum</strong></span> <span class='ocrx_word' id='word_1_283' title='bbox 451 2829 635 2882; x_wconf 87' lang='lat' dir='ltr'><strong>oculus</strong></span> <span class='ocrx_word' id='word_1_284' title='bbox 658 2871 670 2892; x_wconf 90' lang='lat'><strong>,</strong></span> <span class='ocrx_word' id='word_1_285' title='bbox 696 2825 754 2881; x_wconf 84' lang='lat' dir='ltr'><strong>id</strong></span> <span class='ocrx_word' id='word_1_286' title='bbox 797 2837 878 2881; x_wconf 91' lang='lat' dir='ltr'><strong>est</strong></span> <span class='ocrx_word' id='word_1_287' title='bbox 920 2828 1222 2881; x_wconf 81' lang='lat' dir='ltr'><strong>intellectus</strong></span> <span class='ocrx_word' id='word_1_288' title='bbox 1251 2833 1334 2880; x_wconf 73' lang='lat' dir='ltr'><strong>est</strong></span> <span class='ocrx_word' id='word_1_289' title='bbox 1364 2828 1706 2879; x_wconf 69' lang='lat' dir='ltr'><strong>conturbatus</strong></span> <span class='ocrx_word' id='word_1_290' title='bbox 1733 2842 1748 2888; x_wconf 91' lang='lat'><strong>;</strong></span> <span class='ocrx_word' id='word_1_291' title='bbox 1776 2825 1871 2880; x_wconf 80' lang='lat' dir='ltr'><strong>sed</strong></span> 
     </span>
    </p>
   </div>
   <div class='ocr_carea' id='block_1_39' title="bbox 306 2897 1868 2961">
    <p class='ocr_par' dir='ltr' id='par_1_39' title="bbox 306 2897 1868 2961">
     <span class='ocr_line' id='line_1_39' title="bbox 306 2897 1868 2961; baseline -0.004 -8"><span class='ocrx_word' id='word_1_292' title='bbox 306 2901 472 2953; x_wconf 85' lang='lat' dir='ltr'><strong>etiam</strong></span> <span class='ocrx_word' id='word_1_293' title='bbox 501 2901 670 2950; x_wconf 85' lang='lat' dir='ltr'><strong>anima</strong></span> <span class='ocrx_word' id='word_1_294' title='bbox 700 2913 837 2961; x_wconf 87' lang='lat' dir='ltr'><strong>mea,</strong></span> <span class='ocrx_word' id='word_1_295' title='bbox 869 2897 918 2951; x_wconf 88' lang='lat' dir='ltr'><strong>id</strong></span> <span class='ocrx_word' id='word_1_296' title='bbox 950 2909 1064 2961; x_wconf 82' lang='lat' dir='ltr'><strong>est,</strong></span> <span class='ocrx_word' id='word_1_297' title='bbox 1097 2898 1234 2949; x_wconf 88' lang='lat' dir='ltr'><strong>ratio</strong></span> <span class='ocrx_word' id='word_1_298' title='bbox 1263 2910 1376 2950; x_wconf 89' lang='lat' dir='ltr'><strong>mea</strong></span> <span class='ocrx_word' id='word_1_299' title='bbox 1397 2935 1414 2960; x_wconf 96' lang='lat'><strong>,</strong></span> <span class='ocrx_word' id='word_1_300' title='bbox 1441 2905 1486 2948; x_wconf 80' lang='lat' dir='ltr'><strong>et</strong></span> <span class='ocrx_word' id='word_1_301' title='bbox 1511 2906 1679 2948; x_wconf 82' lang='lat' dir='ltr'><strong>venter</strong></span> <span class='ocrx_word' id='word_1_302' title='bbox 1708 2911 1868 2961; x_wconf 74' lang='lat' dir='ltr'><strong>meus,</strong></span> 
     </span>
    </p>
   </div>
   <div class='ocr_carea' id='block_1_40' title="bbox 306 2964 1871 3033">
    <p class='ocr_par' dir='ltr' id='par_1_40' title="bbox 306 2964 1871 3033">
     <span class='ocr_line' id='line_1_40' title="bbox 306 2964 1871 3033; baseline -0.003 -11"><span class='ocrx_word' id='word_1_303' title='bbox 306 2970 361 3023; x_wconf 90' lang='lat' dir='ltr'><strong>id</strong></span> <span class='ocrx_word' id='word_1_304' title='bbox 394 2977 512 3031; x_wconf 87' lang='lat' dir='ltr'><strong>est,</strong></span> <span class='ocrx_word' id='word_1_305' title='bbox 543 2967 856 3023; x_wconf 83' lang='lat' dir='ltr'><strong>sensnalitas</strong></span> <span class='ocrx_word' id='word_1_306' title='bbox 881 2982 999 3020; x_wconf 88' lang='lat' dir='ltr'><strong>mea</strong></span> <span class='ocrx_word' id='word_1_307' title='bbox 1029 2967 1334 3020; x_wconf 87' lang='lat' dir='ltr'><strong>conturbata</strong></span> <span class='ocrx_word' id='word_1_308' title='bbox 1364 2974 1506 3018; x_wconf 92' lang='lat' dir='ltr'><strong>sunt.</strong></span> <span class='ocrx_word' id='word_1_309' title='bbox 1543 2966 1608 3019; x_wconf 86' lang='lat' dir='ltr'><strong>Et</strong></span> <span class='ocrx_word' id='word_1_310' title='bbox 1637 2964 1871 3033; x_wconf 79' lang='lat' dir='ltr'><strong>iutellige</strong></span> 
     </span>
    </p>
   </div>
   <div class='ocr_carea' id='block_1_41' title="bbox 307 3034 1870 3106">
    <p class='ocr_par' dir='ltr' id='par_1_41' title="bbox 307 3034 1870 3106">
     <span class='ocr_line' id='line_1_41' title="bbox 307 3034 1870 3106; baseline -0.001 -16"><span class='ocrx_word' id='word_1_311' title='bbox 307 3054 411 3106; x_wconf 86' lang='lat' dir='ltr'><strong>per</strong></span> <span class='ocrx_word' id='word_1_312' title='bbox 441 3040 520 3092; x_wconf 91' lang='lat' dir='ltr'><strong>bis</strong></span> <span class='ocrx_word' id='word_1_313' title='bbox 549 3038 646 3091; x_wconf 86' lang='lat' dir='ltr'><strong>tria</strong></span> <span class='ocrx_word' id='word_1_314' title='bbox 677 3037 850 3092; x_wconf 89' lang='lat' dir='ltr'><strong>omnia</strong></span> <span class='ocrx_word' id='word_1_315' title='bbox 884 3038 1154 3090; x_wconf 91' lang='lat' dir='ltr'><strong>interiora.</strong></span> <span class='ocrx_word' id='word_1_316' title='bbox 1195 3035 1354 3103; x_wconf 88' lang='lat' dir='ltr'><strong>Quasi</strong></span> <span class='ocrx_word' id='word_1_317' title='bbox 1399 3036 1540 3106; x_wconf 84' lang='lat' dir='ltr'><strong>dicat</strong></span> <span class='ocrx_word' id='word_1_318' title='bbox 1571 3053 1581 3087; x_wconf 94' lang='lat'><strong>:</strong></span> <span class='ocrx_word' id='word_1_319' title='bbox 1617 3034 1870 3088; x_wconf 83' lang='lat' dir='ltr'><strong>Interiora</strong></span> 
     </span>
    </p>
   </div>
   <div class='ocr_carea' id='block_1_42' title="bbox 308 3105 1867 3168">
    <p class='ocr_par' dir='ltr' id='par_1_42' title="bbox 308 3105 1867 3168">
     <span class='ocr_line' id='line_1_42' title="bbox 308 3105 1867 3168; baseline 0 -8"><span class='ocrx_word' id='word_1_320' title='bbox 308 3105 431 3162; x_wconf 80' lang='lat' dir='ltr'><strong>utea</strong></span> <span class='ocrx_word' id='word_1_321' title='bbox 463 3107 640 3162; x_wconf 91' lang='lat' dir='ltr'><strong>omnia</strong></span> <span class='ocrx_word' id='word_1_322' title='bbox 689 3109 1002 3161; x_wconf 83' lang='lat' dir='ltr'><strong>conturbata</strong></span> <span class='ocrx_word' id='word_1_323' title='bbox 1043 3115 1192 3168; x_wconf 90' lang='lat' dir='ltr'><strong>sunt,</strong></span> <span class='ocrx_word' id='word_1_324' title='bbox 1241 3121 1343 3158; x_wconf 91' lang='lat' dir='ltr'><strong>non</strong></span> <span class='ocrx_word' id='word_1_325' title='bbox 1388 3105 1546 3160; x_wconf 90' lang='lat' dir='ltr'><strong>etiam</strong></span> <span class='ocrx_word' id='word_1_326' title='bbox 1579 3108 1867 3160; x_wconf 76' lang='lat' dir='ltr'><strong>exteriora.</strong></span> 
     </span>
    </p>
   </div>
   <div class='ocr_carea' id='block_1_43' title="bbox 303 3174 1872 3244">
    <p class='ocr_par' dir='ltr' id='par_1_43' title="bbox 303 3174 1872 3244">
     <span class='ocr_line' id='line_1_43' title="bbox 303 3174 1872 3244; baseline -0.001 -15"><span class='ocrx_word' id='word_1_327' title='bbox 303 3177 537 3244; x_wconf 84' lang='lat' dir='ltr'><strong>Quando</strong></span> <span class='ocrx_word' id='word_1_328' title='bbox 583 3179 726 3232; x_wconf 91' lang='lat' dir='ltr'><strong>enim</strong></span> <span class='ocrx_word' id='word_1_329' title='bbox 779 3185 977 3230; x_wconf 87' lang='lat' dir='ltr'><strong>tantam</strong></span> <span class='ocrx_word' id='word_1_330' title='bbox 1031 3174 1431 3242; x_wconf 85' lang='lat' dir='ltr'><strong>perversitatem</strong></span> <span class='ocrx_word' id='word_1_331' title='bbox 1483 3185 1536 3228; x_wconf 89' lang='lat' dir='ltr'><strong>et</strong></span> <span class='ocrx_word' id='word_1_332' title='bbox 1585 3175 1872 3244; x_wconf 88' lang='lat' dir='ltr'><strong>nequitiaut</strong></span> 
     </span>
    </p>
   </div>
   <div class='ocr_carea' id='block_1_44' title="bbox 308 3246 1875 3315">
    <p class='ocr_par' dir='ltr' id='par_1_44' title="bbox 308 3246 1875 3315">
     <span class='ocr_line' id='line_1_44' title="bbox 308 3246 1875 3315; baseline -0.003 -13"><span class='ocrx_word' id='word_1_333' title='bbox 308 3251 577 3302; x_wconf 87' lang='lat' dir='ltr'><strong>malorum</strong></span> <span class='ocrx_word' id='word_1_334' title='bbox 611 3247 952 3315; x_wconf 64' lang='lat' dir='ltr'><strong>praevaluisse</strong></span> <span class='ocrx_word' id='word_1_335' title='bbox 982 3246 1219 3300; x_wconf 78' lang='lat' dir='ltr'><strong>videmus</strong></span> <span class='ocrx_word' id='word_1_336' title='bbox 1239 3287 1254 3311; x_wconf 89' lang='lat'><strong>,</strong></span> <span class='ocrx_word' id='word_1_337' title='bbox 1285 3260 1441 3313; x_wconf 84' lang='lat' dir='ltr'><strong>quam</strong></span> <span class='ocrx_word' id='word_1_338' title='bbox 1465 3260 1560 3299; x_wconf 89' lang='lat' dir='ltr'><strong>nec</strong></span> <span class='ocrx_word' id='word_1_339' title='bbox 1582 3247 1875 3311; x_wconf 88' lang='lat' dir='ltr'><strong>corripere,</strong></span> 
     </span>
    </p>
   </div>
   <div class='ocr_carea' id='block_1_45' title="bbox 306 3316 1874 3386">
    <p class='ocr_par' dir='ltr' id='par_1_45' title="bbox 306 3316 1874 3386">
     <span class='ocr_line' id='line_1_45' title="bbox 306 3316 1874 3386; baseline -0.003 -15"><span class='ocrx_word' id='word_1_340' title='bbox 306 3333 416 3372; x_wconf 86' lang='lat' dir='ltr'><strong>nec</strong></span> <span class='ocrx_word' id='word_1_341' title='bbox 445 3319 714 3386; x_wconf 64' lang='lat' dir='ltr'><strong>ctnrrigcre</strong></span> <span class='ocrx_word' id='word_1_342' title='bbox 757 3329 1067 3385; x_wconf 84' lang='lat' dir='ltr'><strong>possumus,</strong></span> <span class='ocrx_word' id='word_1_343' title='bbox 1103 3325 1228 3369; x_wconf 87' lang='lat' dir='ltr'><strong>tunc</strong></span> <span class='ocrx_word' id='word_1_344' title='bbox 1273 3316 1427 3368; x_wconf 79' lang='lat' dir='ltr'><strong>irasci</strong></span> <span class='ocrx_word' id='word_1_345' title='bbox 1475 3325 1675 3369; x_wconf 86' lang='lat' dir='ltr'><strong>tantum</strong></span> <span class='ocrx_word' id='word_1_346' title='bbox 1723 3316 1874 3386; x_wconf 81' lang='lat' dir='ltr'><strong>licet,</strong></span> 
     </span>
    </p>
   </div>
   <div class='ocr_carea' id='block_1_46' title="bbox 304 3384 1878 3454">
    <p class='ocr_par' dir='ltr' id='par_1_46' title="bbox 304 3384 1878 3454">
     <span class='ocr_line' id='line_1_46' title="bbox 304 3384 1878 3454; baseline -0.002 -13"><span class='ocrx_word' id='word_1_347' title='bbox 304 3389 551 3441; x_wconf 89' lang='lat' dir='ltr'><strong>clamare</strong></span> <span class='ocrx_word' id='word_1_348' title='bbox 581 3384 706 3441; x_wconf 81' lang='lat' dir='ltr'><strong>vero</strong></span> <span class='ocrx_word' id='word_1_349' title='bbox 738 3384 842 3440; x_wconf 88' lang='lat' dir='ltr'><strong>non</strong></span> <span class='ocrx_word' id='word_1_350' title='bbox 876 3387 1029 3448; x_wconf 86' lang='lat' dir='ltr'><strong>licet,</strong></span> <span class='ocrx_word' id='word_1_351' title='bbox 1060 3386 1183 3454; x_wconf 85' lang='lat' dir='ltr'><strong>quia</strong></span> <span class='ocrx_word' id='word_1_352' title='bbox 1227 3387 1269 3438; x_wconf 91' lang='lat' dir='ltr'><strong>si</strong></span> <span class='ocrx_word' id='word_1_353' title='bbox 1315 3386 1665 3439; x_wconf 88' lang='lat' dir='ltr'><strong>clamaretuus</strong></span> <span class='ocrx_word' id='word_1_354' title='bbox 1686 3429 1701 3452; x_wconf 90' lang='lat'><strong>,</strong></span> <span class='ocrx_word' id='word_1_355' title='bbox 1749 3384 1878 3438; x_wconf 86' lang='lat' dir='ltr'><strong>nihil</strong></span> 
     </span>
    </p>
   </div>
   <div class='ocr_carea' id='block_1_47' title="bbox 304 3455 1879 3528">
    <p class='ocr_par' dir='ltr' id='par_1_47' title="bbox 304 3455 1879 3528">
     <span class='ocr_line' id='line_1_47' title="bbox 304 3455 1879 3528; baseline -0.003 -19"><span class='ocrx_word' id='word_1_356' title='bbox 304 3458 717 3528; x_wconf 84' lang='lat' dir='ltr'><strong>proficereinus,</strong></span> <span class='ocrx_word' id='word_1_357' title='bbox 749 3458 859 3528; x_wconf 81' lang='lat' dir='ltr'><strong>imo</strong></span> <span class='ocrx_word' id='word_1_358' title='bbox 890 3471 1135 3528; x_wconf 88' lang='lat' dir='ltr'><strong>magnum</strong></span> <span class='ocrx_word' id='word_1_359' title='bbox 1183 3455 1331 3528; x_wconf 83' lang='lat' dir='ltr'><strong>nobis</strong></span> <span class='ocrx_word' id='word_1_360' title='bbox 1378 3455 1752 3528; x_wconf 81' lang='lat' dir='ltr'><strong>offendiculum</strong></span> <span class='ocrx_word' id='word_1_361' title='bbox 1801 3456 1879 3506; x_wconf 87' lang='lat' dir='ltr'><strong>fa-</strong></span> 
     </span>
    </p>
   </div>
   <div class='ocr_carea' id='block_1_48' title="bbox 302 3525 1876 3593">
    <p class='ocr_par' dir='ltr' id='par_1_48' title="bbox 302 3525 1876 3593">
     <span class='ocr_line' id='line_1_48' title="bbox 302 3525 1876 3593; baseline -0.001 -13"><span class='ocrx_word' id='word_1_362' title='bbox 302 3525 583 3581; x_wconf 80' lang='lat' dir='ltr'><strong>ceremus.</strong></span> <span class='ocrx_word' id='word_1_363' title='bbox 613 3531 706 3593; x_wconf 88' lang='lat' dir='ltr'><strong>Qu.</strong></span> <span class='ocrx_word' id='word_1_364' title='bbox 729 3525 760 3578; x_wconf 93' lang='lat' dir='ltr'><strong>d</strong></span> <span class='ocrx_word' id='word_1_365' title='bbox 793 3542 912 3579; x_wconf 90' lang='lat' dir='ltr'><strong>cum</strong></span> <span class='ocrx_word' id='word_1_366' title='bbox 942 3527 1117 3579; x_wconf 81' lang='lat' dir='ltr'><strong>evenit</strong></span> <span class='ocrx_word' id='word_1_367' title='bbox 1140 3567 1157 3593; x_wconf 94' lang='lat'><strong>,</strong></span> <span class='ocrx_word' id='word_1_368' title='bbox 1192 3527 1469 3578; x_wconf 83' lang='lat' dir='ltr'><strong>turbantur</strong></span> <span class='ocrx_word' id='word_1_369' title='bbox 1499 3534 1698 3577; x_wconf 87' lang='lat' dir='ltr'><strong>tantum</strong></span> <span class='ocrx_word' id='word_1_370' title='bbox 1741 3526 1876 3578; x_wconf 84' lang='lat' dir='ltr'><strong>inte-</strong></span> 
     </span>
    </p>
   </div>
   <div class='ocr_carea' id='block_1_49' title="bbox 303 3595 1878 3658">
    <p class='ocr_par' dir='ltr' id='par_1_49' title="bbox 303 3595 1878 3658">
     <span class='ocr_line' id='line_1_49' title="bbox 303 3595 1878 3658; baseline -0.003 -7"><span class='ocrx_word' id='word_1_371' title='bbox 303 3598 493 3658; x_wconf 88' lang='lat' dir='ltr'><strong>riora,</strong></span> <span class='ocrx_word' id='word_1_372' title='bbox 526 3613 630 3650; x_wconf 88' lang='lat' dir='ltr'><strong>non</strong></span> <span class='ocrx_word' id='word_1_373' title='bbox 675 3597 836 3650; x_wconf 84' lang='lat' dir='ltr'><strong>etiam</strong></span> <span class='ocrx_word' id='word_1_374' title='bbox 885 3596 1170 3648; x_wconf 71' lang='lat' dir='ltr'><strong>exteriora.</strong></span> <span class='ocrx_word' id='word_1_375' title='bbox 1213 3595 1541 3648; x_wconf 85' lang='lat' dir='ltr'><strong>Sensualitas</strong></span> <span class='ocrx_word' id='word_1_376' title='bbox 1585 3595 1774 3648; x_wconf 91' lang='lat' dir='ltr'><strong>dicitur</strong></span> <span class='ocrx_word' id='word_1_377' title='bbox 1802 3595 1878 3646; x_wconf 83' lang='lat' dir='ltr'><strong>vis</strong></span> 
     </span>
    </p>
   </div>
   <div class='ocr_carea' id='block_1_50' title="bbox 302 3661 1875 3732">
    <p class='ocr_par' dir='ltr' id='par_1_50' title="bbox 302 3661 1875 3732">
     <span class='ocr_line' id='line_1_50' title="bbox 302 3661 1875 3732; baseline -0.004 -11"><span class='ocrx_word' id='word_1_378' title='bbox 302 3667 402 3722; x_wconf 78' lang='lat' dir='ltr'><strong>illa</strong></span> <span class='ocrx_word' id='word_1_379' title='bbox 453 3668 676 3731; x_wconf 61' lang='lat' dir='ltr'><strong>animat,</strong></span> <span class='ocrx_word' id='word_1_380' title='bbox 729 3682 847 3730; x_wconf 81' lang='lat' dir='ltr'><strong>quae</strong></span> <span class='ocrx_word' id='word_1_381' title='bbox 895 3675 1094 3719; x_wconf 85' lang='lat' dir='ltr'><strong>tantum</strong></span> <span class='ocrx_word' id='word_1_382' title='bbox 1141 3665 1208 3718; x_wconf 89' lang='lat' dir='ltr'><strong>de</strong></span> <span class='ocrx_word' id='word_1_383' title='bbox 1249 3661 1602 3718; x_wconf 77' lang='lat' dir='ltr'><strong>exterioribus</strong></span> <span class='ocrx_word' id='word_1_384' title='bbox 1643 3664 1875 3732; x_wconf 89' lang='lat' dir='ltr'><strong>appetit,</strong></span> 
     </span>
    </p>
   </div>
   <div class='ocr_carea' id='block_1_51' title="bbox 304 3735 1880 3808">
    <p class='ocr_par' dir='ltr' id='par_1_51' title="bbox 304 3735 1880 3808">
     <span class='ocr_line' id='line_1_51' title="bbox 304 3735 1880 3808; baseline 0.001 -24"><span class='ocrx_word' id='word_1_385' title='bbox 304 3750 573 3808; x_wconf 79' lang='lat' dir='ltr'><strong>quantum</strong></span> <span class='ocrx_word' id='word_1_386' title='bbox 625 3735 852 3808; x_wconf 77' lang='lat' dir='ltr'><strong>sufficiat</strong></span> <span class='ocrx_word' id='word_1_387' title='bbox 895 3735 1198 3808; x_wconf 78' lang='lat' dir='ltr'><strong>necessitati</strong></span> <span class='ocrx_word' id='word_1_388' title='bbox 1229 3735 1486 3808; x_wconf 77' lang='lat' dir='ltr'><strong>corporis.</strong></span> <span class='ocrx_word' id='word_1_389' title='bbox 1531 3735 1685 3808; x_wconf 82' lang='lat' dir='ltr'><strong>Quod</strong></span> <span class='ocrx_word' id='word_1_390' title='bbox 1712 3749 1880 3802; x_wconf 89' lang='lat' dir='ltr'><strong>quan-</strong></span> 
     </span>
    </p>
   </div>
   <div class='ocr_carea' id='block_1_52' title="bbox 307 3804 1877 3872">
    <p class='ocr_par' dir='ltr' id='par_1_52' title="bbox 307 3804 1877 3872">
     <span class='ocr_line' id='line_1_52' title="bbox 307 3804 1877 3872; baseline -0.004 -12"><span class='ocrx_word' id='word_1_391' title='bbox 307 3804 406 3860; x_wconf 78' lang='lat' dir='ltr'><strong>diu</strong></span> <span class='ocrx_word' id='word_1_392' title='bbox 443 3817 658 3871; x_wconf 88' lang='lat' dir='ltr'><strong>servat,</strong></span> <span class='ocrx_word' id='word_1_393' title='bbox 688 3805 924 3872; x_wconf 77' lang='lat' dir='ltr'><strong>sulijacct</strong></span> <span class='ocrx_word' id='word_1_394' title='bbox 956 3805 1066 3857; x_wconf 82' lang='lat' dir='ltr'><strong>viro</strong></span> <span class='ocrx_word' id='word_1_395' title='bbox 1099 3818 1228 3867; x_wconf 91' lang='lat' dir='ltr'><strong>suo,</strong></span> <span class='ocrx_word' id='word_1_396' title='bbox 1260 3804 1307 3856; x_wconf 94' lang='lat' dir='ltr'><strong>id</strong></span> <span class='ocrx_word' id='word_1_397' title='bbox 1339 3814 1414 3856; x_wconf 78' lang='lat' dir='ltr'><strong>cst</strong></span> <span class='ocrx_word' id='word_1_398' title='bbox 1438 3842 1453 3866; x_wconf 93' lang='lat'><strong>,</strong></span> <span class='ocrx_word' id='word_1_399' title='bbox 1499 3805 1727 3866; x_wconf 89' lang='lat' dir='ltr'><strong>rationi;</strong></span> <span class='ocrx_word' id='word_1_400' title='bbox 1759 3818 1877 3856; x_wconf 89' lang='lat' dir='ltr'><strong>cum</strong></span> 
     </span>
    </p>
   </div>
   <div class='ocr_carea' id='block_1_53' title="bbox 309 3873 1880 3943">
    <p class='ocr_par' dir='ltr' id='par_1_53' title="bbox 309 3873 1880 3943">
     <span class='ocr_line' id='line_1_53' title="bbox 309 3873 1880 3943; baseline -0.001 -16"><span class='ocrx_word' id='word_1_401' title='bbox 309 3892 452 3930; x_wconf 81' lang='lat' dir='ltr'><strong>vero</strong></span> <span class='ocrx_word' id='word_1_402' title='bbox 483 3878 597 3929; x_wconf 84' lang='lat' dir='ltr'><strong>ha-c</strong></span> <span class='ocrx_word' id='word_1_403' title='bbox 625 3879 832 3928; x_wconf 81' lang='lat' dir='ltr'><strong>excedit</strong></span> <span class='ocrx_word' id='word_1_404' title='bbox 860 3878 1038 3943; x_wconf 72' lang='lat' dir='ltr'><strong>iugum</strong></span> <span class='ocrx_word' id='word_1_405' title='bbox 1071 3875 1163 3926; x_wconf 91' lang='lat' dir='ltr'><strong>viri</strong></span> <span class='ocrx_word' id='word_1_406' title='bbox 1197 3874 1277 3926; x_wconf 92' lang='lat' dir='ltr'><strong>sui</strong></span> <span class='ocrx_word' id='word_1_407' title='bbox 1306 3873 1518 3941; x_wconf 87' lang='lat' dir='ltr'><strong>abjicit,</strong></span> <span class='ocrx_word' id='word_1_408' title='bbox 1553 3883 1604 3925; x_wconf 87' lang='lat' dir='ltr'><strong>et</strong></span> <span class='ocrx_word' id='word_1_409' title='bbox 1625 3914 1639 3938; x_wconf 92' lang='lat'><strong>,</strong></span> <span class='ocrx_word' id='word_1_410' title='bbox 1668 3874 1880 3927; x_wconf 80' lang='lat' dir='ltr'><strong>diaboo</strong></span> 
     </span>
    </p>
   </div>
   <div class='ocr_carea' id='block_1_54' title="bbox 309 3943 1881 4012">
    <p class='ocr_par' dir='ltr' id='par_1_54' title="bbox 309 3943 1881 4012">
     <span class='ocr_line' id='line_1_54' title="bbox 309 3943 1881 4012; baseline -0.001 -14"><span class='ocrx_word' id='word_1_411' title='bbox 309 3947 700 4008; x_wconf 87' lang='lat' dir='ltr'><strong>consentiens,</strong></span> <span class='ocrx_word' id='word_1_412' title='bbox 734 3961 946 3998; x_wconf 85' lang='lat' dir='ltr'><strong>manum</strong></span> <span class='ocrx_word' id='word_1_413' title='bbox 979 3945 1042 3997; x_wconf 89' lang='lat' dir='ltr'><strong>ad</strong></span> <span class='ocrx_word' id='word_1_414' title='bbox 1075 3944 1252 3997; x_wconf 89' lang='lat' dir='ltr'><strong>illicita</strong></span> <span class='ocrx_word' id='word_1_415' title='bbox 1276 3983 1289 4003; x_wconf 85' lang='lat'><strong>.</strong></span> <span class='ocrx_word' id='word_1_416' title='bbox 1331 3945 1481 4010; x_wconf 85' lang='lat' dir='ltr'><strong>quasi</strong></span> <span class='ocrx_word' id='word_1_417' title='bbox 1533 3943 1636 3996; x_wconf 85' lang='lat' dir='ltr'><strong>Eva</strong></span> <span class='ocrx_word' id='word_1_418' title='bbox 1682 3944 1746 3996; x_wconf 89' lang='lat' dir='ltr'><strong>ad</strong></span> <span class='ocrx_word' id='word_1_419' title='bbox 1788 3958 1881 4012; x_wconf 83' lang='lat' dir='ltr'><strong>po-</strong></span> 
     </span>
    </p>
   </div>
   <div class='ocr_carea' id='block_1_55' title="bbox 311 4013 1640 4082">
    <p class='ocr_par' dir='ltr' id='par_1_55' title="bbox 311 4013 1640 4082">
     <span class='ocr_line' id='line_1_55' title="bbox 311 4013 1640 4082; baseline -0.001 -13"><span class='ocrx_word' id='word_1_420' title='bbox 311 4032 466 4069; x_wconf 89' lang='lat' dir='ltr'><strong>mum</strong></span> <span class='ocrx_word' id='word_1_421' title='bbox 491 4055 506 4080; x_wconf 91' lang='lat'><strong>,</strong></span> <span class='ocrx_word' id='word_1_422' title='bbox 542 4016 810 4082; x_wconf 78' lang='lat' dir='ltr'><strong>extendit,</strong></span> <span class='ocrx_word' id='word_1_423' title='bbox 843 4024 895 4069; x_wconf 89' lang='lat' dir='ltr'><strong>et</strong></span> <span class='ocrx_word' id='word_1_424' title='bbox 924 4015 998 4068; x_wconf 92' lang='lat' dir='ltr'><strong>sic</strong></span> <span class='ocrx_word' id='word_1_425' title='bbox 1025 4016 1184 4067; x_wconf 85' lang='lat' dir='ltr'><strong>etiam</strong></span> <span class='ocrx_word' id='word_1_426' title='bbox 1216 4013 1385 4066; x_wconf 85' lang='lat' dir='ltr'><strong>virum</strong></span> <span class='ocrx_word' id='word_1_427' title='bbox 1416 4014 1640 4068; x_wconf 86' lang='lat' dir='ltr'><strong>seducit.</strong></span> 
     </span>
    </p>
   </div>
   <div class='ocr_carea' id='block_1_56' title="bbox 389 4083 1882 4150">
    <p class='ocr_par' dir='ltr' id='par_1_56' title="bbox 389 4083 1882 4150">
     <span class='ocr_line' id='line_1_56' title="bbox 389 4083 1882 4150; baseline 0.001 -15"><span class='ocrx_word' id='word_1_428' title='bbox 389 4087 649 4149; x_wconf 76' lang='lat' dir='ltr'><strong>Quoniam</strong></span> <span class='ocrx_word' id='word_1_429' title='bbox 695 4085 876 4150; x_wconf 82' lang='lat' dir='ltr'><strong>defecit</strong></span> <span class='ocrx_word' id='word_1_430' title='bbox 917 4084 971 4137; x_wconf 85' lang='lat' dir='ltr'><strong>in</strong></span> <span class='ocrx_word' id='word_1_431' title='bbox 1015 4087 1186 4136; x_wconf 84' lang='lat' dir='ltr'><strong>dolore</strong></span> <span class='ocrx_word' id='word_1_432' title='bbox 1227 4086 1328 4136; x_wconf 89' lang='lat' dir='ltr'><strong>vita</strong></span> <span class='ocrx_word' id='word_1_433' title='bbox 1370 4100 1500 4138; x_wconf 84' lang='lat' dir='ltr'><strong>mea.</strong></span> <span class='ocrx_word' id='word_1_434' title='bbox 1533 4083 1719 4137; x_wconf 78' lang='lat' dir='ltr'><strong>Merito</strong></span> <span class='ocrx_word' id='word_1_435' title='bbox 1750 4083 1882 4136; x_wconf 53' lang='lat' dir='ltr'><strong>inte.</strong></span> 
     </span>
    </p>
   </div>
   <div class='ocr_carea' id='block_1_57' title="bbox 311 4153 1882 4220">
    <p class='ocr_par' dir='ltr' id='par_1_57' title="bbox 311 4153 1882 4220">
     <span class='ocr_line' id='line_1_57' title="bbox 311 4153 1882 4220; baseline -0.001 -11"><span class='ocrx_word' id='word_1_436' title='bbox 311 4157 463 4210; x_wconf 84' lang='lat' dir='ltr'><strong>riora</strong></span> <span class='ocrx_word' id='word_1_437' title='bbox 496 4169 612 4207; x_wconf 88' lang='lat' dir='ltr'><strong>mea</strong></span> <span class='ocrx_word' id='word_1_438' title='bbox 661 4156 970 4207; x_wconf 85' lang='lat' dir='ltr'><strong>conturbata</strong></span> <span class='ocrx_word' id='word_1_439' title='bbox 1012 4164 1169 4218; x_wconf 86' lang='lat' dir='ltr'><strong>sum,</strong></span> <span class='ocrx_word' id='word_1_440' title='bbox 1199 4153 1448 4220; x_wconf 87' lang='lat' dir='ltr'><strong>quoniam</strong></span> <span class='ocrx_word' id='word_1_441' title='bbox 1476 4157 1574 4206; x_wconf 85' lang='lat' dir='ltr'><strong>vita</strong></span> <span class='ocrx_word' id='word_1_442' title='bbox 1605 4170 1732 4219; x_wconf 90' lang='lat' dir='ltr'><strong>mea,</strong></span> <span class='ocrx_word' id='word_1_443' title='bbox 1764 4168 1882 4220; x_wconf 67' lang='lat' dir='ltr'><strong>quae</strong></span> 
     </span>
    </p>
   </div>
   <div class='ocr_carea' id='block_1_58' title="bbox 311 4223 1881 4294">
    <p class='ocr_par' dir='ltr' id='par_1_58' title="bbox 311 4223 1881 4294">
     <span class='ocr_line' id='line_1_58' title="bbox 311 4223 1881 4294; baseline -0.001 -16"><span class='ocrx_word' id='word_1_444' title='bbox 311 4226 505 4278; x_wconf 87' lang='lat' dir='ltr'><strong>debuit</strong></span> <span class='ocrx_word' id='word_1_445' title='bbox 540 4223 797 4294; x_wconf 83' lang='lat' dir='ltr'><strong>proficere</strong></span> <span class='ocrx_word' id='word_1_446' title='bbox 827 4226 876 4277; x_wconf 88' lang='lat' dir='ltr'><strong>itt</strong></span> <span class='ocrx_word' id='word_1_447' title='bbox 908 4224 1086 4294; x_wconf 66' lang='lat' dir='ltr'><strong>lictitia</strong></span> <span class='ocrx_word' id='word_1_448' title='bbox 1109 4265 1124 4288; x_wconf 88' lang='lat'><strong>,</strong></span> <span class='ocrx_word' id='word_1_449' title='bbox 1157 4224 1340 4292; x_wconf 80' lang='lat' dir='ltr'><strong>defecit</strong></span> <span class='ocrx_word' id='word_1_450' title='bbox 1368 4223 1420 4275; x_wconf 89' lang='lat' dir='ltr'><strong>in</strong></span> <span class='ocrx_word' id='word_1_451' title='bbox 1451 4226 1645 4277; x_wconf 76' lang='lat' dir='ltr'><strong>dolore.</strong></span> <span class='ocrx_word' id='word_1_452' title='bbox 1692 4225 1881 4278; x_wconf 85' lang='lat' dir='ltr'><strong>Scien-</strong></span> 
     </span>
    </p>
   </div>
   <div class='ocr_carea' id='block_1_59' title="bbox 311 4293 1883 4363">
    <p class='ocr_par' dir='ltr' id='par_1_59' title="bbox 311 4293 1883 4363">
     <span class='ocr_line' id='line_1_59' title="bbox 311 4293 1883 4363; baseline -0.001 -14"><span class='ocrx_word' id='word_1_453' title='bbox 311 4297 448 4349; x_wconf 88' lang='lat' dir='ltr'><strong>dtttn</strong></span> <span class='ocrx_word' id='word_1_454' title='bbox 482 4295 620 4362; x_wconf 83' lang='lat' dir='ltr'><strong>quod</strong></span> <span class='ocrx_word' id='word_1_455' title='bbox 671 4295 772 4347; x_wconf 85' lang='lat' dir='ltr'><strong>vita</strong></span> <span class='ocrx_word' id='word_1_456' title='bbox 820 4293 988 4348; x_wconf 74' lang='lat' dir='ltr'><strong>Sancti</strong></span> <span class='ocrx_word' id='word_1_457' title='bbox 1020 4295 1116 4346; x_wconf 91' lang='lat' dir='ltr'><strong>viri</strong></span> <span class='ocrx_word' id='word_1_458' title='bbox 1163 4305 1214 4358; x_wconf 73' lang='lat' dir='ltr'><strong>et</strong></span> <span class='ocrx_word' id='word_1_459' title='bbox 1260 4295 1310 4346; x_wconf 91' lang='lat' dir='ltr'><strong>in</strong></span> <span class='ocrx_word' id='word_1_460' title='bbox 1361 4295 1645 4363; x_wconf 76' lang='lat' dir='ltr'><strong>Evangelia</strong></span> <span class='ocrx_word' id='word_1_461' title='bbox 1686 4294 1883 4348; x_wconf 79' lang='lat' dir='ltr'><strong>Christi</strong></span> 
     </span>
    </p>
   </div>
   <div class='ocr_carea' id='block_1_60' title="bbox 317 4363 1881 4433">
    <p class='ocr_par' dir='ltr' id='par_1_60' title="bbox 317 4363 1881 4433">
     <span class='ocr_line' id='line_1_60' title="bbox 317 4363 1881 4433; baseline -0.001 -15"><span class='ocrx_word' id='word_1_462' title='bbox 317 4364 552 4433; x_wconf 82' lang='lat' dir='ltr'><strong>perfecti</strong></span> <span class='ocrx_word' id='word_1_463' title='bbox 584 4381 686 4416; x_wconf 88' lang='lat' dir='ltr'><strong>non</strong></span> <span class='ocrx_word' id='word_1_464' title='bbox 719 4371 800 4416; x_wconf 89' lang='lat' dir='ltr'><strong>est</strong></span> <span class='ocrx_word' id='word_1_465' title='bbox 830 4363 1127 4418; x_wconf 89' lang='lat' dir='ltr'><strong>necessaria</strong></span> <span class='ocrx_word' id='word_1_466' title='bbox 1156 4364 1285 4428; x_wconf 64' lang='lat' dir='ltr'><strong>sibi,</strong></span> <span class='ocrx_word' id='word_1_467' title='bbox 1319 4363 1411 4417; x_wconf 86' lang='lat' dir='ltr'><strong>sed</strong></span> <span class='ocrx_word' id='word_1_468' title='bbox 1441 4366 1666 4418; x_wconf 91' lang='lat' dir='ltr'><strong>aliorum</strong></span> <span class='ocrx_word' id='word_1_469' title='bbox 1697 4365 1881 4432; x_wconf 83' lang='lat' dir='ltr'><strong>dispo-</strong></span> 
     </span>
    </p>
   </div>
   <div class='ocr_carea' id='block_1_61' title="bbox 313 4433 1881 4502">
    <p class='ocr_par' dir='ltr' id='par_1_61' title="bbox 313 4433 1881 4502">
     <span class='ocr_line' id='line_1_61' title="bbox 313 4433 1881 4502; baseline -0.001 -14"><span class='ocrx_word' id='word_1_470' title='bbox 313 4434 533 4488; x_wconf 82' lang='lat' dir='ltr'><strong>sitioni.</strong></span> <span class='ocrx_word' id='word_1_471' title='bbox 568 4434 673 4488; x_wconf 78' lang='lat' dir='ltr'><strong>Nec</strong></span> <span class='ocrx_word' id='word_1_472' title='bbox 704 4433 816 4501; x_wconf 77' lang='lat' dir='ltr'><strong>ip~e</strong></span> <span class='ocrx_word' id='word_1_473' title='bbox 845 4442 1059 4502; x_wconf 87' lang='lat' dir='ltr'><strong>propter</strong></span> <span class='ocrx_word' id='word_1_474' title='bbox 1090 4448 1149 4487; x_wconf 90' lang='lat' dir='ltr'><strong>se</strong></span> <span class='ocrx_word' id='word_1_475' title='bbox 1175 4435 1331 4499; x_wconf 86' lang='lat' dir='ltr'><strong>vivit,</strong></span> <span class='ocrx_word' id='word_1_476' title='bbox 1380 4436 1473 4488; x_wconf 88' lang='lat' dir='ltr'><strong>sed</strong></span> <span class='ocrx_word' id='word_1_477' title='bbox 1519 4447 1575 4487; x_wconf 83' lang='lat' dir='ltr'><strong>ut</strong></span> <span class='ocrx_word' id='word_1_478' title='bbox 1615 4435 1728 4502; x_wconf 87' lang='lat' dir='ltr'><strong>ejus</strong></span> <span class='ocrx_word' id='word_1_479' title='bbox 1774 4435 1881 4488; x_wconf 88' lang='lat' dir='ltr'><strong>vita</strong></span> 
     </span>
    </p>
   </div>
   <div class='ocr_carea' id='block_1_62' title="bbox 313 4503 1879 4572">
    <p class='ocr_par' dir='ltr' id='par_1_62' title="bbox 313 4503 1879 4572">
     <span class='ocr_line' id='line_1_62' title="bbox 313 4503 1879 4572; baseline 0 -15"><span class='ocrx_word' id='word_1_480' title='bbox 313 4503 626 4571; x_wconf 78' lang='lat' dir='ltr'><strong>exemplum</strong></span> <span class='ocrx_word' id='word_1_481' title='bbox 660 4506 890 4570; x_wconf 67' lang='lat' dir='ltr'><strong>praebeat</strong></span> <span class='ocrx_word' id='word_1_482' title='bbox 918 4503 1064 4564; x_wconf 88' lang='lat' dir='ltr'><strong>aliis,</strong></span> <span class='ocrx_word' id='word_1_483' title='bbox 1097 4504 1184 4572; x_wconf 91' lang='lat' dir='ltr'><strong>qui</strong></span> <span class='ocrx_word' id='word_1_484' title='bbox 1217 4520 1336 4557; x_wconf 90' lang='lat' dir='ltr'><strong>cum</strong></span> <span class='ocrx_word' id='word_1_485' title='bbox 1377 4505 1582 4572; x_wconf 89' lang='lat' dir='ltr'><strong>aliquos</strong></span> <span class='ocrx_word' id='word_1_486' title='bbox 1625 4506 1879 4568; x_wconf 90' lang='lat' dir='ltr'><strong>Iucratur,</strong></span> 
     </span>
    </p>
   </div>
   <div class='ocr_carea' id='block_1_63' title="bbox 316 4573 1882 4644">
    <p class='ocr_par' dir='ltr' id='par_1_63' title="bbox 316 4573 1882 4644">
     <span class='ocr_line' id='line_1_63' title="bbox 316 4573 1882 4644; baseline 0.002 -20"><span class='ocrx_word' id='word_1_487' title='bbox 316 4591 458 4644; x_wconf 89' lang='lat' dir='ltr'><strong>quos</strong></span> <span class='ocrx_word' id='word_1_488' title='bbox 487 4588 587 4626; x_wconf 85' lang='lat' dir='ltr'><strong>suo</strong></span> <span class='ocrx_word' id='word_1_489' title='bbox 616 4575 857 4641; x_wconf 86' lang='lat' dir='ltr'><strong>exemplo</strong></span> <span class='ocrx_word' id='word_1_490' title='bbox 887 4575 1095 4641; x_wconf 88' lang='lat' dir='ltr'><strong>corpori</strong></span> <span class='ocrx_word' id='word_1_491' title='bbox 1126 4573 1318 4628; x_wconf 71' lang='lat' dir='ltr'><strong>Christi</strong></span> <span class='ocrx_word' id='word_1_492' title='bbox 1348 4575 1744 4642; x_wconf 86' lang='lat' dir='ltr'><strong>adjungit,tunc</strong></span> <span class='ocrx_word' id='word_1_493' title='bbox 1777 4576 1882 4627; x_wconf 89' lang='lat' dir='ltr'><strong>vita</strong></span> 
     </span>
    </p>
   </div>
   <div class='ocr_carea' id='block_1_64' title="bbox 317 4644 1884 4709">
    <p class='ocr_par' dir='ltr' id='par_1_64' title="bbox 317 4644 1884 4709">
     <span class='ocr_line' id='line_1_64' title="bbox 317 4644 1884 4709; baseline -0.001 -12"><span class='ocrx_word' id='word_1_494' title='bbox 317 4645 438 4709; x_wconf 80' lang='lat' dir='ltr'><strong>ejus</strong></span> <span class='ocrx_word' id='word_1_495' title='bbox 481 4644 534 4695; x_wconf 91' lang='lat' dir='ltr'><strong>in</strong></span> <span class='ocrx_word' id='word_1_496' title='bbox 567 4645 741 4696; x_wconf 75' lang='lat' dir='ltr'><strong>ltctitia</strong></span> <span class='ocrx_word' id='word_1_497' title='bbox 792 4645 1030 4709; x_wconf 73' lang='lat' dir='ltr'><strong>proficnt;</strong></span> <span class='ocrx_word' id='word_1_498' title='bbox 1081 4653 1134 4697; x_wconf 90' lang='lat' dir='ltr'><strong>et</strong></span> <span class='ocrx_word' id='word_1_499' title='bbox 1178 4659 1208 4696; x_wconf 89' lang='lat' dir='ltr'><strong>e</strong></span> <span class='ocrx_word' id='word_1_500' title='bbox 1247 4652 1428 4696; x_wconf 87' lang='lat' dir='ltr'><strong>contra</strong></span> <span class='ocrx_word' id='word_1_501' title='bbox 1459 4647 1502 4696; x_wconf 79' lang='lat' dir='ltr'><strong>si</strong></span> <span class='ocrx_word' id='word_1_502' title='bbox 1537 4646 1734 4696; x_wconf 83' lang='lat' dir='ltr'><strong>nultum</strong></span> <span class='ocrx_word' id='word_1_503' title='bbox 1782 4644 1884 4696; x_wconf 88' lang='lat' dir='ltr'><strong>sibi</strong></span> 
     </span>
    </p>
   </div>
   <div class='ocr_carea' id='block_1_65' title="bbox 316 4712 1887 4780">
    <p class='ocr_par' dir='ltr' id='par_1_65' title="bbox 316 4712 1887 4780">
     <span class='ocr_line' id='line_1_65' title="bbox 316 4712 1887 4780; baseline 0 -14"><span class='ocrx_word' id='word_1_504' title='bbox 316 4713 664 4767; x_wconf 85' lang='lat' dir='ltr'><strong>conformare</strong></span> <span class='ocrx_word' id='word_1_505' title='bbox 696 4712 905 4780; x_wconf 86' lang='lat' dir='ltr'><strong>poterit,</strong></span> <span class='ocrx_word' id='word_1_506' title='bbox 937 4713 1054 4780; x_wconf 85' lang='lat' dir='ltr'><strong>ejus</strong></span> <span class='ocrx_word' id='word_1_507' title='bbox 1085 4713 1191 4766; x_wconf 90' lang='lat' dir='ltr'><strong>vita</strong></span> <span class='ocrx_word' id='word_1_508' title='bbox 1222 4715 1273 4766; x_wconf 90' lang='lat' dir='ltr'><strong>in</strong></span> <span class='ocrx_word' id='word_1_509' title='bbox 1303 4715 1482 4767; x_wconf 87' lang='lat' dir='ltr'><strong>dolore</strong></span> <span class='ocrx_word' id='word_1_510' title='bbox 1511 4713 1706 4766; x_wconf 85' lang='lat' dir='ltr'><strong>dclicit.</strong></span> <span class='ocrx_word' id='word_1_511' title='bbox 1740 4713 1887 4768; x_wconf 86' lang='lat' dir='ltr'><strong>Unde</strong></span> 
     </span>
    </p>
   </div>
   <div class='ocr_carea' id='block_1_66' title="bbox 319 4782 1887 4850">
    <p class='ocr_par' dir='ltr' id='par_1_66' title="bbox 319 4782 1887 4850">
     <span class='ocr_line' id='line_1_66' title="bbox 319 4782 1887 4850; baseline 0.001 -17"><span class='ocrx_word' id='word_1_512' title='bbox 319 4785 596 4850; x_wconf 78' lang='lat' dir='ltr'><strong>perfectus</strong></span> <span class='ocrx_word' id='word_1_513' title='bbox 641 4785 728 4836; x_wconf 84' lang='lat' dir='ltr'><strong>hic</strong></span> <span class='ocrx_word' id='word_1_514' title='bbox 761 4785 839 4834; x_wconf 91' lang='lat' dir='ltr'><strong>vir</strong></span> <span class='ocrx_word' id='word_1_515' title='bbox 881 4783 1222 4850; x_wconf 80' lang='lat' dir='ltr'><strong>Conqueritur</strong></span> <span class='ocrx_word' id='word_1_516' title='bbox 1251 4782 1433 4836; x_wconf 89' lang='lat' dir='ltr'><strong>dicens</strong></span> <span class='ocrx_word' id='word_1_517' title='bbox 1460 4800 1472 4834; x_wconf 89' lang='lat'><strong>:</strong></span> <span class='ocrx_word' id='word_1_518' title='bbox 1512 4782 1629 4835; x_wconf 85' lang='lat' dir='ltr'><strong>Vita</strong></span> <span class='ocrx_word' id='word_1_519' title='bbox 1658 4799 1769 4834; x_wconf 86' lang='lat' dir='ltr'><strong>mea</strong></span> <span class='ocrx_word' id='word_1_520' title='bbox 1798 4783 1887 4834; x_wconf 85' lang='lat' dir='ltr'><strong>de-</strong></span> 
     </span>
    </p>
   </div>
   <div class='ocr_carea' id='block_1_67' title="bbox 318 4853 1886 4922">
    <p class='ocr_par' dir='ltr' id='par_1_67' title="bbox 318 4853 1886 4922">
     <span class='ocr_line' id='line_1_67' title="bbox 318 4853 1886 4922; baseline 0.001 -17"><span class='ocrx_word' id='word_1_521' title='bbox 318 4854 443 4922; x_wconf 85' lang='lat' dir='ltr'><strong>fecit</strong></span> <span class='ocrx_word' id='word_1_522' title='bbox 475 4853 528 4904; x_wconf 90' lang='lat' dir='ltr'><strong>in</strong></span> <span class='ocrx_word' id='word_1_523' title='bbox 559 4853 762 4914; x_wconf 85' lang='lat' dir='ltr'><strong>dolore,</strong></span> <span class='ocrx_word' id='word_1_524' title='bbox 795 4863 848 4905; x_wconf 89' lang='lat' dir='ltr'><strong>et</strong></span> <span class='ocrx_word' id='word_1_525' title='bbox 879 4868 980 4905; x_wconf 92' lang='lat' dir='ltr'><strong>non</strong></span> <span class='ocrx_word' id='word_1_526' title='bbox 1017 4854 1188 4906; x_wconf 86' lang='lat' dir='ltr'><strong>brevis</strong></span> <span class='ocrx_word' id='word_1_527' title='bbox 1217 4853 1322 4906; x_wconf 87' lang='lat' dir='ltr'><strong>vita</strong></span> <span class='ocrx_word' id='word_1_528' title='bbox 1345 4895 1359 4917; x_wconf 88' lang='lat'><strong>,</strong></span> <span class='ocrx_word' id='word_1_529' title='bbox 1390 4853 1481 4906; x_wconf 88' lang='lat' dir='ltr'><strong>sed</strong></span> <span class='ocrx_word' id='word_1_530' title='bbox 1513 4853 1632 4905; x_wconf 87' lang='lat' dir='ltr'><strong>anni</strong></span> <span class='ocrx_word' id='word_1_531' title='bbox 1661 4853 1784 4918; x_wconf 86' lang='lat' dir='ltr'><strong>mei,</strong></span> <span class='ocrx_word' id='word_1_532' title='bbox 1836 4853 1886 4906; x_wconf 89' lang='lat' dir='ltr'><strong>id</strong></span> 
     </span>
    </p>
   </div>
   <div class='ocr_carea' id='block_1_68' title="bbox 317 4922 1886 4990">
    <p class='ocr_par' dir='ltr' id='par_1_68' title="bbox 317 4922 1886 4990">
     <span class='ocr_line' id='line_1_68' title="bbox 317 4922 1886 4990; baseline 0.002 -16"><span class='ocrx_word' id='word_1_533' title='bbox 317 4934 406 4974; x_wconf 79' lang='lat' dir='ltr'><strong>est</strong></span> <span class='ocrx_word' id='word_1_534' title='bbox 427 4964 443 4987; x_wconf 94' lang='lat'><strong>,</strong></span> <span class='ocrx_word' id='word_1_535' title='bbox 478 4925 633 4989; x_wconf 77' lang='lat' dir='ltr'><strong>longa</strong></span> <span class='ocrx_word' id='word_1_536' title='bbox 665 4926 769 4974; x_wconf 87' lang='lat' dir='ltr'><strong>vita</strong></span> <span class='ocrx_word' id='word_1_537' title='bbox 800 4937 914 4975; x_wconf 89' lang='lat' dir='ltr'><strong>mea</strong></span> <span class='ocrx_word' id='word_1_538' title='bbox 951 4961 967 4987; x_wconf 95' lang='lat'><strong>,</strong></span> <span class='ocrx_word' id='word_1_539' title='bbox 999 4939 1155 4990; x_wconf 89' lang='lat' dir='ltr'><strong>quam</strong></span> <span class='ocrx_word' id='word_1_540' title='bbox 1187 4933 1240 4976; x_wconf 93' lang='lat' dir='ltr'><strong>ut</strong></span> <span class='ocrx_word' id='word_1_541' title='bbox 1272 4922 1389 4976; x_wconf 87' lang='lat' dir='ltr'><strong>aliis</strong></span> <span class='ocrx_word' id='word_1_542' title='bbox 1433 4923 1748 4990; x_wconf 88' lang='lat' dir='ltr'><strong>proficerem</strong></span> <span class='ocrx_word' id='word_1_543' title='bbox 1795 4922 1886 4977; x_wconf 83' lang='lat' dir='ltr'><strong>de-</strong></span> 
     </span>
    </p>
   </div>
   <div class='ocr_carea' id='block_1_69' title="bbox 317 4992 1888 5059">
    <p class='ocr_par' dir='ltr' id='par_1_69' title="bbox 317 4992 1888 5059">
     <span class='ocr_line' id='line_1_69' title="bbox 317 4992 1888 5059; baseline 0.001 -14"><span class='ocrx_word' id='word_1_544' title='bbox 317 4994 498 5056; x_wconf 74' lang='lat' dir='ltr'><strong>duxi;</strong></span> <span class='ocrx_word' id='word_1_545' title='bbox 531 4992 698 5045; x_wconf 81' lang='lat' dir='ltr'><strong>defeci</strong></span> <span class='ocrx_word' id='word_1_546' title='bbox 742 4992 795 5043; x_wconf 91' lang='lat' dir='ltr'><strong>in</strong></span> <span class='ocrx_word' id='word_1_547' title='bbox 841 4994 1141 5059; x_wconf 84' lang='lat' dir='ltr'><strong>gemitibus,</strong></span> <span class='ocrx_word' id='word_1_548' title='bbox 1189 5009 1291 5045; x_wconf 90' lang='lat' dir='ltr'><strong>non</strong></span> <span class='ocrx_word' id='word_1_549' title='bbox 1336 4993 1388 5046; x_wconf 92' lang='lat' dir='ltr'><strong>in</strong></span> <span class='ocrx_word' id='word_1_550' title='bbox 1435 4995 1592 5046; x_wconf 87' lang='lat' dir='ltr'><strong>claris</strong></span> <span class='ocrx_word' id='word_1_551' title='bbox 1633 4993 1888 5059; x_wconf 78' lang='lat' dir='ltr'><strong>Vocibus,</strong></span> 
     </span>
    </p>
   </div>
   <div class='ocr_carea' id='block_1_70' title="bbox 316 5062 1887 5131">
    <p class='ocr_par' dir='ltr' id='par_1_70' title="bbox 316 5062 1887 5131">
     <span class='ocr_line' id='line_1_70' title="bbox 316 5062 1887 5131; baseline 0.002 -18"><span class='ocrx_word' id='word_1_552' title='bbox 316 5075 452 5129; x_wconf 80' lang='lat' dir='ltr'><strong>qnia</strong></span> <span class='ocrx_word' id='word_1_553' title='bbox 487 5071 684 5113; x_wconf 84' lang='lat' dir='ltr'><strong>tantam</strong></span> <span class='ocrx_word' id='word_1_554' title='bbox 718 5073 1118 5127; x_wconf 83' lang='lat' dir='ltr'><strong>perversuatem</strong></span> <span class='ocrx_word' id='word_1_555' title='bbox 1166 5063 1417 5126; x_wconf 88' lang='lat' dir='ltr'><strong>attendo,</strong></span> <span class='ocrx_word' id='word_1_556' title='bbox 1463 5062 1602 5131; x_wconf 90' lang='lat' dir='ltr'><strong>quod</strong></span> <span class='ocrx_word' id='word_1_557' title='bbox 1647 5063 1887 5116; x_wconf 86' lang='lat' dir='ltr'><strong>dolorem</strong></span> 
     </span>
    </p>
   </div>
   <div class='ocr_carea' id='block_1_71' title="bbox 317 5131 1888 5211">
    <p class='ocr_par' dir='ltr' id='par_1_71' title="bbox 317 5131 1888 5211">
     <span class='ocr_line' id='line_1_71' title="bbox 317 5131 1888 5211; baseline 0.003 -28"><span class='ocrx_word' id='word_1_558' title='bbox 317 5132 505 5184; x_wconf 83' lang='lat' dir='ltr'><strong>cordis</strong></span> <span class='ocrx_word' id='word_1_559' title='bbox 546 5131 1158 5211; x_wconf 56' lang='lat' dir='ltr'><strong>gemittntautunrlicet</strong></span> <span class='ocrx_word' id='word_1_560' title='bbox 1201 5134 1530 5201; x_wconf 76' lang='lat' dir='ltr'><strong>exprimere,</strong></span> <span class='ocrx_word' id='word_1_561' title='bbox 1580 5146 1686 5186; x_wconf 91' lang='lat' dir='ltr'><strong>non</strong></span> <span class='ocrx_word' id='word_1_562' title='bbox 1728 5133 1888 5187; x_wconf 86' lang='lat' dir='ltr'><strong>ctiam</strong></span> 
     </span>
    </p>
   </div>
   <div class='ocr_carea' id='block_1_72' title="bbox 319 5205 1184 5256">
    <p class='ocr_par' dir='ltr' id='par_1_72' title="bbox 319 5205 1184 5256">
     <span class='ocr_line' id='line_1_72' title="bbox 319 5205 1184 5256; baseline 0.003 -5"><span class='ocrx_word' id='word_1_563' title='bbox 319 5215 514 5252; x_wconf 87' lang='lat' dir='ltr'><strong>vocem</strong></span> <span class='ocrx_word' id='word_1_564' title='bbox 548 5205 892 5254; x_wconf 87' lang='lat' dir='ltr'><strong>correctionis</strong></span> <span class='ocrx_word' id='word_1_565' title='bbox 923 5205 1184 5256; x_wconf 87' lang='lat' dir='ltr'><strong>emittere.</strong></span> 
     </span>
    </p>
   </div>
   <div class='ocr_carea' id='block_1_73' title="bbox 401 5269 1892 5338">
    <p class='ocr_par' dir='ltr' id='par_1_73' title="bbox 401 5269 1892 5338">
     <span class='ocr_line' id='line_1_73' title="bbox 401 5269 1892 5338; baseline 0.004 -18"><span class='ocrx_word' id='word_1_566' title='bbox 401 5269 672 5334; x_wconf 79' lang='lat' dir='ltr'><strong>Inﬁrmata</strong></span> <span class='ocrx_word' id='word_1_567' title='bbox 713 5282 780 5323; x_wconf 80' lang='lat' dir='ltr'><strong>est</strong></span> <span class='ocrx_word' id='word_1_568' title='bbox 825 5271 877 5321; x_wconf 86' lang='lat' dir='ltr'><strong>in</strong></span> <span class='ocrx_word' id='word_1_569' title='bbox 922 5281 1220 5338; x_wconf 59' lang='lat' dir='ltr'><strong>paupertate</strong></span> <span class='ocrx_word' id='word_1_570' title='bbox 1257 5272 1412 5324; x_wconf 75' lang='lat' dir='ltr'><strong>virtus</strong></span> <span class='ocrx_word' id='word_1_571' title='bbox 1452 5290 1581 5326; x_wconf 87' lang='lat' dir='ltr'><strong>mea.</strong></span> <span class='ocrx_word' id='word_1_572' title='bbox 1625 5272 1748 5327; x_wconf 89' lang='lat' dir='ltr'><strong>Ideo</strong></span> <span class='ocrx_word' id='word_1_573' title='bbox 1788 5273 1892 5326; x_wconf 82' lang='lat' dir='ltr'><strong>vita</strong></span> 
     </span>
    </p>
   </div>
   <div class='ocr_carea' id='block_1_74' title="bbox 318 5341 1892 5412">
    <p class='ocr_par' dir='ltr' id='par_1_74' title="bbox 318 5341 1892 5412">
     <span class='ocr_line' id='line_1_74' title="bbox 318 5341 1892 5412; baseline 0.004 -21"><span class='ocrx_word' id='word_1_574' title='bbox 318 5355 440 5391; x_wconf 76' lang='lat' dir='ltr'><strong>mm</strong></span> <span class='ocrx_word' id='word_1_575' title='bbox 471 5344 521 5391; x_wconf 85' lang='lat' dir='ltr'><strong>in</strong></span> <span class='ocrx_word' id='word_1_576' title='bbox 552 5341 726 5412; x_wconf 81' lang='lat' dir='ltr'><strong>defore</strong></span> <span class='ocrx_word' id='word_1_577' title='bbox 754 5341 970 5410; x_wconf 79' lang='lat' dir='ltr'><strong>defecit,</strong></span> <span class='ocrx_word' id='word_1_578' title='bbox 1003 5352 1048 5394; x_wconf 88' lang='lat' dir='ltr'><strong>et</strong></span> <span class='ocrx_word' id='word_1_579' title='bbox 1075 5345 1195 5393; x_wconf 87' lang='lat' dir='ltr'><strong>anni</strong></span> <span class='ocrx_word' id='word_1_580' title='bbox 1227 5347 1274 5394; x_wconf 87' lang='lat' dir='ltr'><strong>in</strong></span> <span class='ocrx_word' id='word_1_581' title='bbox 1307 5344 1568 5410; x_wconf 82' lang='lat' dir='ltr'><strong>gemitibus</strong></span> <span class='ocrx_word' id='word_1_582' title='bbox 1589 5383 1604 5407; x_wconf 92' lang='lat'><strong>,</strong></span> <span class='ocrx_word' id='word_1_583' title='bbox 1637 5345 1757 5412; x_wconf 87' lang='lat' dir='ltr'><strong>quia</strong></span> <span class='ocrx_word' id='word_1_584' title='bbox 1788 5345 1892 5397; x_wconf 86' lang='lat' dir='ltr'><strong>vir-</strong></span> 
     </span>
    </p>
   </div>
   <div class='ocr_carea' id='block_1_75' title="bbox 321 5411 1893 5481">
    <p class='ocr_par' dir='ltr' id='par_1_75' title="bbox 321 5411 1893 5481">
     <span class='ocr_line' id='line_1_75' title="bbox 321 5411 1893 5481; baseline 0.006 -22"><span class='ocrx_word' id='word_1_585' title='bbox 321 5423 410 5460; x_wconf 77' lang='lat' dir='ltr'><strong>tus</strong></span> <span class='ocrx_word' id='word_1_586' title='bbox 463 5425 608 5471; x_wconf 78' lang='lat' dir='ltr'><strong>nica,</strong></span> <span class='ocrx_word' id='word_1_587' title='bbox 662 5411 710 5463; x_wconf 90' lang='lat' dir='ltr'><strong>id</strong></span> <span class='ocrx_word' id='word_1_588' title='bbox 759 5422 875 5473; x_wconf 89' lang='lat' dir='ltr'><strong>est,</strong></span> <span class='ocrx_word' id='word_1_589' title='bbox 933 5412 1078 5479; x_wconf 76' lang='lat' dir='ltr'><strong>vigor</strong></span> <span class='ocrx_word' id='word_1_590' title='bbox 1125 5414 1395 5465; x_wconf 86' lang='lat' dir='ltr'><strong>charitatis</strong></span> <span class='ocrx_word' id='word_1_591' title='bbox 1445 5429 1567 5480; x_wconf 76' lang='lat' dir='ltr'><strong>erga</strong></span> <span class='ocrx_word' id='word_1_592' title='bbox 1621 5411 1893 5481; x_wconf 77' lang='lat' dir='ltr'><strong>proximos</strong></span> 
     </span>
    </p>
   </div>
   <div class='ocr_carea' id='block_1_76' title="bbox 320 5482 1891 5546">
    <p class='ocr_par' dir='ltr' id='par_1_76' title="bbox 320 5482 1891 5546">
     <span class='ocr_line' id='line_1_76' title="bbox 320 5482 1891 5546; baseline 0.004 -16"><span class='ocrx_word' id='word_1_593' title='bbox 320 5482 577 5546; x_wconf 67' lang='lat' dir='ltr'><strong>exemplo</strong></span> <span class='ocrx_word' id='word_1_594' title='bbox 608 5495 728 5532; x_wconf 89' lang='lat' dir='ltr'><strong>meo</strong></span> <span class='ocrx_word' id='word_1_595' title='bbox 759 5483 1039 5533; x_wconf 72' lang='lat' dir='ltr'><strong>salvandos</strong></span> <span class='ocrx_word' id='word_1_596' title='bbox 1065 5522 1078 5544; x_wconf 92' lang='lat'><strong>,</strong></span> <span class='ocrx_word' id='word_1_597' title='bbox 1110 5491 1192 5535; x_wconf 87' lang='lat' dir='ltr'><strong>est</strong></span> <span class='ocrx_word' id='word_1_598' title='bbox 1223 5485 1515 5535; x_wconf 88' lang='lat' dir='ltr'><strong>infirmatus</strong></span> <span class='ocrx_word' id='word_1_599' title='bbox 1541 5499 1645 5535; x_wconf 89' lang='lat' dir='ltr'><strong>non</strong></span> <span class='ocrx_word' id='word_1_600' title='bbox 1678 5487 1730 5534; x_wconf 90' lang='lat' dir='ltr'><strong>iu</strong></span> <span class='ocrx_word' id='word_1_601' title='bbox 1775 5498 1891 5546; x_wconf 85' lang='lat' dir='ltr'><strong>me.</strong></span> 
     </span>
    </p>
   </div>
   <div class='ocr_carea' id='block_1_77' title="bbox 318 5549 1892 5620">
    <p class='ocr_par' dir='ltr' id='par_1_77' title="bbox 318 5549 1892 5620">
     <span class='ocr_line' id='line_1_77' title="bbox 318 5549 1892 5620; baseline 0.003 -20"><span class='ocrx_word' id='word_1_602' title='bbox 318 5550 445 5613; x_wconf 78' lang='lat' dir='ltr'><strong>sed,</strong></span> <span class='ocrx_word' id='word_1_603' title='bbox 473 5560 723 5620; x_wconf 84' lang='lat' dir='ltr'><strong>quantum</strong></span> <span class='ocrx_word' id='word_1_604' title='bbox 757 5549 822 5602; x_wconf 88' lang='lat' dir='ltr'><strong>ad</strong></span> <span class='ocrx_word' id='word_1_605' title='bbox 868 5553 1179 5616; x_wconf 79' lang='lat' dir='ltr'><strong>efficaciam,</strong></span> <span class='ocrx_word' id='word_1_606' title='bbox 1232 5555 1282 5605; x_wconf 91' lang='lat' dir='ltr'><strong>in</strong></span> <span class='ocrx_word' id='word_1_607' title='bbox 1335 5562 1664 5620; x_wconf 56' lang='lat' dir='ltr'><strong>paupertate,</strong></span> <span class='ocrx_word' id='word_1_608' title='bbox 1700 5553 1748 5604; x_wconf 89' lang='lat' dir='ltr'><strong>id</strong></span> <span class='ocrx_word' id='word_1_609' title='bbox 1779 5562 1892 5619; x_wconf 86' lang='lat' dir='ltr'><strong>est,</strong></span> 
     </span>
    </p>
   </div>
   <div class='ocr_carea' id='block_1_78' title="bbox 318 5619 1896 5689">
    <p class='ocr_par' dir='ltr' id='par_1_78' title="bbox 318 5619 1896 5689">
     <span class='ocr_line' id='line_1_78' title="bbox 318 5619 1896 5689; baseline 0.004 -19"><span class='ocrx_word' id='word_1_610' title='bbox 318 5620 480 5685; x_wconf 82' lang='lat' dir='ltr'><strong>quasi</strong></span> <span class='ocrx_word' id='word_1_611' title='bbox 512 5619 566 5671; x_wconf 92' lang='lat' dir='ltr'><strong>in</strong></span> <span class='ocrx_word' id='word_1_612' title='bbox 597 5620 696 5673; x_wconf 89' lang='lat' dir='ltr'><strong>cibi</strong></span> <span class='ocrx_word' id='word_1_613' title='bbox 726 5633 982 5689; x_wconf 76' lang='lat' dir='ltr'><strong>egestate.</strong></span> <span class='ocrx_word' id='word_1_614' title='bbox 1033 5624 1162 5686; x_wconf 88' lang='lat' dir='ltr'><strong>Quia</strong></span> <span class='ocrx_word' id='word_1_615' title='bbox 1208 5619 1344 5674; x_wconf 86' lang='lat' dir='ltr'><strong>cum</strong></span> <span class='ocrx_word' id='word_1_616' title='bbox 1373 5622 1498 5675; x_wconf 85' lang='lat' dir='ltr'><strong>nihil</strong></span> <span class='ocrx_word' id='word_1_617' title='bbox 1542 5624 1680 5675; x_wconf 83' lang='lat' dir='ltr'><strong>aliud</strong></span> <span class='ocrx_word' id='word_1_618' title='bbox 1726 5624 1896 5676; x_wconf 84' lang='lat' dir='ltr'><strong>esuri-</strong></span> 
     </span>
    </p>
   </div>
   <div class='ocr_carea' id='block_1_79' title="bbox 319 5690 1894 5757">
    <p class='ocr_par' dir='ltr' id='par_1_79' title="bbox 319 5690 1894 5757">
     <span class='ocr_line' id='line_1_79' title="bbox 319 5690 1894 5757; baseline 0.004 -16"><span class='ocrx_word' id='word_1_619' title='bbox 319 5703 445 5741; x_wconf 83' lang='lat' dir='ltr'><strong>rem</strong></span> <span class='ocrx_word' id='word_1_620' title='bbox 471 5728 486 5749; x_wconf 87' lang='lat'><strong>,</strong></span> <span class='ocrx_word' id='word_1_621' title='bbox 519 5690 618 5741; x_wconf 91' lang='lat' dir='ltr'><strong>nisi</strong></span> <span class='ocrx_word' id='word_1_622' title='bbox 651 5701 701 5740; x_wconf 92' lang='lat' dir='ltr'><strong>ut</strong></span> <span class='ocrx_word' id='word_1_623' title='bbox 735 5692 940 5757; x_wconf 84' lang='lat' dir='ltr'><strong>aliquos</strong></span> <span class='ocrx_word' id='word_1_624' title='bbox 973 5696 1148 5743; x_wconf 78' lang='lat' dir='ltr'><strong>salvos</strong></span> <span class='ocrx_word' id='word_1_625' title='bbox 1181 5693 1440 5755; x_wconf 84' lang='lat' dir='ltr'><strong>facerem,</strong></span> <span class='ocrx_word' id='word_1_626' title='bbox 1473 5692 1670 5744; x_wconf 91' lang='lat' dir='ltr'><strong>nullum</strong></span> <span class='ocrx_word' id='word_1_627' title='bbox 1719 5693 1894 5747; x_wconf 89' lang='lat' dir='ltr'><strong>inveni</strong></span> 
     </span>
    </p>
   </div>
   <div class='ocr_carea' id='block_1_80' title="bbox 325 5760 1890 5828">
    <p class='ocr_par' dir='ltr' id='par_1_80' title="bbox 325 5760 1890 5828">
     <span class='ocr_line' id='line_1_80' title="bbox 325 5760 1890 5828; baseline 0.003 -17"><span class='ocrx_word' id='word_1_628' title='bbox 325 5774 427 5828; x_wconf 71' lang='lat' dir='ltr'><strong>per</strong></span> <span class='ocrx_word' id='word_1_629' title='bbox 456 5773 610 5826; x_wconf 82' lang='lat' dir='ltr'><strong>quem</strong></span> <span class='ocrx_word' id='word_1_630' title='bbox 643 5760 770 5813; x_wconf 88' lang='lat' dir='ltr'><strong>tttihi</strong></span> <span class='ocrx_word' id='word_1_631' title='bbox 803 5761 1182 5814; x_wconf 77' lang='lat' dir='ltr'><strong>conformanda</strong></span> <span class='ocrx_word' id='word_1_632' title='bbox 1214 5778 1297 5814; x_wconf 91' lang='lat' dir='ltr'><strong>me</strong></span> <span class='ocrx_word' id='word_1_633' title='bbox 1331 5764 1622 5817; x_wconf 78' lang='lat' dir='ltr'><strong>reficerent.</strong></span> <span class='ocrx_word' id='word_1_634' title='bbox 1678 5763 1741 5817; x_wconf 66' lang='lat' dir='ltr'><strong>lit</strong></span> <span class='ocrx_word' id='word_1_635' title='bbox 1785 5777 1890 5816; x_wconf 89' lang='lat' dir='ltr'><strong>non</strong></span> 
     </span>
    </p>
   </div>
   <div class='ocr_carea' id='block_1_81' title="bbox 1896 3134 1944 3198">
    <p class='ocr_par' dir='ltr' id='par_1_81' title="bbox 1896 3134 1944 3198">
     <span class='ocr_line' id='line_1_81' title="bbox 1896 3134 1944 3198; baseline 0 0"><span class='ocrx_word' id='word_1_636' title='bbox 1896 3134 1944 3198; x_wconf 76' lang='grc' dir='ltr'>Ο</span> 
     </span>
    </p>
   </div>
   <div class='ocr_carea' id='block_1_82' title="bbox 1971 525 3533 599">
    <p class='ocr_par' dir='ltr' id='par_1_82' title="bbox 1971 525 3533 599">
     <span class='ocr_line' id='line_1_82' title="bbox 1971 525 3533 599; baseline 0.007 -24"><span class='ocrx_word' id='word_1_637' title='bbox 1971 525 2176 599; x_wconf 81' lang='lat' dir='ltr'><strong>idest,</strong></span> <span class='ocrx_word' id='word_1_638' title='bbox 2225 527 2511 582; x_wconf 86' lang='lat' dir='ltr'><strong>validiores</strong></span> <span class='ocrx_word' id='word_1_639' title='bbox 2555 529 2691 599; x_wconf 82' lang='lat' dir='ltr'><strong>inter</strong></span> <span class='ocrx_word' id='word_1_640' title='bbox 2735 525 3012 583; x_wconf 79' lang='lat' dir='ltr'><strong>consortes</strong></span> <span class='ocrx_word' id='word_1_641' title='bbox 3059 545 3207 584; x_wconf 88' lang='lat' dir='ltr'><strong>meos</strong></span> <span class='ocrx_word' id='word_1_642' title='bbox 3248 533 3335 599; x_wconf 90' lang='lat' dir='ltr'><strong>qui</strong></span> <span class='ocrx_word' id='word_1_643' title='bbox 3383 545 3533 587; x_wconf 88' lang='lat' dir='ltr'><strong>erant</strong></span> 
     </span>
    </p>
   </div>
   <div class='ocr_carea' id='block_1_83' title="bbox 1968 596 3534 667">
    <p class='ocr_par' dir='ltr' id='par_1_83' title="bbox 1968 596 3534 667">
     <span class='ocr_line' id='line_1_83' title="bbox 1968 596 3534 667; baseline 0.006 -21"><span class='ocrx_word' id='word_1_644' title='bbox 1968 596 2130 646; x_wconf 64' lang='lat' dir='ltr'><strong>robur</strong></span> <span class='ocrx_word' id='word_1_645' title='bbox 2161 611 2370 662; x_wconf 89' lang='lat' dir='ltr'><strong>meum,</strong></span> <span class='ocrx_word' id='word_1_646' title='bbox 2401 596 2683 650; x_wconf 80' lang='lat' dir='ltr'><strong>conturbati</strong></span> <span class='ocrx_word' id='word_1_647' title='bbox 2713 610 2830 652; x_wconf 80' lang='lat' dir='ltr'><strong>sunt</strong></span> <span class='ocrx_word' id='word_1_648' title='bbox 2864 602 3080 652; x_wconf 73' lang='lat' dir='ltr'><strong>interius</strong></span> <span class='ocrx_word' id='word_1_649' title='bbox 3113 602 3129 667; x_wconf 91' lang='lat'><strong>(</strong></span> <span class='ocrx_word' id='word_1_650' title='bbox 3158 611 3212 652; x_wconf 94' lang='lat' dir='ltr'><strong>ut</strong></span> <span class='ocrx_word' id='word_1_651' title='bbox 3253 596 3412 663; x_wconf 81' lang='lat' dir='ltr'><strong>supra</strong></span> <span class='ocrx_word' id='word_1_652' title='bbox 3453 603 3534 655; x_wconf 84' lang='lat' dir='ltr'><strong>di-</strong></span> 
     </span>
    </p>
   </div>
   <div class='ocr_carea' id='block_1_84' title="bbox 1966 668 3531 736">
    <p class='ocr_par' dir='ltr' id='par_1_84' title="bbox 1966 668 3531 736">
     <span class='ocr_line' id='line_1_84' title="bbox 1966 668 3531 736; baseline 0.006 -19"><span class='ocrx_word' id='word_1_653' title='bbox 1966 677 2108 717; x_wconf 90' lang='lat' dir='ltr'><strong>etum</strong></span> <span class='ocrx_word' id='word_1_654' title='bbox 2144 668 2299 730; x_wconf 88' lang='lat' dir='ltr'><strong>est),</strong></span> <span class='ocrx_word' id='word_1_655' title='bbox 2345 682 2449 718; x_wconf 90' lang='lat' dir='ltr'><strong>non</strong></span> <span class='ocrx_word' id='word_1_656' title='bbox 2496 676 2697 719; x_wconf 87' lang='lat' dir='ltr'><strong>tantum</strong></span> <span class='ocrx_word' id='word_1_657' title='bbox 2744 669 2812 722; x_wconf 90' lang='lat' dir='ltr'><strong>ab</strong></span> <span class='ocrx_word' id='word_1_658' title='bbox 2863 670 3089 723; x_wconf 86' lang='lat' dir='ltr'><strong>hostium</strong></span> <span class='ocrx_word' id='word_1_659' title='bbox 3123 672 3531 736; x_wconf 85' lang='lat' dir='ltr'><strong>persecutione,</strong></span> 
     </span>
    </p>
   </div>
   <div class='ocr_carea' id='block_1_85' title="bbox 1967 736 3137 804">
    <p class='ocr_par' dir='ltr' id='par_1_85' title="bbox 1967 736 3137 804">
     <span class='ocr_line' id='line_1_85' title="bbox 1967 736 3137 804; baseline 0.008 -20"><span class='ocrx_word' id='word_1_660' title='bbox 1967 744 2222 801; x_wconf 89' lang='lat' dir='ltr'><strong>quantum</strong></span> <span class='ocrx_word' id='word_1_661' title='bbox 2253 751 2282 788; x_wconf 88' lang='lat' dir='ltr'><strong>a</strong></span> <span class='ocrx_word' id='word_1_662' title='bbox 2314 736 2564 789; x_wconf 86' lang='lat' dir='ltr'><strong>falsorum</strong></span> <span class='ocrx_word' id='word_1_663' title='bbox 2597 737 2815 791; x_wconf 80' lang='lat' dir='ltr'><strong>fratrum</strong></span> <span class='ocrx_word' id='word_1_664' title='bbox 2851 739 3137 804; x_wconf 82' lang='lat' dir='ltr'><strong>impietate.</strong></span> 
     </span>
    </p>
   </div>
   <div class='ocr_carea' id='block_1_86' title="bbox 2039 803 3529 878">
    <p class='ocr_par' dir='ltr' id='par_1_86' title="bbox 2039 803 3529 878">
     <span class='ocr_line' id='line_1_86' title="bbox 2039 803 3529 878; baseline 0.005 -22"><span class='ocrx_word' id='word_1_665' title='bbox 2039 803 2209 870; x_wconf 84' lang='lat' dir='ltr'><strong>Super</strong></span> <span class='ocrx_word' id='word_1_666' title='bbox 2257 821 2429 856; x_wconf 81' lang='lat' dir='ltr'><strong>omnes</strong></span> <span class='ocrx_word' id='word_1_667' title='bbox 2473 807 2699 878; x_wconf 76' lang='lat' dir='ltr'><strong>inimicos</strong></span> <span class='ocrx_word' id='word_1_668' title='bbox 2740 824 2894 861; x_wconf 81' lang='lat' dir='ltr'><strong>meos.</strong></span> <span class='ocrx_word' id='word_1_669' title='bbox 2930 803 3064 860; x_wconf 12' lang='lat' dir='ltr'><strong>rldeo</strong></span> <span class='ocrx_word' id='word_1_670' title='bbox 3094 812 3251 861; x_wconf 72' lang='lat' dir='ltr'><strong>virtus</strong></span> <span class='ocrx_word' id='word_1_671' title='bbox 3279 818 3353 861; x_wconf 80' lang='lat' dir='ltr'><strong>est</strong></span> <span class='ocrx_word' id='word_1_672' title='bbox 3382 810 3529 878; x_wconf 77' lang='lat' dir='ltr'><strong>inﬁr-</strong></span> 
     </span>
    </p>
   </div>
   <div class='ocr_carea' id='block_1_87' title="bbox 1966 876 3524 944">
    <p class='ocr_par' dir='ltr' id='par_1_87' title="bbox 1966 876 3524 944">
     <span class='ocr_line' id='line_1_87' title="bbox 1966 876 3524 944; baseline 0.006 -22"><span class='ocrx_word' id='word_1_673' title='bbox 1966 883 2136 944; x_wconf 86' lang='lat' dir='ltr'><strong>mata,</strong></span> <span class='ocrx_word' id='word_1_674' title='bbox 2181 884 2226 926; x_wconf 89' lang='lat' dir='ltr'><strong>et</strong></span> <span class='ocrx_word' id='word_1_675' title='bbox 2273 891 2387 926; x_wconf 76' lang='lat' dir='ltr'><strong>ossa</strong></span> <span class='ocrx_word' id='word_1_676' title='bbox 2434 876 2765 935; x_wconf 86' lang='lat' dir='ltr'><strong>conturbata,</strong></span> <span class='ocrx_word' id='word_1_677' title='bbox 2801 879 2920 944; x_wconf 88' lang='lat' dir='ltr'><strong>quia</strong></span> <span class='ocrx_word' id='word_1_678' title='bbox 2951 893 3049 943; x_wconf 80' lang='lat' dir='ltr'><strong>ego</strong></span> <span class='ocrx_word' id='word_1_679' title='bbox 3081 882 3243 937; x_wconf 73' lang='lat' dir='ltr'><strong>factus</strong></span> <span class='ocrx_word' id='word_1_680' title='bbox 3271 895 3383 930; x_wconf 74' lang='lat' dir='ltr'><strong>sum</strong></span> <span class='ocrx_word' id='word_1_681' title='bbox 3427 876 3524 944; x_wconf 76' lang='lat' dir='ltr'><strong>op-</strong></span> 
     </span>
    </p>
   </div>
   <div class='ocr_carea' id='block_1_88' title="bbox 1968 943 3531 1017">
    <p class='ocr_par' dir='ltr' id='par_1_88' title="bbox 1968 943 3531 1017">
     <span class='ocr_line' id='line_1_88' title="bbox 1968 943 3531 1017; baseline 0.007 -25"><span class='ocrx_word' id='word_1_682' title='bbox 1968 943 2226 1011; x_wconf 83' lang='lat' dir='ltr'><strong>probrium</strong></span> <span class='ocrx_word' id='word_1_683' title='bbox 2255 960 2406 1017; x_wconf 73' lang='lat' dir='ltr'><strong>super</strong></span> <span class='ocrx_word' id='word_1_684' title='bbox 2431 961 2606 1017; x_wconf 81' lang='lat' dir='ltr'><strong>omnes</strong></span> <span class='ocrx_word' id='word_1_685' title='bbox 2639 943 2867 999; x_wconf 67' lang='lat' dir='ltr'><strong>inimicos</strong></span> <span class='ocrx_word' id='word_1_686' title='bbox 2898 963 3030 1000; x_wconf 76' lang='lat' dir='ltr'><strong>meos</strong></span> <span class='ocrx_word' id='word_1_687' title='bbox 3049 987 3064 1010; x_wconf 89' lang='lat'><strong>,</strong></span> <span class='ocrx_word' id='word_1_688' title='bbox 3099 948 3146 1000; x_wconf 89' lang='lat' dir='ltr'><strong>id</strong></span> <span class='ocrx_word' id='word_1_689' title='bbox 3177 957 3259 1001; x_wconf 85' lang='lat' dir='ltr'><strong>est</strong></span> <span class='ocrx_word' id='word_1_690' title='bbox 3279 987 3292 1010; x_wconf 88' lang='lat'><strong>,</strong></span> <span class='ocrx_word' id='word_1_691' title='bbox 3341 943 3531 1017; x_wconf 81' lang='lat' dir='ltr'><strong>majuri</strong></span> 
     </span>
    </p>
   </div>
   <div class='ocr_carea' id='block_1_89' title="bbox 1967 1015 3522 1083">
    <p class='ocr_par' dir='ltr' id='par_1_89' title="bbox 1967 1015 3522 1083">
     <span class='ocr_line' id='line_1_89' title="bbox 1967 1015 3522 1083; baseline 0.004 -21"><span class='ocrx_word' id='word_1_692' title='bbox 1967 1018 2287 1083; x_wconf 80' lang='lat' dir='ltr'><strong>contemptui</strong></span> <span class='ocrx_word' id='word_1_693' title='bbox 2321 1015 2528 1066; x_wconf 81' lang='lat' dir='ltr'><strong>habitus</strong></span> <span class='ocrx_word' id='word_1_694' title='bbox 2559 1032 2674 1068; x_wconf 73' lang='lat' dir='ltr'><strong>sum</strong></span> <span class='ocrx_word' id='word_1_695' title='bbox 2703 1059 2716 1080; x_wconf 89' lang='lat'><strong>,</strong></span> <span class='ocrx_word' id='word_1_696' title='bbox 2749 1031 2904 1083; x_wconf 88' lang='lat' dir='ltr'><strong>quam</strong></span> <span class='ocrx_word' id='word_1_697' title='bbox 2937 1030 3121 1069; x_wconf 88' lang='lat' dir='ltr'><strong>omnes</strong></span> <span class='ocrx_word' id='word_1_698' title='bbox 3153 1017 3348 1070; x_wconf 90' lang='lat' dir='ltr'><strong>inimici</strong></span> <span class='ocrx_word' id='word_1_699' title='bbox 3382 1015 3522 1082; x_wconf 83' lang='lat' dir='ltr'><strong>mei,</strong></span> 
     </span>
    </p>
   </div>
   <div class='ocr_carea' id='block_1_90' title="bbox 1970 1081 3533 1153">
    <p class='ocr_par' dir='ltr' id='par_1_90' title="bbox 1970 1081 3533 1153">
     <span class='ocr_line' id='line_1_90' title="bbox 1970 1081 3533 1153; baseline 0.004 -19"><span class='ocrx_word' id='word_1_700' title='bbox 1970 1081 2020 1134; x_wconf 88' lang='lat' dir='ltr'><strong>id</strong></span> <span class='ocrx_word' id='word_1_701' title='bbox 2065 1091 2178 1146; x_wconf 85' lang='lat' dir='ltr'><strong>est,</strong></span> <span class='ocrx_word' id='word_1_702' title='bbox 2223 1083 2427 1146; x_wconf 73' lang='lat' dir='ltr'><strong>Judaei,</strong></span> <span class='ocrx_word' id='word_1_703' title='bbox 2477 1085 2710 1148; x_wconf 86' lang='lat' dir='ltr'><strong>scilicet,</strong></span> <span class='ocrx_word' id='word_1_704' title='bbox 2743 1081 2794 1138; x_wconf 80' lang='lat' dir='ltr'><strong>et</strong></span> <span class='ocrx_word' id='word_1_705' title='bbox 2845 1085 3063 1153; x_wconf 76' lang='lat' dir='ltr'><strong>pagani,</strong></span> <span class='ocrx_word' id='word_1_706' title='bbox 3110 1081 3533 1141; x_wconf 60' lang='lat' dir='ltr'><strong>ctntratlicentes</strong></span> 
     </span>
    </p>
   </div>
   <div class='ocr_carea' id='block_1_91' title="bbox 1970 1153 3532 1220">
    <p class='ocr_par' dir='ltr' id='par_1_91' title="bbox 1970 1153 3532 1220">
     <span class='ocr_line' id='line_1_91' title="bbox 1970 1153 3532 1220; baseline 0.005 -18"><span class='ocrx_word' id='word_1_707' title='bbox 1970 1153 2180 1205; x_wconf 81' lang='lat' dir='ltr'><strong>veritati</strong></span> <span class='ocrx_word' id='word_1_708' title='bbox 2209 1169 2222 1214; x_wconf 87' lang='lat'><strong>;</strong></span> <span class='ocrx_word' id='word_1_709' title='bbox 2252 1153 2389 1218; x_wconf 88' lang='lat' dir='ltr'><strong>quod</strong></span> <span class='ocrx_word' id='word_1_710' title='bbox 2426 1165 2599 1207; x_wconf 84' lang='lat' dir='ltr'><strong>tamen</strong></span> <span class='ocrx_word' id='word_1_711' title='bbox 2645 1155 2789 1220; x_wconf 70' lang='lat' dir='ltr'><strong>qua~i</strong></span> <span class='ocrx_word' id='word_1_712' title='bbox 2821 1154 2963 1206; x_wconf 88' lang='lat' dir='ltr'><strong>dicat</strong></span> <span class='ocrx_word' id='word_1_713' title='bbox 3012 1156 3224 1218; x_wconf 86' lang='lat' dir='ltr'><strong>evenit,</strong></span> <span class='ocrx_word' id='word_1_714' title='bbox 3255 1158 3532 1210; x_wconf 85' lang='lat' dir='ltr'><strong>inveniun-</strong></span> 
     </span>
    </p>
   </div>
   <div class='ocr_carea' id='block_1_92' title="bbox 1971 1221 3530 1287">
    <p class='ocr_par' dir='ltr' id='par_1_92' title="bbox 1971 1221 3530 1287">
     <span class='ocr_line' id='line_1_92' title="bbox 1971 1221 3530 1287; baseline 0.002 -11"><span class='ocrx_word' id='word_1_715' title='bbox 1971 1231 2057 1276; x_wconf 88' lang='lat' dir='ltr'><strong>tur</strong></span> <span class='ocrx_word' id='word_1_716' title='bbox 2087 1221 2204 1275; x_wconf 76' lang='lat' dir='ltr'><strong>falsi</strong></span> <span class='ocrx_word' id='word_1_717' title='bbox 2235 1222 2552 1286; x_wconf 81' lang='lat' dir='ltr'><strong>Christiani,</strong></span> <span class='ocrx_word' id='word_1_718' title='bbox 2585 1226 2668 1287; x_wconf 81' lang='lat' dir='ltr'><strong>qui</strong></span> <span class='ocrx_word' id='word_1_719' title='bbox 2699 1224 2931 1277; x_wconf 87' lang='lat' dir='ltr'><strong>deterius</strong></span> <span class='ocrx_word' id='word_1_720' title='bbox 2972 1224 3023 1278; x_wconf 92' lang='lat' dir='ltr'><strong>in</strong></span> <span class='ocrx_word' id='word_1_721' title='bbox 3058 1225 3308 1278; x_wconf 71' lang='lat' dir='ltr'><strong>Ecclesiae</strong></span> <span class='ocrx_word' id='word_1_722' title='bbox 3349 1240 3530 1279; x_wconf 85' lang='lat' dir='ltr'><strong>sacra-</strong></span> 
     </span>
    </p>
   </div>
   <div class='ocr_carea' id='block_1_93' title="bbox 1970 1291 3526 1363">
    <p class='ocr_par' dir='ltr' id='par_1_93' title="bbox 1970 1291 3526 1363">
     <span class='ocr_line' id='line_1_93' title="bbox 1970 1291 3526 1363; baseline 0.004 -20"><span class='ocrx_word' id='word_1_723' title='bbox 1970 1291 2162 1363; x_wconf 53' lang='lat' dir='ltr'><strong>mentis</strong></span> <span class='ocrx_word' id='word_1_724' title='bbox 2193 1294 2400 1353; x_wconf 84' lang='lat' dir='ltr'><strong>vivunt,</strong></span> <span class='ocrx_word' id='word_1_725' title='bbox 2431 1308 2586 1361; x_wconf 84' lang='lat' dir='ltr'><strong>quant</strong></span> <span class='ocrx_word' id='word_1_726' title='bbox 2618 1294 2695 1347; x_wconf 90' lang='lat' dir='ltr'><strong>vel</strong></span> <span class='ocrx_word' id='word_1_727' title='bbox 2727 1294 2894 1346; x_wconf 83' lang='lat' dir='ltr'><strong>.Iud:ei</strong></span> <span class='ocrx_word' id='word_1_728' title='bbox 2927 1296 3008 1346; x_wconf 90' lang='lat' dir='ltr'><strong>vel</strong></span> <span class='ocrx_word' id='word_1_729' title='bbox 3044 1295 3227 1363; x_wconf 81' lang='lat' dir='ltr'><strong>pagani</strong></span> <span class='ocrx_word' id='word_1_730' title='bbox 3260 1295 3312 1347; x_wconf 90' lang='lat' dir='ltr'><strong>in</strong></span> <span class='ocrx_word' id='word_1_731' title='bbox 3345 1297 3526 1362; x_wconf 80' lang='lat' dir='ltr'><strong>regula</strong></span> 
     </span>
    </p>
   </div>
   <div class='ocr_carea' id='block_1_94' title="bbox 1970 1361 3532 1430">
    <p class='ocr_par' dir='ltr' id='par_1_94' title="bbox 1970 1361 3532 1430">
     <span class='ocr_line' id='line_1_94' title="bbox 1970 1361 3532 1430; baseline 0.002 -17"><span class='ocrx_word' id='word_1_732' title='bbox 1970 1374 2062 1413; x_wconf 89' lang='lat' dir='ltr'><strong>sua</strong></span> <span class='ocrx_word' id='word_1_733' title='bbox 2095 1361 2307 1414; x_wconf 85' lang='lat' dir='ltr'><strong>faciant.</strong></span> <span class='ocrx_word' id='word_1_734' title='bbox 2345 1363 2493 1427; x_wconf 83' lang='lat' dir='ltr'><strong>Quod</strong></span> <span class='ocrx_word' id='word_1_735' title='bbox 2524 1363 2860 1417; x_wconf 88' lang='lat' dir='ltr'><strong>referendum</strong></span> <span class='ocrx_word' id='word_1_736' title='bbox 2889 1376 2970 1416; x_wconf 88' lang='lat' dir='ltr'><strong>est</strong></span> <span class='ocrx_word' id='word_1_737' title='bbox 2999 1364 3062 1416; x_wconf 90' lang='lat' dir='ltr'><strong>ad</strong></span> <span class='ocrx_word' id='word_1_738' title='bbox 3095 1361 3237 1430; x_wconf 84' lang='lat' dir='ltr'><strong>ipsos</strong></span> <span class='ocrx_word' id='word_1_739' title='bbox 3267 1361 3532 1418; x_wconf 88' lang='lat' dir='ltr'><strong>inimicos.</strong></span> 
     </span>
    </p>
   </div>
   <div class='ocr_carea' id='block_1_95' title="bbox 1974 1431 3529 1502">
    <p class='ocr_par' dir='ltr' id='par_1_95' title="bbox 1974 1431 3529 1502">
     <span class='ocr_line' id='line_1_95' title="bbox 1974 1431 3529 1502; baseline 0.003 -20"><span class='ocrx_word' id='word_1_740' title='bbox 1974 1431 2142 1483; x_wconf 89' lang='lat' dir='ltr'><strong>llabet</strong></span> <span class='ocrx_word' id='word_1_741' title='bbox 2189 1431 2330 1484; x_wconf 89' lang='lat' dir='ltr'><strong>enim</strong></span> <span class='ocrx_word' id='word_1_742' title='bbox 2377 1431 2476 1484; x_wconf 87' lang='lat' dir='ltr'><strong>alia</strong></span> <span class='ocrx_word' id='word_1_743' title='bbox 2509 1432 2806 1486; x_wconf 86' lang='lat' dir='ltr'><strong>Translatio</strong></span> <span class='ocrx_word' id='word_1_744' title='bbox 2835 1451 2846 1484; x_wconf 88' lang='lat'><strong>:</strong></span> <span class='ocrx_word' id='word_1_745' title='bbox 2880 1433 3028 1502; x_wconf 76' lang='lat' dir='ltr'><strong>Apud</strong></span> <span class='ocrx_word' id='word_1_746' title='bbox 3079 1449 3250 1486; x_wconf 78' lang='lat' dir='ltr'><strong>omnes</strong></span> <span class='ocrx_word' id='word_1_747' title='bbox 3296 1435 3529 1486; x_wconf 81' lang='lat' dir='ltr'><strong>inimicos</strong></span> 
     </span>
    </p>
   </div>
   <div class='ocr_carea' id='block_1_96' title="bbox 1971 1503 3528 1572">
    <p class='ocr_par' dir='ltr' id='par_1_96' title="bbox 1971 1503 3528 1572">
     <span class='ocr_line' id='line_1_96' title="bbox 1971 1503 3528 1572; baseline 0.004 -22"><span class='ocrx_word' id='word_1_748' title='bbox 1971 1516 2105 1572; x_wconf 67' lang='lat' dir='ltr'><strong>meos</strong></span> <span class='ocrx_word' id='word_1_749' title='bbox 2135 1503 2305 1572; x_wconf 73' lang='lat' dir='ltr'><strong>factus</strong></span> <span class='ocrx_word' id='word_1_750' title='bbox 2330 1518 2440 1553; x_wconf 73' lang='lat' dir='ltr'><strong>sum</strong></span> <span class='ocrx_word' id='word_1_751' title='bbox 2467 1503 2826 1569; x_wconf 83' lang='lat' dir='ltr'><strong>opprobrium,</strong></span> <span class='ocrx_word' id='word_1_752' title='bbox 2859 1514 2903 1556; x_wconf 87' lang='lat' dir='ltr'><strong>et</strong></span> <span class='ocrx_word' id='word_1_753' title='bbox 2930 1503 3074 1556; x_wconf 81' lang='lat' dir='ltr'><strong>valde</strong></span> <span class='ocrx_word' id='word_1_754' title='bbox 3101 1503 3267 1568; x_wconf 80' lang='lat' dir='ltr'><strong>factus</strong></span> <span class='ocrx_word' id='word_1_755' title='bbox 3295 1520 3408 1555; x_wconf 81' lang='lat' dir='ltr'><strong>sum</strong></span> <span class='ocrx_word' id='word_1_756' title='bbox 3437 1520 3528 1572; x_wconf 84' lang='lat' dir='ltr'><strong>op-</strong></span> 
     </span>
    </p>
   </div>
   <div class='ocr_carea' id='block_1_97' title="bbox 1973 1569 3535 1640">
    <p class='ocr_par' dir='ltr' id='par_1_97' title="bbox 1973 1569 3535 1640">
     <span class='ocr_line' id='line_1_97' title="bbox 1973 1569 3535 1640; baseline 0.004 -21"><span class='ocrx_word' id='word_1_757' title='bbox 1973 1569 2233 1637; x_wconf 86' lang='lat' dir='ltr'><strong>probrium</strong></span> <span class='ocrx_word' id='word_1_758' title='bbox 2262 1571 2434 1622; x_wconf 71' lang='grc' dir='ltr'><strong>υἱι-ἱηὶε</strong></span> <span class='ocrx_word' id='word_1_759' title='bbox 2461 1573 2601 1625; x_wconf 74' lang='lat' dir='ltr'><strong>meis.</strong></span> <span class='ocrx_word' id='word_1_760' title='bbox 2638 1573 2848 1626; x_wconf 84' lang='lat' dir='ltr'><strong>Vicinos</strong></span> <span class='ocrx_word' id='word_1_761' title='bbox 2894 1581 3046 1625; x_wconf 86' lang='lat' dir='ltr'><strong>vocat</strong></span> <span class='ocrx_word' id='word_1_762' title='bbox 3091 1575 3210 1626; x_wconf 87' lang='lat' dir='ltr'><strong>illos</strong></span> <span class='ocrx_word' id='word_1_763' title='bbox 3254 1573 3341 1640; x_wconf 91' lang='lat' dir='ltr'><strong>qui</strong></span> <span class='ocrx_word' id='word_1_764' title='bbox 3388 1569 3535 1640; x_wconf 79' lang='lat' dir='ltr'><strong>prius</strong></span> 
     </span>
    </p>
   </div>
   <div class='ocr_carea' id='block_1_98' title="bbox 1972 1640 3535 1710">
    <p class='ocr_par' dir='ltr' id='par_1_98' title="bbox 1972 1640 3535 1710">
     <span class='ocr_line' id='line_1_98' title="bbox 1972 1640 3535 1710; baseline 0.003 -20"><span class='ocrx_word' id='word_1_765' title='bbox 1972 1640 2035 1710; x_wconf 89' lang='lat' dir='ltr'><strong>ad</strong></span> <span class='ocrx_word' id='word_1_766' title='bbox 2067 1640 2478 1693; x_wconf 78' lang='lat' dir='ltr'><strong>ecclesiasticam</strong></span> <span class='ocrx_word' id='word_1_767' title='bbox 2526 1643 2759 1710; x_wconf 86' lang='lat' dir='ltr'><strong>regulam</strong></span> <span class='ocrx_word' id='word_1_768' title='bbox 2810 1644 3092 1704; x_wconf 80' lang='lat' dir='ltr'><strong>accedere,</strong></span> <span class='ocrx_word' id='word_1_769' title='bbox 3143 1651 3196 1695; x_wconf 90' lang='lat' dir='ltr'><strong>et</strong></span> <span class='ocrx_word' id='word_1_770' title='bbox 3241 1643 3535 1710; x_wconf 72' lang='lat' dir='ltr'><strong>Ecclesium</strong></span> 
     </span>
    </p>
   </div>
   <div class='ocr_carea' id='block_1_99' title="bbox 1975 1709 3536 1779">
    <p class='ocr_par' dir='ltr' id='par_1_99' title="bbox 1975 1709 3536 1779">
     <span class='ocr_line' id='line_1_99' title="bbox 1975 1709 3536 1779; baseline 0.003 -19"><span class='ocrx_word' id='word_1_771' title='bbox 1975 1709 2173 1762; x_wconf 89' lang='lat' dir='ltr'><strong>intrare</strong></span> <span class='ocrx_word' id='word_1_772' title='bbox 2203 1716 2513 1779; x_wconf 80' lang='lat' dir='ltr'><strong>voluerunt,</strong></span> <span class='ocrx_word' id='word_1_773' title='bbox 2546 1715 2637 1763; x_wconf 86' lang='lat' dir='ltr'><strong>sed</strong></span> <span class='ocrx_word' id='word_1_774' title='bbox 2671 1721 2883 1779; x_wconf 89' lang='lat' dir='ltr'><strong>propter</strong></span> <span class='ocrx_word' id='word_1_775' title='bbox 2925 1713 3183 1778; x_wconf 86' lang='lat' dir='ltr'><strong>privatam</strong></span> <span class='ocrx_word' id='word_1_776' title='bbox 3228 1712 3393 1766; x_wconf 88' lang='lat' dir='ltr'><strong>vitam</strong></span> <span class='ocrx_word' id='word_1_777' title='bbox 3437 1709 3536 1764; x_wconf 84' lang='lat' dir='ltr'><strong>fal-</strong></span> 
     </span>
    </p>
   </div>
   <div class='ocr_carea' id='block_1_100' title="bbox 1904 1777 3540 1860">
    <p class='ocr_par' dir='ltr' id='par_1_100' title="bbox 1904 1777 3540 1860">
     <span class='ocr_line' id='line_1_100' title="bbox 1904 1777 3540 1860; baseline 0.001 -28"><span class='ocrx_word' id='word_1_778' title='bbox 1904 1801 1946 1860; x_wconf 76' lang='grc' dir='ltr'><strong>Β</strong></span> <span class='ocrx_word' id='word_1_779' title='bbox 1973 1792 2157 1860; x_wconf 75' lang='lat' dir='ltr'><strong>sorutn</strong></span> <span class='ocrx_word' id='word_1_780' title='bbox 2202 1777 2424 1860; x_wconf 67' lang='lat' dir='ltr'><strong>fralrunt</strong></span> <span class='ocrx_word' id='word_1_781' title='bbox 2463 1777 2867 1860; x_wconf 74' lang='lat' dir='ltr'><strong>_repulsi_su_nt,</strong></span> <span class='ocrx_word' id='word_1_782' title='bbox 2895 1777 3034 1848; x_wconf 88' lang='lat' dir='ltr'><strong>apud</strong></span> <span class='ocrx_word' id='word_1_783' title='bbox 3080 1796 3213 1849; x_wconf 85' lang='lat' dir='ltr'><strong>quos</strong></span> <span class='ocrx_word' id='word_1_784' title='bbox 3260 1781 3427 1860; x_wconf 76' lang='lat' dir='ltr'><strong>factus</strong></span> <span class='ocrx_word' id='word_1_785' title='bbox 3457 1789 3540 1835; x_wconf 91' lang='lat' dir='ltr'><strong>est</strong></span> 
     </span>
    </p>
   </div>
   <div class='ocr_carea' id='block_1_101' title="bbox 1972 1848 3534 1918">
    <p class='ocr_par' dir='ltr' id='par_1_101' title="bbox 1972 1848 3534 1918">
     <span class='ocr_line' id='line_1_101' title="bbox 1972 1848 3534 1918; baseline 0.003 -18"><span class='ocrx_word' id='word_1_786' title='bbox 1972 1848 2337 1914; x_wconf 89' lang='lat' dir='ltr'><strong>opprobrium.</strong></span> <span class='ocrx_word' id='word_1_787' title='bbox 2388 1848 2475 1901; x_wconf 79' lang='lat' dir='ltr'><strong>Vel</strong></span> <span class='ocrx_word' id='word_1_788' title='bbox 2525 1851 2644 1918; x_wconf 91' lang='lat' dir='ltr'><strong>quia</strong></span> <span class='ocrx_word' id='word_1_789' title='bbox 2696 1850 2790 1916; x_wconf 90' lang='lat' dir='ltr'><strong>ipsi</strong></span> <span class='ocrx_word' id='word_1_790' title='bbox 2839 1866 2958 1903; x_wconf 90' lang='lat' dir='ltr'><strong>eum</strong></span> <span class='ocrx_word' id='word_1_791' title='bbox 3007 1848 3364 1904; x_wconf 82' lang='lat' dir='ltr'><strong>communiter</strong></span> <span class='ocrx_word' id='word_1_792' title='bbox 3413 1867 3534 1905; x_wconf 91' lang='lat' dir='ltr'><strong>cum</strong></span> 
     </span>
    </p>
   </div>
   <div class='ocr_carea' id='block_1_102' title="bbox 1973 1919 3534 1989">
    <p class='ocr_par' dir='ltr' id='par_1_102' title="bbox 1973 1919 3534 1989">
     <span class='ocr_line' id='line_1_102' title="bbox 1973 1919 3534 1989; baseline 0.002 -19"><span class='ocrx_word' id='word_1_793' title='bbox 1973 1919 2185 1989; x_wconf 67' lang='lat' dir='ltr'><strong>caeteris</strong></span> <span class='ocrx_word' id='word_1_794' title='bbox 2233 1919 2637 1985; x_wconf 86' lang='lat' dir='ltr'><strong>vituperabant,</strong></span> <span class='ocrx_word' id='word_1_795' title='bbox 2693 1920 2774 1972; x_wconf 91' lang='lat' dir='ltr'><strong>vel</strong></span> <span class='ocrx_word' id='word_1_796' title='bbox 2826 1921 2986 1976; x_wconf 88' lang='lat' dir='ltr'><strong>etiam</strong></span> <span class='ocrx_word' id='word_1_797' title='bbox 3043 1921 3255 1989; x_wconf 89' lang='lat' dir='ltr'><strong>ipsimct</strong></span> <span class='ocrx_word' id='word_1_798' title='bbox 3305 1922 3534 1974; x_wconf 89' lang='lat' dir='ltr'><strong>dicunt:</strong></span> 
     </span>
    </p>
   </div>
   <div class='ocr_carea' id='block_1_103' title="bbox 1971 1988 3528 2056">
    <p class='ocr_par' dir='ltr' id='par_1_103' title="bbox 1971 1988 3528 2056">
     <span class='ocr_line' id='line_1_103' title="bbox 1971 1988 3528 2056; baseline 0.002 -16"><span class='ocrx_word' id='word_1_799' title='bbox 1971 1988 2145 2053; x_wconf 87' lang='lat' dir='ltr'><strong>Quare</strong></span> <span class='ocrx_word' id='word_1_800' title='bbox 2174 2003 2271 2040; x_wconf 56' lang='lat' dir='ltr'><strong>no:</strong></span> <span class='ocrx_word' id='word_1_801' title='bbox 2299 1989 2363 2040; x_wconf 89' lang='lat' dir='ltr'><strong>ad</strong></span> <span class='ocrx_word' id='word_1_802' title='bbox 2395 2003 2485 2040; x_wconf 90' lang='lat' dir='ltr'><strong>vos</strong></span> <span class='ocrx_word' id='word_1_803' title='bbox 2515 1989 2825 2042; x_wconf 63' lang='lat' dir='ltr'><strong>accedemus</strong></span> <span class='ocrx_word' id='word_1_804' title='bbox 2845 2033 2858 2054; x_wconf 90' lang='lat'><strong>,</strong></span> <span class='ocrx_word' id='word_1_805' title='bbox 2892 2005 3010 2044; x_wconf 90' lang='lat' dir='ltr'><strong>cum</strong></span> <span class='ocrx_word' id='word_1_806' title='bbox 3043 1991 3209 2042; x_wconf 91' lang='lat' dir='ltr'><strong>multo</strong></span> <span class='ocrx_word' id='word_1_807' title='bbox 3240 1992 3528 2056; x_wconf 88' lang='lat' dir='ltr'><strong>turpiorem</strong></span> 
     </span>
    </p>
   </div>
   <div class='ocr_carea' id='block_1_104' title="bbox 1970 2057 3530 2123">
    <p class='ocr_par' dir='ltr' id='par_1_104' title="bbox 1970 2057 3530 2123">
     <span class='ocr_line' id='line_1_104' title="bbox 1970 2057 3530 2123; baseline 0.001 -11"><span class='ocrx_word' id='word_1_808' title='bbox 1970 2058 2130 2112; x_wconf 88' lang='lat' dir='ltr'><strong>vitam</strong></span> <span class='ocrx_word' id='word_1_809' title='bbox 2159 2057 2311 2111; x_wconf 89' lang='lat' dir='ltr'><strong>nobis</strong></span> <span class='ocrx_word' id='word_1_810' title='bbox 2336 2057 2578 2111; x_wconf 86' lang='lat' dir='ltr'><strong>ducatis?</strong></span> <span class='ocrx_word' id='word_1_811' title='bbox 2610 2057 2672 2110; x_wconf 77' lang='lat' dir='ltr'><strong>Et</strong></span> <span class='ocrx_word' id='word_1_812' title='bbox 2699 2060 2830 2112; x_wconf 80' lang='lat' dir='ltr'><strong>notis</strong></span> <span class='ocrx_word' id='word_1_813' title='bbox 2858 2060 2998 2122; x_wconf 77' lang='lat' dir='ltr'><strong>meis,</strong></span> <span class='ocrx_word' id='word_1_814' title='bbox 3027 2059 3076 2112; x_wconf 91' lang='lat' dir='ltr'><strong>id</strong></span> <span class='ocrx_word' id='word_1_815' title='bbox 3108 2072 3211 2123; x_wconf 86' lang='lat' dir='ltr'><strong>est,</strong></span> <span class='ocrx_word' id='word_1_816' title='bbox 3241 2059 3344 2113; x_wconf 92' lang='lat' dir='ltr'><strong>illis</strong></span> <span class='ocrx_word' id='word_1_817' title='bbox 3373 2061 3530 2114; x_wconf 88' lang='lat' dir='ltr'><strong>etiam</strong></span> 
     </span>
    </p>
   </div>
   <div class='ocr_carea' id='block_1_105' title="bbox 1971 2128 3537 2197">
    <p class='ocr_par' dir='ltr' id='par_1_105' title="bbox 1971 2128 3537 2197">
     <span class='ocr_line' id='line_1_105' title="bbox 1971 2128 3537 2197; baseline -0.001 -16"><span class='ocrx_word' id='word_1_818' title='bbox 1971 2129 2161 2194; x_wconf 90' lang='lat' dir='ltr'><strong>quibus</strong></span> <span class='ocrx_word' id='word_1_819' title='bbox 2189 2143 2288 2195; x_wconf 86' lang='lat' dir='ltr'><strong>ego</strong></span> <span class='ocrx_word' id='word_1_820' title='bbox 2318 2130 2396 2181; x_wconf 90' lang='lat' dir='ltr'><strong>vel</strong></span> <span class='ocrx_word' id='word_1_821' title='bbox 2425 2128 2511 2194; x_wconf 90' lang='lat' dir='ltr'><strong>qui</strong></span> <span class='ocrx_word' id='word_1_822' title='bbox 2545 2128 2671 2180; x_wconf 86' lang='lat' dir='ltr'><strong>mihi</strong></span> <span class='ocrx_word' id='word_1_823' title='bbox 2704 2129 2811 2181; x_wconf 93' lang='lat' dir='ltr'><strong>noti</strong></span> <span class='ocrx_word' id='word_1_824' title='bbox 2843 2141 2964 2181; x_wconf 86' lang='lat' dir='ltr'><strong>sunt</strong></span> <span class='ocrx_word' id='word_1_825' title='bbox 2989 2129 3099 2197; x_wconf 87' lang='lat' dir='ltr'><strong>jam</strong></span> <span class='ocrx_word' id='word_1_826' title='bbox 3135 2131 3184 2180; x_wconf 91' lang='lat' dir='ltr'><strong>in</strong></span> <span class='ocrx_word' id='word_1_827' title='bbox 3212 2132 3537 2184; x_wconf 70' lang='lat' dir='ltr'><strong>ecclesiasti-</strong></span> 
     </span>
    </p>
   </div>
   <div class='ocr_carea' id='block_1_106' title="bbox 1971 2197 3532 2266">
    <p class='ocr_par' dir='ltr' id='par_1_106' title="bbox 1971 2197 3532 2266">
     <span class='ocr_line' id='line_1_106' title="bbox 1971 2197 3532 2266; baseline 0.002 -16"><span class='ocrx_word' id='word_1_828' title='bbox 1971 2198 2048 2250; x_wconf 88' lang='lat' dir='ltr'><strong>cis</strong></span> <span class='ocrx_word' id='word_1_829' title='bbox 2079 2198 2335 2253; x_wconf 91' lang='lat' dir='ltr'><strong>institutis</strong></span> <span class='ocrx_word' id='word_1_830' title='bbox 2357 2237 2373 2264; x_wconf 90' lang='lat'><strong>,</strong></span> <span class='ocrx_word' id='word_1_831' title='bbox 2407 2199 2527 2266; x_wconf 91' lang='lat' dir='ltr'><strong>quia</strong></span> <span class='ocrx_word' id='word_1_832' title='bbox 2550 2197 2656 2265; x_wconf 88' lang='lat' dir='ltr'><strong>jam</strong></span> <span class='ocrx_word' id='word_1_833' title='bbox 2691 2198 2743 2250; x_wconf 91' lang='lat' dir='ltr'><strong>in</strong></span> <span class='ocrx_word' id='word_1_834' title='bbox 2771 2199 2848 2252; x_wconf 82' lang='lat' dir='ltr'><strong>eis</strong></span> <span class='ocrx_word' id='word_1_835' title='bbox 2877 2202 3055 2252; x_wconf 87' lang='lat' dir='ltr'><strong>vivere</strong></span> <span class='ocrx_word' id='word_1_836' title='bbox 3100 2211 3492 2254; x_wconf 88' lang='lat' dir='ltr'><strong>consueverunt</strong></span> <span class='ocrx_word' id='word_1_837' title='bbox 3517 2216 3532 2266; x_wconf 93' lang='lat'><strong>;</strong></span> 
     </span>
    </p>
   </div>
   <div class='ocr_carea' id='block_1_107' title="bbox 1971 2266 3544 2335">
    <p class='ocr_par' dir='ltr' id='par_1_107' title="bbox 1971 2266 3544 2335">
     <span class='ocr_line' id='line_1_107' title="bbox 1971 2266 3544 2335; baseline 0.001 -15"><span class='ocrx_word' id='word_1_838' title='bbox 1971 2266 2103 2332; x_wconf 90' lang='lat' dir='ltr'><strong>illis,</strong></span> <span class='ocrx_word' id='word_1_839' title='bbox 2134 2267 2344 2335; x_wconf 91' lang='lat' dir='ltr'><strong>inquam</strong></span> <span class='ocrx_word' id='word_1_840' title='bbox 2367 2310 2382 2331; x_wconf 93' lang='lat'><strong>,</strong></span> <span class='ocrx_word' id='word_1_841' title='bbox 2411 2281 2530 2321; x_wconf 83' lang='lat' dir='ltr'><strong>sum</strong></span> <span class='ocrx_word' id='word_1_842' title='bbox 2560 2283 2661 2334; x_wconf 81' lang='lat' dir='ltr'><strong>ego</strong></span> <span class='ocrx_word' id='word_1_843' title='bbox 2689 2269 2857 2332; x_wconf 85' lang='lat' dir='ltr'><strong>timor,</strong></span> <span class='ocrx_word' id='word_1_844' title='bbox 2889 2270 3011 2335; x_wconf 89' lang='lat' dir='ltr'><strong>quia</strong></span> <span class='ocrx_word' id='word_1_845' title='bbox 3044 2268 3228 2321; x_wconf 90' lang='lat' dir='ltr'><strong>timent</strong></span> <span class='ocrx_word' id='word_1_846' title='bbox 3274 2270 3402 2322; x_wconf 91' lang='lat' dir='ltr'><strong>mihi</strong></span> <span class='ocrx_word' id='word_1_847' title='bbox 3451 2284 3544 2322; x_wconf 88' lang='lat' dir='ltr'><strong>ac-</strong></span> 
     </span>
    </p>
   </div>
   <div class='ocr_carea' id='block_1_108' title="bbox 1970 2337 3538 2406">
    <p class='ocr_par' dir='ltr' id='par_1_108' title="bbox 1970 2337 3538 2406">
     <span class='ocr_line' id='line_1_108' title="bbox 1970 2337 3538 2406; baseline 0.001 -16"><span class='ocrx_word' id='word_1_848' title='bbox 1970 2339 2232 2401; x_wconf 85' lang='lat' dir='ltr'><strong>cessisse,</strong></span> <span class='ocrx_word' id='word_1_849' title='bbox 2265 2340 2511 2404; x_wconf 89' lang='lat' dir='ltr'><strong>quoniam</strong></span> <span class='ocrx_word' id='word_1_850' title='bbox 2543 2337 2785 2391; x_wconf 90' lang='lat' dir='ltr'><strong>dubitant</strong></span> <span class='ocrx_word' id='word_1_851' title='bbox 2827 2337 2990 2391; x_wconf 89' lang='lat' dir='ltr'><strong>etiam</strong></span> <span class='ocrx_word' id='word_1_852' title='bbox 3021 2337 3090 2392; x_wconf 89' lang='lat' dir='ltr'><strong>de</strong></span> <span class='ocrx_word' id='word_1_853' title='bbox 3122 2353 3224 2391; x_wconf 90' lang='lat' dir='ltr'><strong>me.</strong></span> <span class='ocrx_word' id='word_1_854' title='bbox 3261 2339 3420 2406; x_wconf 66' lang='lat' dir='ltr'><strong>Qua-ii</strong></span> <span class='ocrx_word' id='word_1_855' title='bbox 3453 2340 3538 2391; x_wconf 88' lang='lat' dir='ltr'><strong>di-</strong></span> 
     </span>
    </p>
   </div>
   <div class='ocr_carea' id='block_1_109' title="bbox 1971 2407 3538 2475">
    <p class='ocr_par' dir='ltr' id='par_1_109' title="bbox 1971 2407 3538 2475">
     <span class='ocr_line' id='line_1_109' title="bbox 1971 2407 3538 2475; baseline 0.001 -16"><span class='ocrx_word' id='word_1_856' title='bbox 1971 2417 2095 2461; x_wconf 87' lang='lat' dir='ltr'><strong>cat:</strong></span> <span class='ocrx_word' id='word_1_857' title='bbox 2129 2408 2348 2475; x_wconf 86' lang='lat' dir='ltr'><strong>Propter</strong></span> <span class='ocrx_word' id='word_1_858' title='bbox 2389 2407 2643 2473; x_wconf 85' lang='lat' dir='ltr'><strong>quosdam</strong></span> <span class='ocrx_word' id='word_1_859' title='bbox 2689 2407 2983 2461; x_wconf 66' lang='lat' dir='ltr'><strong>excidimus</strong></span> <span class='ocrx_word' id='word_1_860' title='bbox 3029 2408 3080 2460; x_wconf 92' lang='lat' dir='ltr'><strong>in</strong></span> <span class='ocrx_word' id='word_1_861' title='bbox 3127 2409 3538 2462; x_wconf 80' lang='lat' dir='ltr'><strong>dubitationem.</strong></span> 
     </span>
    </p>
   </div>
   <div class='ocr_carea' id='block_1_110' title="bbox 1974 2476 3544 2545">
    <p class='ocr_par' dir='ltr' id='par_1_110' title="bbox 1974 2476 3544 2545">
     <span class='ocr_line' id='line_1_110' title="bbox 1974 2476 3544 2545; baseline 0 -15"><span class='ocrx_word' id='word_1_862' title='bbox 1974 2476 2050 2530; x_wconf 91' lang='lat' dir='ltr'><strong>Illi</strong></span> <span class='ocrx_word' id='word_1_863' title='bbox 2081 2492 2289 2545; x_wconf 80' lang='lat' dir='ltr'><strong>quoque</strong></span> <span class='ocrx_word' id='word_1_864' title='bbox 2313 2478 2504 2545; x_wconf 86' lang='lat' dir='ltr'><strong>quibus</strong></span> <span class='ocrx_word' id='word_1_865' title='bbox 2535 2493 2640 2531; x_wconf 90' lang='lat' dir='ltr'><strong>non</strong></span> <span class='ocrx_word' id='word_1_866' title='bbox 2671 2478 2844 2532; x_wconf 90' lang='lat' dir='ltr'><strong>solum</strong></span> <span class='ocrx_word' id='word_1_867' title='bbox 2878 2488 3040 2531; x_wconf 90' lang='lat' dir='ltr'><strong>notus</strong></span> <span class='ocrx_word' id='word_1_868' title='bbox 3075 2492 3220 2530; x_wconf 86' lang='lat' dir='ltr'><strong>erant</strong></span> <span class='ocrx_word' id='word_1_869' title='bbox 3264 2478 3314 2532; x_wconf 90' lang='lat' dir='ltr'><strong>in</strong></span> <span class='ocrx_word' id='word_1_870' title='bbox 3360 2479 3544 2531; x_wconf 72' lang='lat' dir='ltr'><strong>eetzlc-</strong></span> 
     </span>
    </p>
   </div>
   <div class='ocr_carea' id='block_1_111' title="bbox 1972 2547 3541 2613">
    <p class='ocr_par' dir='ltr' id='par_1_111' title="bbox 1972 2547 3541 2613">
     <span class='ocr_line' id='line_1_111' title="bbox 1972 2547 3541 2613; baseline -0.001 -14"><span class='ocrx_word' id='word_1_871' title='bbox 1972 2547 2200 2600; x_wconf 84' lang='lat' dir='ltr'><strong>siasticis</strong></span> <span class='ocrx_word' id='word_1_872' title='bbox 2227 2547 2477 2600; x_wconf 90' lang='lat' dir='ltr'><strong>institutis</strong></span> <span class='ocrx_word' id='word_1_873' title='bbox 2495 2591 2507 2611; x_wconf 93' lang='lat'><strong>,</strong></span> <span class='ocrx_word' id='word_1_874' title='bbox 2541 2549 2633 2601; x_wconf 89' lang='lat' dir='ltr'><strong>sed</strong></span> <span class='ocrx_word' id='word_1_875' title='bbox 2658 2549 2814 2601; x_wconf 84' lang='lat' dir='ltr'><strong>etiam</strong></span> <span class='ocrx_word' id='word_1_876' title='bbox 2840 2549 2926 2613; x_wconf 87' lang='lat' dir='ltr'><strong>qui</strong></span> <span class='ocrx_word' id='word_1_877' title='bbox 2949 2548 3182 2600; x_wconf 77' lang='lat' dir='ltr'><strong>videbant</strong></span> <span class='ocrx_word' id='word_1_878' title='bbox 3215 2564 3290 2600; x_wconf 87' lang='lat' dir='ltr'><strong>me</strong></span> <span class='ocrx_word' id='word_1_879' title='bbox 3319 2549 3370 2599; x_wconf 87' lang='lat' dir='ltr'><strong>itt</strong></span> <span class='ocrx_word' id='word_1_880' title='bbox 3397 2548 3541 2600; x_wconf 82' lang='lat' dir='ltr'><strong>Scri-</strong></span> 
     </span>
    </p>
   </div>
   <div class='ocr_carea' id='block_1_112' title="bbox 1974 2615 3546 2685">
    <p class='ocr_par' dir='ltr' id='par_1_112' title="bbox 1974 2615 3546 2685">
     <span class='ocr_line' id='line_1_112' title="bbox 1974 2615 3546 2685; baseline 0.001 -19"><span class='ocrx_word' id='word_1_881' title='bbox 1974 2615 2140 2685; x_wconf 85' lang='lat' dir='ltr'><strong>pturis</strong></span> <span class='ocrx_word' id='word_1_882' title='bbox 2168 2618 2398 2682; x_wconf 86' lang='lat' dir='ltr'><strong>sanctis,</strong></span> <span class='ocrx_word' id='word_1_883' title='bbox 2430 2619 2550 2685; x_wconf 90' lang='lat' dir='ltr'><strong>quia</strong></span> <span class='ocrx_word' id='word_1_884' title='bbox 2580 2619 2814 2684; x_wconf 75' lang='lat' dir='ltr'><strong>legerant</strong></span> <span class='ocrx_word' id='word_1_885' title='bbox 2860 2617 2933 2671; x_wconf 86' lang='lat' dir='ltr'><strong>ibi</strong></span> <span class='ocrx_word' id='word_1_886' title='bbox 2983 2618 3128 2685; x_wconf 89' lang='lat' dir='ltr'><strong>plura</strong></span> <span class='ocrx_word' id='word_1_887' title='bbox 3174 2618 3441 2684; x_wconf 81' lang='lat' dir='ltr'><strong>praedicta,</strong></span> <span class='ocrx_word' id='word_1_888' title='bbox 3490 2625 3546 2670; x_wconf 92' lang='lat' dir='ltr'><strong>et</strong></span> 
     </span>
    </p>
   </div>
   <div class='ocr_carea' id='block_1_113' title="bbox 1973 2685 3536 2756">
    <p class='ocr_par' dir='ltr' id='par_1_113' title="bbox 1973 2685 3536 2756">
     <span class='ocr_line' id='line_1_113' title="bbox 1973 2685 3536 2756; baseline -0.001 -18"><span class='ocrx_word' id='word_1_889' title='bbox 1973 2685 2040 2756; x_wconf 82' lang='lat' dir='ltr'><strong>de</strong></span> <span class='ocrx_word' id='word_1_890' title='bbox 2066 2701 2172 2740; x_wconf 90' lang='lat' dir='ltr'><strong>uno</strong></span> <span class='ocrx_word' id='word_1_891' title='bbox 2202 2701 2410 2756; x_wconf 89' lang='lat' dir='ltr'><strong>quoque</strong></span> <span class='ocrx_word' id='word_1_892' title='bbox 2438 2685 2673 2752; x_wconf 88' lang='lat' dir='ltr'><strong>perfecto</strong></span> <span class='ocrx_word' id='word_1_893' title='bbox 2702 2686 3037 2756; x_wconf 78' lang='lat' dir='ltr'><strong>singulariter</strong></span> <span class='ocrx_word' id='word_1_894' title='bbox 3081 2696 3134 2738; x_wconf 84' lang='lat' dir='ltr'><strong>ct</strong></span> <span class='ocrx_word' id='word_1_895' title='bbox 3178 2689 3536 2738; x_wconf 79' lang='lat' dir='ltr'><strong>communiter</strong></span> 
     </span>
    </p>
   </div>
   <div class='ocr_carea' id='block_1_114' title="bbox 1972 2753 3539 2823">
    <p class='ocr_par' dir='ltr' id='par_1_114' title="bbox 1972 2753 3539 2823">
     <span class='ocr_line' id='line_1_114' title="bbox 1972 2753 3539 2823; baseline 0 -16"><span class='ocrx_word' id='word_1_896' title='bbox 1972 2753 2038 2808; x_wconf 88' lang='lat' dir='ltr'><strong>de</strong></span> <span class='ocrx_word' id='word_1_897' title='bbox 2067 2753 2352 2817; x_wconf 58' lang='lat' dir='ltr'><strong>omnibus}</strong></span> <span class='ocrx_word' id='word_1_898' title='bbox 2388 2756 2498 2821; x_wconf 90' lang='lat' dir='ltr'><strong>illi,</strong></span> <span class='ocrx_word' id='word_1_899' title='bbox 2544 2757 2755 2823; x_wconf 89' lang='lat' dir='ltr'><strong>inquam</strong></span> <span class='ocrx_word' id='word_1_900' title='bbox 2779 2753 2808 2819; x_wconf 64' lang='grc'><strong>,⁷</strong></span> <span class='ocrx_word' id='word_1_901' title='bbox 2832 2771 2952 2809; x_wconf 91' lang='lat' dir='ltr'><strong>cum</strong></span> <span class='ocrx_word' id='word_1_902' title='bbox 2999 2757 3222 2809; x_wconf 91' lang='lat' dir='ltr'><strong>multum</strong></span> <span class='ocrx_word' id='word_1_903' title='bbox 3269 2758 3539 2822; x_wconf 83' lang='lat' dir='ltr'><strong>sapientes</strong></span> 
     </span>
    </p>
   </div>
   <div class='ocr_carea' id='block_1_115' title="bbox 1973 2826 3546 2895">
    <p class='ocr_par' dir='ltr' id='par_1_115' title="bbox 1973 2826 3546 2895">
     <span class='ocr_line' id='line_1_115' title="bbox 1973 2826 3546 2895; baseline -0.003 -16"><span class='ocrx_word' id='word_1_904' title='bbox 1973 2833 2027 2879; x_wconf 88' lang='lat' dir='ltr'><strong>et</strong></span> <span class='ocrx_word' id='word_1_905' title='bbox 2057 2827 2274 2890; x_wconf 90' lang='lat' dir='ltr'><strong>perfecti</strong></span> <span class='ocrx_word' id='word_1_906' title='bbox 2304 2826 2628 2894; x_wconf 87' lang='lat' dir='ltr'><strong>viderentur,</strong></span> <span class='ocrx_word' id='word_1_907' title='bbox 2663 2830 2902 2895; x_wconf 79' lang='lat' dir='ltr'><strong>fugerunt</strong></span> <span class='ocrx_word' id='word_1_908' title='bbox 2932 2842 2963 2877; x_wconf 90' lang='lat' dir='ltr'><strong>a</strong></span> <span class='ocrx_word' id='word_1_909' title='bbox 2996 2842 3073 2878; x_wconf 88' lang='lat' dir='ltr'><strong>me</strong></span> <span class='ocrx_word' id='word_1_910' title='bbox 3114 2828 3286 2895; x_wconf 76' lang='lat' dir='ltr'><strong>foras.</strong></span> <span class='ocrx_word' id='word_1_911' title='bbox 3333 2826 3385 2877; x_wconf 92' lang='lat' dir='ltr'><strong>id</strong></span> <span class='ocrx_word' id='word_1_912' title='bbox 3431 2837 3510 2876; x_wconf 80' lang='lat' dir='ltr'><strong>cst</strong></span> <span class='ocrx_word' id='word_1_913' title='bbox 3531 2864 3546 2886; x_wconf 88' lang='lat'><strong>,</strong></span> 
     </span>
    </p>
   </div>
   <div class='ocr_carea' id='block_1_116' title="bbox 1971 2895 3547 2962">
    <p class='ocr_par' dir='ltr' id='par_1_116' title="bbox 1971 2895 3547 2962">
     <span class='ocr_line' id='line_1_116' title="bbox 1971 2895 3547 2962; baseline -0.001 -14"><span class='ocrx_word' id='word_1_914' title='bbox 1971 2896 2258 2950; x_wconf 87' lang='lat' dir='ltr'><strong>ecclesiam</strong></span> <span class='ocrx_word' id='word_1_915' title='bbox 2288 2899 2561 2961; x_wconf 74' lang='lat' dir='ltr'><strong>exierunt,</strong></span> <span class='ocrx_word' id='word_1_916' title='bbox 2597 2910 2648 2949; x_wconf 89' lang='lat' dir='ltr'><strong>ct</strong></span> <span class='ocrx_word' id='word_1_917' title='bbox 2676 2897 2796 2948; x_wconf 86' lang='lat' dir='ltr'><strong>facti</strong></span> <span class='ocrx_word' id='word_1_918' title='bbox 2819 2906 2943 2948; x_wconf 92' lang='lat' dir='ltr'><strong>sunt</strong></span> <span class='ocrx_word' id='word_1_919' title='bbox 2973 2896 3226 2948; x_wconf 67' lang='lat' dir='ltr'><strong>haeretici.</strong></span> <span class='ocrx_word' id='word_1_920' title='bbox 3259 2895 3331 2948; x_wconf 89' lang='lat' dir='ltr'><strong>De</strong></span> <span class='ocrx_word' id='word_1_921' title='bbox 3358 2895 3547 2962; x_wconf 90' lang='lat' dir='ltr'><strong>quibus</strong></span> 
     </span>
    </p>
   </div>
   <div class='ocr_carea' id='block_1_117' title="bbox 1971 2964 3545 3035">
    <p class='ocr_par' dir='ltr' id='par_1_117' title="bbox 1971 2964 3545 3035">
     <span class='ocr_line' id='line_1_117' title="bbox 1971 2964 3545 3035; baseline -0.003 -15"><span class='ocrx_word' id='word_1_922' title='bbox 1971 2964 2166 3020; x_wconf 90' lang='lat' dir='ltr'><strong>dictum</strong></span> <span class='ocrx_word' id='word_1_923' title='bbox 2192 2977 2310 3020; x_wconf 83' lang='lat' dir='ltr'><strong>est:</strong></span> <span class='ocrx_word' id='word_1_924' title='bbox 2338 2967 2378 3018; x_wconf 80' lang='grc' dir='ltr'><em>Α</em></span> <span class='ocrx_word' id='word_1_925' title='bbox 2406 2967 2546 3018; x_wconf 80' lang='lat' dir='ltr'><strong>nobis</strong></span> <span class='ocrx_word' id='word_1_926' title='bbox 2572 2968 2821 3029; x_wconf 66' lang='lat' dir='ltr'><strong>exierunt,</strong></span> <span class='ocrx_word' id='word_1_927' title='bbox 2849 2967 2934 3032; x_wconf 89' lang='lat' dir='ltr'><strong>qui</strong></span> <span class='ocrx_word' id='word_1_928' title='bbox 2961 2983 2992 3018; x_wconf 90' lang='lat' dir='ltr'><strong>a</strong></span> <span class='ocrx_word' id='word_1_929' title='bbox 3017 2965 3159 3018; x_wconf 74' lang='lat' dir='ltr'><strong>nobis</strong></span> <span class='ocrx_word' id='word_1_930' title='bbox 3189 2981 3289 3017; x_wconf 86' lang='lat' dir='ltr'><strong>non</strong></span> <span class='ocrx_word' id='word_1_931' title='bbox 3318 2964 3545 3035; x_wconf 86' lang='lat' dir='ltr'><strong>fuerunt.</strong></span> 
     </span>
    </p>
   </div>
   <div class='ocr_carea' id='block_1_118' title="bbox 1972 3035 3546 3102">
    <p class='ocr_par' dir='ltr' id='par_1_118' title="bbox 1972 3035 3546 3102">
     <span class='ocr_line' id='line_1_118' title="bbox 1972 3035 3546 3102; baseline -0.001 -15"><span class='ocrx_word' id='word_1_932' title='bbox 1972 3035 2202 3102; x_wconf 84' lang='lat' dir='ltr'><strong>Etapud</strong></span> <span class='ocrx_word' id='word_1_933' title='bbox 2236 3039 2333 3089; x_wconf 83' lang='lat' dir='ltr'><strong>hos</strong></span> <span class='ocrx_word' id='word_1_934' title='bbox 2359 3035 2507 3089; x_wconf 81' lang='lat' dir='ltr'><strong>datus</strong></span> <span class='ocrx_word' id='word_1_935' title='bbox 2528 3051 2636 3088; x_wconf 74' lang='lat' dir='ltr'><strong>sum</strong></span> <span class='ocrx_word' id='word_1_936' title='bbox 2662 3036 2929 3098; x_wconf 82' lang='lat' dir='ltr'><strong>oblivioni,</strong></span> <span class='ocrx_word' id='word_1_937' title='bbox 2957 3045 3190 3090; x_wconf 79' lang='lat' dir='ltr'><strong>remotus</strong></span> <span class='ocrx_word' id='word_1_938' title='bbox 3212 3053 3242 3087; x_wconf 92' lang='lat' dir='ltr'><strong>a</strong></span> <span class='ocrx_word' id='word_1_939' title='bbox 3271 3035 3422 3088; x_wconf 87' lang='lat' dir='ltr'><strong>corde</strong></span> <span class='ocrx_word' id='word_1_940' title='bbox 3451 3049 3546 3086; x_wconf 86' lang='lat' dir='ltr'><strong>co-</strong></span> 
     </span>
    </p>
   </div>
   <div class='ocr_carea' id='block_1_119' title="bbox 1973 3102 3546 3175">
    <p class='ocr_par' dir='ltr' id='par_1_119' title="bbox 1973 3102 3546 3175">
     <span class='ocr_line' id='line_1_119' title="bbox 1973 3102 3546 3175; baseline -0.004 -15"><span class='ocrx_word' id='word_1_941' title='bbox 1973 3119 2091 3160; x_wconf 80' lang='lat' dir='ltr'><strong>rum</strong></span> <span class='ocrx_word' id='word_1_942' title='bbox 2121 3115 2361 3175; x_wconf 85' lang='lat' dir='ltr'><strong>tauquam</strong></span> <span class='ocrx_word' id='word_1_943' title='bbox 2389 3120 2560 3160; x_wconf 90' lang='lat' dir='ltr'><strong>essem</strong></span> <span class='ocrx_word' id='word_1_944' title='bbox 2591 3104 2778 3173; x_wconf 87' lang='lat' dir='ltr'><strong>aliquis</strong></span> <span class='ocrx_word' id='word_1_945' title='bbox 2809 3107 2856 3159; x_wconf 93' lang='lat' dir='ltr'><strong>in</strong></span> <span class='ocrx_word' id='word_1_946' title='bbox 2891 3105 3120 3169; x_wconf 83' lang='lat' dir='ltr'><strong>peccatis</strong></span> <span class='ocrx_word' id='word_1_947' title='bbox 3152 3116 3402 3159; x_wconf 83' lang='lat' dir='ltr'><strong>mortuus.</strong></span> <span class='ocrx_word' id='word_1_948' title='bbox 3452 3102 3546 3175; x_wconf 70' lang='lat' dir='ltr'><strong>Vel</strong></span> 
     </span>
    </p>
   </div>
   <div class='ocr_carea' id='block_1_120' title="bbox 1983 3174 3552 3243">
    <p class='ocr_par' dir='ltr' id='par_1_120' title="bbox 1983 3174 3552 3243">
     <span class='ocr_line' id='line_1_120' title="bbox 1983 3174 3552 3243; baseline -0.001 -16"><span class='ocrx_word' id='word_1_949' title='bbox 1983 3174 2228 3242; x_wconf 88' lang='lat' dir='ltr'><strong>tanquam</strong></span> <span class='ocrx_word' id='word_1_950' title='bbox 2276 3187 2515 3229; x_wconf 90' lang='lat' dir='ltr'><strong>mortuus</strong></span> <span class='ocrx_word' id='word_1_951' title='bbox 2548 3190 2575 3227; x_wconf 86' lang='lat' dir='ltr'><strong>a</strong></span> <span class='ocrx_word' id='word_1_952' title='bbox 2604 3175 2794 3240; x_wconf 87' lang='lat' dir='ltr'><strong>corde,</strong></span> <span class='ocrx_word' id='word_1_953' title='bbox 2844 3175 2943 3230; x_wconf 85' lang='lat' dir='ltr'><strong>hoc</strong></span> <span class='ocrx_word' id='word_1_954' title='bbox 2972 3185 3083 3240; x_wconf 86' lang='lat' dir='ltr'><strong>est,</strong></span> <span class='ocrx_word' id='word_1_955' title='bbox 3131 3189 3347 3243; x_wconf 88' lang='lat' dir='ltr'><strong>prorsus</strong></span> <span class='ocrx_word' id='word_1_956' title='bbox 3375 3177 3440 3227; x_wconf 87' lang='lat' dir='ltr'><strong>ab</strong></span> <span class='ocrx_word' id='word_1_957' title='bbox 3472 3174 3552 3226; x_wconf 85' lang='lat' dir='ltr'><strong>itt-</strong></span> 
     </span>
    </p>
   </div>
   <div class='ocr_carea' id='block_1_121' title="bbox 1984 3245 2546 3310">
    <p class='ocr_par' dir='ltr' id='par_1_121' title="bbox 1984 3245 2546 3310">
     <span class='ocr_line' id='line_1_121' title="bbox 1984 3245 2546 3310; baseline 0 -12"><span class='ocrx_word' id='word_1_958' title='bbox 1984 3246 2111 3298; x_wconf 89' lang='lat' dir='ltr'><strong>titno</strong></span> <span class='ocrx_word' id='word_1_959' title='bbox 2142 3245 2258 3310; x_wconf 90' lang='lat' dir='ltr'><strong>ipso</strong></span> <span class='ocrx_word' id='word_1_960' title='bbox 2288 3254 2546 3298; x_wconf 88' lang='lat' dir='ltr'><strong>mortuus.</strong></span> 
     </span>
    </p>
   </div>
   <div class='ocr_carea' id='block_1_122' title="bbox 2052 3312 3550 3384">
    <p class='ocr_par' dir='ltr' id='par_1_122' title="bbox 2052 3312 3550 3384">
     <span class='ocr_line' id='line_1_122' title="bbox 2052 3312 3550 3384; baseline 0.001 -20"><span class='ocrx_word' id='word_1_961' title='bbox 2052 3312 2246 3368; x_wconf 76' lang='lat' dir='ltr'><strong>Factus</strong></span> <span class='ocrx_word' id='word_1_962' title='bbox 2273 3332 2383 3367; x_wconf 73' lang='lat' dir='ltr'><strong>sum</strong></span> <span class='ocrx_word' id='word_1_963' title='bbox 2414 3324 2654 3384; x_wconf 87' lang='lat' dir='ltr'><strong>tanquam</strong></span> <span class='ocrx_word' id='word_1_964' title='bbox 2682 3331 2767 3367; x_wconf 77' lang='lat' dir='ltr'><strong>vas</strong></span> <span class='ocrx_word' id='word_1_965' title='bbox 2795 3314 3072 3381; x_wconf 85' lang='lat' dir='ltr'><strong>perditum.</strong></span> <span class='ocrx_word' id='word_1_966' title='bbox 3117 3313 3249 3378; x_wconf 85' lang='lat' dir='ltr'><strong>Quia</strong></span> <span class='ocrx_word' id='word_1_967' title='bbox 3294 3313 3396 3366; x_wconf 87' lang='lat' dir='ltr'><strong>vita</strong></span> <span class='ocrx_word' id='word_1_968' title='bbox 3438 3328 3550 3365; x_wconf 81' lang='lat' dir='ltr'><strong>mea</strong></span> 
     </span>
    </p>
   </div>
   <div class='ocr_carea' id='block_1_123' title="bbox 1980 3384 3548 3454">
    <p class='ocr_par' dir='ltr' id='par_1_123' title="bbox 1980 3384 3548 3454">
     <span class='ocr_line' id='line_1_123' title="bbox 1980 3384 3548 3454; baseline -0.001 -19"><span class='ocrx_word' id='word_1_969' title='bbox 1980 3384 2162 3454; x_wconf 82' lang='lat' dir='ltr'><strong>defecit</strong></span> <span class='ocrx_word' id='word_1_970' title='bbox 2192 3387 2240 3436; x_wconf 88' lang='lat' dir='ltr'><strong>in</strong></span> <span class='ocrx_word' id='word_1_971' title='bbox 2271 3387 2468 3451; x_wconf 85' lang='lat' dir='ltr'><strong>dolore,</strong></span> <span class='ocrx_word' id='word_1_972' title='bbox 2500 3393 2547 3436; x_wconf 87' lang='lat' dir='ltr'><strong>et</strong></span> <span class='ocrx_word' id='word_1_973' title='bbox 2575 3388 2732 3437; x_wconf 81' lang='lat' dir='ltr'><strong>virtuti</strong></span> <span class='ocrx_word' id='word_1_974' title='bbox 2759 3394 2829 3436; x_wconf 79' lang='lat' dir='ltr'><strong>est</strong></span> <span class='ocrx_word' id='word_1_975' title='bbox 2858 3386 3136 3450; x_wconf 78' lang='lat' dir='ltr'><strong>inﬁrmata,</strong></span> <span class='ocrx_word' id='word_1_976' title='bbox 3168 3393 3215 3436; x_wconf 85' lang='lat' dir='ltr'><strong>et</strong></span> <span class='ocrx_word' id='word_1_977' title='bbox 3247 3388 3410 3453; x_wconf 80' lang='lat' dir='ltr'><strong>factus</strong></span> <span class='ocrx_word' id='word_1_978' title='bbox 3437 3399 3548 3435; x_wconf 71' lang='lat' dir='ltr'><strong>sum</strong></span> 
     </span>
    </p>
   </div>
   <div class='ocr_carea' id='block_1_124' title="bbox 1981 3454 3548 3524">
    <p class='ocr_par' dir='ltr' id='par_1_124' title="bbox 1981 3454 3548 3524">
     <span class='ocr_line' id='line_1_124' title="bbox 1981 3454 3548 3524; baseline 0 -18"><span class='ocrx_word' id='word_1_979' title='bbox 1981 3454 2312 3520; x_wconf 84' lang='lat' dir='ltr'><strong>approbriunt</strong></span> <span class='ocrx_word' id='word_1_980' title='bbox 2351 3470 2504 3523; x_wconf 77' lang='lat' dir='ltr'><strong>super</strong></span> <span class='ocrx_word' id='word_1_981' title='bbox 2552 3469 2723 3506; x_wconf 80' lang='lat' dir='ltr'><strong>omnes</strong></span> <span class='ocrx_word' id='word_1_982' title='bbox 2767 3454 2998 3507; x_wconf 81' lang='lat' dir='ltr'><strong>inimicos</strong></span> <span class='ocrx_word' id='word_1_983' title='bbox 3048 3469 3218 3518; x_wconf 76' lang='lat' dir='ltr'><strong>meos,</strong></span> <span class='ocrx_word' id='word_1_984' title='bbox 3249 3463 3352 3508; x_wconf 84' lang='lat' dir='ltr'><strong>etc.</strong></span> <span class='ocrx_word' id='word_1_985' title='bbox 3404 3454 3548 3524; x_wconf 83' lang='lat' dir='ltr'><strong>Ergo</strong></span> 
     </span>
    </p>
   </div>
   <div class='ocr_carea' id='block_1_125' title="bbox 1981 3524 3551 3593">
    <p class='ocr_par' dir='ltr' id='par_1_125' title="bbox 1981 3524 3551 3593">
     <span class='ocr_line' id='line_1_125' title="bbox 1981 3524 3551 3593; baseline 0 -19"><span class='ocrx_word' id='word_1_986' title='bbox 1981 3527 2144 3593; x_wconf 76' lang='lat' dir='ltr'><strong>factus</strong></span> <span class='ocrx_word' id='word_1_987' title='bbox 2172 3540 2284 3576; x_wconf 85' lang='lat' dir='ltr'><strong>sum</strong></span> <span class='ocrx_word' id='word_1_988' title='bbox 2314 3533 2553 3591; x_wconf 86' lang='lat' dir='ltr'><strong>tanquam</strong></span> <span class='ocrx_word' id='word_1_989' title='bbox 2599 3539 2685 3576; x_wconf 83' lang='lat' dir='ltr'><strong>vas</strong></span> <span class='ocrx_word' id='word_1_990' title='bbox 2728 3525 3018 3593; x_wconf 86' lang='lat' dir='ltr'><strong>perditum,</strong></span> <span class='ocrx_word' id='word_1_991' title='bbox 3060 3524 3111 3577; x_wconf 92' lang='lat' dir='ltr'><strong>id</strong></span> <span class='ocrx_word' id='word_1_992' title='bbox 3157 3532 3267 3590; x_wconf 90' lang='lat' dir='ltr'><strong>est,</strong></span> <span class='ocrx_word' id='word_1_993' title='bbox 3303 3537 3392 3576; x_wconf 88' lang='lat' dir='ltr'><strong>vas</strong></span> <span class='ocrx_word' id='word_1_994' title='bbox 3419 3536 3551 3576; x_wconf 88' lang='lat' dir='ltr'><strong>con—</strong></span> 
     </span>
    </p>
   </div>
   <div class='ocr_carea' id='block_1_126' title="bbox 1981 3593 3548 3660">
    <p class='ocr_par' dir='ltr' id='par_1_126' title="bbox 1981 3593 3548 3660">
     <span class='ocr_line' id='line_1_126' title="bbox 1981 3593 3548 3660; baseline 0 -14"><span class='ocrx_word' id='word_1_995' title='bbox 1981 3597 2202 3647; x_wconf 88' lang='lat' dir='ltr'><strong>fractunt</strong></span> <span class='ocrx_word' id='word_1_996' title='bbox 2234 3604 2288 3648; x_wconf 90' lang='lat' dir='ltr'><strong>et</strong></span> <span class='ocrx_word' id='word_1_997' title='bbox 2317 3594 2444 3648; x_wconf 91' lang='lat' dir='ltr'><strong>nulli</strong></span> <span class='ocrx_word' id='word_1_998' title='bbox 2477 3593 2592 3647; x_wconf 91' lang='lat' dir='ltr'><strong>usui</strong></span> <span class='ocrx_word' id='word_1_999' title='bbox 2628 3604 2830 3660; x_wconf 91' lang='lat' dir='ltr'><strong>aptum.</strong></span> <span class='ocrx_word' id='word_1_1000' title='bbox 2872 3595 3005 3660; x_wconf 85' lang='lat' dir='ltr'><strong>Quia</strong></span> <span class='ocrx_word' id='word_1_1001' title='bbox 3051 3598 3187 3648; x_wconf 91' lang='lat' dir='ltr'><strong>sicut</strong></span> <span class='ocrx_word' id='word_1_1002' title='bbox 3212 3608 3303 3648; x_wconf 87' lang='lat' dir='ltr'><strong>vas</strong></span> <span class='ocrx_word' id='word_1_1003' title='bbox 3330 3593 3548 3647; x_wconf 85' lang='lat' dir='ltr'><strong>confra-</strong></span> 
     </span>
    </p>
   </div>
   <div class='ocr_carea' id='block_1_127' title="bbox 1980 3662 3551 3733">
    <p class='ocr_par' dir='ltr' id='par_1_127' title="bbox 1980 3662 3551 3733">
     <span class='ocr_line' id='line_1_127' title="bbox 1980 3662 3551 3733; baseline -0.001 -17"><span class='ocrx_word' id='word_1_1004' title='bbox 1980 3673 2120 3717; x_wconf 91' lang='lat' dir='ltr'><strong>ctum</strong></span> <span class='ocrx_word' id='word_1_1005' title='bbox 2151 3666 2409 3732; x_wconf 89' lang='lat' dir='ltr'><strong>liquorem</strong></span> <span class='ocrx_word' id='word_1_1006' title='bbox 2437 3665 2534 3716; x_wconf 84' lang='lat' dir='ltr'><strong>sibt</strong></span> <span class='ocrx_word' id='word_1_1007' title='bbox 2565 3665 2793 3717; x_wconf 89' lang='lat' dir='ltr'><strong>infusum</strong></span> <span class='ocrx_word' id='word_1_1008' title='bbox 2817 3705 2833 3733; x_wconf 94' lang='lat'><strong>,</strong></span> <span class='ocrx_word' id='word_1_1009' title='bbox 2864 3674 2921 3718; x_wconf 90' lang='lat' dir='ltr'><strong>ut</strong></span> <span class='ocrx_word' id='word_1_1010' title='bbox 2953 3679 3046 3732; x_wconf 88' lang='lat' dir='ltr'><strong>per</strong></span> <span class='ocrx_word' id='word_1_1011' title='bbox 3092 3665 3261 3732; x_wconf 91' lang='lat' dir='ltr'><strong>ipsum</strong></span> <span class='ocrx_word' id='word_1_1012' title='bbox 3309 3664 3424 3716; x_wconf 89' lang='lat' dir='ltr'><strong>aliis</strong></span> <span class='ocrx_word' id='word_1_1013' title='bbox 3469 3662 3551 3714; x_wconf 85' lang='lat' dir='ltr'><strong>in-</strong></span> 
     </span>
    </p>
   </div>
   <div class='ocr_carea' id='block_1_128' title="bbox 1982 3733 3547 3803">
    <p class='ocr_par' dir='ltr' id='par_1_128' title="bbox 1982 3733 3547 3803">
     <span class='ocr_line' id='line_1_128' title="bbox 1982 3733 3547 3803; baseline -0.002 -17"><span class='ocrx_word' id='word_1_1014' title='bbox 1982 3733 2312 3794; x_wconf 86' lang='lat' dir='ltr'><strong>fnnderetur.</strong></span> <span class='ocrx_word' id='word_1_1015' title='bbox 2347 3734 2598 3788; x_wconf 88' lang='lat' dir='ltr'><strong>inutiliter</strong></span> <span class='ocrx_word' id='word_1_1016' title='bbox 2627 3734 2844 3799; x_wconf 88' lang='lat' dir='ltr'><strong>effudit,</strong></span> <span class='ocrx_word' id='word_1_1017' title='bbox 2877 3736 2946 3789; x_wconf 91' lang='lat' dir='ltr'><strong>ita</strong></span> <span class='ocrx_word' id='word_1_1018' title='bbox 2977 3749 3078 3803; x_wconf 85' lang='lat' dir='ltr'><strong>ego</strong></span> <span class='ocrx_word' id='word_1_1019' title='bbox 3109 3733 3360 3786; x_wconf 86' lang='lat' dir='ltr'><strong>laboravi.</strong></span> <span class='ocrx_word' id='word_1_1020' title='bbox 3396 3733 3462 3803; x_wconf 77' lang='lat' dir='ltr'><strong>Et</strong></span> <span class='ocrx_word' id='word_1_1021' title='bbox 3492 3741 3547 3784; x_wconf 89' lang='grc' dir='ltr'><strong>ιιι</strong></span> 
     </span>
    </p>
   </div>
   <div class='ocr_carea' id='block_1_129' title="bbox 1982 3802 3554 3872">
    <p class='ocr_par' dir='ltr' id='par_1_129' title="bbox 1982 3802 3554 3872">
     <span class='ocr_line' id='line_1_129' title="bbox 1982 3802 3554 3872; baseline -0.003 -14"><span class='ocrx_word' id='word_1_1022' title='bbox 1982 3806 2103 3858; x_wconf 87' lang='lat' dir='ltr'><strong>aliis</strong></span> <span class='ocrx_word' id='word_1_1023' title='bbox 2153 3805 2463 3872; x_wconf 85' lang='lat' dir='ltr'><strong>proficerem</strong></span> <span class='ocrx_word' id='word_1_1024' title='bbox 2512 3819 2599 3858; x_wconf 88' lang='lat' dir='ltr'><strong>me</strong></span> <span class='ocrx_word' id='word_1_1025' title='bbox 2643 3806 2911 3872; x_wconf 89' lang='lat' dir='ltr'><strong>disposui,</strong></span> <span class='ocrx_word' id='word_1_1026' title='bbox 2960 3802 3054 3858; x_wconf 84' lang='lat' dir='ltr'><strong>sed</strong></span> <span class='ocrx_word' id='word_1_1027' title='bbox 3102 3803 3356 3856; x_wconf 88' lang='lat' dir='ltr'><strong>inutiliter</strong></span> <span class='ocrx_word' id='word_1_1028' title='bbox 3405 3802 3554 3854; x_wconf 87' lang='lat' dir='ltr'><strong>labor</strong></span> 
     </span>
    </p>
   </div>
   <div class='ocr_carea' id='block_1_130' title="bbox 1983 3872 3548 3942">
    <p class='ocr_par' dir='ltr' id='par_1_130' title="bbox 1983 3872 3548 3942">
     <span class='ocr_line' id='line_1_130' title="bbox 1983 3872 3548 3942; baseline -0.003 -15"><span class='ocrx_word' id='word_1_1029' title='bbox 1983 3889 2133 3928; x_wconf 89' lang='lat' dir='ltr'><strong>meus</strong></span> <span class='ocrx_word' id='word_1_1030' title='bbox 2162 3884 2216 3926; x_wconf 90' lang='lat' dir='ltr'><strong>et</strong></span> <span class='ocrx_word' id='word_1_1031' title='bbox 2240 3874 2516 3940; x_wconf 85' lang='lat' dir='ltr'><strong>dispositio</strong></span> <span class='ocrx_word' id='word_1_1032' title='bbox 2545 3889 2658 3927; x_wconf 87' lang='lat' dir='ltr'><strong>mea</strong></span> <span class='ocrx_word' id='word_1_1033' title='bbox 2685 3875 3032 3936; x_wconf 80' lang='lat' dir='ltr'><strong>effluxerunt,</strong></span> <span class='ocrx_word' id='word_1_1034' title='bbox 3061 3875 3180 3942; x_wconf 90' lang='lat' dir='ltr'><strong>quia</strong></span> <span class='ocrx_word' id='word_1_1035' title='bbox 3207 3889 3310 3925; x_wconf 91' lang='lat' dir='ltr'><strong>non</strong></span> <span class='ocrx_word' id='word_1_1036' title='bbox 3339 3872 3435 3924; x_wconf 88' lang='lat' dir='ltr'><strong>fuit</strong></span> <span class='ocrx_word' id='word_1_1037' title='bbox 3461 3873 3548 3938; x_wconf 88' lang='lat' dir='ltr'><strong>qtti</strong></span> 
     </span>
    </p>
   </div>
   <div class='ocr_carea' id='block_1_131' title="bbox 1985 3942 3553 4011">
    <p class='ocr_par' dir='ltr' id='par_1_131' title="bbox 1985 3942 3553 4011">
     <span class='ocr_line' id='line_1_131' title="bbox 1985 3942 3553 4011; baseline -0.002 -15"><span class='ocrx_word' id='word_1_1038' title='bbox 1985 3959 2071 3996; x_wconf 87' lang='lat' dir='ltr'><strong>tne</strong></span> <span class='ocrx_word' id='word_1_1039' title='bbox 2099 3945 2247 4011; x_wconf 87' lang='lat' dir='ltr'><strong>sequi</strong></span> <span class='ocrx_word' id='word_1_1040' title='bbox 2280 3944 2456 3998; x_wconf 67' lang='lat' dir='ltr'><strong>tellet.</strong></span> <span class='ocrx_word' id='word_1_1041' title='bbox 2491 3946 2552 3996; x_wconf 69' lang='lat' dir='ltr'><strong>fit</strong></span> <span class='ocrx_word' id='word_1_1042' title='bbox 2581 3945 2680 3997; x_wconf 91' lang='lat' dir='ltr'><strong>hoc</strong></span> <span class='ocrx_word' id='word_1_1043' title='bbox 2725 3948 2954 3998; x_wconf 80' lang='lat' dir='ltr'><strong>maxime</strong></span> <span class='ocrx_word' id='word_1_1044' title='bbox 2996 3944 3148 4007; x_wconf 90' lang='lat' dir='ltr'><strong>ideo,</strong></span> <span class='ocrx_word' id='word_1_1045' title='bbox 3178 3942 3415 4011; x_wconf 82' lang='lat' dir='ltr'><strong>quoniam</strong></span> <span class='ocrx_word' id='word_1_1046' title='bbox 3455 3957 3553 3993; x_wconf 89' lang='lat' dir='ltr'><strong>au—</strong></span> 
     </span>
    </p>
   </div>
   <div class='ocr_carea' id='block_1_132' title="bbox 1985 4014 3550 4083">
    <p class='ocr_par' dir='ltr' id='par_1_132' title="bbox 1985 4014 3550 4083">
     <span class='ocr_line' id='line_1_132' title="bbox 1985 4014 3550 4083; baseline -0.001 -18"><span class='ocrx_word' id='word_1_1047' title='bbox 1985 4015 2089 4065; x_wconf 85' lang='lat' dir='ltr'><strong>divi</strong></span> <span class='ocrx_word' id='word_1_1048' title='bbox 2142 4015 2557 4083; x_wconf 81' lang='lat' dir='ltr'><strong>vituperationem</strong></span> <span class='ocrx_word' id='word_1_1049' title='bbox 2603 4015 2909 4077; x_wconf 83' lang='lat' dir='ltr'><strong>multorum,</strong></span> <span class='ocrx_word' id='word_1_1050' title='bbox 2957 4014 3010 4068; x_wconf 89' lang='lat' dir='ltr'><strong>id</strong></span> <span class='ocrx_word' id='word_1_1051' title='bbox 3055 4023 3167 4076; x_wconf 83' lang='lat' dir='ltr'><strong>est,</strong></span> <span class='ocrx_word' id='word_1_1052' title='bbox 3220 4015 3388 4065; x_wconf 85' lang='lat' dir='ltr'><strong>factus</strong></span> <span class='ocrx_word' id='word_1_1053' title='bbox 3432 4026 3550 4064; x_wconf 91' lang='lat' dir='ltr'><strong>sum</strong></span> 
     </span>
    </p>
   </div>
   <div class='ocr_carea' id='block_1_133' title="bbox 1984 4083 3553 4153">
    <p class='ocr_par' dir='ltr' id='par_1_133' title="bbox 1984 4083 3553 4153">
     <span class='ocr_line' id='line_1_133' title="bbox 1984 4083 3553 4153; baseline -0.003 -16"><span class='ocrx_word' id='word_1_1054' title='bbox 1984 4083 2326 4151; x_wconf 81' lang='lat' dir='ltr'><strong>approbrium</strong></span> <span class='ocrx_word' id='word_1_1055' title='bbox 2359 4083 2537 4136; x_wconf 87' lang='lat' dir='ltr'><strong>multis</strong></span> <span class='ocrx_word' id='word_1_1056' title='bbox 2569 4096 2673 4136; x_wconf 91' lang='lat' dir='ltr'><strong>tam</strong></span> <span class='ocrx_word' id='word_1_1057' title='bbox 2718 4084 2946 4137; x_wconf 82' lang='lat' dir='ltr'><strong>inimicis</strong></span> <span class='ocrx_word' id='word_1_1058' title='bbox 2973 4097 3130 4153; x_wconf 89' lang='lat' dir='ltr'><strong>quam</strong></span> <span class='ocrx_word' id='word_1_1059' title='bbox 3161 4083 3346 4153; x_wconf 81' lang='lat' dir='ltr'><strong>vicinis</strong></span> <span class='ocrx_word' id='word_1_1060' title='bbox 3375 4091 3428 4134; x_wconf 89' lang='lat' dir='ltr'><strong>et</strong></span> <span class='ocrx_word' id='word_1_1061' title='bbox 3458 4097 3553 4134; x_wconf 86' lang='lat' dir='ltr'><strong>no-</strong></span> 
     </span>
    </p>
   </div>
   <div class='ocr_carea' id='block_1_134' title="bbox 1988 4151 3555 4224">
    <p class='ocr_par' dir='ltr' id='par_1_134' title="bbox 1988 4151 3555 4224">
     <span class='ocr_line' id='line_1_134' title="bbox 1988 4151 3555 4224; baseline -0.003 -16"><span class='ocrx_word' id='word_1_1062' title='bbox 1988 4156 2072 4208; x_wconf 92' lang='lat' dir='ltr'><strong>tis.</strong></span> <span class='ocrx_word' id='word_1_1063' title='bbox 2107 4154 2172 4207; x_wconf 85' lang='lat' dir='ltr'><strong>Et</strong></span> <span class='ocrx_word' id='word_1_1064' title='bbox 2204 4155 2284 4208; x_wconf 89' lang='lat' dir='ltr'><strong>his</strong></span> <span class='ocrx_word' id='word_1_1065' title='bbox 2314 4155 2400 4224; x_wconf 90' lang='lat' dir='ltr'><strong>qui</strong></span> <span class='ocrx_word' id='word_1_1066' title='bbox 2435 4170 2520 4208; x_wconf 91' lang='lat' dir='ltr'><strong>me</strong></span> <span class='ocrx_word' id='word_1_1067' title='bbox 2550 4157 2695 4222; x_wconf 89' lang='lat' dir='ltr'><strong>prius</strong></span> <span class='ocrx_word' id='word_1_1068' title='bbox 2728 4151 3003 4218; x_wconf 74' lang='lat' dir='ltr'><strong>viderant,</strong></span> <span class='ocrx_word' id='word_1_1069' title='bbox 3032 4165 3086 4208; x_wconf 84' lang='lat' dir='ltr'><strong>et</strong></span> <span class='ocrx_word' id='word_1_1070' title='bbox 3111 4168 3139 4204; x_wconf 95' lang='lat' dir='ltr'><strong>a</strong></span> <span class='ocrx_word' id='word_1_1071' title='bbox 3171 4168 3260 4224; x_wconf 84' lang='lat' dir='ltr'><strong>me</strong></span> <span class='ocrx_word' id='word_1_1072' title='bbox 3282 4151 3555 4219; x_wconf 81' lang='lat' dir='ltr'><strong>fugerant,</strong></span> 
     </span>
    </p>
   </div>
   <div class='ocr_carea' id='block_1_135' title="bbox 1986 4222 3556 4289">
    <p class='ocr_par' dir='ltr' id='par_1_135' title="bbox 1986 4222 3556 4289">
     <span class='ocr_line' id='line_1_135' title="bbox 1986 4222 3556 4289; baseline -0.001 -11"><span class='ocrx_word' id='word_1_1073' title='bbox 1986 4223 2168 4278; x_wconf 82' lang='lat' dir='ltr'><strong>multis</strong></span> <span class='ocrx_word' id='word_1_1074' title='bbox 2197 4226 2313 4278; x_wconf 90' lang='lat' dir='ltr'><strong>dico</strong></span> <span class='ocrx_word' id='word_1_1075' title='bbox 2332 4222 2797 4278; x_wconf 77' lang='lat' dir='ltr'><strong>commorantibus</strong></span> <span class='ocrx_word' id='word_1_1076' title='bbox 2827 4227 2880 4276; x_wconf 88' lang='lat' dir='ltr'><strong>in</strong></span> <span class='ocrx_word' id='word_1_1077' title='bbox 2922 4223 3170 4288; x_wconf 85' lang='lat' dir='ltr'><strong>circuitu,</strong></span> <span class='ocrx_word' id='word_1_1078' title='bbox 3216 4222 3265 4276; x_wconf 92' lang='lat' dir='ltr'><strong>id</strong></span> <span class='ocrx_word' id='word_1_1079' title='bbox 3309 4229 3423 4286; x_wconf 90' lang='lat' dir='ltr'><strong>est,</strong></span> <span class='ocrx_word' id='word_1_1080' title='bbox 3469 4225 3556 4289; x_wconf 88' lang='lat' dir='ltr'><strong>qui</strong></span> 
     </span>
    </p>
   </div>
   <div class='ocr_carea' id='block_1_136' title="bbox 1988 4295 3557 4359">
    <p class='ocr_par' dir='ltr' id='par_1_136' title="bbox 1988 4295 3557 4359">
     <span class='ocr_line' id='line_1_136' title="bbox 1988 4295 3557 4359; baseline -0.003 -12"><span class='ocrx_word' id='word_1_1081' title='bbox 1988 4304 2192 4348; x_wconf 89' lang='lat' dir='ltr'><strong>tantum</strong></span> <span class='ocrx_word' id='word_1_1082' title='bbox 2223 4295 2555 4348; x_wconf 89' lang='lat' dir='ltr'><strong>circumeunt</strong></span> <span class='ocrx_word' id='word_1_1083' title='bbox 2578 4328 2596 4356; x_wconf 88' lang='lat'><strong>,</strong></span> <span class='ocrx_word' id='word_1_1084' title='bbox 2622 4305 2673 4346; x_wconf 89' lang='lat' dir='ltr'><strong>et</strong></span> <span class='ocrx_word' id='word_1_1085' title='bbox 2698 4310 2800 4348; x_wconf 89' lang='lat' dir='ltr'><strong>non</strong></span> <span class='ocrx_word' id='word_1_1086' title='bbox 2828 4295 3044 4348; x_wconf 86' lang='lat' dir='ltr'><strong>intrant.</strong></span> <span class='ocrx_word' id='word_1_1087' title='bbox 3070 4295 3411 4347; x_wconf 78' lang='lat' dir='ltr'><strong>Circumeunt</strong></span> <span class='ocrx_word' id='word_1_1088' title='bbox 3439 4295 3557 4359; x_wconf 90' lang='lat' dir='ltr'><strong>qui-</strong></span> 
     </span>
    </p>
   </div>
   <div class='ocr_carea' id='block_1_137' title="bbox 1987 4361 3552 4432">
    <p class='ocr_par' dir='ltr' id='par_1_137' title="bbox 1987 4361 3552 4432">
     <span class='ocr_line' id='line_1_137' title="bbox 1987 4361 3552 4432; baseline -0.003 -14"><span class='ocrx_word' id='word_1_1089' title='bbox 1987 4364 2109 4418; x_wconf 87' lang='lat' dir='ltr'><strong>detn</strong></span> <span class='ocrx_word' id='word_1_1090' title='bbox 2159 4373 2214 4418; x_wconf 91' lang='lat' dir='ltr'><strong>et</strong></span> <span class='ocrx_word' id='word_1_1091' title='bbox 2253 4378 2355 4416; x_wconf 92' lang='lat' dir='ltr'><strong>non</strong></span> <span class='ocrx_word' id='word_1_1092' title='bbox 2402 4365 2636 4429; x_wconf 90' lang='lat' dir='ltr'><strong>intrant,</strong></span> <span class='ocrx_word' id='word_1_1093' title='bbox 2682 4368 2801 4432; x_wconf 89' lang='lat' dir='ltr'><strong>quia</strong></span> <span class='ocrx_word' id='word_1_1094' title='bbox 2844 4373 3013 4417; x_wconf 88' lang='lat' dir='ltr'><strong>rotam</strong></span> <span class='ocrx_word' id='word_1_1095' title='bbox 3057 4361 3315 4430; x_wconf 89' lang='lat' dir='ltr'><strong>temporis</strong></span> <span class='ocrx_word' id='word_1_1096' title='bbox 3353 4370 3552 4413; x_wconf 85' lang='lat' dir='ltr'><strong>amant.</strong></span> 
     </span>
    </p>
   </div>
   <div class='ocr_carea' id='block_1_138' title="bbox 1989 4433 3559 4500">
    <p class='ocr_par' dir='ltr' id='par_1_138' title="bbox 1989 4433 3559 4500">
     <span class='ocr_line' id='line_1_138' title="bbox 1989 4433 3559 4500; baseline -0.003 -13"><span class='ocrx_word' id='word_1_1097' title='bbox 1989 4436 2102 4488; x_wconf 77' lang='lat' dir='ltr'><strong>Non</strong></span> <span class='ocrx_word' id='word_1_1098' title='bbox 2153 4436 2351 4487; x_wconf 86' lang='lat' dir='ltr'><strong>intrant</strong></span> <span class='ocrx_word' id='word_1_1099' title='bbox 2389 4445 2565 4486; x_wconf 85' lang='lat' dir='ltr'><strong>autem</strong></span> <span class='ocrx_word' id='word_1_1100' title='bbox 2610 4433 2674 4486; x_wconf 89' lang='lat' dir='ltr'><strong>ad</strong></span> <span class='ocrx_word' id='word_1_1101' title='bbox 2721 4434 3030 4500; x_wconf 77' lang='lat' dir='ltr'><strong>veritatem,</strong></span> <span class='ocrx_word' id='word_1_1102' title='bbox 3062 4436 3179 4500; x_wconf 90' lang='lat' dir='ltr'><strong>quia</strong></span> <span class='ocrx_word' id='word_1_1103' title='bbox 3229 4445 3335 4483; x_wconf 92' lang='lat' dir='ltr'><strong>non</strong></span> <span class='ocrx_word' id='word_1_1104' title='bbox 3379 4441 3559 4500; x_wconf 87' lang='lat' dir='ltr'><strong>amant</strong></span> 
     </span>
    </p>
   </div>
   <div class='ocr_carea' id='block_1_139' title="bbox 1987 4499 3548 4570">
    <p class='ocr_par' dir='ltr' id='par_1_139' title="bbox 1987 4499 3548 4570">
     <span class='ocr_line' id='line_1_139' title="bbox 1987 4499 3548 4570; baseline -0.005 -12"><span class='ocrx_word' id='word_1_1105' title='bbox 1987 4505 2337 4558; x_wconf 67' lang='lat' dir='ltr'><strong>aeternitatem</strong></span> <span class='ocrx_word' id='word_1_1106' title='bbox 2357 4542 2372 4567; x_wconf 97' lang='lat'><strong>,</strong></span> <span class='ocrx_word' id='word_1_1107' title='bbox 2403 4503 2781 4570; x_wconf 86' lang='lat' dir='ltr'><strong>temporalibus</strong></span> <span class='ocrx_word' id='word_1_1108' title='bbox 2808 4503 2970 4557; x_wconf 89' lang='lat' dir='ltr'><strong>dediti</strong></span> <span class='ocrx_word' id='word_1_1109' title='bbox 3000 4499 3145 4570; x_wconf 80' lang='lat' dir='ltr'><strong>quasi</strong></span> <span class='ocrx_word' id='word_1_1110' title='bbox 3173 4508 3302 4553; x_wconf 77' lang='lat' dir='ltr'><strong>rota:</strong></span> <span class='ocrx_word' id='word_1_1111' title='bbox 3328 4499 3548 4552; x_wconf 91' lang='lat' dir='ltr'><strong>astricti.</strong></span> 
     </span>
    </p>
   </div>
   <div class='ocr_carea' id='block_1_140' title="bbox 1991 4571 3559 4638">
    <p class='ocr_par' dir='ltr' id='par_1_140' title="bbox 1991 4571 3559 4638">
     <span class='ocr_line' id='line_1_140' title="bbox 1991 4571 3559 4638; baseline -0.004 -10"><span class='ocrx_word' id='word_1_1112' title='bbox 1991 4577 2053 4628; x_wconf 86' lang='lat' dir='ltr'><strong>Et</strong></span> <span class='ocrx_word' id='word_1_1113' title='bbox 2081 4576 2134 4625; x_wconf 88' lang='lat' dir='ltr'><strong>in</strong></span> <span class='ocrx_word' id='word_1_1114' title='bbox 2162 4589 2218 4626; x_wconf 86' lang='lat' dir='ltr'><strong>eo</strong></span> <span class='ocrx_word' id='word_1_1115' title='bbox 2243 4575 2467 4626; x_wconf 90' lang='lat' dir='ltr'><strong>circuitu</strong></span> <span class='ocrx_word' id='word_1_1116' title='bbox 2495 4584 2883 4627; x_wconf 85' lang='lat' dir='ltr'><strong>commorautes</strong></span> <span class='ocrx_word' id='word_1_1117' title='bbox 2902 4612 2916 4634; x_wconf 88' lang='lat'><strong>,</strong></span> <span class='ocrx_word' id='word_1_1118' title='bbox 2949 4573 3101 4636; x_wconf 86' lang='lat' dir='ltr'><strong>dum,</strong></span> <span class='ocrx_word' id='word_1_1119' title='bbox 3134 4572 3254 4638; x_wconf 85' lang='lat' dir='ltr'><strong>quia</strong></span> <span class='ocrx_word' id='word_1_1120' title='bbox 3282 4571 3377 4638; x_wconf 89' lang='lat' dir='ltr'><strong>ipsi</strong></span> <span class='ocrx_word' id='word_1_1121' title='bbox 3412 4571 3461 4622; x_wconf 87' lang='lat' dir='ltr'><strong>itt</strong></span> <span class='ocrx_word' id='word_1_1122' title='bbox 3493 4583 3559 4621; x_wconf 89' lang='lat' dir='ltr'><strong>eo</strong></span> 
     </span>
    </p>
   </div>
   <div class='ocr_carea' id='block_1_141' title="bbox 1987 4641 3554 4712">
    <p class='ocr_par' dir='ltr' id='par_1_141' title="bbox 1987 4641 3554 4712">
     <span class='ocr_line' id='line_1_141' title="bbox 1987 4641 3554 4712; baseline -0.004 -14"><span class='ocrx_word' id='word_1_1123' title='bbox 1987 4651 2143 4698; x_wconf 87' lang='lat' dir='ltr'><strong>erant</strong></span> <span class='ocrx_word' id='word_1_1124' title='bbox 2168 4685 2182 4708; x_wconf 91' lang='lat'><strong>,</strong></span> <span class='ocrx_word' id='word_1_1125' title='bbox 2214 4658 2313 4712; x_wconf 78' lang='lat' dir='ltr'><strong>ego</strong></span> <span class='ocrx_word' id='word_1_1126' title='bbox 2342 4657 2467 4697; x_wconf 90' lang='lat' dir='ltr'><strong>vero</strong></span> <span class='ocrx_word' id='word_1_1127' title='bbox 2498 4659 2600 4697; x_wconf 89' lang='lat' dir='ltr'><strong>non</strong></span> <span class='ocrx_word' id='word_1_1128' title='bbox 2629 4643 3023 4696; x_wconf 85' lang='lat' dir='ltr'><strong>consentiebam</strong></span> <span class='ocrx_word' id='word_1_1129' title='bbox 3041 4679 3056 4702; x_wconf 93' lang='lat'><strong>,</strong></span> <span class='ocrx_word' id='word_1_1130' title='bbox 3080 4649 3413 4712; x_wconf 76' lang='lat' dir='ltr'><strong>convenerunt</strong></span> <span class='ocrx_word' id='word_1_1131' title='bbox 3459 4641 3554 4691; x_wconf 82' lang='lat' dir='ltr'><strong>atl-</strong></span> 
     </span>
    </p>
   </div>
   <div class='ocr_carea' id='block_1_142' title="bbox 1987 4708 3556 4778">
    <p class='ocr_par' dir='ltr' id='par_1_142' title="bbox 1987 4708 3556 4778">
     <span class='ocr_line' id='line_1_142' title="bbox 1987 4708 3556 4778; baseline -0.005 -10"><span class='ocrx_word' id='word_1_1132' title='bbox 1987 4729 2158 4768; x_wconf 75' lang='lat' dir='ltr'><strong>versur</strong></span> <span class='ocrx_word' id='word_1_1133' title='bbox 2201 4708 2311 4778; x_wconf 66' lang='lat' dir='ltr'><strong>me,</strong></span> <span class='ocrx_word' id='word_1_1134' title='bbox 2355 4713 2405 4766; x_wconf 91' lang='lat' dir='ltr'><strong>id</strong></span> <span class='ocrx_word' id='word_1_1135' title='bbox 2451 4723 2567 4778; x_wconf 86' lang='lat' dir='ltr'><strong>est,</strong></span> <span class='ocrx_word' id='word_1_1136' title='bbox 2616 4723 2796 4766; x_wconf 89' lang='lat' dir='ltr'><strong>contra</strong></span> <span class='ocrx_word' id='word_1_1137' title='bbox 2838 4728 2921 4766; x_wconf 93' lang='lat' dir='ltr'><strong>me</strong></span> <span class='ocrx_word' id='word_1_1138' title='bbox 2961 4713 3116 4766; x_wconf 80' lang='lat' dir='ltr'><strong>simul</strong></span> <span class='ocrx_word' id='word_1_1139' title='bbox 3148 4708 3406 4763; x_wconf 82' lang='lat' dir='ltr'><strong>consiliati</strong></span> <span class='ocrx_word' id='word_1_1140' title='bbox 3435 4719 3556 4762; x_wconf 76' lang='lat' dir='ltr'><strong>sunt</strong></span> 
     </span>
    </p>
   </div>
   <div class='ocr_carea' id='block_1_143' title="bbox 1989 4781 3556 4848">
    <p class='ocr_par' dir='ltr' id='par_1_143' title="bbox 1989 4781 3556 4848">
     <span class='ocr_line' id='line_1_143' title="bbox 1989 4781 3556 4848; baseline -0.001 -13"><span class='ocrx_word' id='word_1_1141' title='bbox 1989 4786 2215 4848; x_wconf 83' lang='lat' dir='ltr'><strong>accipere</strong></span> <span class='ocrx_word' id='word_1_1142' title='bbox 2247 4784 2472 4836; x_wconf 86' lang='lat' dir='ltr'><strong>animam</strong></span> <span class='ocrx_word' id='word_1_1143' title='bbox 2517 4799 2710 4845; x_wconf 76' lang='lat' dir='ltr'><strong>meum,</strong></span> <span class='ocrx_word' id='word_1_1144' title='bbox 2763 4784 2812 4835; x_wconf 92' lang='lat' dir='ltr'><strong>id</strong></span> <span class='ocrx_word' id='word_1_1145' title='bbox 2861 4792 2975 4848; x_wconf 89' lang='lat' dir='ltr'><strong>est,</strong></span> <span class='ocrx_word' id='word_1_1146' title='bbox 3021 4790 3078 4835; x_wconf 89' lang='grc' dir='ltr'><strong>ιιι</strong></span> <span class='ocrx_word' id='word_1_1147' title='bbox 3113 4797 3232 4846; x_wconf 92' lang='lat' dir='ltr'><strong>me,</strong></span> <span class='ocrx_word' id='word_1_1148' title='bbox 3282 4781 3368 4848; x_wconf 90' lang='lat' dir='ltr'><strong>qui</strong></span> <span class='ocrx_word' id='word_1_1149' title='bbox 3416 4782 3556 4834; x_wconf 87' lang='lat' dir='ltr'><strong>intra</strong></span> 
     </span>
    </p>
   </div>
   <div class='ocr_carea' id='block_1_144' title="bbox 1989 4852 3557 4917">
    <p class='ocr_par' dir='ltr' id='par_1_144' title="bbox 1989 4852 3557 4917">
     <span class='ocr_line' id='line_1_144' title="bbox 1989 4852 3557 4917; baseline -0.003 -11"><span class='ocrx_word' id='word_1_1150' title='bbox 1989 4855 2268 4908; x_wconf 88' lang='lat' dir='ltr'><strong>veritatem</strong></span> <span class='ocrx_word' id='word_1_1151' title='bbox 2298 4869 2442 4906; x_wconf 84' lang='lat' dir='ltr'><strong>eram</strong></span> <span class='ocrx_word' id='word_1_1152' title='bbox 2467 4893 2482 4917; x_wconf 97' lang='lat'><strong>,</strong></span> <span class='ocrx_word' id='word_1_1153' title='bbox 2513 4861 2661 4907; x_wconf 81' lang='lat' dir='ltr'><strong>extra</strong></span> <span class='ocrx_word' id='word_1_1154' title='bbox 2694 4853 2960 4915; x_wconf 83' lang='lat' dir='ltr'><strong>facerent,</strong></span> <span class='ocrx_word' id='word_1_1155' title='bbox 2991 4860 3046 4904; x_wconf 87' lang='lat' dir='ltr'><strong>et</strong></span> <span class='ocrx_word' id='word_1_1156' title='bbox 3097 4853 3150 4905; x_wconf 92' lang='lat' dir='ltr'><strong>in</strong></span> <span class='ocrx_word' id='word_1_1157' title='bbox 3199 4852 3421 4904; x_wconf 88' lang='lat' dir='ltr'><strong>circuitu</strong></span> <span class='ocrx_word' id='word_1_1158' title='bbox 3468 4866 3557 4903; x_wconf 84' lang='lat' dir='ltr'><strong>se—</strong></span> 
     </span>
    </p>
   </div>
   <div class='ocr_carea' id='block_1_145' title="bbox 1990 4921 3557 4991">
    <p class='ocr_par' dir='ltr' id='par_1_145' title="bbox 1990 4921 3557 4991">
     <span class='ocr_line' id='line_1_145' title="bbox 1990 4921 3557 4991; baseline -0.003 -14"><span class='ocrx_word' id='word_1_1159' title='bbox 1990 4939 2110 4977; x_wconf 91' lang='lat' dir='ltr'><strong>cum</strong></span> <span class='ocrx_word' id='word_1_1160' title='bbox 2142 4933 2419 4990; x_wconf 88' lang='lat' dir='ltr'><strong>ponerent.</strong></span> <span class='ocrx_word' id='word_1_1161' title='bbox 2455 4922 2653 4976; x_wconf 90' lang='lat' dir='ltr'><strong>Inimici</strong></span> <span class='ocrx_word' id='word_1_1162' title='bbox 2683 4924 2770 4990; x_wconf 87' lang='lat' dir='ltr'><strong>qui</strong></span> <span class='ocrx_word' id='word_1_1163' title='bbox 2801 4923 2957 4976; x_wconf 89' lang='lat' dir='ltr'><strong>minis</strong></span> <span class='ocrx_word' id='word_1_1164' title='bbox 2985 4933 3038 4975; x_wconf 89' lang='lat' dir='ltr'><strong>et</strong></span> <span class='ocrx_word' id='word_1_1165' title='bbox 3063 4921 3519 4991; x_wconf 86' lang='lat' dir='ltr'><strong>persccutionibtts</strong></span> <span class='ocrx_word' id='word_1_1166' title='bbox 3538 4958 3557 4986; x_wconf 83' lang='lat'><strong>,</strong></span> 
     </span>
    </p>
   </div>
   <div class='ocr_carea' id='block_1_146' title="bbox 1991 4992 3154 5046">
    <p class='ocr_par' dir='ltr' id='par_1_146' title="bbox 1991 4992 3154 5046">
     <span class='ocr_line' id='line_1_146' title="bbox 1991 4992 3154 5046; baseline -0.001 0"><span class='ocrx_word' id='word_1_1167' title='bbox 1991 4992 2106 5046; x_wconf 87' lang='lat' dir='ltr'><strong>falsi</strong></span> <span class='ocrx_word' id='word_1_1168' title='bbox 2135 5007 2262 5046; x_wconf 90' lang='lat' dir='ltr'><strong>vero</strong></span> <span class='ocrx_word' id='word_1_1169' title='bbox 2292 4994 2476 5046; x_wconf 85' lang='lat' dir='ltr'><strong>fratres</strong></span> <span class='ocrx_word' id='word_1_1170' title='bbox 2504 4993 2710 5046; x_wconf 85' lang='lat' dir='ltr'><strong>blandis</strong></span> <span class='ocrx_word' id='word_1_1171' title='bbox 2739 4993 3154 5046; x_wconf 78' lang='lat' dir='ltr'><strong>seductiouitius.</strong></span> 
     </span>
    </p>
   </div>
   <div class='ocr_carea' id='block_1_147' title="bbox 2065 5058 3555 5132">
    <p class='ocr_par' dir='ltr' id='par_1_147' title="bbox 2065 5058 3555 5132">
     <span class='ocr_line' id='line_1_147' title="bbox 2065 5058 3555 5132; baseline -0.001 -17"><span class='ocrx_word' id='word_1_1172' title='bbox 2065 5062 2178 5132; x_wconf 81' lang='lat' dir='ltr'><strong>Ego</strong></span> <span class='ocrx_word' id='word_1_1173' title='bbox 2205 5074 2393 5116; x_wconf 87' lang='lat' dir='ltr'><strong>autem.</strong></span> <span class='ocrx_word' id='word_1_1174' title='bbox 2443 5064 2516 5116; x_wconf 92' lang='lat' dir='ltr'><strong>llli</strong></span> <span class='ocrx_word' id='word_1_1175' title='bbox 2549 5063 2761 5131; x_wconf 88' lang='lat' dir='ltr'><strong>quidem</strong></span> <span class='ocrx_word' id='word_1_1176' title='bbox 2792 5061 3048 5115; x_wconf 79' lang='lat' dir='ltr'><strong>consiliuti</strong></span> <span class='ocrx_word' id='word_1_1177' title='bbox 3073 5071 3187 5115; x_wconf 76' lang='lat' dir='ltr'><strong>sunt</strong></span> <span class='ocrx_word' id='word_1_1178' title='bbox 3208 5101 3224 5126; x_wconf 88' lang='lat'><strong>,</strong></span> <span class='ocrx_word' id='word_1_1179' title='bbox 3256 5070 3313 5114; x_wconf 92' lang='lat' dir='ltr'><strong>ut</strong></span> <span class='ocrx_word' id='word_1_1180' title='bbox 3346 5075 3429 5114; x_wconf 88' lang='lat' dir='ltr'><strong>me</strong></span> <span class='ocrx_word' id='word_1_1181' title='bbox 3459 5058 3555 5132; x_wconf 78' lang='lat' dir='ltr'><strong>de-</strong></span> 
     </span>
    </p>
   </div>
   <div class='ocr_carea' id='block_1_148' title="bbox 1995 5129 3565 5201">
    <p class='ocr_par' dir='ltr' id='par_1_148' title="bbox 1995 5129 3565 5201">
     <span class='ocr_line' id='line_1_148' title="bbox 1995 5129 3565 5201; baseline -0.003 -16"><span class='ocrx_word' id='word_1_1182' title='bbox 1995 5129 2278 5197; x_wconf 82' lang='lat' dir='ltr'><strong>vorarent,</strong></span> <span class='ocrx_word' id='word_1_1183' title='bbox 2307 5135 2398 5187; x_wconf 75' lang='lat' dir='ltr'><strong>sed</strong></span> <span class='ocrx_word' id='word_1_1184' title='bbox 2427 5129 2704 5187; x_wconf 83' lang='lat' dir='ltr'><strong>consilium</strong></span> <span class='ocrx_word' id='word_1_1185' title='bbox 2731 5147 2880 5186; x_wconf 90' lang='lat' dir='ltr'><strong>suum</strong></span> <span class='ocrx_word' id='word_1_1186' title='bbox 2911 5148 3014 5185; x_wconf 90' lang='lat' dir='ltr'><strong>non</strong></span> <span class='ocrx_word' id='word_1_1187' title='bbox 3043 5134 3375 5201; x_wconf 87' lang='lat' dir='ltr'><strong>perfecerunt</strong></span> <span class='ocrx_word' id='word_1_1188' title='bbox 3394 5129 3565 5201; x_wconf 83' lang='lat' dir='ltr'><strong>,quia</strong></span> 
     </span>
    </p>
   </div>
   <div class='ocr_carea' id='block_1_149' title="bbox 1995 5200 3556 5272">
    <p class='ocr_par' dir='ltr' id='par_1_149' title="bbox 1995 5200 3556 5272">
     <span class='ocr_line' id='line_1_149' title="bbox 1995 5200 3556 5272; baseline -0.004 -16"><span class='ocrx_word' id='word_1_1189' title='bbox 1995 5217 2095 5271; x_wconf 86' lang='lat' dir='ltr'><strong>ego</strong></span> <span class='ocrx_word' id='word_1_1190' title='bbox 2127 5204 2264 5256; x_wconf 90' lang='lat' dir='ltr'><strong>inter</strong></span> <span class='ocrx_word' id='word_1_1191' title='bbox 2295 5210 2371 5255; x_wconf 90' lang='lat' dir='ltr'><strong>tot</strong></span> <span class='ocrx_word' id='word_1_1192' title='bbox 2399 5202 2713 5272; x_wconf 84' lang='lat' dir='ltr'><strong>upptobria,</strong></span> <span class='ocrx_word' id='word_1_1193' title='bbox 2747 5206 2885 5256; x_wconf 89' lang='lat' dir='ltr'><strong>inter</strong></span> <span class='ocrx_word' id='word_1_1194' title='bbox 2915 5211 2990 5255; x_wconf 90' lang='lat' dir='ltr'><strong>tot</strong></span> <span class='ocrx_word' id='word_1_1195' title='bbox 3031 5200 3277 5272; x_wconf 83' lang='lat' dir='ltr'><strong>scandala</strong></span> <span class='ocrx_word' id='word_1_1196' title='bbox 3321 5200 3556 5272; x_wconf 78' lang='lat' dir='ltr'><strong>positus,</strong></span> 
     </span>
    </p>
   </div>
   <div class='ocr_carea' id='block_1_150' title="bbox 1995 5268 3568 5339">
    <p class='ocr_par' dir='ltr' id='par_1_150' title="bbox 1995 5268 3568 5339">
     <span class='ocr_line' id='line_1_150' title="bbox 1995 5268 3568 5339; baseline -0.004 -13"><span class='ocrx_word' id='word_1_1197' title='bbox 1995 5268 2122 5326; x_wconf 73' lang='lat' dir='ltr'><strong>foris</strong></span> <span class='ocrx_word' id='word_1_1198' title='bbox 2170 5268 2604 5339; x_wconf 81' lang='lat' dir='ltr'><strong>persecutiones,</strong></span> <span class='ocrx_word' id='word_1_1199' title='bbox 2636 5273 2778 5325; x_wconf 90' lang='lat' dir='ltr'><strong>intus</strong></span> <span class='ocrx_word' id='word_1_1200' title='bbox 2820 5272 3144 5338; x_wconf 80' lang='lat' dir='ltr'><strong>seditiones,</strong></span> <span class='ocrx_word' id='word_1_1201' title='bbox 3179 5271 3258 5324; x_wconf 71' lang='lat' dir='ltr'><strong>\el</strong></span> <span class='ocrx_word' id='word_1_1202' title='bbox 3302 5268 3568 5323; x_wconf 80' lang='lat' dir='ltr'><strong>seductio-</strong></span> 
     </span>
    </p>
   </div>
   <div class='ocr_carea' id='block_1_151' title="bbox 1997 5339 3562 5414">
    <p class='ocr_par' dir='ltr' id='par_1_151' title="bbox 1997 5339 3562 5414">
     <span class='ocr_line' id='line_1_151' title="bbox 1997 5339 3562 5414; baseline -0.003 -18"><span class='ocrx_word' id='word_1_1203' title='bbox 1997 5358 2123 5408; x_wconf 79' lang='lat' dir='ltr'><strong>nes,</strong></span> <span class='ocrx_word' id='word_1_1204' title='bbox 2155 5343 2385 5414; x_wconf 78' lang='lat' dir='ltr'><strong>speravi,</strong></span> <span class='ocrx_word' id='word_1_1205' title='bbox 2417 5343 2661 5406; x_wconf 85' lang='lat' dir='ltr'><strong>Domine,</strong></span> <span class='ocrx_word' id='word_1_1206' title='bbox 2696 5358 2801 5396; x_wconf 94' lang='lat' dir='ltr'><strong>non</strong></span> <span class='ocrx_word' id='word_1_1207' title='bbox 2833 5346 2886 5396; x_wconf 91' lang='lat' dir='ltr'><strong>in</strong></span> <span class='ocrx_word' id='word_1_1208' title='bbox 2917 5343 3128 5395; x_wconf 90' lang='lat' dir='ltr'><strong>homine</strong></span> <span class='ocrx_word' id='word_1_1209' title='bbox 3150 5340 3296 5414; x_wconf 72' lang='lat' dir='ltr'><strong>,setl</strong></span> <span class='ocrx_word' id='word_1_1210' title='bbox 3317 5343 3367 5391; x_wconf 87' lang='lat' dir='ltr'><strong>in</strong></span> <span class='ocrx_word' id='word_1_1211' title='bbox 3399 5349 3475 5402; x_wconf 81' lang='lat' dir='ltr'><strong>te,</strong></span> <span class='ocrx_word' id='word_1_1212' title='bbox 3512 5339 3562 5391; x_wconf 93' lang='lat' dir='ltr'><strong>in</strong></span> 
     </span>
    </p>
   </div>
   <div class='ocr_carea' id='block_1_152' title="bbox 1997 5411 3566 5482">
    <p class='ocr_par' dir='ltr' id='par_1_152' title="bbox 1997 5411 3566 5482">
     <span class='ocr_line' id='line_1_152' title="bbox 1997 5411 3566 5482; baseline -0.003 -17"><span class='ocrx_word' id='word_1_1213' title='bbox 1997 5429 2103 5482; x_wconf 90' lang='lat' dir='ltr'><strong>quo</strong></span> <span class='ocrx_word' id='word_1_1214' title='bbox 2136 5411 2344 5466; x_wconf 82' lang='lat' dir='ltr'><strong>firmum</strong></span> <span class='ocrx_word' id='word_1_1215' title='bbox 2377 5422 2430 5466; x_wconf 86' lang='lat' dir='ltr'><strong>et</strong></span> <span class='ocrx_word' id='word_1_1216' title='bbox 2458 5422 2660 5482; x_wconf 89' lang='lat' dir='ltr'><strong>certum</strong></span> <span class='ocrx_word' id='word_1_1217' title='bbox 2690 5423 2772 5466; x_wconf 88' lang='lat' dir='ltr'><strong>est</strong></span> <span class='ocrx_word' id='word_1_1218' title='bbox 2800 5427 3035 5481; x_wconf 84' lang='lat' dir='ltr'><strong>sperare.</strong></span> <span class='ocrx_word' id='word_1_1219' title='bbox 3085 5413 3184 5476; x_wconf 87' lang='lat' dir='ltr'><strong>Qui</strong></span> <span class='ocrx_word' id='word_1_1220' title='bbox 3214 5411 3356 5482; x_wconf 83' lang='lat' dir='ltr'><strong>enim</strong></span> <span class='ocrx_word' id='word_1_1221' title='bbox 3387 5417 3566 5475; x_wconf 89' lang='lat' dir='ltr'><strong>sperat</strong></span> 
     </span>
    </p>
   </div>
   <div class='ocr_carea' id='block_1_153' title="bbox 1999 5481 3567 5546">
    <p class='ocr_par' dir='ltr' id='par_1_153' title="bbox 1999 5481 3567 5546">
     <span class='ocr_line' id='line_1_153' title="bbox 1999 5481 3567 5546; baseline -0.003 -10"><span class='ocrx_word' id='word_1_1222' title='bbox 1999 5481 2051 5536; x_wconf 90' lang='lat' dir='ltr'><strong>in</strong></span> <span class='ocrx_word' id='word_1_1223' title='bbox 2087 5483 2330 5546; x_wconf 89' lang='lat' dir='ltr'><strong>homine,</strong></span> <span class='ocrx_word' id='word_1_1224' title='bbox 2363 5484 2618 5536; x_wconf 90' lang='lat' dir='ltr'><strong>titubante</strong></span> <span class='ocrx_word' id='word_1_1225' title='bbox 2651 5481 2864 5536; x_wconf 88' lang='lat' dir='ltr'><strong>homine</strong></span> <span class='ocrx_word' id='word_1_1226' title='bbox 2883 5522 2898 5545; x_wconf 90' lang='lat'><strong>,</strong></span> <span class='ocrx_word' id='word_1_1227' title='bbox 2931 5483 3118 5535; x_wconf 83' lang='lat' dir='ltr'><strong>titubat</strong></span> <span class='ocrx_word' id='word_1_1228' title='bbox 3145 5491 3197 5532; x_wconf 83' lang='lat' dir='ltr'><strong>ct</strong></span> <span class='ocrx_word' id='word_1_1229' title='bbox 3226 5481 3338 5546; x_wconf 88' lang='lat' dir='ltr'><strong>ipse</strong></span> <span class='ocrx_word' id='word_1_1230' title='bbox 3363 5491 3416 5532; x_wconf 90' lang='lat' dir='ltr'><strong>et</strong></span> <span class='ocrx_word' id='word_1_1231' title='bbox 3443 5493 3567 5542; x_wconf 90' lang='lat' dir='ltr'><strong>spes</strong></span> 
     </span>
    </p>
   </div>
   <div class='ocr_carea' id='block_1_154' title="bbox 1998 5548 3570 5620">
    <p class='ocr_par' dir='ltr' id='par_1_154' title="bbox 1998 5548 3570 5620">
     <span class='ocr_line' id='line_1_154' title="bbox 1998 5548 3570 5620; baseline -0.004 -15"><span class='ocrx_word' id='word_1_1232' title='bbox 1998 5551 2134 5620; x_wconf 84' lang='lat' dir='ltr'><strong>ejus.</strong></span> <span class='ocrx_word' id='word_1_1233' title='bbox 2162 5551 2398 5608; x_wconf 85' lang='lat' dir='ltr'><strong>Cadente</strong></span> <span class='ocrx_word' id='word_1_1234' title='bbox 2426 5554 2670 5616; x_wconf 85' lang='lat' dir='ltr'><strong>homine,</strong></span> <span class='ocrx_word' id='word_1_1235' title='bbox 2699 5553 2853 5606; x_wconf 83' lang='lat' dir='ltr'><strong>cadet</strong></span> <span class='ocrx_word' id='word_1_1236' title='bbox 2879 5556 3036 5606; x_wconf 86' lang='lat' dir='ltr'><strong>etiam</strong></span> <span class='ocrx_word' id='word_1_1237' title='bbox 3065 5564 3187 5619; x_wconf 87' lang='lat' dir='ltr'><strong>spes</strong></span> <span class='ocrx_word' id='word_1_1238' title='bbox 3214 5564 3348 5616; x_wconf 64' lang='lat' dir='ltr'><strong>eius.</strong></span> <span class='ocrx_word' id='word_1_1239' title='bbox 3384 5548 3437 5602; x_wconf 87' lang='lat' dir='ltr'><strong>In</strong></span> <span class='ocrx_word' id='word_1_1240' title='bbox 3466 5548 3570 5601; x_wconf 56' lang='lat' dir='ltr'><strong>Du-</strong></span> 
     </span>
    </p>
   </div>
   <div class='ocr_carea' id='block_1_155' title="bbox 2000 5622 3566 5690">
    <p class='ocr_par' dir='ltr' id='par_1_155' title="bbox 2000 5622 3566 5690">
     <span class='ocr_line' id='line_1_155' title="bbox 2000 5622 3566 5690; baseline -0.003 -14"><span class='ocrx_word' id='word_1_1241' title='bbox 2000 5637 2146 5676; x_wconf 90' lang='lat' dir='ltr'><strong>tntuo</strong></span> <span class='ocrx_word' id='word_1_1242' title='bbox 2175 5637 2300 5676; x_wconf 79' lang='lat' dir='ltr'><strong>vero</strong></span> <span class='ocrx_word' id='word_1_1243' title='bbox 2332 5639 2435 5675; x_wconf 90' lang='lat' dir='ltr'><strong>non</strong></span> <span class='ocrx_word' id='word_1_1244' title='bbox 2467 5631 2549 5677; x_wconf 89' lang='lat' dir='ltr'><strong>est</strong></span> <span class='ocrx_word' id='word_1_1245' title='bbox 2581 5637 2882 5690; x_wconf 70' lang='lat' dir='ltr'><strong>precessus,</strong></span> <span class='ocrx_word' id='word_1_1246' title='bbox 2913 5637 3017 5675; x_wconf 91' lang='lat' dir='ltr'><strong>non</strong></span> <span class='ocrx_word' id='word_1_1247' title='bbox 3048 5632 3128 5674; x_wconf 80' lang='lat' dir='ltr'><strong>est</strong></span> <span class='ocrx_word' id='word_1_1248' title='bbox 3157 5622 3414 5681; x_wconf 59' lang='lat' dir='ltr'><strong>def&#39;ectne,</strong></span> <span class='ocrx_word' id='word_1_1249' title='bbox 3448 5623 3566 5686; x_wconf 82' lang='lat' dir='ltr'><strong>quit</strong></span> 
     </span>
    </p>
   </div>
   <div class='ocr_carea' id='block_1_156' title="bbox 2002 5692 3570 5761">
    <p class='ocr_par' dir='ltr' id='par_1_156' title="bbox 2002 5692 3570 5761">
     <span class='ocr_line' id='line_1_156' title="bbox 2002 5692 3570 5761; baseline -0.001 -17"><span class='ocrx_word' id='word_1_1250' title='bbox 2002 5708 2098 5745; x_wconf 89' lang='lat' dir='ltr'><strong>nec</strong></span> <span class='ocrx_word' id='word_1_1251' title='bbox 2127 5702 2372 5761; x_wconf 77' lang='lat' dir='ltr'><strong>augetur,</strong></span> <span class='ocrx_word' id='word_1_1252' title='bbox 2401 5709 2500 5747; x_wconf 87' lang='lat' dir='ltr'><strong>nec</strong></span> <span class='ocrx_word' id='word_1_1253' title='bbox 2525 5695 2799 5757; x_wconf 89' lang='lat' dir='ltr'><strong>minuitur,</strong></span> <span class='ocrx_word' id='word_1_1254' title='bbox 2830 5695 2920 5747; x_wconf 88' lang='lat' dir='ltr'><strong>sed</strong></span> <span class='ocrx_word' id='word_1_1255' title='bbox 2953 5707 3164 5758; x_wconf 74' lang='lat' dir='ltr'><strong>semper</strong></span> <span class='ocrx_word' id='word_1_1256' title='bbox 3195 5692 3331 5743; x_wconf 86' lang='lat' dir='ltr'><strong>ide-n</strong></span> <span class='ocrx_word' id='word_1_1257' title='bbox 3365 5706 3570 5756; x_wconf 63' lang='lat' dir='ltr'><strong>puram-</strong></span> 
     </span>
    </p>
   </div>
   <div class='ocr_carea' id='block_1_157' title="bbox 2003 5763 3567 5835">
    <p class='ocr_par' dir='ltr' id='par_1_157' title="bbox 2003 5763 3567 5835">
     <span class='ocr_line' id='line_1_157' title="bbox 2003 5763 3567 5835; baseline -0.003 -19"><span class='ocrx_word' id='word_1_1258' title='bbox 2003 5772 2111 5817; x_wconf 85' lang='lat' dir='ltr'><strong>net.</strong></span> <span class='ocrx_word' id='word_1_1259' title='bbox 2148 5763 2212 5817; x_wconf 77' lang='lat' dir='ltr'><strong>Et</strong></span> <span class='ocrx_word' id='word_1_1260' title='bbox 2247 5763 2368 5818; x_wconf 85' lang='lat' dir='ltr'><strong>ideo</strong></span> <span class='ocrx_word' id='word_1_1261' title='bbox 2399 5764 2509 5820; x_wconf 73' lang='lat' dir='ltr'><strong>fixa</strong></span> <span class='ocrx_word' id='word_1_1262' title='bbox 2533 5778 2652 5834; x_wconf 86' lang='lat' dir='ltr'><strong>spes</strong></span> <span class='ocrx_word' id='word_1_1263' title='bbox 2682 5766 2796 5832; x_wconf 84' lang='lat' dir='ltr'><strong>ejus</strong></span> <span class='ocrx_word' id='word_1_1264' title='bbox 2827 5773 2907 5818; x_wconf 79' lang='lat' dir='ltr'><strong>est</strong></span> <span class='ocrx_word' id='word_1_1265' title='bbox 2933 5777 2984 5819; x_wconf 89' lang='lat' dir='ltr'><strong>et</strong></span> <span class='ocrx_word' id='word_1_1266' title='bbox 3015 5775 3180 5820; x_wconf 72' lang='lat' dir='ltr'><strong>cet-ta.</strong></span> <span class='ocrx_word' id='word_1_1267' title='bbox 3215 5763 3459 5835; x_wconf 74' lang='lat' dir='ltr'><strong>Spei-ari,</strong></span> <span class='ocrx_word' id='word_1_1268' title='bbox 3493 5765 3567 5812; x_wconf 85' lang='lat' dir='ltr'><strong>itt-</strong></span> 
     </span>
    </p>
   </div>
  </div>
