3922 6190
386 348 493 409 635

849 352 1051 409 nam:
1095 351 1545 410 veneramus
1584 318 1733 409 ore.
1777 349 1951 406 esus
1984 347 2046 403 ιι.
2081 347 2273 405 secs.
2308 347 2372 403 ll.
2413 380 2482 392 -
2510 350 2713 409 DUBIA
2751 350 2840 406 ET
2878 349 3152 409 spuma.

3527 338 3631 405 656

379 481 540 531 quatit
569 459 626 519 in
659 476 726 523 te.
757 468 820 522 Et
852 468 953 522 hoc
981 467 1034 522 in
1062 466 1252 522 ell‘ectu
1283 467 1527 529 ostendi,
1559 467 1680 536 quia
1712 465 1824 519 dixi
1845 463 1946 536 tibi
1978 464 2026 521 Α
2055 463 2353 536 erubescant
2382 463 2432 516 in
2463 461 2671 536 futuro,
2706 472 2752 516 et
2783 465 2851 536 ita
2884 462 3201 536 erubescant
3224 502 3237 524 .
3270 469 3325 514 ut
3364 462 3626 517 deducan-

385 549 487 589 nou
530 547 801 605 strepente
843 553 971 591 voce
1010 538 1149 598 oris,
1190 539 1281 592 sed
1324 538 1514 591 silente
1553 534 1684 591 voce
1729 534 1946 590 cordis:

385 605 543 672 Eripe
568 624 674 674 me,
713 608 923 660 Domine
942 649 954 668 ,
990 610 1050 660 de
1076 609 1309 662 manibus
1338 609 1656 661 inimicorum
1686 621 1911 658 ineorum
1935 643 1949 667 ,

380 688 483 730 etc.
520 676 578 729 Et
609 678 799 731 merito
830 680 920 729 tibi
950 679 1057 732 dixi
1077 720 1091 737 .
1121 679 1243 746 quia
1272 689 1324 731 tn
1350 679 1497 731 solus
1524 692 1582 731 es
1614 676 1750 729 Deus
1778 689 1950 739 meus;

384 762 485 797 non
520 748 781 807 Donatus,
815 763 917 800 non
943 748 1157 804 Marcio.
1186 765 1288 801 non
1318 750 1476 802 etiam
1507 750 1621 809 ipse
1653 746 1845 799 Paulus
1872 754 1953 797 est

381 816 503 866 tniln
539 816 693 869 Deus.
742 816 988 885 Nunquid
1031 820 1163 870 enim
1205 822 1255 870 in
1300 819 1500 872 nomine
1531 817 1681 870 Pauli
1711 816 1955 884 baptizati

380 888 543 937 estis?
573 886 765 948 Utique
796 904 932 955 non,
962 890 1051 943 sed
1086 889 1135 941 in
1169 888 1384 942 nomine
1408 887 1630 942 Christi.
1663 888 1723 940 Et
1754 889 1871 953 jure
1904 896 1954 938 te

380 958 542 1007 Ill-um
588 958 713 1009 inibi
763 956 933 1019 facio,
974 959 1092 1024 quia
1136 971 1293 1013 sortes
1331 974 1486 1023 mete,
1522 957 1573 1010 id
1620 969 1730 1018 est,
1777 964 1954 1022 partes

381 1040 534 1089 tuom,
563 1028 627 1079 ad
654 1043 785 1094 quas
816 1029 1019 1082 scilicet
1051 1030 1292 1090 pertineo
1311 1069 1326 1093 ,
1358 1029 1457 1081 hoc
1486 1038 1596 1092 est,
1628 1037 1805 1095 partes
1829 1041 1957 1078 san-

377 1104 582 1148 ctnrum
628 1108 749 1151 sunt
798 1113 899 1151 non
934 1101 984 1151 in
1019 1098 1261 1152 manilius
1293 1100 1603 1157 hominum,
1634 1097 1725 1150 Sed
1758 1096 1809 1147 in
1840 1112 1955 1147 ma-

378 1164 526 1218 nibus
556 1168 689 1231 tuis,
723 1166 772 1219 id
806 1178 916 1229 est,
951 1171 1062 1221 sola
1096 1169 1330 1236 potentia
1367 1179 1484 1229 tua,
1524 1169 1647 1234 quia
1679 1166 1818 1235 quod
1852 1166 1955 1220 illa:

381 1243 555 1299 partes
583 1247 886 1291 sanctorum
917 1247 1070 1302 sunt,
1105 1254 1207 1292 non
1256 1250 1339 1291 est
1383 1238 1437 1292 in
1483 1236 1685 1291 meritis
1725 1252 1910 1290 eorum
1935 1276 1953 1302 ,

377 1305 471 1358 sed
518 1306 567 1357 in
612 1308 779 1371 gratia
825 1317 934 1361 tua.
980 1307 1210 1363 Vocatur
1254 1319 1431 1362 autem
1472 1309 1640 1374 gratia
1676 1307 1767 1360 Dei
1798 1320 1950 1369 sors,

377 1373 498 1448 quia
531 1377 683 1430 siculi
713 1378 971 1448 contingit
1000 1393 1105 1432 non
1131 1380 1392 1433 electione
1417 1373 1748 1442 meritorum,
1780 1376 1879 1448 hoc
1896 1377 1957 1429 lit

380 1442 516 1518 sicut
546 1451 630 1514 qui
664 1457 807 1518 sorte
836 1442 1126 1518 eliguntur,
1180 1465 1285 1503 non
1329 1450 1380 1502 in
1429 1448 1630 1501 meritis
1653 1487 1668 1510 ,
1700 1446 1792 1518 sed
1824 1460 1953 1499 casu

378 1514 664 1580 eliguntur.
698 1517 790 1571 Vel
832 1514 992 1572 sortes
1033 1534 1158 1572 mete
1201 1523 1251 1571 in
1299 1520 1531 1572 manibus
1569 1523 1702 1577 tuis.
1746 1516 1796 1569 id
1837 1526 1953 1580 est,

376 1583 575 1650 c‘llgvnt
604 1588 690 1641 alii
722 1603 1069 1657 quascunque
1102 1600 1276 1655 partes
1305 1590 1355 1642 in
1382 1588 1582 1641 mundo
1606 1589 1765 1657 velint
1792 1602 1807 1647 ;
1836 1602 1952 1637 sor-

376 1663 448 1706 tes
489 1668 664 1710 autem
707 1654 831 1711 mete
872 1669 1030 1713 erunt
1067 1654 1122 1712 in
1167 1659 1402 1711 monibus
1445 1658 1580 1721 luis,
1613 1654 1663 1708 id
1712 1666 1824 1720 est,
1854 1671 1953 1723 ego

377 1724 502 1796 nihil
544 1726 771 1796 eligam,
822 1728 918 1781 nisi
966 1744 1081 1796 qute
1126 1729 1285 1793 digne
1332 1730 1629 1796 pertinent.
1662 1726 1725 1778 ad
1759 1736 1946 1796 poteng

2057 545 2141 587 tur
2169 536 2219 585 in
2247 534 2505 602 infernum
2527 574 2541 596 ,
2576 533 2626 585 id
2660 540 2738 584 est
2759 574 2774 595 ,
2807 530 2860 584 in
2890 533 3256 587 confusionem
3288 542 3566 586 mternam.

2131 604 2193 656 Et
2221 604 2355 656 labia
2380 603 2558 656 dolosa
2586 603 2714 672 ﬁant
2741 612 2901 656 mnta.
2931 603 3080 669 Quod
3110 603 3160 655 iu
3192 604 3289 656 hac
3315 603 3421 656 vita
3453 603 3635 671 nequit

2058 672 2166 727 lieri
2191 717 2206 739 ,
2236 674 2358 741 quia
2393 673 2478 728 hic
2507 687 2721 739 semper
2753 675 3021 735 lacerant,
3054 674 3458 741 blaSpbemant,
3491 689 3632 728 seni-

2057 758 2151 808 per
2179 744 2454 797 venenatis
2497 742 2688 810 linguis
2728 743 3147 809 contradicunt;
3194 746 3405 796 tandem
3451 758 3631 798 autem

2056 828 2182 868 vere
2213 824 2353 867 muta
2403 814 2560 875 lient,
2597 823 2757 875 tunc,
2789 813 3017 877 scilicet,
3070 813 3279 879 quando
3326 814 3632 872 iniquitates

2055 898 2239 936 eorum
2285 885 2566 938 traducent
2606 884 2776 936 malos
2821 898 2886 937 ex
2930 888 3210 953 opposito,
3253 894 3310 938 et
3354 885 3490 938 ultra
3522 899 3627 939 non

2056 957 2157 1008 erit
2188 955 2331 1008 locus
2362 963 2598 1016 peccato.

2130 1024 2256 1095 Ome
2277 1024 2552 1092 loquuntur
2576 1025 2816 1095 adversus
2833 1025 3056 1095 justum.
3082 1022 3171 1076 llla
3190 1066 3203 1085 ,
3232 1023 3443 1091 inquam
3463 1064 3478 1087 .
3503 1035 3631 1081 sunt

2058 1093 2190 1148 labia
2221 1094 2405 1148 dolosa
2427 1134 2442 1155 ,
2474 1109 2590 1162 qua:
2619 1093 2895 1163 loquuntur
2923 1095 3240 1162 iniquitatem
3268 1096 3511 1150 adversus
3542 1112 3629 1150 ca-

2058 1176 2149 1231 put
2204 1165 2374 1232 ipsum
2423 1164 2733 1233 iustorum,
2783 1173 2837 1217 et
2883 1165 3143 1218 adversus
3197 1181 3630 1233 unumquemque

2051 1234 2314 1300 justnrutu
2333 1278 2347 1297 ,
2380 1235 2432 1286 in
2458 1235 2693 1301 superbia
2718 1235 2979 1288 dictorum
3007 1246 3051 1288 et
3082 1237 3131 1287 in
3157 1234 3397 1289 abusione
3420 1252 3625 1291 rerum.

2059 1306 2296 1369 Superba
2327 1307 2466 1356 dit-ta
2503 1315 2685 1358 contra
2713 1303 2888 1370 justus
2917 1313 3046 1358 sunt
3074 1318 3125 1355 ιιι
3164 1304 3259 1359 ista
3287 1323 3303 1359 :
3332 1308 3466 1372 Quid
3509 1322 3629 1362 cre-

2055 1373 2226 1446 ditis?
2257 1374 2381 1443 quid
2412 1374 2682 1442 speratis?
2710 1374 2802 1428 Cet
2816 1382 2937 1446 tum,
2959 1376 3174 1443 quidem
3202 1376 3449 1446 estquod
3480 1377 3631 1429 labo-

2056 1445 2183 1497 ratis
2207 1483 2222 1504 ,
2253 1447 2513 1499 incertum
2543 1458 2670 1498 vero
2696 1453 2781 1497 est
2805 1445 2942 1512 quod
2972 1446 3219 1511 speratis.
3249 1444 3380 1499 Nam
3410 1447 3629 1513 quando

2056 1518 2233 1569 veniet
2282 1515 2422 1584 quod
2468 1515 2732 1580 speratis?
2777 1514 2902 1568 Haec
2947 1515 3108 1569 etiam
3152 1531 3277 1570 vere
3319 1516 3458 1569 dicta
3504 1527 3630 1572 sunt

2054 1586 2208 1638 valde
2238 1586 2435 1652 iniqua.
2468 1585 2687 1638 Summa
2718 1585 2860 1639 enim
2908 1585 3162 1654 iniquitas
3206 1595 3288 1638 est
3327 1584 3488 1654 iustis
3531 1604 3628 1639 au-

2056 1654 2200 1709 ferre
2243 1670 2394 1718 spem
2436 1669 2609 1709 suam.
2659 1654 2713 1708 lu
2757 1655 3013 1708 abusione
3058 1669 3185 1707 vero
3230 1655 3518 1724 loquuntur
3554 1656 3627 1710 illi

2057 1723 2389 1794 iniquitatem
2417 1764 2432 1788 ,
2479 1724 2570 1793 qui
2618 1734 2827 1778 terrena
2875 1733 3134 1792 appetunt
3175 1735 3228 1778 et
3256 1723 3473 1792 amant,
3505 1742 3627 1794 qua:

377 1794 503 1871 liam
529 1793 701 1871 tuoin.
736 1798 799 1871 _Et
830 1798 951 1871 ideo
981 1793 1405 1871 nonvpermittat
1434 1796 1560 1851 milii
1593 1795 1831 1871 Donatus
1863 1795 1947 1849 vel
1985 1811 2030 1871 Β
2057 1793 2314 1848 Dominus
2344 1795 2513 1871 noluit
2542 1810 2723 1848 amare
2737 1795 3065 1871 _et_hab_ere,
3092 1806 3149 1848 ut
3173 1795 3391 1850 doceret
3414 1811 3478 1850 ea
3506 1793 3629 1851 esse

380 1861 612 1930 Marcio,
668 1868 748 1919 vel
796 1867 985 1935 aliquis
1037 1868 1218 1922 talium
1264 1867 1528 1936 Africam,
1583 1866 1665 1920 vel
1720 1864 1949 1936 aliquam

377 1947 534 1986 unam
571 1937 875 1996 particulam
910 1940 961 1991 in
995 1947 1154 1990 terra.

448 2001 605 2069 Eripe
653 2023 731 2058 me
782 2009 842 2059 de
890 2009 1121 2061 manibus
1168 2008 1491 2060 inimicorum
1544 2022 1789 2060 meorum.
1838 2006 1954 2061 Hoc

373 2086 586 2137 semper
615 2077 872 2129 orandum
895 2117 909 2138 ,
944 2080 1042 2131 hoc
1071 2078 1319 2130 omnibus
1359 2081 1496 2131 votis
1539 2076 1829 2143 optandum
1850 2118 1864 2141 ,
1898 2086 1955 2131 ut

375 2144 663 2207 eripiatnur
692 2161 719 2199 a
758 2148 980 2201 Domino
1011 2152 1070 2201 tle
1099 2147 1347 2209 manibus,
1382 2148 1430 2201 id
1460 2156 1573 2209 est,
1597 2147 1663 2200 de
1696 2156 1953 2211 potestate

371 2212 716 2270 inimicorum.
749 2217 1044 2271 Notandum
1074 2234 1200 2272 vero
1235 2219 1373 2287 quod
1417 2218 1504 2271 alii
1547 2226 1670 2270 sunt
1710 2217 1951 2282 inimici,

376 2292 561 2337 contra
594 2302 727 2351 quos
757 2287 1011 2341 debemus
1042 2304 1226 2350 orare,
1274 2288 1361 2341 alii
1412 2303 1506 2354 pro
1552 2288 1744 2356 quibus
1790 2288 1952 2341 debeo

377 2368 492 2427 mus
540 2371 714 2409 orare.
748 2356 944 2411 Contra
990 2359 1255 2411 diabolum
1299 2359 1438 2411 enim
1481 2370 1536 2413 et
1575 2357 1793 2421 angelos
1836 2357 1953 2427 ejus

376 2424 635 2495 t‘ebemus
665 2443 851 2491 orare,
887 2443 954 2482 ne
982 2429 1317 2492 decipiantur
1346 2428 1412 2480 ab
1443 2429 1550 2490 eis,
1581 2428 1700 2495 quia
1736 2428 1832 2492 ipsi
1868 2424 1955 2480 in-

379 2492 560 2545 vidt-nt
582 2498 732 2549 nobis
756 2513 975 2564 regnum
1006 2500 1286 2552 caelorum.
1321 2496 1507 2550 llolcnt
1532 2492 1673 2551 enim
1703 2511 1800 2550 nos
1830 2498 1953 2552 illuc

383 2566 674 2619 ascendere
734 2570 873 2620 unde
949 2569 1045 2635 ipsi
1097 2568 1445 2630 ceciderunt;
1504 2581 1599 2633 pro
1650 2567 1952 2621 hominibus

384 2645 511 2684 vero
558 2635 817 2700 inimicis,
866 2638 916 2690 in
964 2638 1155 2704 quibus
1201 2652 1325 2706 spes
1368 2637 1734 2690 conversionis
1778 2636 1951 2704 aliqua

370 2711 453 2776 est
477 2718 678 2776 ,orare
707 2706 983 2761 debemus.
1017 2706 1306 2762 Sciendum
1341 2716 1517 2760 tamen
1543 2706 1681 2776 quod
1727 2706 1949 2775 inimici,

379 2767 619 2827 homines
649 2778 1044 2847 qualescunque
1073 2779 1174 2831 sint
1194 2821 1209 2844 ,
1246 2794 1348 2831 non
1379 2786 1505 2831 sunt
1533 2767 1656 2831 o'dio
1688 2767 1946 2841 habendi,

375 2853 440 2892 ne
467 2847 793 2915 cummalus
825 2847 932 2900 odit
979 2850 1175 2901 malum
1219 2862 1375 2914 quem
1431 2848 1646 2915 patitur,
1693 2847 1799 2900 duo
1844 2848 1952 2901 sint

375 2911 523 2986 mali.
559 2913 744 2982 Diliget
777 2930 904 2984 ergo
935 2918 1106 2971 bonus
1150 2911 1345 2970 malum
1371 2959 1385 2983 ,
1417 2911 1576 2986 quem
1620 2919 1837 2985 patitur,
1896 2929 1953 2972 ut

374 2980 454 3031 vel
486 2998 621 3037 unus
653 2980 862 3038 tantum
885 2988 955 3040 sit
987 2988 1177 3043 malus.

448 3048 607 3125 Eripe
637 3071 735 3117 me,
770 3057 1006 3124 inquom,
1037 3066 1142 3112 etc.
1175 3057 1331 3123 Eripe
1362 3072 1447 3111 tne
1476 3074 1507 3108 a
1540 3058 1952 3125 persequentibus

377 3135 492 3182 me,
527 3122 574 3176 id
620 3133 735 3191 est,
785 3122 1011 3180 a'l‘alsis
1063 3122 1317 3182 fratribus
1367 3122 1729 3181 lraudulentvr
1774 3143 1949 3192 perse-

373 3194 693 3267 quentibus,
729 3212 825 3264 pt'o
855 3198 1048 3265 quibus
1101 3198 1224 3252 ideo
1272 3198 1432 3252 etiam
1475 3198 1815 3267 singulariter
1865 3212 1950 3252 r0-

372 3272 495 3336 itztt,
526 3263 649 3336 quia
683 3263 1201 3336 etnuni'pcrsecittio
1246 3269 1539 3321 vicinorum
1566 3263 1667 3321 'est
1710 3277 1763 3321 et
1812 3273 1951 3334 peri-

372 3332 720 3388 culosiorum.
753 3332 987 3391 Nam-illi
1022 3339 1155 3392 tales
1183 3353 1304 3393 cum
1338 3354 1366 3390 a
1401 3338 1553 3391 bonis
1586 3352 1689 3391 non
1722 3332 1955 3392 toleran-

375 3409 498 3478 tur,_
528 3420 627 3458 nec
668 3422 765 3459 sno
816 3410 973 3461 modo
1022 3411 1207 3463 vivere
1255 3410 1655 3478 permittuntur,
1706 3419 1955 3476 quatrunt

373 3472 854 3546 statimquontodo
905 3479 971 3531 ab
1019 3480 1221 3533 unitate
1255 3472 1577 3542 erumpant,
1630 3472 1683 3532 et
1722 3472 1951 3546 aliquam

378 3545 831 3618 perturbationem
864 3549 1097 3615 iaciant;
1131 3560 1182 3603 et
1216 3566 1311 3618 pro
1344 3549 1425 3603 bis
1456 3550 1647 3602 talibus
1674 3561 1755 3603 est
1796 3545 1951 3603 oran-

376 3613 499 3662 dum
519 3651 536 3679 ,
568 3623 625 3667 ut
650 3628 1035 3687 convertantur
1062 3613 1111 3671 et
1144 3613 1485 3687 resipiscam.
1514 3619 1580 3672 Et
1604 3620 1648 3670 si
1675 3619 1784 3686 jam
1813 3622 1954 3674 exiev

379 3691 531 3743 runt,
567 3685 787 3740 redeant
816 3704 830 3752 ;
863 3689 908 3742 si
938 3704 1067 3742 vero
1097 3685 1272 3742 adhuc
1319 3689 1453 3743 intra
1501 3685 1785 3754 sunt,’St-d
1833 3704 1950 3757 per-

381 3764 537 3871 }:erslo
570 3759 765 3825 modo,
800 3769 1072 3813 mutentur
1102 3761 1153 3813 in
1186 3758 1413 3824 melius,
1456 3768 1509 3813 et
1550 3767 1952 3829 perseverantes

403 3836 485 3871 ιυη
518 3864 531 3871 -

403 3832 531 3878 tant.

443 3888 663 3970 Illustra
690 3898 875 3967 facient
904 3909 1066 3957 tuam.
1099 3900 1227 3956 Dico
1255 3900 1391 3968 eripe
1419 3916 1498 3952 me
1518 3938 1532 3962 ,
1565 3908 1642 3962 et,
1674 3907 1730 3952 ut
1760 3901 1953 3970 eripias

376 3974 496 4023 me,
530 3964 731 4038 illustris
773 3971 953 4034 faciem
998 3983 1138 4024 tuum
1187 3964 1339 4038 super
1387 3985 1509 4033 tne,
1550 3984 1659 4024 non
1704 3964 1951 4025 liberitttn

372 4046 584 4098 meum,
639 4037 718 4090 vel
765 4047 949 4106 tuum,
997 4043 1089 4095 sed
1136 4037 1336 4093 servum
1380 4049 1556 4104 tuum,
1604 4039 1654 4092 id
1700 4050 1817 4105 est,
1872 4043 1954 4097 lac

376 4114 461 4153 ine
506 4105 699 4177 talem,
750 4118 807 4161 ut
849 4112 901 4161 in
936 4105 1101 4163 dictis
1130 4122 1184 4166 et
1223 4109 1375 4163 factis
1401 4118 1656 4177 appareat
1688 4112 1955 4177 pertinere

377 4184 463 4245 ine
492 4176 557 4223 ad
588 4177 952 4231 ba-reditatem
989 4189 1129 4234 tuam
1162 4189 1216 4233 et
1246 4176 1655 4245 possessiOuem.
1692 4176 1773 4233 Et
1800 4192 1856 4234 ut
1886 4182 1953 4236 il-

373 4238 591 4307 lustres,
624 4246 819 4300 salvum
848 4264 926 4301 me
956 4253 1068 4317 fac,
1106 4238 1357 4315 Domine,
1390 4249 1439 4303 id
1471 4260 1582 4311 est,
1612 4249 1693 4303 lac
1721 4265 1805 4305 me
1836 4267 1954 4318 per-

371 4324 705 4390 severantem
737 4330 890 4382 esse,
920 4320 1104 4379 ethoc
1133 4335 1235 4372 non
1267 4335 1331 4373 ex
1361 4317 1561 4372 meritis
1588 4321 1751 4385 meis,
1778 4317 1872 4375 sed
1901 4323 1953 4376 in

378 4382 725 4459 misericordia
752 4399 866 4444 tua.
903 4391 953 4443 id
985 4400 1101 4452 est,
1136 4406 1240 4443 non
1271 4392 1392 4455 quia
1435 4405 1532 4457 ego
1570 4382 1759 4459 dignus
1800 4404 1950 4459 sum,

372 4450 465 4504 sed
493 4455 615 4528 quia
648 4465 703 4509 tu
736 4459 1039 4513 misericors
1084 4450 1164 4514 es.
1208 4450 1439 4515 Et'ideo
1469 4450 1704 4528 'rogo'ut
1746 4450 1950 4516 salvum

375 4535 461 4574 me
489 4519 651 4599 facias
671 4568 687 4592 ,
718 4544 782 4599 ne
810 4532 1118 4599 confundor.
1155 4531 1204 4584 id
1236 4539 1318 4586 est
1338 4572 1351 4594 ,
1385 4547 1451 4583 ne
1489 4519 1754 4585 incurram
1795 4542 1952 4587 teter-
1980 4523 2031 4583 Ῑ)

373 4606 492 4670 nam
521 4597 929 4673 confusionem;
976 4616 1096 4673 nam
1146 4616 1252 4673 non
1298 4601 1468 4655 debeo
1497 4600 1799 4673 confundi,
1828 4619 1953 4671 quo-

368 4669 508 4713 mam
533 4669 763 4738 invocavi
787 4681 851 4723 te.
879 4669 1070 4725 Facilis
1091 4672 1302 4738 quidem
1329 4679 1383 4723 et
1408 4672 1538 4725 levis
1564 4672 1771 4725 videtur
1792 4669 1950 4727 causa

369 4746 527 4811 quam
552 4736 672 4802 dat,
696 4750 1053 4796 verumtamen
1077 4736 1206 4796 satis
1233 4753 1315 4796 est
1338 4757 1548 4811 niagna.
1571 4740 1807 4809 Namque
1829 4745 1951 4797 mali

376 4801 543 4880 lleum
575 4818 792 4869 vocant,
816 4812 913 4880 sed
943 4829 1043 4867 non
1079 4814 1358 4877 invocant,
1386 4801 1508 4880 quia
1540 4828 1644 4865 non
1670 4801 1869 4877 gratis,
1900 4814 1950 4869 id

371 4879 484 4937 est,
513 4886 725 4952 propter
751 4879 980 4948 seipsuui
1012 4892 1209 4936 tantum
1238 4879 1429 4936 vocant
1454 4898 1603 4946 eum,
1628 4883 1717 4937 sed
1749 4892 1806 4936 ut
1829 4900 1950 4939 eum

377 4952 627 5008 tteqmttte
649 4961 759 5000 sua:
785 4952 1083 5005 ministrum
1118 4963 1306 5007 ‘aCIant
1325 4994 1336 5011 .
1367 4952 1599 5016 scilicet,
1633 4962 1689 5005 ut
1715 4970 1805 5019 per
1830 4968 1951 5009 eum

379 5026 565 5090 aurum
590 5056 603 5079 ,
635 5029 948 5088 argentum,
982 5024 1061 5076 vel
1095 5025 1193 5076 alia
1215 5065 1229 5087 ,
1261 5038 1377 5085 qua:
1419 5038 1510 5090 per
1550 5038 1609 5076 se
1651 5023 1952 5080 nullatenus

376 5082 574 5135 habere
605 5082 849 5151 poterant
870 5133 883 5151 .
909 5082 1305 5158 acquirantallli
1335 5082 1458 5146 vero
1484 5094 1581 5146 stili
1613 5105 1758 5147 recte
1783 5098 1948 5149 Deum

374 5166 557 5234 Vocati:
576 5197 594 5220 ,
623 5160 707 5234 qui
734 5171 787 5212 et
814 5177 932 5234 eum
960 5173 1123 5231 gratis
1153 5173 1371 5229 vocant,
1398 5172 1451 5215 et
1482 5165 1715 5216 vocando
1739 5164 1949 5234 dignam

373 5239 421 5276 et
457 5227 818 5301 l_i_alntudtnetu
852 5233 903 5284 in
937 5227 1098 5286 corde
1124 5248 1221 5285 suo
1252 5227 1572 5301 pra-parant.

448 5293 757 5353 Ernbcscant
798 5303 962 5369 impii.
1008 5304 1117 5369 Ego
1155 5293 1291 5372 quod
1320 5293 1429 5376 non
1462 5303 1778 5368 conluudar,
1808 5306 1952 5376 impii

374 5376 550 5443 alitem
582 5386 647 5423 ex
679 5385 923 5439 opposito
952 5380 1242 5427 erubescant
1265 5416 1278 5437 ,
1316 5374 1364 5426 id
1398 5385 1511 5438 est,
1544 5384 1796 5426 aeternam
1828 5374 1954 5429 con-

378 5436 638 5510 instituam
670 5436 958 5497 incurrant.
995 5443 1088 5507 Et,
1124 5456 1178 5497 ut
1225 5436 1435 5498 tandem
1484 5436 1831 5510 erubescant,
1860 5446 1951 5500 de-

376 5508 714 5584 tlucamut'_itt
748 5517 996 5582 praesenti
1028 5518 1079 5568 in
1112 5517 1400 5583 infernum,
1430 5514 1480 5568 id
1508 5524 1626 5580 est,
1657 5519 1707 5567 in
1738 5508 1953 5584 profun-

380 5580 835 5653 tillltt‘villtll‘lllll,
884 5586 1120 5648 scilit‘et,
1168 5580 1361 5639 dentur
1414 5600 1552 5638 nunc
1604 5600 1654 5636 In
1704 5580 1952 5642 tenebras

381 5654 698 5724 interiores,
733 5664 787 5704 ul
812 5655 1023 5708 tandem
1050 5660 1241 5708 dentur
1273 5658 1323 5709 in
1356 5657 1600 5708 tenebras
1632 5658 1947 5712 exteriores.

379 5713 437 5765 I‘Ll
473 5717 715 5794 haemon
747 5733 828 5775 est
854 5725 1240 5779 malevolentiae
1274 5738 1488 5791 votum,
1520 5727 1612 5778 sed
1653 5729 1951 5783 enuntiatio

382 5800 552 5852 itaita:
580 5786 787 5846 illorum
818 5810 831 5859 ;
865 5794 946 5849 vel
975 5795 1282 5865 simpliciter
1313 5797 1383 5851 ita
1415 5786 1584 5865 potest
1614 5795 1717 5851 dici
1744 5815 1754 5849 :
1790 5795 1950 5868 [mpii

1980 3160 2028 3223 ο

2055 1866 2448 1919 eontemnenda
2472 1905 2489 1927 ,
2525 1879 2632 1918 non
2662 1866 2783 1932 quia
2813 1864 2864 1919 in
2897 1864 3013 1933 ejus
3044 1872 3307 1932 potestate
3340 1882 3444 1919 non
3474 1877 3632 1920 erant

2056 1935 2397 2016 possidenda.
2419 1934 2571 2002 Quod
2598 1934 2811 2016 quidem
2838 1934 3079 2016 laciepdo
3107 1934 3441 2016 ipsiChristo
3463 1951 3627 2003 quem

2055 2004 2252 2058 imitari
2285 2008 2471 2059 nolunt
2491 2048 2506 2070 ,
2537 2004 2935 2059 contradicunt.
2970 2005 3032 2058 Et
3060 2005 3182 2071 quia
3216 2005 3329 2072 ipse
3356 2016 3523 2074 caput
3547 2018 3633 2061 est

2054 2074 2291 2144 omnium
2318 2074 2577 2143 iustorum
2600 2118 2616 2141 ,
2645 2075 2697 2128 in
2728 2077 2843 2140 ipso
2871 2075 2999 2141 ipsis
3024 2076 3195 2130 etiam
3212 2078 3594 2131 contradicunt
3613 2116 3631 2144 ,

2055 2143 2107 2197 iii
2138 2159 2243 2212 quo
2275 2156 2500 2213 utroque
2530 2146 2858 2212 iniquitatem
2890 2153 3071 2213 agunt.

2128 2214 2297 2279 Quam
2339 2212 2526 2285 magna
2571 2214 2862 2285 multitudo.
2915 2212 3230 2282 Loquantur,
3278 2215 3530 2284 inquam,
3579 2218 3634 2271 iis

2054 2285 2292 2352 superbia
2321 2296 2365 2339 et
2392 2284 2445 2339 in
2474 2284 2733 2338 abusione.
2758 2284 2862 2339 Sed
2887 2300 2991 2337 non
3021 2288 3299 2339 attendunt
3329 2296 3527 2355 quanta
3559 2288 3631 2343 sit

2055 2356 2322 2409 multitudo
2349 2356 2631 2409 dulcedinis
2661 2364 2779 2419 tute,
2808 2356 3038 2408 Domine.
3065 2356 3241 2410 PoteSI
3267 2372 3479 2426 quoque
3505 2374 3628 2412 eum

2055 2426 2405 2492 quorumdam
2437 2427 2719 2479 verborum
2750 2426 3152 2493 interpositione
3177 2426 3470 2480 secundum
3504 2428 3629 2482 bea-

2060 2503 2169 2547 tutu
2203 2497 2558 2566 Augustinum
2593 2494 2768 2547 taliter
2796 2496 3093 2549 cootmuari
3118 2539 3134 2562 ,
3168 2508 3223 2548 ut
3265 2497 3408 2549 dicat
3450 2501 3631 2564 perle-

2055 2578 2174 2636 ctus
2203 2569 2283 2619 vir
2313 2569 2399 2636 qui
2432 2570 2577 2632 prius
2607 2566 3059 2636 aggratulabatnr,
3096 2575 3346 2634 tauquam
3377 2583 3405 2619 a
3457 2570 3628 2621 tribu-

2057 2633 2342 2689 lationibus
2375 2633 2746 2701 liberatusfet
2789 2640 2877 2704 qui
2922 2634 3008 2706 hic
3051 2633 3293 2703 proxime
3333 2639 3629 2706 ingemuit.

2094 2719 2153 2757 ro
2200 2708 2473 2760 con~ortio
2519 2720 2738 2760 suorum
2790 2708 2841 2758 in
2895 2704 3278 2769 tribulatioiie,
3337 2704 3630 2763 atiendens

2093 2789 2190 2845 oua
2224 2775 2313 2831 Dei
2340 2792 2460 2845 qua:
2486 2777 2626 2829 intus
2657 2777 2707 2829 in
2739 2776 2931 2842 spiritu
2962 2774 3090 2829 vidit
3116 2794 3130 2841 ;
3161 2791 3278 2844 quae
3311 2776 3447 2829 bona
3478 2793 3508 2829 a
3540 2797 3634 2832 so.

2058 2844 2120 2896 lis
2155 2844 2397 2901 ﬁdelibus
2429 2846 2478 2899 in
2512 2846 2720 2899 occulto
2752 2847 3017 2906 videntur,
3065 2861 3094 2899 a
3141 2848 3295 2899 malis
3339 2861 3469 2901 vero
3516 2864 3629 2904 non

2055 2927 2465 2983 cognoscuntur,
2499 2917 2620 2981 quia
2652 2916 2772 2968 mali
2803 2917 2915 2969 sola
2947 2917 3085 2968 bona
3119 2916 3275 2984 hujus
3315 2918 3500 2975 saeculi
3536 2936 3637 2973 no-

2057 2996 2180 3039 runt
2220 2988 2431 3051 videre,
2482 2986 2643 3039 futuri
2688 2995 2863 3039 autem
2904 2986 3084 3039 szeculi
3130 2987 3265 3040 bona
3312 3002 3408 3041 nec
3453 2989 3636 3043 sciunt

2058 3059 2326 3124 cogitare,
2377 3058 2514 3110 unde
2562 3057 2613 3109 iu
2659 3056 2907 3123 supeibia
2952 3068 3003 3110 et
3052 3060 3101 3109 iu
3150 3056 3410 3110 abusione
3439 3068 3634 3113 contra

2054 3124 2259 3192 justum
2294 3132 2619 3196 loquuntur;
2652 3127 2930 3180 attendens
2952 3165 2967 3190 ,
3001 3128 3213 3193 inquam
3235 3169 3250 3192 ,
3302 3128 3442 3181 bona
3497 3128 3589 3182 illa
3610 3171 3629 3195 ,

2055 3204 2110 3248 et
2139 3199 2521 3251 commendans
2547 3211 2607 3250 ea
2642 3196 2974 3259 hominibus,
3006 3210 3139 3264 quos
3167 3196 3251 3251 hic
3282 3197 3391 3250 vult
3422 3199 3627 3252 tolera-

2053 3276 2143 3338 re,
2178 3284 2280 3320 non
2313 3268 2593 3338 prmsentia
2628 3281 2841 3328 amare,
2876 3266 3026 3334 quasi
3057 3268 3327 3320 admirans
3362 3269 3446 3321 illa
3482 3270 3632 3323 bona

2052 3336 2181 3390 dicit
2210 3338 2279 3392 ita
2311 3336 2325 3391 Ξ
2362 3339 2602 3401 Domine,
2635 3354 2786 3406 quam
2815 3352 2999 3405 magna
3028 3346 3100 3390 est
3144 3338 3414 3391 multitudo
3444 3341 3631 3393 dulce-

2052 3407 2185 3461 dinis
2215 3410 2345 3462 tum!
2378 3409 2718 3462 Dulcedinem
2752 3420 2903 3459 vocat
2948 3409 3115 3474 ipsam
3166 3410 3518 3464 immortalem
3571 3420 3631 3464 et

2053 3491 2233 3533 veram
2280 3478 2593 3547 sapteutiam
2648 3478 2741 3549 Dei
2793 3476 2995 3549 Patris,
3043 3492 3201 3546 quam
3248 3494 3341 3549 per
3388 3479 3632 3533 Verbum

2052 3560 2207 3602 suum
2240 3546 2568 3603 incarnatutu
2603 3546 2927 3610 notilicavit,
2960 3556 3014 3602 et
3059 3564 3216 3616 quam
3249 3546 3315 3601 in
3367 3552 3630 3614 praemi

2057 3622 2247 3684 partim
2282 3620 2525 3672 lidelibus
2555 3618 2683 3680 dat,
2719 3621 2771 3671 in
2801 3620 2975 3670 loturo
3007 3632 3134 3673 vero
3182 3618 3416 3686 perfecte
3445 3620 3628 3674 dabit.

2054 3687 2155 3740 l’er
2184 3689 2285 3742 hoc
2317 3700 2597 3759 utrumque
2631 3703 2755 3742 vero
2786 3688 2926 3757 quod
2972 3690 3147 3755 ponit,
3183 3689 3423 3753 scilicet,
3459 3706 3633 3759 quam

2051 3772 2242 3829 niagna
2273 3768 2328 3813 et
2358 3758 2672 3823 multitudo,
2705 3759 2877 3811 innuit
2904 3759 3045 3825 quod
3088 3769 3233 3813 tanta
3263 3760 3331 3811 sit
3375 3758 3493 3826 quae
3529 3778 3635 3816 nec

2054 3843 2276 3897 nurnero
2307 3845 2405 3884 nec
2437 3832 2595 3883 modo
2629 3830 2798 3897 possit
2823 3829 3201 3893 comprehendi
3222 3870 3237 3891 ,
3266 3830 3414 3895 juxta
3446 3832 3580 3883 illud
3614 3846 3632 3885 :

2059 3896 2121 3951 Et
2151 3900 2415 3969 sapientia:
2444 3915 2554 3971 8}"!
2585 3916 2685 3971 non
2712 3910 2785 3953 est
2819 3915 3079 3971 numerus.
3113 3900 3325 3967 Magna,
3372 3903 3633 3967 inquam,

2052 3980 2107 4039 et
2136 3970 2300 4023 multa
2332 3981 2414 4025 est
2442 3970 2670 4023 dulcedo
2704 3982 2824 4029 tua.
2862 3970 3119 4039 Domine,
3152 3986 3308 4038 quam
3330 4010 3346 4035 ,
3379 3972 3505 4024 lieet
3538 3987 3637 4026 ce-

2054 4038 2213 4093 latam
2241 4043 2422 4105 malis,
2454 4054 2506 4093 tu
2533 4047 2706 4094 tamen
2738 4040 3045 4093 abscondisti
3065 4082 3080 4106 ,
3115 4043 3162 4091 id
3190 4052 3266 4093 est
3292 4082 3307 4103 ,
3341 4042 3637 4096 reservasti

2055 4109 2343 4164 timentibus
2370 4122 2518 4164 casm
2546 4111 2736 4165 timore
2763 4122 2839 4173 te,
2872 4126 2976 4164 non
3007 4111 3250 4175 homines
3273 4150 3289 4174 ,
3320 4120 3369 4165 et
3402 4112 3639 4164 tenden-

2056 4180 2197 4233 tibus
2222 4182 2287 4233 ad
2322 4191 2394 4235 te.
2428 4180 2572 4234 Talis
2600 4190 2716 4249 est,
2750 4181 2898 4248 quasi
2931 4182 3122 4249 aliquis
3166 4182 3235 4233 de
3280 4182 3635 4249 loquentibus

2056 4250 2384 4316 iniquitatem
2412 4251 2634 4305 diceret.
2663 4247 2871 4304 Ubii-st
2899 4251 2985 4305 illa
3012 4247 3239 4304 dulcedo
3267 4247 3424 4317 quam
3454 4252 3637 4308 dicis?

2055 4322 2259 4374 ostende
2287 4322 2409 4374 milii
2436 4337 2567 4374 eam.
2599 4322 2661 4375 Et
2687 4323 2787 4375 igte
2816 4321 3017 4376 diceret
3044 4342 3056 4371 :
3086 4320 3198 4375 Non
3231 4335 3443 4388 possiun
3473 4325 3639 4380 vobis

2055 4404 2173 4444 eam
2218 4392 2503 4445 ostendere
2524 4432 2539 4456 ,
2570 4392 2691 4459 quia
2727 4408 2829 4444 non
2861 4401 2943 4445 est
2972 4391 3126 4445 vobis
3156 4394 3335 4445 dicere
3361 4411 3371 4442 :
3404 4391 3635 4451 Gustata

2055 4478 2207 4526 quam
2233 4462 2397 4515 dulcis
2425 4470 2498 4515 est
2529 4461 2798 4524 Dominus,
2829 4465 3076 4529 quoniam
3106 4462 3358 4515 amisistis
3385 4466 3637 4531 palatum

2057 4533 2234 4587 cordis
2260 4535 2328 4588 de
2359 4533 2491 4587 l‘ebri
2522 4533 2813 4600 iniquitatis
2833 4573 2849 4595 ,
2882 4535 2975 4585 sed
3007 4533 3133 4586 solis
3164 4534 3474 4587 timentibus
3518 4535 3638 4590 Do-

2056 4603 2257 4657 miuum
2308 4611 2483 4671 potest
2523 4604 2763 4665 ostendi,
2812 4604 3059 4667 quoniam
3094 4607 3174 4657 bis
3204 4603 3335 4658 solis
3365 4604 3639 4662 Dominus

2054 4688 2170 4726 eam
2204 4673 2515 4726 reservavit.

2125 4741 2390 4810 Perlecisti
2416 4747 2487 4797 eis
2513 4743 2597 4811 qui
2623 4752 2826 4813 sperant
2853 4744 2905 4794 in
2930 4751 2997 4797 te.
3021 4743 3382 4799 Teudeutibus
3404 4749 3631 4814 quidem

2053 4814 2118 4866 ad
2162 4823 2212 4868 te
2250 4826 2300 4867 et
2343 4816 2649 4868 timentibus
2687 4815 3011 4868 abscondisti
3049 4815 3386 4869 dulcedinem
3428 4826 3628 4883 tuam;

2053 4886 2307 4952 perfecisti
2350 4896 2543 4954 autem
2573 4899 2727 4947 eam,
2779 4884 2830 4936 id
2876 4895 2994 4948 est,
3028 4883 3316 4952 perleCtam
3363 4902 3634 4954 quantum

2056 4956 2141 5009 hic
2171 4971 2291 5009 esse
2322 4963 2496 5022 petest
2526 4953 2695 5008 iecisti
2721 4955 2827 5021 jam
2860 4971 3013 5019 eam,
3046 4964 3101 5006 et
3131 4962 3343 5009 tandem
3375 4953 3633 5023 perlictes

2051 5028 2124 5079 eis
2154 5028 2354 5094 integre
2380 5025 2467 5091 qui
2496 5027 2562 5077 ita
2592 5038 2790 5094 sperant
2822 5026 2875 5078 in
2905 5035 2954 5078 te
2974 5064 2990 5089 ,
3023 5035 3080 5077 ut
3108 5042 3211 5078 non
3242 5027 3467 5080 timeant
3492 5043 3637 5081 cou-

2054 5096 2188 5149 literi
2235 5112 2383 5162 spem
2432 5111 2580 5148 suam
2627 5101 2678 5147 in
2725 5107 2997 5163 conspectu
3047 5097 3273 5160 ﬁliorum
3314 5096 3633 5165 hominum,

2056 5167 2107 5218 id
2138 5176 2252 5229 est,
2286 5174 2343 5217 ut
2371 5175 2493 5218 ante
2525 5168 2793 5234 principes
2838 5176 2891 5220 et
2936 5169 3199 5231 quoslibet
3245 5178 3635 5232 persecutores

2052 5236 2141 5305 qui
2183 5250 2287 5289 non
2330 5236 2421 5290 lilii
2463 5251 2581 5288 nth
2632 5237 2888 5299 hominis,
2920 5237 3012 5287 sed
3047 5234 3141 5302 ﬁlii
3170 5235 3435 5288 hominum
3465 5252 3633 5306 sunt,

2053 5308 2103 5360 id
2138 5316 2251 5372 est,
2282 5308 2368 5374 qui
2402 5322 2450 5358 in
2486 5316 2746 5359 vetustate
2780 5315 3119 5374 permanent,
3154 5308 3325 5359 adhuc
3360 5324 3467 5363 non
3499 5325 3637 5363 eru-

2053 5377 2269 5429 bescant
2301 5379 2532 5445 prolitert
2565 5378 2720 5429 tidem
2754 5386 2914 5427 tuoin.
2953 5375 3087 5428 lltnc
3117 5377 3245 5429 dicit
3272 5376 3534 5434 Dominus
3568 5382 3631 5437 in

2053 5447 2338 5515 Evangetio
2368 5464 2379 5499 :
2430 5447 2529 5512 Qui
2558 5448 2807 5499 erubuerit
2839 5462 2916 5498 me
2945 5461 3117 5497 colam
3144 5447 3465 5515 horninibus,
3498 5466 3635 5504 erst-

2052 5517 2244 5569 bescunt
2282 5527 2329 5569 et
2378 5533 2467 5587 ego
2493 5534 2607 5570 eum
2635 5534 2805 5568 coram
2839 5515 2991 5568 Patre
3023 5532 3172 5581 meo;
3202 5520 3288 5585 qui
3319 5531 3491 5573 autem
3520 5539 3634 5577 non

2051 5590 2303 5640 erubuerit
2332 5603 2440 5650 me,
2488 5604 2579 5639 nec
2620 5603 2709 5656 ego
2735 5588 3023 5639 erubescam
3054 5603 3185 5638 eum.
3221 5588 3333 5641 Noli
3369 5590 3533 5654 igitur
3569 5602 3632 5647 tu

2051 5658 2270 5724 quilibet
2300 5661 2618 5711 erubescere
2648 5673 2795 5724 spe.n
2834 5672 3005 5719 tuam,
3040 5660 3135 5710 sed
3167 5662 3633 5725 quemadmodum

2052 5730 2179 5783 vim
2213 5730 2264 5781 in
2295 5729 2455 5781 corde
2487 5738 2605 5793 tuo,
2636 5729 2706 5780 ita
2751 5728 2952 5781 habitet
2984 5728 3037 5778 iti
3068 5743 3161 5780 ore
3193 5739 3301 5781 tuo.

2120 5798 2412 5853 Abscondes
2451 5815 2533 5852 σοι
2574 5803 2623 5852 in
2663 5798 2955 5853 abscondito
2986 5799 3141 5868 {aciei
3170 5808 3286 5854 tute.
3327 5802 3459 5858 \‘cre
3493 5822 3631 5875 per-
