3922 6190
312 354 380 408 57
953 352 1018 407 IN
1059 350 1479 410 PSALMORUM
1523 352 1781 410 LIBRUM
1825 352 2176 417 EXEGESIS.
2224 385 2289 399 --
2328 354 2573 414 PSMAI.
2618 357 2785 416 XXX.

3407 363 3513 418 658

272 471 445 546 fecisti
472 467 807 546 dulcedinem
835 476 978 546 suam
1008 470 1285 546 manifeste
1314 468 1650 546 sperantibus
1683 470 1734 533 in
1769 478 1842 535 te,
1876 477 1923 535 Α
1953 479 2009 546 i_it
2043 470 2235 546 picum
2290 486 2622 546 per_omiies
2660 483 2847 540 gentes
2895 472 3098 546 ell'udit.
3131 474 3281 546 Quod
3332 478 3509 534 taliter

268 541 394 606 quia
429 541 641 592 tandem
670 538 945 592 abscondes
972 556 1056 592 eos
1078 581 1093 603 ,
1127 539 1176 592 id
1223 548 1336 603 est,
1370 538 1573 591 munies
1622 554 1715 592 eos
1760 556 1847 593 se-

273 620 490 676 paratos
520 626 548 661 a
577 608 988 663 coiiturbatione
1018 609 1291 660 hominum
1314 649 1328 670 ,
1361 623 1389 660 a
1422 609 1615 677 quibus
1657 625 1848 663 neces-

265 681 416 733 sario
460 681 583 733 dum
626 680 803 735 adhuc
845 680 896 733 in
941 694 1062 733 area
1109 694 1271 748 gratia
1315 694 1437 731 cum
1484 680 1648 745 paleis
1687 689 1845 746 sunt,

269 750 675 818 perturbantur.

346 820 412 873 Et
436 835 690 890 poneseos
709 818 761 890 in
781 818 1080 871 abscondito
1105 818 1396 890 facieiitutc.
1424 816 1555 890 Nota
1578 819 1716 887 quod
1740 835 1845 874 non

267 888 541 958 promittit
584 888 839 942 Domintts
888 890 1060 941 locum
1105 889 1215 942 suis
1260 889 1312 941 in
1359 888 1638 955 paradiso,
1669 892 1845 945 autin

263 964 391 1014 sinu
444 960 695 1021 Abraliaz,
747 967 839 1011 aut
883 958 935 1012 in
979 960 1144 1021 caelo,
1194 958 1287 1012 sed
1322 960 1371 1011 in
1401 958 1599 1025 seipse.
1634 959 1848 1015 Habitet

264 1032 417 1084 enim
450 1031 534 1084 bic
564 1030 702 1082 Deus
730 1028 781 1081 in
815 1040 898 1089 te,
924 1038 977 1081 et
1005 1029 1218 1083 tandem
1254 1028 1411 1082 faciet
1444 1040 1495 1082 te
1523 1028 1761 1083 habitare
1793 1033 1844 1085 in

261 1116 350 1154 se.
387 1101 584 1167 Recipe
613 1114 734 1154 eum
769 1100 854 1152 bic
883 1101 932 1151 in
962 1099 1126 1152 corde
1157 1107 1249 1153 tuo
1269 1137 1284 1161 ,
1315 1108 1367 1151 et
1401 1097 1516 1164 ipse
1548 1099 1768 1168 recipiet
1796 1110 1846 1155 te

265 1172 320 1223 in
365 1172 507 1223 vultu
536 1184 659 1223 suo.
687 1169 819 1236 Quia
848 1170 936 1235 qui
969 1183 1111 1223 nunc
1149 1168 1358 1222 occulte
1403 1177 1578 1221 tuetur
1621 1184 1747 1221 suos
1792 1172 1843 1225 in

265 1240 432 1307 hujus
464 1240 582 1294 vitae
614 1242 764 1303 loco,
807 1240 1020 1292 tandem
1066 1238 1297 1292 tuebitur
1326 1252 1420 1291 eos
1450 1241 1499 1291 in
1532 1252 1590 1292 se
1622 1242 1737 1307 ipso
1768 1241 1846 1293 lo-

260 1326 355 1364 co.
392 1329 409 1363 t
441 1310 557 1377 Quo
584 1310 742 1364 modo
769 1319 944 1363 autem
975 1310 1122 1363 locus
1150 1308 1220 1363 sit
1251 1309 1302 1361 in
1337 1308 1469 1374 Deo,
1501 1307 1630 1361 dicit
1660 1309 1845 1364 beatus

261 1382 630 1448 Augustinus,
660 1379 801 1449 quod
834 1382 993 1432 etiam
1036 1380 1079 1449 si
1122 1379 1221 1449 sibi
1267 1388 1409 1432 esset
1456 1392 1553 1430 vox
1597 1377 1842 1443 dicendi,

262 1452 400 1503 nulli
447 1460 591 1505 esset
634 1449 780 1504 auris
823 1448 1111 1504 audiendi?
1141 1466 1159 1500 i
1196 1448 1376 1501 Potest
1406 1455 1582 1500 tamen
1614 1452 1842 1516 quadam

261 1521 618 1575 similitudine
646 1534 880 1588 congrue
908 1519 1007 1573 hoc
1035 1518 1231 1586 accipi,
1266 1527 1322 1570 ut
1353 1533 1445 1584 per
1472 1518 1842 1588 absconditum

261 1590 427 1645 faciei
456 1586 955 1644 claritatein'vultus
981 1589 1100 1655 ejus
1126 1589 1474 1655 accipiamus,
1504 1586 1556 1640 iii
1590 1602 1690 1656 qua
1725 1598 1845 1641 tan-

261 1662 393 1713 dem
434 1661 688 1715 Dominus
719 1660 889 1713 bonos
928 1668 1178 1727 tanquam
1212 1659 1261 1710 in
1294 1672 1420 1712 arce
1447 1657 1648 1710 inunita
1679 1659 1845 1713 collo-

260 1731 444 1793 cabit,
477 1745 597 1799 quae
621 1738 705 1784 est
730 1729 1040 1783 abscondita
1070 1743 1098 1780 a
1130 1729 1313 1799 malis,
1335 1728 1486 1797 juxta
1511 1727 1640 1781 illud
1666 1744 1680 1781 ε
1717 1727 1841 1783 Tol-

259 1800 410 1854 latar
437 1798 645 1869 impius,
674 1816 736 1853 ne
760 1799 928 1853 videat
956 1799 1173 1868 gloriam
1202 1798 1317 1852 Dei.
1452 1865 1465 1869 _
1678 1850 1686 1857 ,

338 1865 583 1939 Ριοιεῂεε
602 1865 705 1925 eos.
735 1865 1204 1939 Tandem—quidem
1235 1865 1530 1923 abscondcs
1559 1877 1837 1937 sperantes

261 1939 316 1992 iii
355 1952 432 2005 te,
460 1938 599 1995 nunc
627 1951 801 1994 autem
833 1938 1043 1993 interim
1066 1948 1295 2009 proteges
1316 1954 1403 1991 eos
1432 1942 1483 2009 in
1507 1940 1841 1992 tabernaculo

260 2021 353 2062 tuo
387 2012 606 2080 positos,
641 2011 692 2063 id
736 2020 846 2071 est,
871 2011 933 2080 in
967 2012 1211 2074 praesenti
1243 2008 1503 2072 Ecclesia,
1531 2023 1649 2076 quc
1691 2012 1839 2063 locus

258 2091 349 2134 est
376 2079 577 2135 militia:
598 2088 653 2136 et
676 2079 1135 2149 peregrinationis.

334 2154 381 2203 Α
405 2146 745 2204 contractione
776 2146 1090 2220 linguarum.
1124 2149 1219 2202 llic
1245 2148 1389 2201 enim
1415 2147 1630 2203 assidue
1661 2146 1836 2203 haere-

261 2221 392 2273 ticae
423 2229 479 2274 et
505 2220 861 2274 scbismatica‘.
907 2220 1096 2289 linguis
1143 2221 1410 2283 lacerant,
1447 2221 1837 2285 blasplietnaiit.

258 2290 439 2344 Nobis
472 2306 649 2345 autem
678 2290 801 2359 quid
832 2300 914 2343 est
953 2288 1292 2344 faciendum?
1322 2288 1558 2355 llecipiat
1588 2303 1645 2342 se
1688 2290 1836 2356 quis'

256 2378 370 2426 que
400 2362 450 2414 in
476 2373 711 2415 sanetam
743 2359 1063 2425 Ecclesiam,
1087 2369 1142 2413 et
1165 2366 1342 2412 teneat
1366 2360 1603 2426 regulam
1632 2360 1840 2412 verita-

258 2433 331 2484 tis
375 2441 434 2484 et
486 2434 720 2485 unitatis.
788 2432 852 2483 Et
900 2431 977 2485 sic
1025 2447 1057 2483 a
1102 2429 1502 2483 contradictione
1546 2429 1838 2497 linguarum

257 2501 511 2555 manebit
550 2516 788 2556 securus.
821 2500 1003 2555 Potest
1044 2503 1202 2554 etiam
1237 2500 1530 2552 Abscondcs
1557 2513 1662 2564 eos,
1694 2503 1835 2567 quod

257 2573 329 2627 de
364 2574 547 2626 futuro
594 2572 843 2642 legimus,
874 2573 942 2642 die
989 2569 1236 2637 praisenti
1287 2569 1515 2642 dici_s_ic
1542 2583 1557 2621 :
1588 2568 1840 2625 Perlicies

259 2643 520 2705 tandem,
556 2639 799 2705 Domine,
831 2641 1166 2696 dulcedinem
1216 2650 1359 2693 tuam
1411 2639 1494 2692 bis
1533 2643 1621 2707 qui
1663 2643 1836 2694 inani-

257 2714 407 2767 frste
439 2713 494 2765 in
524 2725 574 2767 te
614 2721 855 2781 sperant.
879 2714 1027 2767 Nunc
1070 2721 1248 2766 autem
1299 2711 1511 2763 interim
1557 2710 1837 2781 abscondes

251 2799 367 2846 eas,
405 2782 457 2835 id
492 2792 603 2848 est,
633 2780 837 2836 munies
866 2797 960 2836 eos
988 2799 1019 2836 a
1047 2781 1435 2835 conturbatione
1460 2780 1742 2834 hominum.
1771 2780 1837 2835 la

254 2853 565 2906 abscondito
589 2855 740 2923 {aciei
767 2863 886 2917 tute,
910 2853 960 2907 id
988 2862 1090 2919 est,
1118 2854 1170 2907 in
1197 2862 1404 2905 secreto
1427 2853 1605 2923 cordis
1625 2867 1834 2916 eorum,

252 2925 320 2975 ad
350 2922 620 2991 justitiam
656 2923 947 2989 credentis,
996 2926 1083 2977 ubi
1118 2924 1306 2978 faciem
1337 2930 1481 2975 tuam
1521 2922 1833 2976 absconsam

259 2995 639 3058 conspiciunt,
669 3006 723 3047 et
743 2996 821 3048 sic
851 3003 1081 3063 proteges
1109 3009 1192 3047 eos
1214 2994 1267 3045 in
1296 2993 1622 3046 tabernaculo
1650 3001 1755 3057 tuo,
1783 3002 1838 3049 et

254 3064 492 3131 reliqua.
529 3066 717 3119 Solent
754 3068 897 3120 cnim
927 3065 1094 3119 sancti
1125 3064 1221 3118 viri
1248 3072 1303 3117 et
1332 3063 1568 3132 perfecti,
1605 3075 1725 3115 cum
1757 3064 1835 3118 eis

254 3135 561 3189 insiiltatur
600 3149 629 3187 a
669 3136 849 3203 malis,
898 3145 952 3189 et.
1002 3137 1167 3188 multa
1220 3134 1502 3201 opprobria
1531 3133 1831 3203 rdicuiitur,

254 3209 510 3271 recipere
541 3219 599 3258 se
629 3206 681 3258 in
710 3202 884 3260 cordis
910 3215 1201 3267 secretum,
1235 3206 1322 3257 ubi
1353 3202 1634 3256 dulcedine
1658 3205 1833 3259 vultus

260 3274 487 3327 Domini
533 3275 891 3340 obiectantur,
923 3286 977 3330 et
1008 3278 1156 3340 quasi
1188 3291 1305 3328 cum
1348 3274 1462 3343 ipso
1494 3272 1718 3327 Domino
1763 3277 1839 3327 fa-

253 3345 550 3399 miliariter
580 3346 956 3416 loqiiuntur,et
976 3348 1043 3402 ab
1065 3350 1178 3416 ipso
1206 3356 1388 3401 contra
1413 3359 1625 3398 omnem
1660 3345 1838 3399 turba-

254 3417 464 3469 ιίοιιειιι
498 3418 900 3471 confirmantur.

336 3483 647 3540 Benedictus
681 3486 945 3541 Dominus.
978 3488 1263 3554 Postquam
1302 3484 1560 3552 perfectus
1584 3484 1663 3536 vir
1692 3492 1835 3539 tanta

254 3554 527 3609 beneﬁcia
561 3558 771 3613 Domini
816 3559 1206 3619 consideravit,
1238 3558 1461 3619 scilicet,
1493 3556 1631 3622 quod
1665 3554 1834 3620 ipsum

253 3630 319 3679 iii
356 3642 416 3679 se
440 3640 743 3693 Sperantem
774 3645 874 3683 ιιοη
902 3631 1171 3695 permittet
1190 3630 1240 3682 iii
1267 3640 1520 3680 teternuni
1548 3624 1831 3689 confundi;

249 3706 318 3768 et
353 3696 493 3768 quod
523 3698 592 3753 de
620 3700 803 3768 laqueo
841 3700 1031 3755 educet
1056 3715 1208 3765 eum,
1256 3706 1310 3751 et
1354 3696 1577 3768 salvabit
1605 3697 1834 3768 animam

253 3766 388 3835 ejus
418 3767 489 3837 de
528 3765 955 3832 necessitatibus,
986 3768 1453 3837 maxime'propter
1491 3767 1561 3829 id,
1586 3766 1725 3837 quod
1751 3765 1836 3837 liic

253 3836 517 3906 proxime
542 3839 694 3903 dixit,
714 3841 961 3909 scilicet,
988 3840 1127 3909 quod
1157 3836 1553 3892 multitudinem
1583 3836 1835 3909 dulcedi-

259 3905 381 3971 nis,
412 3922 571 3973 quam
598 3907 752 3963 malis
777 3905 1076 3971 abscondit,
1103 3909 1413 3964 timentibus
1437 3921 1495 3959 se
1522 3905 1831 3969 reservavit,

252 3988 320 4032 ει
353 3978 595 4046 perficiet
619 3980 830 4034 tandem
854 3997 970 4035 eam
1002 3983 1283 4034 manifeste
1308 3976 1651 4047 Sperantibus
1676 3980 1726 4030 in
1753 3991 1830 4041 se,

254 4064 407 4115 quos
437 4063 580 4103 nunc
623 4052 812 4104 iterum
854 4052 904 4105 in
947 4052 1289 4105 tabernaculo
1327 4046 1425 4102 suo
1451 4046 1709 4117 protegit;
1741 4061 1835 4115 pro

257 4118 379 4182 his,
429 4119 664 4188 inquam,
691 4121 938 4174 omnibus
958 4121 1122 4175 dicit:
1148 4119 1449 4175 Benedictus
1465 4126 1535 4172 sit
1563 4117 1832 4188 Dominus,

258 4190 317 4241 iit
358 4198 458 4251 est,
484 4186 755 4245 exaltatus
794 4200 849 4244 et
886 4202 1069 4245 auctus
1116 4192 1166 4245 in
1198 4189 1449 4244 membris
1488 4190 1598 4243 suis
1626 4190 1697 4243 sit
1720 4186 1835 4241 Do-

255 4261 475 4314 mitius.
508 4260 571 4313 Et
599 4263 721 4329 quia
765 4264 1008 4328 superius
1031 4261 1223 4316 diﬂuse
1264 4262 1402 4314 dicta
1435 4259 1664 4323 fuerant,
1709 4259 1833 4313 bre-

260 4332 505 4400 sitergea
537 4331 799 4400 recolligit
828 4332 1012 4386 dicens
1042 4350 1057 4387 :
1097 4334 1348 4398 Quoniam
1379 4331 1700 4400 miri/icavt't,
1726 4340 1831 4383 etc.

258 4398 438 4466 Quasi
478 4401 657 4455 dieat:
691 4398 875 4457 Merito
915 4403 1037 4457 dico
1084 4402 1393 4458 benedictus
1439 4401 1508 4454 sit
1557 4399 1830 4466 Dominus,

256 4472 511 4539 quoniam
549 4471 663 4539 ipse
712 4474 848 4527 hanc
892 4488 1037 4525 suam
1082 4473 1481 4527 misericordiam
1526 4471 1829 4537 prtedtctaiii

258 4541 561 4607 miri/ienuit
584 4581 599 4605 ,
641 4542 692 4596 id
721 4550 822 4607 est,
870 4543 1151 4597 miriﬁcam
1181 4553 1232 4598 et
1270 4542 1674 4597 desiderabilem
1706 4540 1831 4595 fouit

259 4612 403 4663 inibi
436 4611 668 4678 perfecto
698 4616 833 4681 viro,
872 4624 928 4669 et
961 4614 1012 4666 iii
1044 4628 1129 4668 me
1149 4625 1201 4667 et
1228 4615 1444 4667 iii-meis
1472 4610 1829 4674 consortibus,

258 4696 500 4749 quorum
534 4684 649 4736 vice
692 4684 899 4752 loquor.
951 4682 1223 4738 Perfectus
1268 4684 1411 4738 enim
1461 4683 1547 4736 bic
1574 4684 1649 4735 vir
1679 4683 1831 4751 quasi

260 4767 372 4818 pro
395 4760 506 4803 toto
524 4765 750 4819 corpore
775 4754 1025 4808 Ecclesiae
1046 4757 1321 4822 accipitur.
1354 4759 1418 4807 tat
1441 4769 1544 4806 non
1573 4755 1623 4806 in
1650 4753 1833 4821 paucis

258 4822 405 4875 iiiiiii
442 4837 559 4875 eam
592 4824 908 4891 miriﬁcam,
941 4824 1033 4878 sed
1074 4827 1126 4876 in
1166 4826 1363 4878 civitate
1403 4824 1618 4886 inunita,
1646 4826 1695 4876 id
1725 4835 1826 4886 εει,

258 4892 319 4945 iii
361 4894 700 4948 multitudine
747 4896 1015 4961 Ecclesiae,
1059 4911 1177 4962 qua:
1219 4897 1417 4949 munita
1451 4906 1564 4957 est;
1600 4895 1679 4947 vel
1709 4895 1829 4961 quia

261 4964 642 5035 popttlosacsl.
672 4967 808 5018 sicut
839 4966 1080 5019 civitates
1112 4970 1384 5035 populosa:
1425 4975 1545 5017 sunt
1579 4965 1828 5035 "inuitae;

258 5034 350 5084 vel
383 5033 504 5104 quia
533 5033 657 5094 (ide,
682 5050 796 5104 spe,
825 5033 1373 5104 cliaritateftanquaiii
1402 5034 1828 5104 prapugnaculis,

260 5103 585 5171 protegitur.
632 5105 797 5159 Habet
842 5107 943 5159 alia
1003 5103 1276 5159 translatio
1323 5123 1334 5157 :
1380 5104 1444 5158 lii
1486 5103 1682 5156 civitate
1728 5105 1829 5156 cir-

255 5174 607 5245 cumstantiae.
637 5175 787 5242 Quod
836 5177 1019 5230 beatus
1059 5176 1383 5245 Augustinus
1433 5174 1769 5245 sicicxpouit
1814 5190 1826 5224 :

256 5243 410 5298 Dicit
434 5246 572 5311 quod
598 5247 784 5301 civitas
805 5243 1216 5299 circumstantiae
1237 5246 1362 5299 olim
1387 5248 1485 5299 iuit
1508 5244 1828 5307 Jerusalem,

257 5328 431 5381 quam
462 5326 648 5381 gentes
683 5317 913 5384 undique
948 5319 1384 5381 circumstabant,
1416 5314 1502 5369 ubi
1529 5322 1647 5367 erat
1673 5325 1723 5365 et
1747 5326 1830 5365 sa-

256 5385 572 5438 cerdotium
596 5396 649 5439 et
671 5391 947 5453 templum,
974 5388 1137 5440 etubi
1166 5386 1424 5440 sacrificia
1450 5385 1828 5447 oll‘erebantur,

257 5469 317 5508 et
374 5463 666 5521 prepbetta:
722 5459 1164 5520 declarabantur;
1224 5456 1313 5510 ubi
1360 5459 1519 5509 etiam
1580 5454 1831 5507 Dominus

265 5525 604 5592 praedicavit,
629 5528 829 5589 docuit,
856 5528 1109 5580 miracula
1140 5526 1285 5593 fecit,
1320 5540 1503 5595 passus
1526 5534 1626 5587 est,
1654 5538 1832 5578 resur-

262 5596 430 5658 rexit,
479 5598 737 5650 ascendit.
784 5596 888 5652 Sed
933 5597 1197 5665 quoddam
1252 5599 1406 5665 longe
1453 5595 1834 5665 digniusipom

263 5666 389 5717 lia-c
419 5669 593 5719 omnia
621 5667 769 5733 fecit,
797 5664 1022 5730 scilicet,
1055 5667 1193 5735 quod
1226 5664 1642 5721 misericordiam
1673 5664 1829 5718 Citri-

261 5735 332 5787 sti
367 5737 447 5807 sui
480 5734 634 5807 infra
688 5738 833 5791 illum
884 5734 1135 5807 populum
1179 5746 1423 5806 tanquam
1473 5737 1524 5790 iii
1568 5749 1694 5788 vase
1727 5749 1828 5807 non

267 5805 517 5875 permisit
545 5809 742 5876 claudi,
776 5804 898 5879 sed,
928 5804 1069 5864 velut
1100 5804 1453 5874 f:acto’vase,
1487 5820 1677 5863 nomen
1719 5804 1834 5871 ejus

1953 540 2101 614 fecit,
2147 544 2277 609 quia
2324 540 2579 614 Spiritum
2612 552 2849 614 sanctum
2891 544 2957 597 de
2999 540 3176 601 caelis-
3200 546 3359 614 misit,
3403 566 3512 611 quo

1951 611 2113 664 corda
2144 612 2504 677 apostolorum
2536 611 2686 681 quasi
2715 613 2954 678 quaedam
3001 618 3195 671 robora
3245 611 3511 681 accendit,

1956 692 2009 752 et
2044 694 2138 748 pt-r
2168 680 2288 752 illos
2315 680 2769 750 geiitium’silvam
2812 685 3042 752 undique
3073 686 3323 741 incendit.
3361 680 3511 744 Unde

1954 750 2039 803 hic
2066 760 2210 804 recte
2230 750 2443 813 dicitur,
2476 752 2613 820 quod
2643 752 2895 807 Dominus
2924 750 3325 810 misericordiam
3366 776 3515 813 suam

1951 821 2001 873 in
2026 822 2223 873 civitate
2242 823 2455 883 munita,
2492 823 2541 875 id
2570 831 2653 875 est
2684 822 2960 889 populosa,
2991 827 3298 883 miri/ienuit.

2025 889 2132 957 Ego
2168 900 2337 943 autent
2380 891 2490 944 diri
2531 895 2583 945 in
2627 908 2851 949 excessu.
2888 894 3012 946 Dico
3046 910 3059 948 :
3090 894 3395 950 Benedictus
3445 899 3518 952 sit

1950 960 2195 1014 Dominus
2216 1003 2230 1025 ,
2259 963 2503 1029 quoniam
2531 962 2815 1030 miriﬁcavit
2846 964 3245 1018 miscricordiam
3283 984 3427 1019 suam
3459 969 3511 1021 in

1948 1032 2145 1084 civitate
2188 1033 2422 1092 munita;
2452 1040 2504 1085 et
2550 1042 2726 1085 tamen
2771 1048 2870 1100 ego
2914 1034 2964 1086 in
2998 1034 3095 1087 hac
3141 1035 3510 1091 inirificatioue

1949 1117 1993 1166 p'
2018 1101 2152 1156 situs
2200 1102 2253 1155 in
2284 1115 2532 1165 excessu,
2583 1101 2634 1156 id
2663 1112 2740 1154 est
2767 1145 2782 1168 ,
2832 1102 2882 1154 in
2911 1105 3103 1157 ecstasi
3134 1109 3327 1159 mentis
3358 1121 3511 1168 mete,

1948 1185 2044 1238 pro
2075 1185 2268 1237 pavore
2297 1172 2502 1224 scilicet
2528 1173 2947 1237 tribulationum,
2982 1187 3133 1241 quas,
3166 1186 3220 1229 ut
3264 1177 3376 1230 lucc
3407 1174 3510 1229 mi-

1949 1241 2170 1295 rificatio
2202 1258 2296 1309 per
2328 1255 2412 1294 me
2442 1243 2609 1307 fieret,
2645 1242 2746 1295 vidi
2777 1241 3057 1298 saevituros
3079 1244 3128 1297 in
3161 1260 3269 1306 me,
3296 1256 3350 1300 et
3378 1261 3508 1300 con-

1946 1322 2118 1365 sortes
2141 1327 2309 1379 meos,
2363 1327 2467 1365 non
2513 1313 2686 1365 solum
2717 1325 2745 1365 a
2778 1314 3205 1378 persecutoribus
3245 1318 3505 1380 exterius,

1945 1382 2037 1433 sed
2070 1386 2231 1436 etiam
2272 1381 2492 1436 interius
2536 1397 2563 1434 ιι
2598 1382 2747 1435 falsis
2791 1383 3059 1447 fratribus,
3090 1393 3144 1438 et
3170 1386 3289 1439 ideo
3313 1387 3509 1441 timens

1947 1448 2220 1517 impedire,
2254 1452 2361 1505 dixi
2387 1468 2399 1503 :
2429 1452 2667 1524 Domine,
2699 1454 2953 1524 projectus
2980 1468 3093 1506 sum
3118 1471 3149 1508 a
3174 1456 3306 1523 [acie
3329 1454 3508 1509 oculo-

1945 1536 2057 1572 rum
2084 1531 2311 1578 tuorum.
2345 1523 2504 1587 Quasi
2536 1523 2677 1575 dicat
2710 1541 2723 1575 :
2757 1523 2884 1575 Mala
2929 1536 3048 1587 quae
3088 1525 3138 1577 in
3170 1541 3255 1579 me
3283 1528 3510 1580 smviunt

1944 1591 2233 1644 ostendunt
2260 1607 2344 1645 me
2374 1593 2617 1646 amisisse
2645 1591 3026 1648 misericmdite
3058 1605 3160 1648 tute
3189 1597 3506 1650 contuituiii.

1946 1659 2074 1732 _Nam
2102 1661 2147 1732 si
2180 1676 2264 1715 me
2311 1664 2633 1729 respiceres,
2682 1678 2784 1714 non
2834 1678 2920 1717 me
2949 1672 3092 1717 tanta
3138 1666 3243 1732 pati
3275 1667 3502 1720 sineres.

1948 1729 2079 1782 Dcit
2111 1731 2293 1784 beatus
2340 1733 2666 1797 Augustinus
2708 1732 2846 1800 quod
2878 1748 2941 1786 ex
2990 1735 3090 1788 boc
3120 1729 3237 1788 loco
3265 1738 3503 1788 occasio-

1872 1818 1916 1878 Β
1946 1814 2064 1878 item
2092 1800 2273 1854 habuit
2294 1801 2481 1878 psalmi
2510 1802 2715 1864 titulus,
2740 1804 2860 1869 quia
2885 1804 3095 1878 ponitur
3122 1804 3205 1857 hic
3231 1819 3501 1878 excessus.

1946 1870 2009 1922 Et
2039 1879 2210 1938 potest
2241 1872 2442 1940 reliqua
2487 1885 2697 1940 quoque
2742 1887 2863 1939 pars
2898 1874 3124 1927 exstasis
3144 1913 3159 1937 ,
3187 1874 3408 1936 scilicet,
3439 1874 3505 1928 ad

1944 1954 2177 2006 superna
2204 1942 2464 2007 intentio,
2497 1942 2583 1995 bic
2625 1943 2830 2005 notari,
2860 1943 2903 1997 si
2934 1945 3012 1998 sic
3040 1945 3245 1997 dicatur
3277 1961 3290 1996 :
3318 1941 3429 2011 Ego
3451 1944 3505 1997 in

1941 2025 2153 2063 excessu
2178 2012 2357 2064 mentis
2385 2026 2511 2065 mea:
2534 2011 2757 2079 positus,
2787 2013 2836 2064 id
2867 2021 2970 2078 est,
3003 2014 3268 2067 excedens
3299 2028 3385 2068 me
3415 2014 3510 2068 ho-

1942 2082 2138 2132 minem
2162 2123 2175 2145 ,
2206 2091 2262 2134 ut
2292 2081 2668 2135 siiblimitatem
2719 2082 3100 2137 misericordia:
3129 2095 3231 2137 tute
3261 2083 3500 2137 attende-

1942 2164 2073 2210 rein,
2101 2152 2208 2203 disi
2239 2167 2258 2204 :
2282 2151 2516 2216 Domine,
2561 2154 2815 2222 projectus
2844 2168 2954 2204 sum
2985 2169 3014 2205 a
3047 2153 3201 2222 facie,
3237 2164 3368 2220 etc.,
3400 2168 3505 2208 non

1940 2234 2057 2274 sum
2088 2221 2277 2289 dignus
2308 2231 2450 2275 tanta
2482 2230 2567 2276 tua
2601 2221 2963 2276 misericordia
2995 2231 3051 2275 ut
3082 2224 3243 2288 prius.

2014 2288 2438 2345 ldeo'ea'audisti.
2487 2293 2598 2361 Ego
2626 2290 2765 2361 quod
2797 2307 3017 2361 iion_me
3057 2294 3243 2356 extuli,
3283 2292 3375 2348 sed
3405 2292 3505 2346 hii-

1941 2361 2157 2424 miliavi,
2211 2372 2264 2415 et
2316 2359 2563 2417 acetisavi
2612 2359 2840 2417 dicens:
2875 2359 2989 2432 Ego
3029 2364 3288 2430 projectus
3335 2380 3445 2417 sum
3477 2380 3507 2418 α

1940 2432 2069 2500 facie
2111 2433 2377 2485 oculorum
2418 2442 2640 2486 tuorum.
2685 2434 2749 2485 Et
2797 2432 2849 2486 itt
2883 2433 3039 2486 tantis
3071 2433 3500 2487 tribulationibus

1938 2503 2170 2557 clamare
2209 2504 2275 2556 ad
2309 2514 2359 2558 te
2410 2518 2503 2569 pro
2543 2502 2643 2556 hac
2690 2503 3031 2558 tribulatione
3060 2520 3163 2555 non
3196 2502 3412 2563 dedisti,
3446 2515 3501 2557 et

1940 2571 2058 2625 ideo
2109 2581 2162 2627 tu
2215 2573 2469 2627 exaudiui
2517 2588 2687 2626 vocem
2734 2574 2980 2625 orationis
3020 2587 3145 2625 mete
3178 2581 3229 2625 et
3262 2587 3497 2625 meorum

1938 2646 2261 2695 consortium
2294 2642 2418 2695 dum
2440 2645 2713 2697 clamarem
2744 2645 2811 2695 ad
2840 2652 2905 2707 te,
2933 2644 2981 2695 id
3009 2652 3110 2704 est,
3139 2643 3255 2705 quia
3281 2641 3501 2694 clamavi

1939 2727 2042 2763 non
2072 2728 2184 2777 ore,
2218 2712 2311 2767 sed
2340 2714 2515 2766 eordis
2547 2713 2861 2778 intentione,
2891 2713 2955 2765 ad
2982 2724 3032 2767 te
3064 2712 3347 2765 Dominum
3389 2720 3503 2765 tan-

1940 2792 2071 2842 tum,
2106 2797 2207 2836 non
2238 2784 2302 2835 ad
2334 2785 2497 2839 aliud.

2009 2850 2219 2923 Diligite
2252 2853 2546 2920 Dominum,
2572 2869 2742 2908 omnes
2772 2852 2936 2906 sancti
2964 2853 3093 2922 ejus.
3126 2850 3394 2923 Perfectus
3424 2851 3503 2905 vir

1936 2921 2187 2991 expertus
2231 2924 2582 2980 humilitatem
2623 2925 2673 2977 in
2709 2921 3069 2977 tribulatione.
3102 2923 3162 2973 Ει
3193 2924 3330 2988 quod
3362 2921 3500 2975 Deus

1937 2991 2109 3060 ipsum
2138 2994 2456 3048 clamantem
2504 2997 2567 3048 ad
2617 3008 2676 3049 se
2712 2995 3000 3059 exaudivit,
3048 2996 3289 3045 hortatur
3318 3007 3414 3047 nos
3445 3003 3502 3047 ut

1936 3077 2056 3116 eum
2092 3065 2360 3118 imitantes
2407 3066 2697 3119 clamemus
2740 3067 2803 3118 ad
2834 3063 3135 3126 Dominum,
3165 3062 3387 3117 dicens:
3419 3062 3508 3116 Di-

1941 3133 2082 3200 ligite
2124 3150 2228 3189 non
2260 3150 2372 3199 vos,
2408 3137 2494 3189 vel
2527 3138 2801 3198 mundum,
2848 3136 2941 3187 sed
2971 3134 3165 3202 diligite
3207 3133 3501 3197 Dominum,

1940 3203 1990 3257 id
2018 3213 2119 3267 est,
2154 3207 2381 3260 clamate
2410 3206 2475 3259 ad
2521 3208 2825 3259 Dominum.
2872 3205 2964 3258 Ille
2990 3218 3131 3257 enim
3161 3217 3285 3256 vere
3309 3204 3508 3256 clamat

1938 3274 2003 3326 ad
2038 3274 2315 3330 Dominum
2344 3315 2359 3338 ,
2390 3277 2477 3344 qui
2522 3275 2814 3330 contemnit
2856 3274 3131 3336 mundum,
3182 3280 3236 3325 et
3282 3275 3510 3344 abnegat

1938 3345 2193 3412 seipsum.
2228 3340 2455 3416 Diligite,
2484 3346 2623 3411 dico,
2653 3360 2825 3397 omnes
2868 3359 2959 3416 per
2990 3347 3088 3416 hoc
3135 3343 3293 3395 futuri
3322 3340 3509 3416 sancti

1936 3417 2071 3481 eius,
2092 3428 2144 3470 et
2167 3412 2369 3471 debetis
2389 3417 2630 3486 diligere,
2653 3416 2895 3486 quoniam
2923 3412 3168 3486 Dominus
3195 3412 3409 3486 requiret
3434 3427 3514 3466 t'e-

1938 3488 2156 3569 Tltllc’n‘l,
2253 3496 2353 3568 est,
2377 3482 2509 3539 lianc
2530 3482 2707 3537 verum
2725 3485 3063 3537 dilectionem
3081 3482 3349 3569 ubi‘possit
3366 3485 3512 3537 inve-

1939 3555 2058 3609 niri.
2092 3558 2225 3623 Quid
2258 3556 2399 3610 enim
2432 3561 2606 3610 verius
2643 3570 2800 3625 quam
2831 3565 3127 3608 creaturam
3165 3554 3468 3606 Creatorem
3489 3595 3506 3618 ,

1937 3640 2054 3693 qua:
2085 3644 2178 3680 nec
2210 3642 2307 3697 per
2330 3641 2389 3680 se
2408 3634 2593 3697 petest
2619 3624 2939 3697 subsistere,
2966 3639 2993 3675 a
3014 3638 3119 3692 quo
3142 3625 3333 3692 pendet
3350 3636 3508 3677 suum

1936 3712 2076 3760 esse,
2108 3696 2349 3766 diligere.
2392 3696 2645 3765 nequiret,
2680 3696 2914 3766 inquam,
2938 3699 3216 3758 veritatem,
3246 3701 3300 3747 et
3329 3707 3505 3766 remu-

1940 3769 2145 3821 nerabit
2166 3762 2326 3821 etiam
2357 3762 2638 3821 falsitatem
2659 3807 2674 3831 ,
2705 3762 2826 3834 quia
2866 3766 3164 3833 {actentibus
3194 3762 3504 3834 superbiam,

1938 3837 1987 3888 id
2017 3848 2118 3902 est,
2143 3852 2472 3907 quaecunque
2496 3832 2994 3907 peccata,'superbia
3016 3838 3156 3907 enim
3180 3832 3499 3903 principium

1936 3918 2017 3959 est
2046 3912 2220 3961 omnis
2251 3905 2475 3976 peccati,
2506 3916 2557 3961 et
2592 3911 2692 3961 hoc
2717 3905 3055 3969 abundanter,
3097 3905 3146 3957 id
3188 3913 3504 3976 est,gperse-

1938 3988 2211 4046 vei-auter;
2253 3973 2395 4042 illis,
2438 3980 2689 4046 inquam,
2736 3978 2973 4029 retribuet
2999 3988 3094 4043 pro
3142 3973 3342 4046 meritis
3390 3975 3506 4046 suis

1942 4044 2220 4101 Dominus.
2256 4048 2434 4102 I’otcst
2466 4043 2679 4116 quoque
2704 4046 2901 4100 veritas
2930 4046 3026 4100 ista
3048 4054 3263 4116 contra
3298 4043 3503 4116 falsita-

1938 4124 2043 4186 tem
2075 4118 2289 4172 illorum
2320 4114 2497 4183 accipi
2521 4120 2589 4171 de
2614 4119 2807 4186 quibus
2838 4129 2995 4185 supra
3026 4114 3159 4170 dixit
3186 4132 3198 4166 :
3232 4114 3334 4180 Qui
3369 4115 3510 4168 vide-

1936 4184 2053 4238 bant
2102 4202 2204 4255 nte,
2237 4192 2377 4255 [oras
2416 4184 2675 4258 fugerunt,
2706 4195 2760 4240 et
2800 4184 2933 4258 quos
2981 4195 3133 4240 notos
3177 4188 3260 4240 vel
3302 4186 3501 4258 vicinos

1935 4261 2148 4329 vocavit.
2196 4257 2526 4329 Etsuperbia
2559 4259 2713 4327 plane
2737 4259 2787 4310 in
2811 4257 3010 4329 eisdem
3026 4257 3497 4329 contemnentibus

1937 4328 2192 4383 unitatem
2219 4326 2411 4384 notari.
2440 4326 2571 4382 Nam
2599 4338 2655 4382 et
2680 4328 2890 4381 illorum
2922 4326 3203 4380 falsitatem
3229 4337 3282 4378 et
3310 4326 3501 4377 verita-

1937 4405 2041 4469 tem
2072 4413 2255 4453 eorum
2301 4401 2389 4469 qui
2430 4407 2643 4453 servant
2682 4397 2969 4469 unitatem,
2995 4396 3228 4469 _tan_deiii
3259 4394 3507 4469 discutiet

1941 4466 2193 4524 Dominus
2215 4511 2230 4534 ,
2259 4464 2332 4525 et'
2352 4478 2630 4537 utramque
2674 4466 3055 4522 remunerabit.
3087 4466 3150 4537 Et
3193 4478 3259 4517 ne
3290 4464 3502 4537 longum

1864 4525 1914 4585 D
1942 4525 2228 4594 videretur,
2258 4542 2358 4594 hoc
2404 4525 2721 4606 exspectare
2764 4538 3009 4599 infirmis,
3050 4535 3171 4603 quia
3215 4549 3317 4585 non
3349 4525 3504 4601 dixit,

1939 4609 2215 4683 retribuit,
2256 4611 2349 4665 sed
2381 4612 2617 4683 retribuet
2643 4608 2938 4683 ,_Iiortaiu_r
2963 4618 3059 4659 eos
3099 4606 3284 4657 dicens
3302 4610 3374 4683 _ut
3419 4618 3507 4671 pa-

1938 4679 2129 4733 tienter
2172 4672 2498 4748 exspectent.
2554 4672 2780 4732 Virilitei'
2832 4678 3025 4748 agitet
3053 4683 3108 4729 et
3134 4689 3236 4727 non
3284 4672 3406 4727 dico
3439 4689 3509 4748 _in

1934 4764 2182 4817 corpore,
2207 4743 2299 4802 sed
2326 4766 2415 4803 cor
2436 4757 2655 4802 vestrum
2676 4743 2994 4814 confortetur
3014 4744 3066 4797 in
3091 4743 3511 4817 perseverantia,

1936 4834 2004 4874 ne
2033 4813 2178 4873 'sitis'
2214 4824 2457 4873 manibus
2504 4813 2799 4878 dissolutis,
2831 4825 2886 4870 et
2924 4816 3144 4883 genibus
3194 4813 3506 4867 debilitatis.

1939 4890 2043 4943 \‘os
2086 4891 2205 4944 dicit
2256 4906 2428 4943 omnes
2471 4889 2557 4956 qui
2602 4897 2815 4957 speratis
2862 4888 2915 4938 iii
2958 4886 3199 4957 Domino,
3231 4887 3355 4952 quia
3382 4899 3509 4937 vere

1934 4959 2152 5027 diligitis
2193 4975 2338 5018 eum.
2386 4954 2672 5015 Sciendum
2706 4959 2844 5027 quod
2894 4961 3128 5024 psalmus
3183 4954 3305 5019 iste,
3350 4968 3507 5021 quem

1935 5031 2261 5100 Augustinus
2291 5040 2345 5100 et
2376 5030 2723 5100 Cassiodorus
2767 5030 2981 5089 secuti,
3033 5028 3085 5078 iii
3119 5039 3343 5089 persona
3380 5040 3501 5093 pei-

1936 5098 2056 5174 fecti
2088 5102 2181 5153 viri
2215 5098 2500 5170 cujuslibet
2531 5101 2771 5174 legimus.
2819 5100 2872 5150 In
2919 5109 3145 5174 persona
3168 5109 3392 5174 quoque
3418 5108 3506 5174 ca-

1937 5171 2057 5239 pitis
2099 5164 2299 5239 partiui
2328 5184 2423 5238 pro
2460 5184 2540 5233 se,
2583 5164 2779 5241 partim
2831 5183 2926 5241 pro
2956 5165 3208 5241 membris
3234 5164 3380 5241 suis,
3432 5164 3507 5241 lo-

1933 5234 2166 5308 quentis,
2195 5256 2225 5294 a
2266 5234 2605 5310 quibusdam'
2624 5239 2834 5306 legitur,
2863 5238 3012 5303 juxta
3041 5236 3180 5310 quod
3211 5234 3406 5310 titulus.
3425 5234 3503 5290 sic

1934 5302 2226 5376 exponetur
2262 5302 2415 5363 {iste
2448 5302 2941 5378 psaluiiis'refertur
2973 5302 3077 5359 non
3117 5302 3182 5355 ad
3222 5302 3504 5355 historiam

1933 5382 2026 5434 sed
2061 5386 2110 5435 in
2143 5382 2320 5445 linem,
2348 5382 2395 5433 id
2428 5391 2532 5443 est,
2558 5382 2608 5432 iii
2636 5380 3034 5449 perfectionem,
3068 5378 3354 5449 attributus
3380 5383 3507 5449 vero

1938 5450 2123 5517 Darid,
2157 5455 2205 5505 id
2236 5444 2336 5513 est,
2370 5452 2550 5516 capiti.
2583 5444 2844 5512 Psaltuus,
2877 5447 3016 5517 dico,
3047 5444 3219 5495 dictus
3249 5454 3316 5495 an
3351 5456 3417 5493 eo
3448 5444 3499 5493 i.i

1937 5521 2052 5589 ipso
2084 5514 2344 5589 passionis
2387 5514 2555 5589 agone
2589 5535 2685 5586 pro
2714 5515 2934 5577 ecstasi,
2967 5514 3015 5566 id
3042 5521 3144 5589 est,
3181 5528 3275 5578 pro
3307 5525 3499 5579 pavore

1936 5583 2147 5655 mortis,
2178 5607 2281 5644 non
2312 5583 2451 5662 quod
2484 5592 2562 5644 fas
2591 5583 2663 5642 sit
2707 5589 2999 5654 intelligere
3045 5583 3306 5635 ullatenus
3345 5597 3408 5662 ex
3437 5597 3496 5635 se

1937 5673 2160 5714 mortem
2196 5664 2456 5725 titiiuiSse,
2485 5662 2578 5715 sed
2626 5668 2825 5712 tantum
2855 5672 2918 5710 ex
2949 5665 3128 5707 nostra
3159 5666 3317 5721 quam
3357 5667 3407 5705 ιιι
3438 5667 3496 5705 se

1939 5730 2325 5804 transﬁguravit
2357 5732 2683 5804 inﬁrmitate,
2709 5736 2766 5782 ut
2803 5728 2931 5804 alibi
2958 5726 3156 5777 dictum
3195 5732 3294 5804 est.
3321 5725 3389 5775 Et
3418 5731 3501 5775 est

1935 5805 2085 5866 quasi
2118 5802 2259 5858 dicat
2292 5821 2302 5856 :
2339 5805 2557 5860 Domine
2584 5803 2760 5865 Pater,
2794 5798 2960 5852 Adam
3001 5798 3235 5866 speravit
3263 5798 3315 5849 iu
3339 5809 3422 5862 se,
3449 5804 3507 5848 et
