3922 6190
382 325 493 383 659

880 328 1085 384 ΒΕῸΑΞ
1128 329 1577 387 V‘ENERABILIS
1614 329 1765 385 OPP.
1806 327 1987 384 PARS
2019 326 2082 383 I1.
2105 327 2296 384 SECT.
2326 328 2390 385 ll.
2419 357 2491 370 —
2518 327 2719 385 DUBIA
2763 328 2851 384 ET
2890 325 3166 387 SPURIA.

3527 332 3631 385 (iii)

388 442 515 496 ideo
538 439 788 497 confusus
819 452 894 493 est
925 460 938 506 ;
968 456 1067 509 ego
1097 451 1272 496 autem
1304 443 1503 509 speravi
1530 444 1581 495 in
1612 454 1659 496 te
1680 483 1693 504 ,
1724 449 1780 494 et
1824 442 1943 496 ideo
1980 447 2021 500 Α
2052 449 2353 507 appeteret,
2393 455 2565 508 neque
2593 455 2717 494 caro
2738 441 2806 495 ita
2834 442 3031 509 fragilis
3061 452 3222 504 eSset,
3257 443 3299 496 si
3324 442 3493 497 Adam
3521 461 3631 499 non

388 514 487 567 etsi
535 513 715 565 videar
752 513 815 563 ad
849 512 1029 566 horam
1055 512 1303 564 contrusus
1328 514 1392 564 ab
1418 513 1641 565 inimicis
1671 513 1821 574 meis,
1844 514 1955 570 lucc

389 580 633 636 confusio
660 592 836 633 t:unen
867 598 967 634 non
1000 581 1101 635 erit
1139 583 1423 634 aeternalis.
1456 584 1517 635 lit
1544 592 1597 635 ut
1621 598 1720 634 non
1744 587 1958 651 confun-

392 653 489 705 dar
511 654 559 703 in
586 661 848 711 a'ternum,
894 652 1048 703 (ibt-ra
1080 668 1176 716 me,
1213 651 1447 712 Domine,
1491 653 1537 705 id
1570 665 1669 714 est,
1702 658 1957 711 resuscita

394 737 478 775 me
509 737 608 773 non
642 723 693 773 in
736 722 936 785 juSIitia
979 738 1116 785 mea,
1147 723 1237 773 sed
1268 723 1319 774 in
1350 732 1433 773 tua
1470 725 1675 793 justitia
1701 764 1713 781 ,
1741 738 1842 790 qua
1876 743 1960 778 me

402 793 686 843 immunem
718 806 745 843 a
781 794 1007 856 pet-catis
1054 794 1241 844 fecisu.
1279 794 1340 844 Et
1375 806 1426 843 ιιι
1474 794 1612 844 altus
1658 793 1846 845 inclina
1891 798 1959 848 ad

397 878 474 912 me
498 861 744 913 humilem
768 878 939 913 aurem
964 874 1120 924 luant,
1151 864 1198 913 id
1219 873 1319 922 cst,
1345 864 1768 930 propitiationem
1794 872 1958 917 luant.

405 931 467 982 Et
496 934 729 985 accelera
758 942 812 982 ut
840 947 995 984 eruas
1026 948 1109 984 me
1130 975 1142 995 ,
1175 932 1221 983 id
1267 944 1372 998 εει,
1401 942 1455 984 ιιι
1497 948 1599 984 non
1629 932 1843 985 ddieras
1870 950 1955 988 re-

399 1003 780 1052 surrectionem
814 1017 980 1053 meam
1015 1002 1064 1053 ill
1107 1016 1445 1054 communem
1494 1002 1960 1057 leSllI‘NBCllOllClﬂ.

404 1068 469 1122 Et
504 1081 558 1121 ut
586 1072 795 1123 tandem
824 1086 975 1123 eruas
999 1087 1094 1127 me.
1132 1086 1270 1124 nunc
1306 1072 1512 1125 interim
1546 1073 1621 1125 sis
1656 1072 1791 1126 Deus
1832 1089 1965 1140 pru-

405 1151 587 1208 tegens
627 1156 730 1194 me.
769 1141 831 1192 Et
877 1143 950 1193 sis
983 1141 1109 1193 mibi
1148 1142 1341 1195 domus
1370 1142 1553 1209 refuin
1585 1154 1766 1194 contra
1819 1145 1964 1210 ipsos

407 1211 649 1263 inimicos
676 1226 840 1275 turos,
867 1219 924 1262 ut
955 1213 1111 1263 facias
1143 1226 1227 1264 me
1252 1212 1480 1275 salvum,
1511 1212 1559 1263 id
1588 1220 1685 1273 est,
1723 1227 1967 1277 perseve-

407 1291 631 1343 rantem,
663 1296 728 1333 ne
756 1282 822 1332 ab
851 1282 975 1348 ipsis
1008 1284 1236 1347 lrangar.
1272 1283 1337 1334 Et
1367 1286 1555 1334 merito
1595 1296 1621 1331 τι
1656 1292 1708 1334 ιε
1740 1282 1839 1335 boc
1872 1301 1971 1351 pu-

403 1354 571 1416 stulo,
600 1352 837 1416 quoniam
878 1362 931 1402 tu
958 1353 1101 1403 solus
1134 1353 1379 1419 fortitudo
1409 1368 1519 1403 meo
1549 1369 1619 1415 es,
1654 1352 1701 1405 id
1734 1363 1834 1415 est,
1869 1357 1968 1407 lioc

407 1423 545 1489 quod
590 1436 687 1488 ego
715 1433 895 1472 contra
926 1437 1022 1474 eos
1067 1421 1216 1475 l'urtis
1260 1438 1413 1482 sum,
1449 1437 1551 1473 non
1593 1438 1620 1472 ιι
1651 1438 1734 1475 ιιιε
1775 1422 1965 1485 habeo,

407 1491 501 1561 sed
543 1506 571 1542 a
601 1499 670 1543 te.
705 1491 767 1543 Et
788 1501 859 1561 dtu
893 1506 950 1543 es
980 1492 1239 1559 refugium
1273 1507 1472 1561 meum,
1505 1493 1553 1543 id
1587 1500 1698 1554 est,
1735 1508 1841 1545 ιιι-ιι
1869 1509 1967 1561 ρει)

411 1559 539 1613 mibi
570 1576 682 1612 smn
718 1559 976 1623 refugium
1007 1600 1022 1621 ,
1062 1564 1197 1613 sicut
1232 1564 1393 1614 Adam
1427 1560 1520 1613 fuit
1551 1561 1649 1612 sibi
1686 1559 1965 1628 refugium,

409 1632 527 1698 quia
560 1632 747 1694 refugit
774 1632 836 1681 ad
870 1646 948 1693 se,
974 1644 1027 1682 et
1058 1633 1285 1699 perdidit
1316 1647 1393 1684 se.
1424 1632 1531 1699 Ego
1563 1647 1687 1683 vero
1714 1633 1968 1701 refugium

410 1702 475 1752 ad
511 1708 581 1759 te,
611 1712 663 1752 ιιι
691 1701 952 1753 inveniam
983 1716 1093 1753 me.
1124 1701 1183 1753 Et
1215 1711 1267 1753 tu
1311 1701 1529 1753 reduces
1558 1717 1659 1760 uie,
1691 1702 1739 1753 id
1772 1712 1870 1763 est,
1906 1705 1973 1755 de

414 1774 650 1836 angustia
694 1772 895 1823 .ludaitzi
929 1772 1106 1837 populi
1140 1771 1373 1823 dedoces
1426 1772 1663 1823 notitiam
1709 1786 1878 1824 meam
1920 1773 1971 1825 in

414 1840 743 1892 latitudinem
769 1839 1023 1905 gentium.
1064 1841 1124 1892 lit
1145 1840 1218 1892 sic
1248 1841 1464 1894 enutries
1490 1857 1585 1901 me,
1612 1840 1659 1890 id
1693 1850 1793 1903 est,
1826 1843 1976 1907 plura

419 1911 652 1962 nicinbra
682 1910 809 1961 mibi
836 1910 995 1972 capiti
1028 1911 1305 1975 adiunges.
1338 1920 1391 1963 et
1417 1924 1660 1963 crescere
1688 1925 1770 1963 me
1795 1911 1976 1964 iacies.

414 1979 566 2044 Quod
603 1981 775 2031 taliter
806 1980 989 2047 facies,
1015 1979 1237 2043 scilicet,
1269 1981 1547 2034 educendo
1572 1994 1655 2031 me
1682 1994 1773 2041 per
1797 1996 1979 2034 resur-

416 2049 703 2102 reminnem
732 2054 795 2103 de
817 2054 1017 2116 laqueo,
1041 2067 1188 2117 quem
1215 2050 1580 2103 absconderant
1608 2049 1764 2113 mihi,
1792 2050 1842 2102 id
1874 2063 1983 2112 est.

421 2118 489 2171 de
513 2132 700 2180 morte,
730 2135 885 2188 quam
908 2124 1114 2173 occulte
1147 2130 1464 2186 Paravcrunt
1493 2120 1619 2171 mibi
1653 2119 1849 2173 inimici
1878 2121 1982 2174 mei

418 2188 611 2241 .Iuda-i.
637 2189 785 2255 Quod
816 2191 1004 2243 merito
1038 2190 1215 2254 facies,
1244 2190 1489 2258 quoniam
1517 2200 1567 2241 tu
1592 2191 1735 2242 solus
1764 2204 1822 2244 es
1852 2192 1980 2243 milii

421 2266 677 2327 protecttu
706 2276 719 2322 ;
753 2275 850 2328 ego
880 2273 1055 2313 autem
1090 2262 1217 2313 mibi
1254 2276 1371 2313 sum
1403 2261 1645 2328 dejectio.
1684 2260 1745 2312 Et
1784 2261 1903 2327 quia
1930 2271 1982 2313 tu

419 2344 544 2382 vere
565 2330 745 2382 educes
771 2345 867 2391 me,
898 2330 1016 2383 ideo
1038 2344 1225 2384 seciire
1248 2334 1543 2382 commendo
1568 2332 1797 2399 spiritum
1820 2346 1985 2383 meum

422 2399 475 2451 in
505 2416 683 2452 manus
712 2401 963 2467 potentia:
987 2410 1107 2453 tum.
1134 2401 1575 2453 Cotnmcudatum
1608 2401 1747 2453 enim
1776 2401 1985 2468 proprie

422 2479 526 2532 est,
556 2470 694 2531 quod
733 2486 852 2522 cum
882 2485 942 2523 ea
978 2473 1263 2525 securitate
1293 2471 1445 2523 datur
1476 2470 1656 2533 alicui,
1696 2480 1751 2523 ιιι
1771 2471 1986 2538 quando

426 2539 593 2590 voluit
636 2540 725 2606 qui
765 2541 1189 2605 commendavit,
1235 2540 1365 2592 illud
1398 2539 1638 2606 recipiat.
1686 2540 1746 2591 Et
1795 2541 1987 2593 merito

424 2607 521 2661 tibi
548 2612 887 2670 commendo,
914 2614 1033 2677 quia
1068 2621 1120 2662 tu
1150 2610 1341 2663 reddes
1368 2610 1492 2661 uibi
1524 2626 1667 2673 ειιιιι,
1691 2608 1813 2676 quia
1849 2612 1989 2663 redi-

424 2692 540 2731 mes
564 2694 648 2733 me
671 2695 697 2731 τι
734 2690 926 2744 morte,
959 2681 1075 2747 quia
1100 2680 1210 2747 jam
1239 2680 1494 2732 redemisti
1514 2694 1593 2731 me
1618 2694 1708 2745 per
1740 2680 1990 2733 imumni-

432 2757 590 2801 tatem
625 2751 847 2817 pet‘cati,
878 2765 997 2801 cum
1041 2751 1114 2801 sis
1166 2749 1300 2803 Deus
1346 2750 1588 2813 veritatis,
1634 2766 1735 2802 non
1779 2750 1985 2815 fallens,

429 2819 653 2882 scilicet,
682 2820 731 2871 in
759 2821 1047 2887 promissis.
1067 2819 1215 2874 Unde
1232 2822 1389 2873 etiam
1411 2820 1549 2889 quod
1573 2820 1639 2873 de
1667 2835 1780 2873 mea
1809 2833 1991 2873 resur-

430 2889 660 2942 rectioue
700 2904 789 2955 per
814 2891 1098 2958 ριιςιριιειπε
1138 2892 1452 2955 promisisti,
1487 2905 1610 2943 vere
1657 2890 1988 2959 adiniplebis.

506 2959 671 3010 Udiin
692 2978 881 3011 mnnes.
915 2960 955 3012 D
990 2976 1049 3011 us
1075 2961 1285 3027 quidem
1310 2975 1365 3013 es
1385 2960 1646 3022 veritatis,
1674 2961 1767 3013 sed
1801 2975 1903 3012 non
1934 2976 1993 3016 cs

436 3026 576 3081 Deus
599 3027 862 3087 falsitatis,
891 3034 1010 3097 quia
1041 3026 1191 3082 Odisti
1220 3030 1433 3084 Judmos
1459 3030 1773 3083 obserrantes
1796 3030 1993 3083 vanita—

431 3110 554 3160 tem,
581 3100 627 3151 id
666 3112 766 3163 εει,
797 3104 960 3167 magis
985 3103 1226 3155 volentes
1250 3102 1489 3153 amittere.
1514 3102 1865 3153 innocentiam
1897 3115 1989 3169 per

436 3177 658 3220 litortem
690 3186 881 3233 meatu,
916 3187 1070 3239 quant
1105 3186 1190 3225 me
1222 3174 1429 3225 Vth'llle
1458 3171 1679 3238 perdere
1721 3174 1892 3224 locum
1937 3183 1993 3225 et

432 3248 664 3307 gentem.
700 3242 848 3305 Quod
878 3257 1181 3308 supervacue
1214 3241 1429 3302 faciunt,
1462 3241 1583 3308 quia
1617 3250 1789 3293 tamen
1836 3241 1993 3295 amit-

437 3318 550 3362 tcnt
594 3310 763 3363 locum
796 3324 847 3364 et
877 3322 1109 3378 gentem.
1150 3311 1239 3364 Vel
1282 3321 1454 3380 potest
1493 3310 1597 3364 dici
1626 3311 1765 3377 quod
1795 3313 1993 3365 vanita-

433 3389 539 3431 tem
580 3380 745 3433 .luda-i
795 3381 1049 3445 fecerunt,
1088 3382 1298 3449 quando
1337 3383 1531 3435 milites
1570 3382 1633 3433 ad
1683 3384 1989 3449 sepulcrum

430 3452 832 3504 custodiendum
858 3463 1168 3520 posuerunt,
1201 3460 1448 3505 tmentes
1475 3466 1539 3506 ne
1560 3452 1803 3517 discipuli
1830 3453 1996 3506 Domi-

436 3520 609 3572 nicum
636 3538 828 3588 corpus
860 3524 1178 3586 furarentur,
1209 3532 1262 3574 et
1282 3524 1514 3576 dicerent
1550 3523 1687 3588 plebi
1715 3541 1725 3573 :
1760 3524 1995 3576 Surrexit

433 3606 463 3659 ιι
491 3595 718 3645 mortuis.
757 3594 850 3657 ρει·
874 3594 906 3644 d
951 3606 1335 3658 supervacuum
1368 3593 1481 3657 fuit,
1508 3592 1629 3659 quiia
1658 3592 1738 3646 eis
1770 3594 1994 3647 nolenti-

435 3658 529 3711 bus
558 3676 619 3711 ιιι·
650 3677 757 3713 ιιεει
777 3663 1002 3716 ieutibus
1028 3662 1175 3715 tertia
1207 3664 1292 3715 die
1326 3658 1635 3715 resurrexit.

508 3729 615 3801 Ego
641 3744 808 3785 autent
831 3735 881 3785 in
907 3730 1121 3784 Domino
1148 3734 1362 3800 speravi.
1394 3731 1464 3783 Illi
1483 3732 1693 3800 quidem
1713 3731 2003 3787 vanitatem

430 3800 731 3863 observant.
763 3820 889 3871 ergo
919 3814 1093 3855 autem
1126 3820 1228 3855 nun
1267 3803 1495 3857 observo
1531 3805 1842 3866 vanitatem,
1876 3807 1996 3869 quia

432 3871 679 3923 adlncreo
709 3875 933 3927 veritati.
967 3873 1094 3926 Nam
1118 3874 1314 3941 sperari
1342 3874 1392 3925 in
1425 3880 1497 3937 te,
1526 3872 1763 3936 Domine,
1796 3884 1852 3927 et
1879 3874 1998 3927 ideo

433 3943 697 3995 exsultubo
724 3956 769 3997 et
794 3945 1021 4007 ltrtabor,
1052 3944 1100 3996 id
1130 3956 1231 4004 est,
1266 3944 1497 4011 plenarie
1535 3943 1776 4011 gaudebo
1809 3960 1910 3997 non
1943 3945 1998 3998 iu

437 4025 550 4063 mea
588 4013 788 4079 jusitia
812 4056 825 4076 ,
852 4015 943 4067 sed
975 4015 1025 4065 in
1057 4026 1142 4065 tua
1170 4014 1537 4079 misericordia,
1567 4018 1703 4066 sicut
1735 4015 1901 4082 prius.
1933 4015 2000 4068 Et

436 4094 627 4151 lltel'lltt
672 4087 913 4146 gaudebo
957 4086 1005 4133 in
1042 4094 1090 4135 te
1112 4126 1126 4148 ,
1152 4086 1399 4151 quoniam
1441 4086 1575 4136 sicut
1609 4085 1773 4137 Adam
1803 4088 1996 4138 elatum

434 4150 719 4217 despexisti
774 4165 827 4207 et
878 4150 1279 4207 necessitatibus
1338 4154 1517 4207 multis
1569 4156 1872 4220 damnasti,
1926 4155 2000 4208 ita

432 4223 697 4287 respexisti
728 4239 812 4276 me.
853 4224 986 4276 adeo
1024 4222 1385 4289 lnuniliatum,
1418 4235 1472 4276 ut
1515 4238 1611 4277 nec
1659 4226 1929 4279 voluntate
1967 4242 1996 4278 a

439 4297 491 4344 te
522 4294 865 4345 deviaverim.
896 4292 957 4343 Et
980 4294 1183 4344 salvasti
1212 4295 1431 4345 animam
1458 4310 1616 4345 meam
1641 4296 1703 4347 de
1732 4300 2002 4348 necessita-

435 4361 599 4424 tibus,
632 4363 681 4417 id
714 4375 824 4427 εει,
855 4364 922 4417 de
953 4364 1187 4426 peccatis
1216 4364 1462 4418 omnibus
1509 4379 1600 4431 per
1632 4381 1807 4418 veram
1840 4367 1998 4420 inno-

436 4437 661 4485 centiam
695 4435 820 4487 mibi
851 4436 1049 4487 datam.
1083 4433 1144 4486 Et
1181 4450 1283 4487 non
1324 4436 1614 4487 conclusisti
1637 4476 1649 4497 ,
1683 4436 1732 4487 id
1764 4447 1865 4502 est,
1900 4452 1997 4489 nec

435 4504 707 4568 permittes
750 4504 995 4557 concludi
1041 4520 1118 4557 me
1165 4506 1215 4556 in
1264 4505 1492 4557 manibus
1541 4506 1750 4567 inimici,
1794 4509 1841 4560 id
1887 4517 1989 4571 εει,

433 4572 639 4627 Judaici
673 4576 869 4644 populi,
901 4585 955 4627 ut
979 4588 1193 4641 prorsus
1224 4590 1414 4629 nomen
1440 4591 1613 4628 meum
1646 4578 1870 4642 auferat,
1899 4578 1991 4630 sed

429 4645 649 4697 statuisti
684 4645 791 4714 jam
831 4657 884 4698 et
923 4655 1123 4698 statues
1154 4648 1305 4713 pedes
1330 4661 1485 4712 meos,
1520 4646 1568 4698 id
1594 4655 1696 4711 est,
1726 4649 1993 4715 .‘tpOstulOS

437 4728 583 4785 meos
614 4730 708 4784 per
747 4731 880 4781 quos
921 4716 1136 4783 gradior
1178 4717 1230 4768 in
1274 4717 1383 4769 loco
1427 4719 1670 4785 spatioso,
1706 4720 1755 4769 id
1800 4729 1897 4783 est,
1942 4719 1993 4771 in

429 4782 625 4837 dill'usa'
661 4782 1019 4849 multitudine,
1051 4794 1153 4838 tam
1193 4782 1520 4850 .ludaaorum,
1552 4802 1708 4856 quam
1735 4782 1992 4857 gentium,

432 4857 518 4919 qui
553 4857 619 4907 ab
649 4858 725 4909 eis
754 4857 970 4910 verbum
1004 4858 1239 4909 veritatis
1268 4857 1507 4910 audient.

513 4924 749 4979 Miserere
776 4928 888 4991 mei,
922 4925 1077 4978 Deus.
1114 4926 1376 4980 llactenus
1405 4937 1559 4993 caput
1592 4943 1686 4995 pro
1707 4928 1883 4996 seipso
1914 4929 1995 4982 lo-

430 5002 611 5046 cntum
641 5005 741 5060 est,
776 4996 859 5049 bic
890 5006 1065 5049 autem
1094 5012 1189 5064 pro
1220 4999 1331 5050 suis
1354 5001 1602 5065 loquitur.
1630 5001 1791 5064 Quasi
1819 5002 1992 5053 dicat:

438 5066 693 5144 Domine,
725 5068 897 5144 _bonis
934 5067 1222 5144 principiis
1264 5068 1431 5121 bonos
1472 5071 1649 5144 exitus
1691 5070 1889 5137 junge,
1942 5078 1997 5122 et

429 5137 565 5188 sient
593 5137 692 5189 mei
725 5137 774 5188 in
812 5151 897 5190 me
934 5137 1048 5204 ipso
1075 5140 1321 5191 misertus
1347 5154 1425 5198 es,
1471 5139 1538 5190 ita
1567 5141 1723 5191 etiam
1766 5144 1998 5192 miserere

432 5206 529 5257 mei
572 5208 620 5256 iu
671 5208 819 5259 meis.
853 5207 916 5259 Et
944 5220 1075 5272 opus
1103 5215 1212 5270 est,
1244 5210 1488 5275 quoniam
1517 5209 1749 5273 tribulor,
1801 5210 1848 5260 id
1889 5218 1994 5272 est,

433 5276 751 5329 tlibulaulut‘
775 5277 875 5329 mei
909 5277 1047 5329 intus
1074 5288 1121 5329 et
1152 5280 1409 5342 exterius,
1442 5279 1492 5331 in
1534 5281 1721 5346 quibus
1751 5281 1871 5344 quia
1898 5294 1997 5345 ego

431 5360 570 5407 sum,
603 5347 824 5400 tribulor
849 5357 903 5400 et
932 5362 1050 5414 ego.
1089 5347 1151 5398 Et
1178 5350 1276 5400 hoc
1307 5348 1448 5411 ideo,
1476 5365 1595 5415 quia
1626 5350 1805 5401 oculus
1834 5364 1995 5414 meus,

434 5415 483 5468 id
515 5428 617 5483 est,
652 5420 786 5471 ratio
818 5432 1054 5471 nieorum
1087 5420 1396 5470 conturbata
1425 5432 1503 5469 cst
1534 5435 1561 5469 a
1596 5435 1726 5486 puro
1753 5419 1995 5471 contuitu

429 5488 693 5557 veritatis,
724 5504 879 5554 quem
912 5492 1054 5555 prius
1087 5488 1269 5540 habuit
1297 5490 1347 5540 in
1382 5488 1459 5539 ira
1493 5489 1578 5540 illa
1603 5506 1756 5557 quam
1792 5504 1999 5555 praeva-

431 5556 626 5611 ricatur
653 5559 819 5610 Adam
853 5560 1159 5623 promeruit.
1197 5559 1258 5609 Et
1286 5561 1457 5609 anima
1500 5556 1631 5619 una,
1674 5559 1721 5611 id
1750 5568 1846 5620 est,
1873 5573 1998 5610 sen-

435 5628 653 5680 i-ualitas
683 5644 796 5680 mea
827 5638 910 5680 est
934 5632 1094 5680 etiam
1126 5629 1459 5681 conturbata.
1498 5628 1560 5680 Et
1601 5641 1789 5689 venter,
1816 5631 1863 5681 id
1893 5636 1997 5692 est,

434 5693 561 5747 illud
593 5697 732 5763 quod
783 5698 989 5750 tnollius
1019 5700 1069 5749 in
1112 5699 1265 5758 meis,
1316 5698 1538 5759 scilicet,
1575 5714 1701 5752 caro
1735 5702 1842 5763 ipsa
1889 5708 1994 5760 est,

430 5767 766 5821 conturbata.
801 5767 977 5835 Neque
1000 5767 1316 5821 scusualitas
1349 5783 1463 5822 mea
1496 5772 1576 5824 vel
1602 5781 1784 5824 nostra
1812 5770 1993 5823 illicita

2017 3128 2064 3190 C

2063 520 2352 571 peccasset.
2392 511 2455 562 Et
2486 511 2732 563 nimirum
2754 513 2796 564 si
2828 512 2939 565 haec
2962 518 3135 569 omnia
3162 514 3239 566 eis
3261 524 3381 568 sunt
3411 526 3628 569 contur-

2062 580 2205 650 bata,
2248 582 2484 647 quoniam
2514 582 2614 633 vita
2661 581 2771 647 ipsa
2821 596 3082 647 meorum,
3112 599 3229 650 qum
3268 594 3461 637 aeterna
3508 601 3627 639 esse

2061 649 2271 712 debuit,
2307 651 2567 704 delectum
2603 667 2749 713 passa
2786 652 2836 705 in
2877 655 3080 721 dolore,
3129 649 3177 706 id
3209 664 3309 716 est,
3342 656 3393 707 in
3435 656 3514 707 ira
3544 657 3626 708 illa

2065 735 2157 787 pro
2186 737 2286 787 qua
2328 736 2535 787 semper
2567 720 2646 773 eis
2677 722 2958 775 dolendum
2984 727 3098 779 est!
3130 725 3279 789 Quod
3308 726 3451 778 enim
3494 726 3626 778 iram

2061 790 2403 863 (ELIDSCQIllllll'
2426 802 2481 842 ut
2509 792 2721 863 gravius
2741 793 3034 863 rideretur,
3065 810 3158 863 pro
3182 796 3254 845 ira
3288 796 3393 858 ipsa
3424 798 3622 860 posuit.

2067 857 2129 909 Et
2170 861 2290 910 mini
2319 857 2578 922 meorum,
2604 861 2691 926 qui
2721 861 2972 916 deberent
3012 857 3131 918 esse
3160 857 3343 917 merui
3365 906 3377 926 ,
3411 857 3627 918 detere-

2064 941 2184 981 runt
2208 930 2258 979 in
2288 931 2576 995 gemitibus,
2614 930 2663 982 id
2691 939 2795 993 est,
2824 932 2874 984 in
2896 933 3080 987 eadem
3114 937 3211 997 ira,
3246 950 3338 997 pro
3363 950 3462 991 qua
3494 949 3633 987 sem-

2068 1012 2159 1069 per
2190 998 2635 1062 ingemiscendum
2666 1010 2768 1066 est,
2800 1002 2939 1069 quod
2971 1016 3051 1055 est
3079 1005 3310 1064 gravius.
3355 1002 3419 1055 Et
3448 1005 3629 1067 virtus,

2066 1068 2115 1140 id
2149 1071 2603 1140 est,qconstautia,
2626 1068 2867 1123 meorum
2894 1082 2965 1125 est
2988 1073 3245 1139 inﬁrmata
3274 1088 3365 1140 per
3387 1077 3633 1128 eamdem

2070 1137 2222 1196 iram.
2261 1137 2328 1190 ita
2366 1148 2422 1189 ut
2463 1140 2531 1209 sit
2576 1141 2629 1191 in
2672 1150 2989 1209 paupertate,
3022 1137 3069 1195 id
3099 1153 3200 1209 est,
3232 1137 3287 1196 in
3314 1145 3457 1197 omni
3491 1144 3629 1198 indi-

2067 1209 2241 1273 gentia
2284 1208 2460 1275 plena.
2490 1207 2553 1260 Et
2584 1225 2698 1262 ossa
2754 1207 2909 1276 mea,
3011 1215 3063 1269 id
3123 1207 3241 1276 est,
3292 1214 3635 1268 intellectua-

2070 1277 2186 1330 li'as
2218 1294 2357 1340 mea,
2385 1294 2501 1344 qua:
2545 1288 2659 1332 erat
2702 1296 2825 1345 ιιι-ιε(
2845 1284 3023 1347 ipuum
3057 1284 3218 1336 robur
3246 1298 3485 1337 meorum
3510 1323 3526 1347 ,
3550 1296 3632 1337 est

2069 1350 2400 1420 conturbata.
2450 1348 2512 1420 Et
2558 1363 2655 1416 pro
2698 1349 2779 1401 bis
2819 1353 3063 1404 onmibus
3104 1354 3440 1405 restituendis
3466 1396 3480 1417 ,
3512 1370 3634 1420 qua:

2073 1418 2147 1468 ira
2173 1419 2254 1489 illa
2283 1418 2527 1481 turbavit,
2556 1434 2670 1470 sum
2696 1422 2860 1484 factus
2889 1421 3234 1489 approbrium,
3261 1422 3310 1474 id
3340 1432 3441 1484 est,
3471 1418 3639 1475 virili-

2074 1494 2154 1538 ter
2183 1487 2298 1539 sine
2322 1488 2464 1557 omni
2491 1497 2733 1553 reSpectu
2772 1487 3056 1543 damnatus
3082 1494 3218 1557 apud
3260 1508 3432 1543 omnes
3461 1494 3637 1544 inimi-

2073 1572 2156 1607 cos
2197 1573 2353 1610 meos.
2387 1556 2538 1609 Juxta
2584 1558 2865 1625 quamdam
2898 1556 3360 1613 Translatioaem:
3395 1562 3482 1613 \‘el
3519 1579 3636 1613 sunt

2075 1626 2586 1691 [actusAOpprobrium
2615 1644 2765 1695 super
2786 1645 2953 1681 omnes
2981 1631 3212 1684 inimicos
3254 1648 3409 1695 meos,
3454 1631 3503 1684 id
3529 1642 3636 1693 est,

2081 1696 2266 1762 majori
2321 1698 2647 1764 contemptui
2694 1701 2905 1750 habitus
2950 1716 3065 1751 sum
3128 1701 3372 1753 omnibus
3410 1702 3640 1754 in'micis

2082 1768 2234 1826 lllPlS,
2263 1775 2364 1817 tam
2397 1765 2593 1819 .ludmis
2618 1783 2773 1831 qttam
2802 1770 3114 1834 gentilibus,
3154 1771 3401 1823 militibus
3428 1771 3641 1823 scilicet

2086 1834 2254 1898 Pilati,
2283 1836 2368 1903 qui
2401 1851 2520 1887 ειιιιι
2555 1838 2927 1891 crucilixeruut
2954 1880 2968 1902 ,
3000 1848 3060 1892 ει·
3099 1840 3234 1892 inter
3265 1841 3507 1892 inimicos
3531 1842 3643 1892 siu-

2081 1904 2537 1974 gulariterifartus
2570 1922 2681 1959 sum
2723 1908 2867 1959 valde
2908 1910 3233 1974 opprobrium
3280 1909 3453 1962 vicinis
3485 1911 3641 1973 meis,

2084 1974 2134 2025 id
2186 1983 2290 2037 est,
2336 1973 2555 2034 ludatis.
2609 1976 2675 2027 de
2721 1973 2947 2039 quorum
2995 1980 3187 2030 lumbis
3218 1980 3376 2041 exivi,
3407 1988 3462 2031 et
3519 1981 3645 2031 ideo

2084 2042 2249 2096 iactus
2278 2058 2393 2097 sum
2427 2046 2576 2097 timor
2601 2048 2729 2098 notis
2756 2048 2897 2110 meis,
2927 2047 2977 2101 id
3001 2057 3083 2101 est
3103 2088 3117 2109 ,
3149 2048 3229 2100 bis
3254 2049 3338 2115 qui
3383 2064 3469 2101 me
3497 2050 3647 2101 prius

2088 2116 2319 2181 perfecte
2364 2123 2654 2178 notet-ant,
2688 2118 2962 2181 apostolis,
3004 2119 3228 2177 scilicet,
3276 2119 3363 2185 qui
3399 2118 3645 2170 videntes

2085 2198 2204 2237 eum
2230 2184 2369 2249 capi,
2405 2186 2590 2237 relicto
2617 2200 2702 2250 eo,
2733 2187 2999 2253 fugerunt.
3035 2188 3098 2241 Et
3124 2188 3197 2239 illi
3229 2184 3384 2240 etiam
3427 2189 3514 2241 alii
3541 2188 3650 2240 dis-

2086 2254 2243 2319 cipuli
2272 2255 2358 2320 qui
2388 2254 2619 2307 videbunt
2650 2272 2747 2319 me,
2780 2258 2829 2308 id
2858 2266 2961 2319 est,
2994 2258 3082 2324 qui
3105 2257 3447 2311 attendebaut
3476 2258 3530 2309 in
3564 2273 3650 2310 me

2086 2337 2247 2395 super
2272 2339 2495 2395 egenum
2526 2336 2577 2376 et
2624 2341 2929 2393 pauperem,
2956 2329 3076 2395 quia
3115 2326 3354 2379 viderant
3384 2342 3468 2379 me
3503 2329 3650 2390 prius

2088 2403 2144 2444 ut
2176 2394 2338 2447 Deum
2382 2394 2635 2448 mit-aeiila
2670 2394 2983 2459 facientem,
3021 2405 3074 2449 et
3101 2398 3404 2449 docentem.
3437 2397 3534 2454 Illi.
3568 2398 3649 2449 in-

2088 2478 2266 2536 quam,
2302 2475 2423 2517 tunc
2453 2464 2693 2536 fugerunt
2721 2466 2862 2536 [oras
2885 2484 2915 2517 a
2938 2483 3015 2519 me
3048 2468 3153 2520 Deo
3185 2474 3234 2518 tu
3264 2481 3349 2519 me
3375 2468 3655 2519 hominem

2088 2533 2389 2600 simplicem
2417 2533 2849 2604 existimandum,
2873 2545 2925 2590 et
2946 2539 3093 2588 datus
3113 2552 3224 2587 sunt
3247 2537 3488 2588 oblivioni
3510 2538 3652 2604 apud

2090 2616 2203 2669 eos,
2236 2614 2471 2673 remotus
2499 2622 2529 2655 a
2558 2603 2709 2658 corde
2755 2622 2939 2659 eorum
2970 2618 3211 2673 tanquam
3245 2605 3466 2671 quilibet
3510 2622 3653 2659 mor-

2090 2681 2224 2744 tuus.
2247 2672 2565 2727 Putaverunt
2587 2676 2729 2729 enim
2749 2691 2832 2728 me
2855 2672 3133 2744 subiacere
3156 2675 3250 2743 legi
3284 2678 3648 2729 morientium.

2098 2741 2186 2814 γει
2220 2744 2287 2795 illi
2325 2746 2411 2811 qui
2453 2745 2701 2798 dixerunt
2731 2762 2744 2799 :
2776 2744 2885 2799 Nos
2928 2741 3223 2810 putabamus
3254 2747 3387 2812 quod
3419 2746 3529 2814 ipse
3575 2762 3657 2799 re-

2092 2811 2389 2882 dempturus
2416 2824 2536 2869 esset
2569 2814 2733 2869 Israel
2752 2856 2766 2879 ,
2796 2828 2847 2870 et
2890 2816 3008 2871 ideo
3052 2817 3213 2883 [actus
3241 2811 3350 2867 sum
3382 2811 3521 2882 apud
3562 2831 3658 2870 cos

2096 2891 2331 2949 tanquam
2373 2900 2457 2937 vas
2501 2887 2774 2951 perditum,
2826 2887 2875 2938 id
2906 2895 3023 2953 est,
3054 2887 3397 2946 confractum,
3444 2884 3493 2937 id
3524 2894 3608 2937 est
3638 2902 3653 2935 :

2096 2954 2245 3023 viluit
2274 2954 2353 3007 eis
2391 2955 2643 3023 quidquid
2676 2972 2769 3010 eos
2803 2957 3118 3019 docueram,
3154 2965 3399 3023 tanquam
3446 2957 3669 3007 vilescit.

2100 3020 2292 3077 luuuor
2316 3020 2570 3080 emanaus
2598 3029 2665 3080 de
2692 3042 2819 3080 vase
2848 3028 3054 3093 perdito
3080 3065 3093 3087 ,
3129 3027 3179 3078 id
3216 3020 3323 3088 est,
3355 3024 3656 3078 cmd’racto.

2095 3092 2245 3157 Quod
2293 3094 2413 3149 inde
2440 3097 2694 3164 ccutigit,
2724 3092 2962 3162 quoniam
2991 3096 3197 3159 audivi,
3227 3094 3276 3147 id
3309 3107 3412 3151 εει.
3449 3096 3657 3158 patien-

2100 3174 2178 3216 ter
2196 3165 2444 3230 sustinui,
2475 3167 2890 3233 vituperationem
2918 3166 3209 3224 multorum,
3236 3164 3283 3217 id
3313 3174 3413 3225 est,
3443 3164 3662 3219 Judaeu-

2098 3246 2211 3285 rum
2234 3243 2288 3287 et
2312 3236 2585 3304 gentilium
2623 3238 2849 3291 militum
2876 3236 3293 3289 commorantium
3337 3236 3387 3287 in
3417 3236 3673 3296 circuitu,

2098 3304 2149 3356 id
2181 3311 2283 3367 εει,
2313 3307 2639 3374 diligentium
2690 3308 2860 3361 locum
2890 3317 2944 3361 et
2971 3316 3220 3375 gentem,
3250 3314 3302 3356 et
3329 3314 3525 3357 uetera
3555 3314 3667 3375 ter-

2098 3388 2247 3436 rena,
2271 3390 2389 3441 qua:
2414 3394 2463 3428 ιιι
2494 3388 2604 3428 rota
2636 3377 2886 3442 temporis
2908 3374 3258 3437 circumeunt,
3281 3376 3508 3437 scilice',
3537 3374 3664 3441 quia

2097 3444 2165 3497 de
2185 3460 2347 3499 cruce
2377 3463 2480 3498 non
2511 3447 2760 3499 descendi
2809 3462 2927 3501 eum
2980 3448 3291 3500 insultantes
3336 3444 3464 3496 mihi
3510 3444 3662 3497 dice-

2098 3524 2216 3567 rent
2241 3534 2251 3566 :
2282 3515 2423 3569 Volt!
2444 3517 2527 3583 qui
2548 3517 2763 3569 destruis
2788 3517 3023 3579 templum
3058 3517 3169 3580 Dei,
3195 3526 3238 3567 et
3267 3515 3315 3565 in
3339 3515 3515 3567 triduo.
3532 3513 3681 3567 illud.

2098 3585 2411 3654 retudi/iens;
2440 3598 2491 3640 et
2523 3605 2533 3638 :
2570 3588 2627 3640 Si
2656 3586 2825 3639 Filius
2862 3587 2954 3640 Dei
2990 3603 3061 3648 es,
3106 3586 3348 3638 descende
3384 3584 3450 3635 de
3489 3600 3671 3649 cruce,

2098 3663 2154 3706 ει
2183 3656 2408 3717 similia;
2432 3667 2485 3710 et
2509 3658 2626 3709 ideo
2646 3668 3037 3711 comminantes
3065 3657 3117 3710 iu
3145 3672 3207 3709 eu
3237 3653 3484 3714 circuitu,
3520 3657 3671 3714 dum,

2099 3734 2347 3789 putantes
2379 3744 2463 3779 tne
2490 3728 2802 3794 simpliciter
2832 3728 3123 3791 hominem,
3166 3726 3313 3776 simul
3335 3726 3671 3775 convenirent

2098 3797 2277 3849 advers
2300 3814 2364 3850 .m
2398 3814 2493 3865 me,
2530 3798 2779 3849 conciliati
2813 3810 2929 3850 sunt
2954 3798 3179 3864 accipere
3224 3796 3445 3846 animam
3477 3810 3673 3861 meam,

2102 3865 2150 3916 id
2185 3880 2287 3929 est,
2316 3879 2372 3920 ut
2405 3884 2489 3921 ιιιε
2524 3868 2907 3933 inte.licereut,
2933 3882 2983 3920 et
3017 3881 3206 3920 nomen
3238 3879 3412 3917 meum
3445 3880 3675 3928 prorsus

2099 3934 2360 4005 delerent.
2391 3937 2494 3991 Sed
2526 3953 2627 3990 nou
2663 3949 2977 4005 potuerunt,
3012 3941 3128 4005 quia
3160 3953 3249 4003 ego
3278 3936 3476 4003 speravi
3514 3936 3569 3986 in
3603 3945 3673 3993 te,

2106 4004 2335 4059 Domine.
2376 4009 2466 4069 Et,
2498 4009 2609 4061 dimi
2634 4004 2833 4074 :Eripe
2863 4024 2938 4059 me
2974 4010 3034 4059 de
3076 4009 3300 4059 manibus
3344 4006 3677 4057 inimicorum

2098 4092 2324 4149 meorum
2352 4076 2679 4149 Judaeurum,
2710 4087 2758 4130 et
2781 4095 2811 4130 a
2835 4079 3241 4149 persequentibus
3282 4092 3359 4128 me
3393 4075 3675 4141 gentibus.

2099 4148 2248 4210 Quod
2280 4150 2442 4201 debes
2470 4148 2662 4212 facere,
2693 4147 2910 4213 quiaes
2946 4147 3080 4199 Deus
3120 4163 3257 4200 meus
3300 4154 3357 4197 et
3398 4161 3687 4197 meorum-

2106 4216 2343 4270 litsortes
2367 4234 2489 4271 mea:
2525 4228 2577 4272 et
2603 4234 2841 4272 ineorum
2865 4227 2989 4270 sunt
3026 4221 3077 4269 in
3116 4218 3349 4268 manibus
3386 4216 3514 4277 tuis,
3553 4217 3679 4281 quia

2105 4286 2234 4339 nibil
2270 4288 2530 4357 eligemus
2562 4290 2733 4351 nobis,
2767 4288 2865 4341 nisi
2898 4304 3014 4355 qua:
3043 4288 3107 4339 ad
3153 4302 3236 4339 me
3280 4286 3575 4351 pertinent.
3613 4284 3676 4357 Et

2103 4366 2159 4407 ut
2180 4354 2371 4425 eripias
2398 4374 2503 4423 me,
2529 4360 2734 4411 illustre
2754 4354 2933 4428 facient
2954 4370 3094 4411 luant
3118 4372 3271 4425 stiper
3292 4371 3411 4428 me,
3428 4358 3524 4422 qui
3554 4354 3681 4405 uolo

2103 4441 2221 4480 esse
2264 4429 2479 4482 libertus
2512 4442 2664 4493 tuus,
2694 4427 2830 4483 sient
2860 4428 3023 4481 Adam
3054 4434 3185 4491 luit,
3210 4427 3302 4477 sed
3333 4440 3452 4476 sum
3488 4439 3693 4477 servus

2101 4505 2243 4561 tuus,
2273 4499 2322 4551 id
2356 4511 2460 4558 est.
2504 4500 2570 4552 ita
2611 4502 2841 4553 clarilica
2873 4514 2957 4551 me
2981 4498 3362 4550 resurrectione
3395 4503 3453 4546 et
3484 4508 3679 4547 ascen-

2095 4569 2265 4632 sione,
2292 4579 2346 4621 ιιι
2371 4570 2589 4623 evidens
2611 4571 2681 4623 sit
2708 4586 2790 4622 me
2820 4571 2886 4622 ad
2914 4578 2963 4621 te
2986 4571 3265 4634 pertinere.
3292 4570 3353 4616 lat
3373 4565 3579 4615 salvum
3604 4579 3683 4616 me

2097 4641 2198 4705 fac,
2217 4639 2263 4690 id
2282 4650 2384 4705 est,
2400 4656 2543 4693 meos
2565 4655 2905 4709 perseverare
2928 4654 3030 4691 nou
3064 4639 3114 4690 in
3140 4654 3232 4689 sua
3258 4636 3484 4709 justitia,
3504 4636 3605 4709 sed
3630 4650 3689 4684 ιιι

2098 4702 2184 4761 tua
2207 4702 2579 4784 misericordia,
2596 4727 2661 4762 ne
2687 4710 3077 4784 confundantur
3099 4718 3297 4759 aeterna
3324 4702 3679 4784 Curtiusione.

2098 4780 2163 4832 Et
2189 4781 2349 4853 debes
2364 4779 2582 4853 piat-ere,
2605 4779 2861 4853 quoniam
2892 4778 2990 4847 ipsi
3022 4780 3401 4853 invocaverunt
3426 4783 3483 4826 te
3519 4778 3682 4853 iu'se,

2099 4865 2201 4902 non
2233 4851 2395 4901 aliud.
2435 4853 2489 4903 lu
2529 4846 2719 4916 quibus
2746 4852 2865 4916 quia
2911 4846 3009 4917 ego
3034 4864 3184 4909 sum,
3214 4860 3322 4919 ego
3348 4846 3589 4919 invocavi
3603 4857 3684 4919 te,

2096 4920 2241 4987 impii
2271 4930 2442 4973 autem
2472 4913 2561 4988 qui
2595 4930 2645 4973 te
2678 4913 2837 4973 Deum
2878 4913 3032 4971 suum
3076 4934 3179 4970 non
3232 4917 3450 4976 iaciunt,
3505 4913 3687 4988 Judwi

2099 4986 2303 5043 scilicet
2351 4986 2727 5059 persequentes
2772 5004 2876 5052 me,
2926 4989 3454 5059 er-itbescaritmterna
3490 4986 3688 5059 conlu-

2100 5062 2268 5123 sione,
2293 5055 2361 5112 et'
2381 5062 2430 5113 iu
2463 5055 2706 5128 prlcseuti
2738 5060 3054 5111 deducantur
3083 5058 3135 5109 in
3165 5056 3442 5128 infernum.
3482 5062 3545 5128 et
3587 5055 3689 5128 do-

2100 5129 2208 5181 losa
2253 5130 2386 5182 labia
2416 5124 2596 5183 eorum
2632 5133 2842 5203 tandem
2882 5133 3007 5195 ﬁant
3049 5124 3374 5203 ιιιιιιαζριιᾳε
3403 5124 3688 5203 modota—

2098 5210 2320 5262 quuntur
2360 5203 2674 5274 iniquitatem
2720 5202 2954 5274 adversus
2998 5197 3387 5274 mejustum‘in
3413 5197 3689 5274 superbia,

2100 5284 2218 5323 cum
2257 5263 2487 5323 dicunt:
2532 5270 2649 5323 Non
2699 5269 2938 5322 habemus
2978 5263 3143 5335 regem
3176 5268 3273 5318 nisi
3302 5264 3588 5335 Cwsarem.
3624 5263 3691 5315 Et

2100 5341 2151 5392 in
2196 5341 2436 5393 abusione
2484 5357 2684 5406 rerum,
2735 5343 2855 5406 quia
2911 5334 3113 5391 malunt
3162 5347 3391 5390 retinere
3417 5334 3607 5389 locum
3636 5348 3692 5386 ει.

2100 5420 2347 5478 gentem,
2402 5428 2556 5479 quam
2608 5410 2984 5463 innocentiam.
3038 5408 3151 5461 Non
3211 5423 3338 5459 vero
3392 5409 3693 5479 attendunt

2101 5474 2297 5549 quanta
2336 5474 2715 5534 sit-multitudo
2743 5480 3026 5532 dulcedinis
3068 5488 3169 5532 tua
3217 5492 3307 5545 per
3352 5492 3436 5528 me
3479 5474 3697 5528 mundo

2102 5552 2377 5625 promissa:
2399 5566 2449 5625 et
2478 5550 2831 5625 conterendte.
2863 5622 2892 5625 __
3050 5618 3079 5625 _
3275 5614 3287 5625 ,
3350 5616 3357 5623 _
3437 5615 3447 5625 _
3474 5614 3487 5625 ,

2174 5623 2342 5683 Quam
2370 5623 2696 5681 abscondisti,
2720 5630 2773 5673 et
2802 5622 3023 5687 reliqua.
3048 5615 3320 5694 Sententia
3350 5616 3404 5665 in
3437 5615 3522 5666 bis
3557 5630 3695 5691 quae

2102 5698 2221 5742 tuor
2268 5696 2508 5747 versibus
2550 5696 2735 5747 cadent
2788 5699 2988 5753 mauct,
3036 5705 3152 5759 qua:
3204 5700 3255 5741 ct
3302 5701 3354 5739 ιιι
3403 5699 3686 5752 superiori

2102 5760 2344 5817 lCCtiuIte.
