3922 6190
271 343 367 398 6M

927 336 1002 393 ἸΝ
1043 335 1461 394 ΡεΑιιιθιιυιι
1491 336 1760 396 LIBRUM
1800 338 1864 394 El

1969 336 2153 394 ηις-ιε.
2198 365 2271 380 -—
2307 335 2552 394 PSALM.
2592 335 2783 392 XXXI.

3405 337 3512 398 6&2

344 449 646 505 Benedictus
678 445 946 501 Dominus.
976 444 1052 499 Ex
1069 448 1318 517 omnibus
1345 447 1709 512 superioribus
1734 449 1845 502 sic-
1874 453 1920 510 Α
1953 447 2364 517 ιειιίπθηιίεεει,
2395 449 2560 502 Nemo
2588 457 2874 517 prmum“,
2896 447 2962 501 ad
2987 449 3310 515 mgnandum
3333 450 3400 506 de
3419 430 3550 507 an?

270 533 330 576 ut
357 523 502 588 prius
524 520 650 574 dicit
681 517 980 571 Benedictus
1011 518 1080 569 sit
1109 516 1380 570 Dominus.
1432 518 1633 588 thuia
1658 533 1845 583 Sparse

268 587 411 646 dicta
442 600 596 654 sunt,
628 589 862 643 breviter
904 601 964 638 ea
995 588 1292 655 recolligit,
1323 588 1506 641 dicens
1539 604 1549 639 :
1585 587 1844 650 Quoniam

269 678 368 732 per
393 662 664 729 apostolos
692 672 816 713 suos
855 657 1143 732 miri/ienuit
1183 672 1394 732 omnem
1440 658 1844 732 misericordiam

268 727 558 797 suam'per
604 746 689 783 me
724 727 919 781 mundo
957 727 1270 793 exhibitam,
1326 727 1376 780 id
1430 736 1533 791 est,
1585 729 1734 792 meis,
1789 727 1843 780 in

268 803 476 855 civitate
505 801 724 864 munita,
753 798 889 852 sicut
918 799 1083 863 prius.

348 871 460 942 Ego
480 885 666 924 autem.
686 869 950 942 ρυιιιὶιιιιε
977 867 1190 932 quidem
1224 866 1510 942 niiriﬁcavit
1527 866 1843 942 _miscrico_rg

271 935 419 999 diuiti
462 956 630 996 suam.
686 939 753 992 Ut
800 938 913 990 hinc
953 947 1130 988 autem
1178 935 1476 989 lllil‘lﬁttallo
1520 938 1704 998 ﬁeret,
1738 938 1846 989 dixi

273 1031 367 1083 ego
398 1014 450 1067 in
489 1010 751 1066 evidentia
791 1008 911 1083 rei:
945 1007 1193 1083 Domine,
1226 1008 1622 1083 profectus-anum
1661 1025 1691 1059 α
1719 1008 1844 1083 [αφ

274 1075 541 1137 oculorum
573 1091 802 1133 tuorum.
836 1075 903 1129 Ut
931 1075 1053 1144 quid
1083 1091 1160 1128 me
1201 1075 1548 1143 dereliquisti?
1572 1081 1730 1141 Quasi
1759 1077 1845 1130 di-

273 1165 364 1206 cat
399 1173 410 1205 :
444 1154 497 1206 In
530 1160 732 1204 tantum
765 1163 853 1201 me
894 1146 1188 1210 burniliavi,
1217 1156 1272 1198 et
1310 1147 1473 1213 affligi
1509 1149 1745 1211 permisi,
1791 1157 1847 1200 ut

275 1225 490 1278 viderer
532 1222 776 1288 indignos
820 1231 980 1288 qtiamr
1011 1225 1085 1288 tu;
1110 1217 1439 1288 respiceres:
1468 1215 1577 1268 dixi
1605 1217 1726 1283 hoc,
1761 1219 1845 1270 in-

276 1309 463 1360 quam,
493 1294 546 1345 in
583 1285 790 1344 excessu
833 1287 1031 1350 mentis,
1076 1285 1124 1338 id
1177 1295 1278 1348 est,
1311 1288 1458 1354 quasi
1506 1292 1705 1340 ecsmsi
1740 1303 1846 1360 pra;

280 1357 479 1433 pavore
504 1360 690 1415 mortis
718 1360 938 1426 positus,
963 1369 1117 1433 quem
1146 1371 1392 1433 pavorem
1412 1372 1520 1433 non
1551 1372 1614 1433 es
1638 1373 1715 1420 se,
1750 1357 1845 1433 sed

276 1427 342 1488 ex
395 1443 575 1486 nostra
625 1445 781 1493 quam
837 1427 1097 1494 portabat,
1155 1427 1370 1494 peitzilit
1411 1427 1732 1480 infirmitate.
1783 1427 1850 1481 Et

276 1503 398 1566 quia
449 1517 576 1570 ergo
607 1516 688 1553 me
744 1501 793 1551 in
829 1507 1028 1570 tantum
1071 1496 1362 1570 humiliari,
1412 1497 1528 1570 ideo
1570 1497 1845 1570 eraudisti,

277 1567 535 1634 Domine,
585 1586 748 1623 vocem
794 1567 1036 1619 arationis
1088 1567 1325 1618 metmid
1372 1576 1453 1618 est
1499 1567 1846 1621 intentionem

276 1647 462 1696 cordis
494 1643 616 1702 mei,
651 1642 769 1691 dum
801 1639 1069 1690 clamarem
1099 1636 1165 1686 ad
1195 1644 1241 1689 ιε
1271 1652 1364 1702 pro
1397 1637 1545 1689 meis.
1577 1637 1636 1688 Et
1670 1647 1727 1689 ιιι
1754 1653 1848 1691 vos

276 1713 561 1774 exaudiat,
595 1711 791 1776 diligite
827 1708 1098 1759 Dominum
1117 1746 1133 1768 ,
1165 1718 1236 1776 et!
1255 1707 1330 1758 sic
1357 1705 1582 1759 clamate
1610 1708 1674 1758 ad
1697 1722 1844 1772 eum,

1944 515 2172 585 justitia.
2202 531 2360 572 nemo
2384 519 2542 572 etiam
2573 515 2860 582 prrsumat
2887 520 2952 572 ad
2986 519 3309 582 peccandum
3337 523 3403 574 de
3433 525 3514 575 di-

1949 589 2069 640 vina
2101 588 2492 658 misericordia;
2525 589 2618 641 sed
2651 590 2877 657 quisque
2906 589 3195 642 Secundum
3227 593 3364 658 quosl
3405 592 3506 645 sibi

1947 658 2188 710 conscius
2219 655 2378 710 fuerit
2406 666 2495 711 aut
2523 659 2700 713 doleat
2738 655 3102 722 corrigendos,
3153 655 3257 714 aut
3286 664 3516 725 gaudeat

1947 728 2340 794 approbandus.
2390 728 2444 782 Si
2491 743 2549 780 se
2589 729 2834 780 deviasse
2889 729 3168 791 invenerit,
3220 733 3400 782 redeat
3455 743 3509 784 ut

1946 799 2182 851 ambulet
2213 797 2263 849 in
2301 797 2403 849 via.
2433 796 2490 851 Si
2521 797 2570 850 in
2603 799 2684 850 v-ia
2711 807 2833 859 stat,
2861 799 3099 852 ambulet
3128 807 3184 851 ut
3215 804 3510 866 perveniat,

1947 877 1998 938 et
2031 867 2101 938 ita
2132 883 2289 921 nemo
2320 868 2588 933 superbiat
2611 876 2759 920 extra
2795 869 2952 922 viam.
2989 867 3173 921 Nullus
3201 871 3266 923 sit
3291 871 3437 938 piger
3460 873 3511 924 in

1948 937 2051 989 via.
2087 937 2258 990 Prima
2291 948 2466 991 autem
2497 938 2840 1003 intelligentia
2864 949 2966 999 est,
3003 951 3056 990 ut
3081 940 3292 991 noveris
3318 937 3367 991 te
3387 957 3510 994 eSse

1951 1017 2325 1074 peccatorem;
2381 1022 2715 1076 consequens
2763 1024 2888 1061 vero
2937 1008 3093 1076 hujus
3147 1010 3512 1068 intelligentia

1947 1086 2050 1138 est,
2081 1085 2138 1129 ut
2160 1092 2280 1129 cum
2298 1077 2353 1129 in
2380 1078 2480 1130 fide
2504 1080 2640 1146 bene
2666 1077 2891 1132 cmacris
2919 1079 3127 1146 operari
3157 1095 3249 1143 per
3270 1081 3514 1134 dilectio—

1950 1160 2094 1208 nem,
2121 1161 2188 1200 ne
2214 1147 2315 1200 hoc
2342 1145 2544 1201 meritis
2572 1148 2676 1201 tuis
2707 1145 2966 1208 ascribas,
2993 1151 3082 1200 sed
3113 1148 3305 1204 divinas
3325 1151 3512 1218 gratise

1950 1219 2228 1270 attribuas.
2259 1219 2319 1269 Et
2341 1220 2418 1270 sic
2441 1231 2542 1270 non
2565 1219 2664 1272 erit
2685 1219 2836 1270 (ιοιιις
2869 1220 2918 1270 ιιι
2947 1228 3018 1282 ιε,
3049 1229 3107 1272 ιιι
3133 1220 3274 1272 aliud
3307 1221 3510 1274 habens

1951 1287 2001 1356 in
2032 1287 2212 1351 corde,
2252 1287 2392 1340 aliud
2424 1286 2474 1340 in
2503 1303 2617 1350 ore,
2669 1287 2804 1340 sicut
2827 1289 2882 1340 iu
2914 1288 3019 1340 illis
3069 1304 3203 1356 quos
3254 1291 3511 1343 Dominus

1951 1355 2002 1410 in
2061 1357 2350 1424 Evangelia
2394 1359 2592 1410 similes
2639 1357 2897 1411 dealbaLS
2948 1355 3305 1412 monumentis
3358 1360 3506 1423 dicit,

1951 1427 2074 1492 quia
2099 1428 2434 1481 extrinsecus
2465 1428 2761 1480 hominibus
2783 1440 3041 1496 apparent
3066 1429 3214 1496 justi,
3249 1431 3389 1482 intus
3419 1446 3515 1482 att-

1954 1503 2061 1550 tem
2089 1499 2227 1564 pleni
2257 1509 2378 1550 siint
2406 1499 2531 1562 dolo
2559 1507 2613 1550 et
2641 1498 2934 1564 iniquitate.
2968 1499 3099 1552 νει-ε
3120 1503 3260 1552 enim
3291 1499 3512 1552 dolosas

1955 1577 2058 1636 est,
2087 1568 2198 1632 qui,
2231 1583 2348 1620 cum
2374 1567 2690 1636 sil-iniquus,
2727 1568 3002 1630 praetendit
3036 1588 3090 1620 te
3113 1574 3309 1634 justqu
3332 1569 3518 1622 defen-

1952 1635 2128 1688 dendo
2160 1637 2488 1701 iniquitatem
2516 1635 2685 1689 suam.
2721 1635 2779 1688 Et
2802 1639 2920 1704 quia
2945 1649 3109 1691 totum
3135 1656 3226 1703 per
3249 1642 3384 1704 quod
3410 1639 3517 1692 sni-

1955 1720 2139 1758 vauiur
2161 1708 2260 1759 stili
2285 1709 2468 1770 gratim
2485 1717 2566 1759 est
2589 1709 2980 1767 ascribendum,
3009 1723 3110 1760 non
3138 1709 3207 1761 illi
3231 1718 3355 1762 sunt
3377 1709 3515 1762 beati

276 1798 453 1836 omnes
482 1781 649 1856 sancti
680 1774 808 1845 eius,
849 1787 904 1830 et
941 1778 1164 1854 reliqua.
1200 1774 1293 1828 llic
1330 1791 1544 1844 quoque
1578 1777 1643 1829 ad
1687 1778 1846 1831 linem
1885 1796 1933 1856 Β
1962 1776 2232 1856 inquibus
2263 1776 2513 1856 Dominus
2547 1785 2758 1842 peccata
2792 1793 2895 1828 non
2930 1779 3148 1833 invenit.
3189 1781 3239 1831 In
3271 1781 3520 1833 omnibus

274 1852 547 1908 sententia
573 1849 764 1918 prioris
791 1847 1032 1901 lectionis
1066 1862 1168 1897 non
1202 1854 1458 1898 mutatur.

732 1936 795 1991 IN
838 1935 1157 1990 PSALMUM
1203 1933 1395 1988 XXXI.

742 2028 847 2096 Ipsi
882 2025 1044 2080 David
1079 2024 1395 2077 intellectus.

885 2131 1269 2172 ABGUMENTUM.

350 2191 538 2247 Oratio
570 2187 832 2250 Ezechiae,
865 2189 987 2258 quia
1019 2188 1068 2242 in
1113 2189 1421 2253 languorem
1452 2183 1522 2238 ob
1540 2185 1860 2258 superbiam

279 2263 574 2322 inciderit;
609 2263 860 2314 convenit
886 2256 958 2312 νει
1009 2258 1218 2312 cmteris
1259 2259 1460 2310 sanctis
1508 2256 1676 2310 simili
1723 2267 1861 2310 statu

274 2333 619 2404 degentibus.

903 2413 1252 2452 EXPLANATIO.

358 2472 464 2526 Hic
497 2488 609 2525 cum
637 2471 939 2540 pcenitentia;
971 2470 1192 2534 psalmus
1218 2466 1509 2540 sit,gprimo
1545 2463 1716 2519 Dauid
1757 2484 1866 2540 me:

280 2546 435 2596 minit
462 2537 670 2612 propter
701 2540 874 2612 titulos
906 2537 1488 2612 Dominumwtristum,
1518 2540 1762 2612 quoniam
1795 2539 1864 2591 ad

276 2608 472 2680 ipsum'
501 2612 704 2677 respicit
775 2611 1018 2680 quidquid
1068 2610 1311 2674 paenitens
1358 2608 1451 2659 iste
1480 2608 1720 2680 dicturus
1767 2617 1862 2661 est.

277 2676 485 2738 Deinde
506 2676 795 2734 intellectus
820 2676 932 2732 ideo
957 2680 1206 2749 sequitur,
1235 2679 1354 2745 quia
1399 2676 1862 2749 nullusgpeccatum

274 2757 383 2808 nisi
421 2754 509 2819 qui
551 2750 873 2815 intellexerit,
914 2746 1451 2819 plangitggmeritoque
1479 2746 1706 2814 psalmus
1748 2749 1866 2802 talis

277 2834 356 2878 est
393 2817 723 2888 inscriptione
752 2817 1077 2888 pra'notatus.
1118 2817 1213 2872 Ubi
1256 2834 1308 2870 se
1338 2819 1697 2869 deterioratum
1742 2833 1862 2884 pec-

279 2903 433 2948 cator
476 2893 674 2945 tardius
719 2889 987 2950 intellexit,
1029 2890 1148 2958 quia
1199 2897 1404 2954 peccata
1445 2901 1558 2955 qua:
1601 2891 1865 2953 confestim

277 2965 439 3035 prodi
487 2959 1013 3035 debuerant_Domiuo
1124 2958 1314 3035 diutius
1353 2957 1862 3035 tacuissenconfessus

279 3026 361 3088 est
390 3073 406 3093 .
447 3034 658 3085 audiens
683 3046 714 3082 a
749 3030 963 3083 Domino
988 3046 1004 3082 :
1031 3027 1348 3081 Intellectum
1389 3027 1518 3077 dabo
1547 3026 1634 3078 tibi
1651 3068 1666 3092 ,
1696 3038 1744 3078 et
1779 3027 1863 3079 in-

278 3118 489 3157 struant
519 3113 581 3154 te.
615 3099 683 3154 In
721 3101 886 3170 prima
916 3111 1058 3169 parte
1099 3098 1282 3167 psalmi
1325 3096 1569 3162 pwnitens
1616 3097 1860 3164 loquitur,

279 3185 554 3242 peccatum
575 3170 1001 3242 suuinevidenter
1026 3183 1324 3242 agnoscens,
1347 3181 1548 3242 plenam
1573 3180 1735 3242 suam
1760 3183 1865 3219 me-

279 3236 386 3295 rito
437 3241 766 3294 districtionis
818 3236 1075 3292 indicens:
1113 3239 1362 3301 Quoniam
1423 3236 1578 3287 noxia
1634 3237 1865 3304 facinora

277 3314 508 3366 credidit
540 3311 819 3364 occulenda
840 3350 854 3370 ,
879 3310 962 3362 ubi
986 3309 1199 3362 breviter
1229 3304 1538 3373 principium
1564 3314 1611 3358 et
1640 3308 1867 3360 narratio

280 3385 604 3437 cantinetur.
633 3379 695 3432 In
728 3381 955 3433 secunda
992 3389 1134 3450 parte
1164 3380 1274 3430 sola
1315 3378 1560 3450 correctio
1598 3383 1695 3450 est.
1730 3375 1869 3450 Nam

281 3471 408 3507 cum
439 3469 491 3505 se
522 3452 730 3520 propria
756 3443 1069 3521 confessione
1093 3448 1428 3521 damnavirit,
1454 3461 1486 3496 a
1508 3443 1753 3521 Domino
1772 3446 1870 3499 sibi

283 3516 647 3577 credidit‘csse
668 3516 994 3591 parcendum.
1020 3519 1191 3591 Tertia
1217 3527 1358 3583 parte
1386 3517 1712 3591 paenitudinis
1735 3516 1870 3591 bona

280 3584 680 3654 commendans,
710 3593 861 3644 etiam
900 3601 1098 3642 sanctas
1132 3590 1182 3642 in
1226 3591 1320 3639 hoc
1346 3587 1533 3638 mundo
1554 3587 1732 3638 asserit
1764 3584 1874 3637 Do-

282 3667 440 3717 mino
474 3664 780 3730 supplicare,
817 3664 868 3713 in
899 3675 996 3726 quo
1019 3661 1114 3712 sibi
1148 3658 1328 3712 merito
1355 3663 1569 3708 testatur
1597 3670 1701 3730 esse
1728 3659 1872 3724 refu-

281 3737 462 3803 gium.
492 3727 682 3796 Quarta
719 3727 962 3803 Dominus
991 3731 1057 3781 ad
1086 3731 1203 3803 ejus
1221 3731 1370 3803 verba
1393 3727 1718 3803 respondens,
1749 3742 1867 3803 spe-

281 3794 470 3856 i'antes
510 3794 562 3853 in
592 3817 644 3854 se
678 3802 994 3852 circumdare
1031 3794 1380 3850 miiericordia
1420 3794 1705 3862 pollicetur.
1750 3798 1876 3861 Qua:

281 3886 517 3938 quatuor
560 3881 727 3939 partes
773 3871 1049 3941 inm-jectis
1093 3863 1514 3941 diapsalmatibus
1557 3863 1874 3941 dividuntur,

284 3936 396 3998 nisi
419 3936 569 4010 quas
589 3943 640 3994 in
664 3936 1058 3992 divinationibus
1087 3937 1226 4004 sequi
1257 3942 1450 3988 constat
1481 3949 1586 3987 esse
1607 3936 1874 4002 propositi.

879 4044 1300 4087 COHIENTABIUS.

363 4102 527 4156 Beati
556 4117 767 4168 quorum
797 4107 1018 4156 remissa:
1045 4109 1162 4153 sunt
1191 4098 1500 4168 iniquitates.
1521 4094 1877 4168 Commenda-

294 4186 395 4227 tnr
455 4165 607 4224 nobis
655 4177 890 4239 psalmus
934 4171 1127 4223 divina:
1173 4165 1358 4238 gratiae
1394 4177 1449 4220 et
1479 4165 1877 4239 justiﬁcationis

284 4252 510 4298 nostrae.
539 4238 698 4295 nullis
728 4243 925 4295 nostris
951 4239 1152 4294 meritis
1184 4239 1631 4308 pra-cedentibus,
1661 4238 1753 4308 sed
1782 4251 1875 4289 so-

289 4317 343 4367 la
377 4311 559 4381 gratia
589 4313 988 4381 praeveniente,
1011 4304 1404 4381 Cujus'titulus
1448 4319 1530 4381 est
1579 4304 1878 4381 intellectus

289 4377 507 4443 Dauid,
545 4377 646 4433 non
671 4383 886 4450 quodet
906 4380 993 4433 alii
1018 4379 1344 4432 intellectum
1373 4393 1476 4430 non
1507 4377 1752 4450 habeant,
1768 4378 1874 4450 sed

291 4455 430 4523 quia
469 4452 568 4503 iste
599 4447 920 4523 praecipuum
976 4451 1281 4523 Specialiter
1321 4447 1872 4523 qtiemdaui_iutelle-

288 4514 455 4576 ctum
490 4514 718 4574 innxium
745 4514 1374 4575 tironibus'iiei-essarium
1405 4520 1593 4585 aperit.
1626 4514 1861 4582 lnsuuit,

288 4591 583 4652 videlicet,
611 4600 667 4643 ut
692 4607 848 4644 nemo
880 4592 959 4644 vel
991 4591 1284 4642 liberta'em
1315 4587 1538 4648 arbitrii,
1572 4587 1653 4641 vel
1681 4591 1864 4640 nterita

286 4679 423 4727 sua,
479 4661 722 4714 sufficere
751 4663 849 4716 sibi
881 4662 946 4713 ad
986 4657 1332 4727 beatudinem
1371 4658 1578 4721 credat,
1620 4658 1714 4710 sed
1752 4656 1866 4709 sola

289 4726 487 4802 gratia
514 4732 606 4802 Dei
635 4746 694 4783 se
745 4730 936 4784 salvari
990 4743 1146 4798 posse
1191 4726 1471 4802 intelligat.
1485 4797 1494 4802 Α
1537 4730 1599 4781 Et
1637 4727 1710 4778 ait
1751 4741 1869 4794 pro-

292 4797 477 4873 pheta
511 4801 564 4852 in
597 4800 695 4853 hoc
725 4803 927 4873 psalmo
956 4797 1137 4873 contra
1171 4797 1416 4873 populum
1441 4797 1590 4849 illum
1619 4810 1870 4864 arrogan-

289 4869 412 4927 ietn
437 4872 684 4936 superba:
704 4871 944 4933 cervicis,
971 4869 1322 4937 quijustitiam
1347 4882 1494 4920 suam
1516 4876 1748 4937 statuere
1775 4881 1870 4918 vo-

291 4944 431 5006 luit,
463 4935 687 5007 jnstitia:
723 4952 899 4994 autem
945 4935 1037 4992 Dei
1072 4935 1313 4991 subditus
1343 4952 1464 4990 esse
1509 4935 1697 5000 noluit,
1747 4937 1871 5007 quia

293 5028 406 5082 per
441 5006 506 5063 se
539 5010 731 5082 salvari
783 5024 938 5078 posse
984 5007 1230 5082 credidit,
1262 5008 1465 5082 etideo
1507 5007 1730 5082 gratiam
1781 5006 1873 5082 Dei

290 5075 660 5146 contempsit.
692 5075 819 5144 Quas
845 5093 969 5132 vere
996 5078 1184 5132 dicitur
1205 5076 1370 5146 gratia
1392 5075 1548 5143 gratis
1579 5077 1719 5139 data,
1749 5075 1872 5143 quia

296 5170 423 5206 rion
463 5165 585 5202 eam
612 5150 964 5218 praecedentia
986 5147 1264 5201 c0uferuut
1293 5148 1525 5218 merita,
1553 5154 1876 5218 quapropter

293 5229 470 5278 recte
502 5215 738 5272 Psal'mus
771 5220 870 5272 iste
905 5219 1186 5272 intellectus
1228 5218 1392 5270 David
1435 5217 1752 5270 intitulatttr.
1805 5215 1878 5270 De

295 5297 416 5348 hoc
448 5289 720 5343 intellectu
752 5290 884 5343 d.cit
919 5290 1101 5342 beatus
1133 5287 1460 5355 Augustinus
1491 5305 1503 5339 :
1540 5305 1558 5338 ι
1605 5287 1880 5341 Manifesta

298 5367 480 5434 plane
504 5359 810 5434 intellectus
834 5369 941 5434 est.
974 5360 1140 5434 δεωο
1161 5355 1330 5434 jactet
1356 5372 1514 5434 opera
1541 5371 1635 5411 sua
1663 5366 1787 5434 ante
1809 5357 1880 5434 _li-

295 5426 470 5488 ἱιεηι,
502 5428 670 5483 Nemo
699 5431 770 5482 sit
797 5430 943 5498 piger
974 5429 1023 5480 in
1045 5427 1478 5498 'bonisiepetibus
1507 5437 1722 5498 accepta
1743 5426 1878 5498 glide,

295 5506 446 5573 quia
478 5501 595 5554 sola
623 5495 922 5573 gratia‘hoc
951 5500 1095 5573 facit,
1123 5505 1177 5573 ut
1209 5497 1349 5573 Deus
1379 5511 1481 5550 non
1511 5497 1695 5573 reddat
1723 5495 1874 5573 debi-

300 5566 428 5629 t'ain
483 5566 721 5638 pinnam,
753 5571 844 5624 sed
873 5568 1037 5622 donet
1085 5568 1391 5638 indebitami
1427 5566 1669 5635 gratiam.
1725 5568 1889 5618 Debet

301 5637 640 5702 vindictam,
669 5650 724 5693 et
751 5642 914 5693 donat
941 5638 1341 5707 indulgentiam.
1377 5637 1594 5702 Incipite
1621 5651 1748 5705 ergo
1768 5648 1888 5707 esse

303 5717 368 5768 in
405 5715 518 5765 nde
545 5710 1066 5778 per‘indulgentiam.
1094 5703 1122 5758 ἱ
1157 5707 1360 5761 Rursus
1389 5715 1444 5760 ut
1475 5709 1591 5774 plus
1622 5703 1787 5778 addat
1812 5703 1892 5778 _de

307 5774 852 5850 oodem‘intellectd,
884 5778 1031 5849 dicit,
1059 5778 1358 5836 intellectus
1389 5792 1514 5835 vero
1551 5777 1633 5833 vel
1675 5779 1787 5845 ipsa
1809 5774 1890 5832 in-

1962 1847 2102 1917 enint
2137 1847 2351 1917 invenit,
2381 1846 2506 1917 quia
2533 1862 2702 1898 omnes
2727 1857 3070 1911 peccaverunt,
3101 1859 3146 1900 ct
3177 1864 3349 1902 omnes
3374 1859 3521 1917 egent

1961 1915 2126 1984 gloria
2151 1916 2262 1968 Dei.
2293 1917 2345 1971 Si
2378 1916 2450 1970 illi
2477 1931 2605 1969 vero
2644 1917 2742 1969 soli
2787 1926 2908 1969 sunt
2949 1917 3109 1978 beati,
3150 1933 3373 1984 quorum
3407 1915 3524 1971 Viui-

1962 1986 2191 2053 quitates
2221 1995 2344 2057 ante
2383 1988 2608 2051 gratiam
2639 1988 2856 2057 inti-usa:
2902 1990 3310 2052 superveniente
3354 1992 3521 2057 gratia

1961 2066 2086 2108 sunt
2135 2056 2391 2118 reuiiSsm,
2423 2056 2470 2108 id
2499 2066 2604 2121 est,
2651 2056 2886 2118 indultae,
2918 2065 2972 2108 et
3001 2071 3278 2122 possumus
3317 2056 3403 2111 hic
3441 2060 3524 2110 di-

1961 2138 2087 2179 cere
2143 2125 2446 2194 iniquitates
2485 2135 2536 2178 ct
2581 2125 2857 2194 originalia
2904 2136 2957 2177 ct
3005 2128 3229 2179 actuaha
3284 2140 3518 2193 peccata,

1959 2195 2106 2262 juxta
2137 2196 2275 2261 quol
2309 2201 2547 2262 sequitur
2579 2211 2592 2246 :
2649 2197 2714 2246 Et
2735 2210 2953 2262 quorum
2983 2205 3110 2247 tecta
3140 2207 3256 2248 sunt
3295 2208 3520 2265 peccata,

1963 2268 2069 2317 erit
2098 2265 2342 2332 repetitio
2389 2280 2492 2318 non
2535 2280 2600 2317 ex
2641 2265 2963 2317 necessitate
2997 2267 3276 2328 narrantis,
3321 2267 3414 2319 sed
3466 2276 3524 2319 ut

1960 2337 2273 2402 expressius
2299 2335 2547 2388 Ecclesiae
2569 2335 2868 2401 iniquitates
2894 2335 3130 2387 remissa:
3152 2336 3519 2390 ostendantur.

1968 2404 2060 2458 Vel
2093 2407 2133 2458 si
2168 2406 2407 2458 Volumus
2437 2405 2814 2468 diversilicare,
2847 2404 3171 2472 accipiemus
3203 2421 3297 2470 per
3324 2406 3526 2473 iniqui-

1967 2484 2105 2528 tates
2133 2475 2432 2544 originalia,
2466 2491 2558 2539 per
2590 2485 2800 2542 peceata
2834 2488 2957 2527 vero
2997 2476 3245 2536 actualia,
3291 2491 3410 2542 quae
3457 2492 3523 2529 ex

1966 2547 2174 2614 pmpria
2234 2545 2654 2614 transgressione
2690 2545 2855 2614 nobis
2907 2545 3102 2607 insunt,
3142 2559 3193 2614 et
3233 2545 3520 2598 secundum

1968 2613 2078 2667 hoc
2095 2613 2406 2680 simpliciter
2427 2613 2651 2668 dicetur.
2687 2613 2762 2666 llli
2793 2627 2921 2666 vero
2971 2623 3096 2666 sunt
3137 2613 3266 2667 beati
3310 2631 3524 2682 quorum

1961 2683 2249 2749 iniquitaJcs
2275 2687 2325 2736 in
2357 2685 2697 2754 originalibus
2723 2692 2842 2736 sunt
2869 2687 3108 2745 remissae,
3141 2681 3189 2734 izl
3218 2681 3329 2750 est,
3353 2685 3528 2738 indul-

1970 2763 2069 2816 ιιιςς
2101 2764 2156 2807 ει
2183 2768 2407 2822 quorum
2457 2766 2664 2821 peccata
2717 2755 2943 2807 actualia
2986 2764 3112 2808 sunt
3153 2764 3308 2809 tecta.
3345 2757 3394 2808 id
3421 2766 3526 2820 est,

1967 2823 2162 2878 abolita
2189 2839 2282 2891 per
2310 2827 2554 2893 gratiam.
2583 2826 2741 2890 'l'egit
2786 2824 2922 2878 Deus
2969 2835 3201 2891 peccata,
3251 2823 3370 2889 quia
3421 2839 3526 2880 non

1966 2895 2082 2949 vult
2133 2896 2338 2962 punire.
2383 2895 2495 2946 Non
2539 2896 2649 2946 vult
2677 2909 2739 2947 ea
2767 2907 3114 2962 cogno~cere,
3163 2894 3282 2962 quia
3329 2895 3530 2949 mavult

1966 2965 2264 3033 ignoscere.
2298 2967 2359 3016 lit
2387 2966 2504 3018 ideo
2533 2973 2660 3017 tecta
2688 2976 2804 3016 sunt
2837 2975 3060 3032 peccata.
3093 2965 3253 3018 Tecta
3293 2965 3531 3032 quideui,

1973 3051 2075 3087 non
2107 3044 2163 3086 ut
2190 3033 2389 3098 vivant,
2421 3035 2513 3088 sed
2544 3045 2598 3088 ut
2650 3049 2753 3086 non
2787 3034 3083 3088 videantur.
3136 3034 3338 3088 Avertit
3384 3036 3524 3090 cuius

1972 3103 2113 3159 Deus
2141 3103 2328 3158 faciem
2355 3120 2503 3158 Sltttm
2531 3119 2560 3156 a
2591 3105 2836 3171 peccatis,
2863 3120 2966 3158 non
2993 3116 3047 3158 ut
3066 3107 3127 3157 ad
3154 3120 3248 3157 nos
3269 3118 3386 3158 eam
3411 3120 3529 3159 ver-

1973 3183 2070 3228 tal.
2101 3174 2227 3229 Item
2259 3185 2388 3227 tecta
2418 3185 2534 3227 sunt
2564 3187 2789 3242 peccata,
2841 3191 2944 3227 non
2974 3185 3028 3228 ut
3059 3174 3381 3238 ncsciautur,
3431 3175 3525 3230 sed

1970 3259 2074 3296 non
2107 3246 2448 3311 imputentur.
2480 3244 2629 3310 Quod
2657 3247 2832 3296 statim
2858 3245 3220 3312 subsequitur.
3250 3244 3409 3309 Quasi
3446 3246 3528 3299 di-

1968 3321 2059 3368 eat
2087 3331 2097 3365 :
2133 3315 2296 3366 ﬂecte
2325 3316 2536 3366 affirmo
2561 3315 2698 3381 quod
2731 3314 2802 3366 illi
2831 3324 2953 3366 sunt
2980 3315 3128 3378 beati,
3175 3329 3389 3381 quorum
3428 3315 3526 3368 ini-

1970 3387 2188 3449 quitates
2218 3392 2261 3435 et
2289 3395 2488 3448 peccata
2525 3394 2639 3436 sunt
2679 3392 2826 3435 tecta.
2872 3382 3001 3436 Nam
3040 3385 3128 3438 ille
3167 3384 3248 3436 vir
3287 3399 3408 3437 vere
3447 3394 3533 3439 est

1971 3455 2159 3517 beatus,
2188 3454 2331 3521 cujus
2355 3451 2604 3504 Dominus
2635 3469 2734 3505 ncn
2758 3453 3024 3522 imputabit
3047 3464 3322 3521 peccatum,
3350 3454 3398 3506 id
3422 3463 3522 3517 est,

1973 3523 2025 3577 in
2054 3539 2208 3591 quem
2241 3525 2492 3592 Dominus
2519 3537 2622 3574 non
2654 3524 2946 3592 rviudtcabit
2989 3523 3201 3592 aliquod
3251 3532 3524 3592 peccatum

1972 3604 2098 3646 ante
2119 3595 2362 3661 gratiam,
2392 3591 2504 3645 δίκε
2530 3591 2806 3661 originale,
2835 3596 2952 3647 sive
2975 3595 3200 3656 actuale,
3227 3591 3399 3660 neque
3427 3595 3532 3647 ali-

1975 3664 2115 3731 quod
2149 3673 2262 3730 post
2289 3664 2531 3732 gratiam,
2571 3663 2694 3730 quia
2723 3662 2767 3714 si
2797 3663 2920 3731 quid
2963 3665 3200 3728 peccavit
3226 3675 3361 3732 post
3411 3679 3532 3730 per-

1976 3744 2181 3801 ceptatn
2215 3731 2456 3800 gratiam,
2490 3748 2593 3785 non
2621 3741 2692 3786 est
2721 3748 2774 3784 tn
2799 3735 2982 3799 spiritu
3008 3735 3114 3801 ejus
3143 3731 3313 3795 dolus,
3346 3734 3395 3786 id
3423 3740 3530 3795 est,

1978 3804 2028 3857 in
2059 3804 2218 3856 corde
2246 3805 2381 3871 ejus,
2406 3804 2526 3868 quia
2545 3817 2653 3855 non
2675 3801 2910 3855 defendit
2935 3811 3208 3870 peccatum
3237 3816 3412 3865 suum,
3435 3803 3528 3857 sed

1980 3873 2248 3926 humiliter
2277 3877 2578 3926 comitetur.
2610 3873 2664 3924 In
2689 3873 2898 3925 illorum
2926 3874 3064 3926 enim
3093 3873 3280 3939 Spiritu
3304 3887 3428 3927 vere
3448 3883 3531 3926 est

1978 3943 2152 4004 dolus,
2183 3945 2272 4011 qui
2299 3943 2546 4011 iactando
2593 3943 2780 3996 merita
2827 3942 3114 3996 defendunt
3161 3954 3374 4009 peccata
3413 3958 3532 3998 sua.

1979 4013 2108 4079 Quia
2139 4028 2256 4066 cum
2285 4014 2487 4078 iustitia
2517 4023 2664 4064 sonet
2688 4014 2941 4076 exterius,
2987 4013 3235 4080 iniquitas
3283 4014 3411 4065 latet
3454 4015 3534 4065 iu-

1980 4085 2164 4137 terius.
2199 4085 2251 4135 In
2281 4098 2526 4150 quorum,
2566 4082 2786 4144 scilicet,
2839 4093 3169 4148 peccatorum
3220 4082 3534 4137 defensione

1982 4154 2176 4207 frustra
2227 4153 2488 4214 laborant,
2538 4155 2659 4219 quia
2690 4154 2814 4204 dum
2844 4168 2904 4205 se
2935 4161 2989 4205 ut
3018 4153 3343 4220 iniquitatem
3386 4169 3535 4206 suam

1987 4235 2368 4293 recognoscant
2402 4224 2585 4276 uolunt
2617 4222 2912 4286 bumiliare,
2943 4224 3034 4276 sed
3062 4223 3394 4278 deleudendo
3418 4239 3536 4276 eam

1981 4308 2039 4347 se
2060 4297 2316 4359 exaltare,
2345 4294 2634 4346 destruitur
2662 4307 2844 4347 eorum
2876 4293 3148 4355 fortitudo,
3190 4295 3312 4360 quia
3363 4294 3539 4347 nullus

1983 4365 2034 4419 in
2064 4380 2120 4416 se
2149 4365 2300 4417 fortis
2337 4372 2437 4429 est,
2476 4362 2570 4416 sed
2609 4362 2660 4415 in
2699 4362 2940 4415 Domino.
2987 4364 3142 4416 Juxta
3195 4362 3362 4414 illud:
3396 4360 3538 4415 Nam

1982 4438 2140 4487 virtus
2169 4437 2220 4488 in
2240 4434 2534 4502 infirnuate
2581 4434 2859 4501 per/icitur.
2897 4432 3075 4484 l’otest
3116 4445 3326 4498 quoque
3372 4430 3531 4502 istud,

1901 4490 1946 4550 Ι)
1971 4507 2198 4570 scilicet,
2247 4490 2356 4557 Nec
2399 4514 2470 4556 est
2512 4490 2590 4572 in.
2605 4490 2787 4568 spiritu
2819 4505 2927 4572 ejus
2963 4490 3254 4572 dolum-per.
3283 4513 3344 4553 se
3383 4509 3438 4553 et
3471 4490 3540 4555 de

1971 4575 2074 4626 alio
2104 4576 2316 4639 accipit,
2349 4583 2404 4627 ιιι
2433 4586 2500 4626 tta
2529 4571 2734 4624 dicatur
2763 4588 2775 4622 :
2809 4570 2898 4624 Ille
2943 4585 3021 4622 Vll'
3067 4581 3151 4639 est.
3196 4570 3400 4634 beatus,
3450 4572 3540 4624 cui

1973 4662 2075 4698 non
2106 4638 2444 4712 imputabitur
2472 4651 2766 4712 peccatum.
2803 4642 2866 4694 Et
2894 4641 2983 4693 ille
3023 4638 3183 4712 etiam
3227 4641 3433 4712 beatus,
3480 4641 3539 4712 in

1972 4717 2119 4784 cujus
2148 4708 2331 4778 spiritu
2357 4730 2456 4767 non
2473 4708 2555 4766 est
2578 4713 2744 4784 dolus.
2782 4711 2947 4764 liabet
2975 4711 3074 4761 alia
3105 4709 3404 4784 Translatio
3431 4729 3442 4764 :
3469 4708 3537 4765 In

1974 4779 2059 4838 ore
2084 4788 2216 4856 ejus,
2245 4789 2395 4850 juxta
2421 4785 2559 4854 quod
2587 4783 2802 4850 spiritus
2829 4795 2922 4848 pro
2948 4793 3098 4845 Voce,
3143 4780 3299 4834 sicuti
3342 4779 3537 4850 placet,

1974 4859 2060 4908 hic
2078 4857 2356 4916 accipitur.

2050 4925 2299 4989 Quoniam
2323 4922 2482 4990 tacui,
2526 4922 2940 4975 inveteraverunt.
2968 4920 3080 4976 Hoc
3106 4919 3235 4976 dicit
3283 4921 3538 4990 propheta

1977 5011 2083 5050 non
2111 5005 2324 5064 propter
2351 5007 2431 5055 se,
2465 4994 2557 5064 sed
2581 4994 2631 5045 in
2662 5004 2887 5064 persona
2925 4992 3064 5064 illius
3085 4993 3537 5064 superhipopuli,

1979 5062 2164 5120 ccutia
2197 5079 2354 5132 quem
2411 5065 2461 5117 in
2511 5063 2612 5115 hoc
2642 5062 2849 5132 psalmo
2879 5062 3132 5131 loquitur.
3161 5063 3322 5129 Quasi
3351 5064 3491 5117 dicat
3521 5080 3536 5116 ε

1979 5138 2035 5192 lu
2059 5135 2247 5200 spiritu
2271 5135 2486 5202 quidem
2514 5133 2656 5187 illius
2676 5135 2764 5202 qui
2795 5135 2978 5187 beatus
2997 5142 3102 5196 est,
3131 5148 3234 5186 non
3256 5143 3337 5186 est
3359 5135 3534 5200 dolus,

1979 5207 2073 5262 sed
2102 5206 2154 5260 in
2177 5221 2296 5259 tneo
2325 5205 2512 5272 spiritu
2536 5213 2612 5256 est
2635 5203 2810 5268 dolus,
2835 5204 2954 5272 quia
2977 5203 3112 5257 tacui
3138 5203 3278 5268 quod
3300 5203 3536 5256 clamau-

1983 5279 2107 5332 dunt
2137 5276 2253 5340 fuit,
2297 5283 2352 5328 et
2381 5275 2600 5330 clamavi
2628 5275 2767 5341 quod
2802 5275 3076 5328 tacendum
3131 5274 3225 5325 fuit
3265 5281 3376 5325 tota
3426 5272 3537 5338 die,

1986 5349 2036 5402 id
2062 5358 2165 5412 est,
2189 5347 2421 5400 assidue.
2443 5345 2604 5398 'l‘acui
2621 5346 2781 5408 enim,
2811 5344 2950 5398 unde
2976 5344 3305 5411 proﬁcerem;
3334 5341 3537 5393 clama-

1985 5422 2058 5482 vi,
2092 5419 2229 5470 unde
2279 5418 2582 5470 deﬁcerem.
2636 5414 2794 5468 Tacui
2845 5415 3258 5475 confessionem,
3308 5412 3534 5465 clamavi

1988 5487 2496 5560 praesumptionem;
2527 5484 2665 5537 tacui
2696 5492 2942 5560 peccata,
2976 5482 3201 5560 clamavi
3234 5493 3458 5560 tnerua._
3475 5483 3540 5536 Et

1988 5553 2110 5614 ideo
2134 5553 2530 5610 inveteraverunt
2553 5569 2666 5607 ossa
2703 5568 2833 5606 mea.
2859 5553 2986 5606 Nam
3008 5553 3052 5605 si
3077 5561 3303 5605 tacerem
3329 5554 3541 5618 merita,

1989 5638 2044 5685 et
2071 5631 2356 5682 clamarem
2381 5635 2594 5696 peccata
2617 5665 2630 5689 ,
2665 5635 2788 5677 tunc
2836 5625 3216 5696 innovaientur
3251 5636 3378 5696 ossa
3403 5637 3544 5696 mea,

1993 5700 2044 5754 id
2068 5708 2168 5762 est,
2204 5691 2511 5751 virtus'tnea
2541 5698 2755 5749 robusta
2776 5702 2916 5748 esset
2941 5694 2991 5747 in
3019 5691 3266 5758 Domino,
3292 5692 3412 5762 quia
3444 5693 3545 5747 hoc

1997 5769 2158 5828 modo
2205 5765 2470 5824 invenirer
2503 5769 2555 5822 in
2599 5781 2686 5821 tne
2718 5765 2978 5822 infirmus.
3020 5762 3154 5830 Quia
3185 5774 3364 5820 autem
3403 5764 3546 5821 tacui
