3922 6190
376 317 480 375 ιιιτ

839 311 1044 367 ΒΕΒᾹΞ
1086 304 1536 363 VENEllABlLlS
1580 303 1731 359 OPP.
1774 298 1955 358 PARS
1998 296 2057 352 ll.
2090 296 2283 354 SECT.
2329 296 2391 351 ll.
2433 326 2499 337 —
2538 294 2739 350 DUBH
2784 294 2873 349 ET
2911 291 3181 350 SPURH.

3516 291 3633 373 eis

376 442 483 485 non
509 434 678 491 vetns,
708 424 800 478 sed
832 438 1030 477 novum.
1073 415 1754 491 Canticumcnimpovum
1785 425 1944 466 nemo
1976 415 2016 468 Α
2052 406 2424 491 εειιειε.“Νιιιξι
2456 416 2655 491 sancite
2682 404 2965 491 Trinitatis
2986 403 3247 491 tudinem.
3283 401 3632 491 Aprilis-figit.“

377 507 574 560 cantat,
623 486 722 548 nisi
768 502 1053 547 renovatus
1103 505 1197 558 per
1236 487 1484 554 gratiam.
1535 486 1600 539 Et
1647 494 1730 560 est
1757 498 1940 560 nouunt

379 553 651 629 canticum,
686 579 815 617 nova
846 553 1185 623 charitas,'nt
1213 553 1316 611 non
1350 569 1550 629 tantum
1574 554 1799 629 quisque
1824 553 1943 604 dili-

379 648 470 707 gat
508 626 756 694 amicum,
801 632 891 707 sed
923 630 1085 683 etiant
1137 629 1407 707 inimicum
1435 668 1448 686 .
1496 628 1634 706 sicut
1683 626 1941 707 scitis-nm,

381 690 521 763 sicut
549 719 695 757 vetns
723 690 984 756 canticum
1030 710 1114 752 est
1145 709 1294 751 vetus
1327 696 1653 749 animositas.
1707 690 1943 763 Cantate,

382 762 613 844 inquam,
651 776 893 844 Domino,
935 780 988 821 et
1028 771 1172 844 liene
1196 767 1398 844 psallite
1439 762 1948 844 eicpralz‘ceptorime:

380 833 512 908 strn,
541 833 760 903 scilicet,
788 849 845 893 ut
873 842 924 892 in
961 841 1103 890 nullo
1128 840 1175 891 ei
1201 836 1544 908 displiceatis.
1587 833 1744 908 Quod
1772 833 1869 883 erit
1900 833 1946 883 si

387 906 619 982 psallatis
646 913 695 965 ei
742 912 793 964 in
815 909 1194 982 uociferatione,
1250 908 1450 982 ιιι-εει,
1483 907 1533 956 ιιι
1566 906 1842 982 immensa
1868 910 1951 980 ,ει

382 972 632 1039 incll'abili
663 981 854 1035 utentis
884 972 1262 1031 eisultatiune.
1297 974 1613 1027 Vocil'eratio
1646 972 1811 1033 enim,
1838 972 1950 1023 sive

385 1055 650 1121 jubilatio,
688 1061 771 1105 est
818 1065 983 1103 sonus
1018 1048 1249 1121 quidam,
1306 1046 1611 1121 signiﬁcans
1646 1057 1737 1095 cor
1768 1052 1947 1121 partu:

388 1111 497 1177 rii'e
522 1111 661 1191 quod
699 1137 801 1173 non
851 1111 1045 1191 potest’
1069 1118 1283 1191 dicere._
1317 1111 1403 1191 Ei__
1423 1114 1541 1191 t_:~_|_is
1589 1114 1703 1191 laus
1735 1111 1952 1191 cquisit

392 1180 705 1255 incﬁ'a'bilis,
763 1180 864 1241 non
916 1189 1070 1240 decet
1121 1186 1219 1239 nisi
1272 1185 1617 1255 iucﬁ'ahilcm.
1669 1180 1952 1255 IAnelfabilis

389 1275 563 1316 autent
597 1252 701 1324 est,
732 1274 888 1326 quem
922 1256 1017 1309 fari
1056 1271 1157 1307 non
1186 1264 1378 1323 potest.
1432 1252 1492 1306 Et
1518 1255 1573 1326 si
1599 1253 1691 1326 fari
1721 1267 1954 1326 nonpo-

397 1342 497 1395 tcs,
547 1340 602 1383 et
633 1320 806 1382 tacere
834 1345 936 1380 non
964 1328 1149 1389 debes,
1182 1320 1305 1394 quid
1340 1333 1501 1377 restat
1526 1323 1623 1375 nisi
1648 1332 1702 1373 ut
1734 1320 1952 1395 juhiles,

390 1404 441 1455 id
470 1392 570 1465 est,
597 1412 649 1452 ιιι
678 1414 770 1453 cor
798 1397 1020 1465 gaudeat
1048 1399 1162 1449 sine
1194 1392 1373 1447 verbis
1395 1435 1411 1460 ,
1460 1403 1513 1465 ει
1544 1395 1804 1465 immensa
1836 1392 1956 1443 lati-

392 1473 520 1526 tttdo
549 1462 855 1540 gaudiorum
884 1465 1105 1540 excedat
1134 1462 1685 1540 uretassyllabarunr‘?

468 1530 598 1607 Quia
627 1548 813 1593 rectum
835 1548 908 1591 est
933 1536 1133 1590 verbum
1162 1530 1387 1607 Domini.
1420 1534 1560 1607 ideo
1584 1532 1789 1607 debetis
1820 1530 1959 1607 ps-df

392 1602 507 1664 lere
557 1610 777 1662 Domino
826 1610 877 1660 in
923 1606 1301 1673 vociferatione,
1343 1606 1464 1671 quia
1503 1603 1718 1656 Verbum
1752 1602 1957 1673 Domini

388 1681 528 1749 quod
566 1689 671 1733 erat
703 1681 756 1731 in
786 1671 1067 1749 principio,
1088 1673 1470 1749 idest,__l'*_‘il_ius
1500 1673 1597 1749 Dei
1630 1671 1845 1749 l‘atri_s,_
1878 1687 1960 1723 re-

391 1741 508 1804 ctus
536 1758 639 1811 est,
665 1741 796 1817 quia
817 1749 1021 1800 nullum
1045 1746 1202 1817 lallit.
1254 1744 1395 1798 Nihil
1427 1745 1568 1796 enim
1613 1741 1871 1817 promittit
1898 1749 1963 1817 et
2002 1759 2040 1816 Β

394 1836 499 1873 non
531 1810 723 1872 reddii.
776 1817 925 1883 Quod
957 1817 1001 1869 si
1039 1816 1259 1879 laceret,
1313 1830 1415 1866 non
1452 1824 1650 1875 rectus,
1697 1812 1790 1883 sed
1822 1810 1962 1862 obli-

394 1905 530 1954 quus
559 1899 722 1942 esset.
760 1882 824 1939 Et
846 1887 1018 1940 omnia
1038 1901 1192 1955 Opera
1216 1886 1353 1955 ejus,
1372 1884 1421 1937 id
1453 1893 1553 1955 est,
1580 1882 1806 1955 Domini,
1842 1890 1967 1932 sunt

394 1951 447 2012 in
474 1959 597 2028 ﬁde,
642 1958 691 2011 id
731 1969 847 2023 εει,
901 1951 1127 2010 ﬁdeliter
1159 1951 1260 2007 non
1293 1953 1550 2028 fallaciter
1579 1968 1606 2003 a
1644 1951 1806 2028 nobis.
1846 1961 1968 2003 sunt

396 2022 619 2097 agi-uda.
661 2029 783 2081 Sitit
809 2042 937 2096 ergo
962 2041 1122 2091 opera
1154 2034 1335 2097 nostra
1370 2022 1420 2075 in
1450 2025 1550 2097 lide
1586 2031 1641 2074 ιιι
1669 2022 1968 2097 efﬁciantur

398 2091 603 2163 ﬁdeles,
641 2091 919 2151 credentES
963 2097 1013 2148 itt
1041 2110 1185 2149 eum.
1234 2093 1413 2146 Justus
1434 2094 1566 2145 enim
1614 2108 1675 2145 ea:
1700 2091 1964 2163 Μετιυϋ.

397 2162 695 2222 Invenimus
725 2167 1005 2220 Dominum
1034 2179 1152 2218 esse
1201 2163 1408 2218 ﬁdelem
1439 2165 1487 2215 in
1518 2163 1758 2229 Apostoli
1790 2162 1965 2225 dictis,

399 2239 483 2291 ubi
514 2240 638 2290 dicit
665 2255 677 2289 :
718 2235 911 2289 Fidelis
944 2235 1099 2299 Deus,
1144 2236 1232 2302 qui
1254 2251 1352 2287 non
1382 2234 1619 2301 patirtur,
1651 2242 1702 2302 et
1745 2233 1965 2297 reliqua.

402 2309 465 2361 Et
496 2310 619 2361 item
646 2325 658 2359 :
693 2307 751 2361 Si
778 2308 1071 2369 toleramus,
1099 2301 1164 2356 et?
1185 2304 1624 2373 conregnabimur.
1657 2301 1712 2357 Si
1738 2315 1970 2369 negave-

400 2395 586 2439 runns,
634 2389 690 2431 et
718 2378 829 2440 ipse
859 2375 1071 2444 negabit
1100 2390 1218 2428 nos.
1269 2373 1324 2429 Si
1356 2383 1528 2427 autem
1557 2388 1659 2426 non
1706 2373 1969 2425 credimus

407 2449 479 2509 ci,
509 2448 618 2513 ipse
644 2448 810 2500 lidelis
842 2454 1132 2511 permanet,
1167 2445 1398 2508 seipsum
1425 2459 1618 2510 negare
1641 2458 1743 2513 non
1774 2451 1967 2513 p0Iest.

403 2510 540 2570 Alio
573 2529 746 2570 autem
799 2518 957 2569 modo
1005 2516 1196 2566 dicitur
1244 2512 1384 2566 Deus
1430 2514 1617 2577 ﬁdelis,
1664 2511 1769 2565 alio
1812 2510 1971 2563 modo

404 2588 583 2638 homo.
636 2586 805 2639 llomo
832 2578 975 2638 enim
1022 2583 1192 2638 ﬁdelis
1239 2594 1321 2637 est
1348 2584 1575 2635 credens
1613 2582 1719 2635 Deo
1751 2581 1974 2648 promit-

409 2655 581 2721 tenti;
629 2657 764 2708 Deus
794 2670 917 2707 vero
969 2653 1137 2706 ﬁdelis
1166 2662 1267 2715 cst,
1317 2653 1541 2721 explens
1583 2651 1782 2705 homini
1831 2650 1971 2717 quod

407 2724 672 2793 promisit.
728 2724 921 2778 Factus
966 2732 1046 2793 est
1085 2721 1235 2775 nobis
1266 2720 1577 2793 ipse’lidclis
1609 2722 1842 2793 debitor,
1895 2721 1971 2793 sis

407 2790 460 2847 iu
492 2810 687 2850 avarus
711 2804 948 2848 exactor.
1003 2791 1045 2845 Τ
1051 2807 1303 2847 eneainus
1327 2808 1455 2861 ergo
1487 2791 1847 2846 ﬁdelissimum
1876 2790 1972 2844 deo

406 2868 650 2928 bitoretn,
704 2866 791 2933 qui
818 2864 929 2932 jam
981 2872 1222 2917 tenemus
1265 2862 1819 2917 misericordissitnum
1849 2875 1975 2929 pro-

404 2934 700 2990 niissorem.

479 3006 658 3076 Diligit
703 3004 1120 3076 misericordiam.
1172 3001 1287 3055 Alia
1336 3015 1492 3076 causa
1528 3000 1799 3076 ad_n_lem.
1827 2999 1972 3076 ideo

412 3070 666 3133 debenins
698 3075 922 3128 Domino
939 3081 1218 3127 cantarect
1249 3071 1494 3140 psallere,
1525 3070 1646 3138 quia
1666 3071 1778 3139 ipse
1803 3071 1969 3139 diligit

410 3147 828 3210 miscricordiam,
878 3154 930 3198 et
960 3145 1239 3205 exhibere,
1288 3152 1343 3194 et
1372 3142 1611 3195 exhiberi
1654 3157 1683 3193 a
1724 3141 1897 3204 nobis,
1926 3152 1973 3195 et

404 3210 868 3286 judiciumfacerc,
890 3223 946 3286 et
969 3215 1077 3286 ﬁeri
1097 3229 1124 3265 a
1151 3211 1322 3286 nobis.
1343 3212 1460 3286 Non
1476 3225 1603 3286 ergo
1630 3220 1864 3286 transeat
1884 3227 1978 3286 nos

416 3283 796 3348 misericorda,
844 3283 964 3353 quia
981 3282 1608 3353 subsequiturjudicium.
1659 3281 1807 3335 Nunc
1836 3281 1978 3353 enim

416 3356 559 3407 locus
597 3364 678 3406 est
706 3350 1104 3418 misericordize,
1139 3350 1192 3406 ct
1221 3350 1335 3420 ejus
1359 3368 1516 3419 quant
1547 3351 1801 3406 Dominus
1831 3351 1982 3405 exhi-

418 3425 530 3487 bet,
562 3432 615 3476 cl.
657 3439 814 3491 quant
847 3426 1012 3477 vulta
1054 3425 1205 3476 nobis
1253 3424 1533 3491 exhiberi.
1571 3424 1634 3475 Et
1678 3423 1790 3475 hac
1817 3430 1898 3474 est
1928 3421 1979 3474 in

421 3494 527 3547 Deo
570 3508 727 3561 quam
775 3494 993 3548 exhibet
1023 3492 1411 3557 misericordia,
1451 3490 1570 3557 quia
1597 3501 1753 3545 vocat
1792 3492 1982 3545 adver-

422 3577 532 3616 sos.
584 3563 870 3617 Comensis
895 3566 1057 3618 donal
1081 3575 1316 3629 peccata,
1367 3569 1645 3629 peccantes
1670 3571 1726 3616 ut
1763 3576 1984 3615 conver-

422 3639 603 3685 tantur
634 3633 894 3699 patienter
916 3641 1205 3699 exspecuit.
1261 3633 1326 3684 Et
1353 3647 1508 3696 quam
1533 3631 1638 3684 cito
1664 3641 1983 3686 convertun-

424 3714 532 3769 tur,
574 3704 902 3757 obliviscitur
931 3703 1195 3771 primi-rita
1222 3712 1273 3754 et
1306 3699 1563 3769 promittit
1605 3702 1805 3771 lutura.
1850 3700 1984 3753 llor-

411 3783 553 3825 tatur
582 3774 780 3843 pigros,
829 3770 1136 3843 consolatur
1184 3773 1421 3843 al‘llictos
1443 3810 1459 3836 ,
1492 3772 1647 3843 docet
1680 3770 1981 3843 Astudiosos,

416 3841 1011 3911 adjuvat'dimicanti-5.
1062 3841 1343 3897 Neminem
1392 3842 1596 3894 deserit
1625 3841 1979 3905 laborantem,

424 3928 473 3965 et
505 3913 568 3965 ad
598 3927 655 3966 se
684 3915 1022 3967 clamantem.
1076 3913 1192 3980 Ipse
1220 3919 1382 3965 donat
1412 3913 1550 3965 unde
1580 3911 1678 3965 sibi
1717 3911 1986 3965 sacriﬁce-

422 3992 529 4035 tur.
587 3983 701 4049 lpse
732 3984 911 4036 tribuit
955 3983 1095 4037 unde
1142 3983 1399 4052 placetur.
1445 3981 1509 4034 Et
1540 3982 1655 4052 hinc
1686 3984 1987 4052 misericor-

417 4054 502 4103 dia
536 4067 635 4104 non
668 4053 910 4105 excludet
937 4053 1003 4106 ab
1049 4067 1113 4106 eo
1142 4050 1418 4119 judicium,
1467 4051 1588 4119 quia
1616 4052 1754 4105 sicut
1775 4050 1982 4104 miseri-

422 4136 546 4173 cors
574 4131 654 4173 est
685 4120 737 4173 iti
769 4137 966 4174 couver
995 4137 1076 4185 os,
1124 4123 1195 4174 ita
1231 4123 1406 4189 justus
1436 4134 1514 4174 est
1546 4123 1597 4174 in
1626 4137 1730 4174 non
1761 4136 1985 4175 comer-

424 4204 535 4242 sos.
585 4190 648 4242 Et
676 4194 809 4243 sicut
838 4191 1140 4245 misericors
1185 4202 1268 4244 εει
1297 4191 1347 4243 in
1376 4190 1625 4255 humiles,
1676 4192 1743 4243 ita
1775 4193 1875 4244 erit
1898 4190 1987 4259 ju-

423 4269 539 4311 stus
568 4259 619 4312 in
655 4266 933 4327 superbos.
984 4263 1048 4313 Et
1094 4261 1231 4313 sicut
1276 4260 1578 4313 misericors
1604 4269 1686 4314 cst
1733 4261 1784 4313 in
1816 4260 1982 4314 conﬁ-

423 4339 619 4399 tentes,
652 4330 724 4382 ita
744 4330 916 4398 justus
941 4331 1045 4383 erit
1073 4329 1126 4383 in
1157 4329 1489 4382 mentientes.
1525 4331 1588 4382 Et
1613 4331 1726 4397 ipse
1756 4331 1842 4399 qui
1869 4330 1988 4384 dili-

424 4399 499 4469 git
527 4397 702 4453 facere
733 4397 867 4452 hanc
896 4400 1336 4465 misericordiam,
1368 4410 1422 4452 et
1452 4402 1551 4452 hoc
1575 4397 1850 4467 judicium,
1877 4401 1986 4453 vult

2050 487 2224 545 posuit
2259 476 2535 529 Dominum
2569 476 2775 527 l’atretn
2810 488 2862 526 et
2889 474 3141 533 Verbum,
3169 486 3303 525 nunc
3335 474 3483 545 punit
3507 474 3639 545 Spi-

2046 543 2203 601 ritum
2232 558 2495 600 sanclum.
2534 545 2708 597 l’otest
2739 559 2952 613 quoque
2984 546 3082 596 iste
3107 557 3287 595 versus
3315 543 3470 613 aliter
3504 543 3635 609 legi.

2049 617 2212 683 Quasi
2251 616 2427 668 dicat:
2478 614 2624 668 Unde
2650 614 2869 680 Contigit
2903 617 3002 667 hoc
3027 613 3168 681 quod
3208 623 3341 665 terra
3372 612 3527 683 plena
3566 631 3644 666 eu

2051 681 2403 738 misericordia
2454 684 2706 737 Domini?
2755 686 2898 747 lude,
2932 683 3157 744 scilicet,
3206 684 3327 751 quia
3377 681 3644 735 Dominus

2051 756 2188 807 misit
2219 757 2474 823 quosdam
2525 756 2710 817 ccelos,
2758 753 2810 806 id
2844 764 2941 817 εει,
2995 754 3267 817 apostolos
3316 767 3410 819 per
3465 762 3641 806 totum

2051 827 2235 877 orbem
2280 834 2564 886 terni-um,
2611 826 2701 891 qui
2736 826 2929 889 ubique
2973 824 3296 876 seminarent
3324 832 3377 875 et
3406 837 3639 890 sparge-

2050 901 2172 948 rent
2215 893 2633 946 misericordiam
2678 894 2811 959 eius.
2873 893 3023 946 Nulla
3068 893 3212 946 enim
3266 893 3641 946 misericordia

2055 965 2224 1029 major
2248 971 2332 1017 est
2356 978 2514 1031 quam
2558 974 2892 1026 peccatorum
2940 962 3204 1025 remissio,
3250 975 3409 1029 quam
3445 962 3646 1016 remis-

2053 1035 2261 1087 sionem
2309 1033 2408 1100 ipsi
2455 1032 2507 1085 in
2538 1032 2811 1085 Trinitatis
2846 1034 3059 1087 nomine
3110 1048 3203 1096 per
3248 1043 3415 1084 totum
3450 1034 3646 1085 urbem

2058 1104 2497 1171 praedicaverunt.
2534 1104 2598 1154 Et
2623 1104 2776 1169 quasi
2805 1103 2997 1170 aliquis
3026 1109 3326 1172 qntereret:
3360 1104 3647 1166 Quomodo

2056 1175 2169 1225 ausi
2220 1177 2432 1225 luerunt
2473 1171 2547 1225 illi
2597 1172 2695 1238 ire,
2742 1188 2859 1225 CUIII
2891 1188 3021 1226 oves
3047 1171 3244 1226 essent
3294 1174 3429 1224 inter
3460 1172 3642 1238 lupos.

2060 1242 2366 1310 Respondet
2409 1257 2501 1296 eos
2544 1241 2661 1294 ideo
2690 1256 2848 1295 ausos
2882 1241 3046 1296 fuisse
3094 1242 3193 1306 ire,
3245 1242 3366 1309 quia
3416 1243 3649 1294 [innatae

2058 1324 2330 1366 suntoves
2362 1312 2463 1364 illae
2495 1324 2547 1363 ut
2577 1312 2726 1376 lupos
2768 1327 2871 1364 non
2906 1313 3169 1371 timerent,
3225 1313 3332 1364 imo
3365 1328 3469 1363 una
3529 1312 3648 1365 ovis

2061 1381 2254 1436 multos
2282 1393 2616 1434 coitsuuteret
2643 1385 2810 1447 lupus,
2842 1398 2869 1434 ιι
2899 1381 3069 1435 Verbo
3105 1379 3312 1433 Domini
3341 1396 3367 1431 a
3396 1395 3510 1448 quo
3533 1383 3647 1433 ele-

2060 1453 2157 1506 Cli.
2193 1453 2367 1505 Stulta
2393 1453 2523 1503 enim
2547 1462 2591 1503 et
2622 1452 2825 1512 in/irma
2849 1453 3024 1504 mundi
3050 1452 3193 1519 elegit
3221 1451 3375 1513 Deus,
3418 1463 3477 1503 ut
3520 1467 3649 1502 con-

2065 1524 2245 1589 fundat
2268 1522 2513 1590 sapientia
2538 1533 2583 1573 et
2610 1523 2781 1588 fortia.
2829 1522 2892 1574 Et
2932 1538 3022 1587 per
3054 1521 3154 1575 hoc
3184 1522 3410 1574 maxime
3448 1522 3653 1588 [irmati

2064 1602 2202 1659 sunt,
2235 1594 2355 1659 quia
2396 1592 2561 1643 omnis
2595 1593 2750 1644 virtus
2780 1607 2953 1644 eorum
2998 1600 3081 1645 est
3119 1606 3146 1642 a
3196 1590 3393 1656 Spiritu
3424 1602 3646 1654 sancto.

2066 1678 2172 1729 quo
2200 1666 2266 1716 de
2292 1661 2445 1716 cadis
2475 1663 2637 1714 misso
2668 1677 2828 1729 super
2855 1678 2966 1725 eos,
3000 1662 3066 1713 ita
3096 1663 3253 1714 corda
3276 1675 3461 1714 eorum
3507 1675 3652 1713 con-

2072 1734 2276 1785 lirtnata
2308 1741 2459 1795 sunt,
2508 1740 2561 1782 ut
2606 1746 2936 1800 nequaquam
2981 1733 3119 1784 inter
3159 1732 3438 1783 sazvientes
3492 1732 3649 1797 lupos

2078 1803 2422 1870 trepidarent.
2470 1800 2643 1853 Virtus
2672 1817 2843 1854 eorum
2876 1804 2992 1854 dco
3019 1816 3325 1867 congregans
3352 1816 3513 1863 aquas
3544 1818 3656 1853 ma-

2071 1873 2163 1935 ris,
2196 1874 2244 1925 id
2278 1881 2378 1935 est,
2411 1885 2621 1923 amaras
2671 1882 2724 1924 et
2754 1871 2911 1926 lalsas
2942 1871 3286 1939 cogitationes
3332 1880 3652 1935 persecuto-

2073 1958 2210 2005 rum,
2252 1956 2373 2009 qua:
2405 1946 2547 2009 prius
2579 1945 2627 1992 ιιι
2658 1950 2843 2008 aperto
2888 1953 3060 2004 erant,
3111 1942 3472 2008 comprimens
3516 1942 3653 1993 sicut

2072 2014 2124 2065 in
2151 2023 2260 2065 utre
2288 2015 2419 2064 lltlt‘u
2453 2010 2705 2063 terminos
2738 2011 2910 2078 peltis.
2954 2023 3009 2063 ut
3037 2019 3237 2064 tantum
3282 2010 3419 2063 intra
3461 2025 3525 2063 se
3550 2026 3652 2063 ste-

2071 2096 2167 2135 vin
2187 2096 2242 2135 ιιι
2282 2098 2385 2135 non
2429 2081 2741 2143 ionnsccus,
2788 2094 2838 2132 ιιι
2870 2096 3033 2148 ιριπιιιί,
3063 2080 3473 2148 praedicantibus
3503 2084 3650 2133 enim

2071 2153 2349 2219 apostolis,
2400 2161 2452 2205 et
2485 2152 2869 2216 multiplicante
2898 2152 3060 2204 verbo
3090 2150 3204 2215 Det,
3234 2162 3288 2205 et
3309 2152 3651 2204 credentium

2073 2222 2425 2285 multitudine,
2461 2220 2581 2274 licet
2613 2221 2733 2272 ntali
2767 2235 2869 2274 ItOn
2901 2222 3172 2284 deessent,
3220 2225 3343 2289 quia
3372 2221 3540 2273 simul
3593 2222 3646 2273 iu

2072 2308 2194 2345 area
2224 2302 2346 2346 sunt
2372 2305 2539 2357 pateat
2569 2302 2621 2342 ct
2657 2305 2841 2357 grana,
2890 2294 3017 2344 etin
3049 2290 3294 2343 torculari
3333 2291 3452 2342 vina
3485 2300 3543 2343 et
3574 2294 3652 2342 vi-

2075 2360 2245 2426 nacia,
2275 2372 2329 2414 et
2358 2366 2532 2415 oleum
2562 2370 2616 2412 et
2642 2374 2879 2429 amurca,
2925 2375 3027 2414 non
3058 2360 3171 2414 ausi
3218 2369 3392 2414 tamen
3428 2362 3651 2413 luerunt

2075 2431 2173 2500 ipsi
2205 2432 2325 2485 mali
2355 2429 2642 2498 neqmtiam
2686 2445 2832 2482 suam
2881 2440 3060 2497 aperte
3092 2440 3147 2483 ut
3194 2445 3338 2496 prius
3368 2445 3647 2498 exercete,

2075 2503 2244 2571 pressi
2263 2518 2291 2555 a
2321 2511 2463 2554 tanta
2483 2500 2711 2553 ﬁdelium
2738 2501 3111 2565 multitudine;
3142 2509 3473 2571 congregata:
3496 2510 3647 2564 sunt,

2074 2570 2311 2640 inquam,
2354 2585 2505 2640 aqua:
2537 2572 2698 2622 maris
2746 2573 2795 2623 in
2828 2581 3027 2635 utrem,
3078 2570 3352 2640 quodnon
3386 2571 3652 2623 inutiliter

2073 2638 2270 2695 factum
2297 2638 2550 2709 est,‘quia
2580 2640 2754 2705 posuit
2773 2642 3042 2705 Dominus,
3078 2642 3162 2695 vel
3192 2638 3356 2692 virtus
3388 2641 3479 2693 illa
3504 2643 3654 2708 abys-

2073 2726 2178 2775 sos,
2207 2710 2260 2765 id
2285 2722 2385 2773 est,
2413 2710 2654 2764 homines
2684 2712 2943 2780 pessimos
2967 2711 3018 2765 in
3043 2710 3357 2779 profundum
3392 2712 3649 2763 vitiorum

2074 2783 2371 2847 demersos,
2404 2790 2461 2833 ut
2498 2783 2767 2845 thesauris,
2815 2780 2866 2833 id
2896 2790 2997 2846 est,
3024 2781 3075 2833 in
3110 2780 3367 2845 Ecclesia,
3400 2782 3559 2847 quasi
3598 2781 3651 2833 in

2075 2850 2348 2905 thesauris.
2408 2850 2665 2918 Videlicet
2695 2860 2753 2904 ut
2796 2849 2921 2905 inde
2963 2850 3195 2918 proferat
3239 2851 3461 2903 donaria
3513 2852 3649 2916 suis,

2074 2924 2284 2990 quando
2321 2917 2594 2990 voluerit,
2620 2920 2757 2974 sicut
2782 2917 2976 2987 aliquis
3006 2920 3249 2974 dominus
3279 2922 3345 2973 de
3390 2924 3651 2973 thesauro

2073 2989 2171 3047 suo
2191 2992 2347 3047 solet.
2375 2992 2488 3044 Scit
2511 2989 2654 3043 enim
2687 2990 2937 3044 Dominus
2960 2991 3219 3043 militibus
3246 2992 3354 3044 suis
3382 2991 3529 3043 dona
3555 3004 3652 3043 sua

2081 3064 2337 3129 proferre,
2384 3068 2439 3115 et
2480 3061 2607 3127 quid
2638 3060 2889 3128 proferat,
2937 3069 2992 3114 et
3016 3061 3249 3129 quando,
3303 3071 3356 3114 et
3386 3070 3650 3129 quantum

2084 3141 2400 3200 potestatem
2423 3132 2509 3183 det
2529 3132 2679 3185 malis
2704 3144 2863 3197 super
2880 3132 3047 3184 bonos
3060 3134 3124 3184 ad
3149 3131 3369 3183 istorum
3389 3131 3652 3185 eruditio-

2086 3218 2229 3267 nem,
2275 3210 2329 3254 et
2372 3201 2581 3255 illorum
2631 3202 3046 3255 damnationem.
3102 3201 3241 3254 Vivit
3265 3204 3406 3254 enim
3456 3202 3652 3269 impius

2086 3272 2192 3341 pio,
2225 3273 2344 3340 quia
2385 3280 2468 3324 est
2509 3270 2557 3341 ei
2604 3272 2742 3339 quod
2784 3272 2907 3323 lima
2938 3273 3107 3334 l'erro,
3159 3280 3212 3324 et
3250 3272 3396 3341 quod
3454 3270 3650 3323 fornax

2082 3340 2211 3396 auro
2233 3358 2246 3393 :
2281 3348 2452 3409 potest
2472 3340 2625 3394 aliter
2650 3354 2860 3409 quoque
2874 3342 3163 3394 secundum
3183 3340 3410 3407 priorem
3429 3352 3649 3393 sentam-

2085 3412 2208 3464 tiam
2241 3413 2293 3464 in
2325 3412 2487 3465 verbo
2529 3410 2734 3464 Domini
2763 3412 2956 3464 dictam
2982 3427 3162 3465 versus
3192 3412 3289 3463 iste
3316 3412 3646 3463 cuntinuari.

2083 3481 2243 3547 Quasi
2268 3482 2437 3535 dicat:
2467 3480 2670 3551 Ditigit,
2698 3480 2932 3550 inquam,
2951 3479 3206 3534 Dominus
3223 3479 3646 3542 misericordiam,

2085 3563 2142 3605 ut
2168 3566 2328 3621 supra
2356 3552 2605 3604 diximus.
2637 3551 2815 3621 Ddtgit
2840 3561 2887 3605 et
2917 3552 3193 3620 judicium,
3227 3551 3365 3616 quod
3396 3551 3525 3604 inde
3552 3567 3650 3616 ap-

2087 3634 2256 3690 paret,
2283 3624 2402 3689 quia
2418 3636 2730 3691 congregans
2759 3631 2840 3675 est
2858 3637 3016 3689 aquas
3045 3625 3198 3691 maris
3218 3622 3345 3672 sicut
3374 3622 3426 3672 in
3452 3632 3649 3685 utrem,

2085 3701 2139 3746 et
2167 3695 2387 3759 reliqua.
2418 3690 2692 3745 Sententia
2723 3706 2828 3746 non
2859 3698 3111 3758 mutatur,
3136 3690 3232 3744 nisi
3259 3691 3395 3758 quod
3427 3693 3650 3759 quidam

2084 3761 2266 3815 dicunt
2300 3765 2428 3814 sicut
2460 3762 2512 3813 in
2540 3770 2700 3814 utrem
2728 3761 2795 3816 ad
2821 3763 2990 3814 solani
3032 3762 3453 3815 similitudinem.
3493 3761 3650 3813 Sicut

2084 3834 2327 3901 cnitnqui
2354 3832 2408 3885 in
2436 3844 2551 3884 utre
2579 3834 2776 3898 aliquid
2798 3832 3265 3900 colligitquautum
3292 3834 3401 3882 vult
3428 3830 3651 3893 retinet,

2085 3912 2446 3970 Quantumque
2475 3903 2586 3954 vult
2613 3902 2855 3964 eﬁ'undit,
2899 3903 2968 3955 ita
2998 3902 3149 3956 malis
3178 3917 3241 3954 ex
3272 3912 3399 3955 nutu
3435 3901 3653 3953 Domun

2087 3984 2241 4025 datur
2269 3983 2522 4040 quantum
2550 3973 2792 4037 saeviant,
2823 3982 2881 4027 et
2903 3982 3158 4040 quantum
3183 3986 3285 4026 non
3313 3975 3561 4025 sontant.
3593 3977 3658 4023 tat

2090 4043 2316 4110 pertinet
2343 4043 2443 4096 hoc
2472 4043 2538 4095 ad
2570 4057 2802 4110 praesens
2825 4041 3101 4110 judicium.

2162 4112 2353 4164 ’l’imeat
2377 4109 2652 4165 Dominum
2679 4109 2842 4166 omnis
2864 4123 3016 4167 terra.
3044 4114 3172 4176 Quia
3196 4109 3447 4164 Dominus
3475 4113 3659 4179 posuit

2090 4181 2311 4251 abyssos
2343 4183 2395 4234 in
2428 4185 2710 4249 thesauris,
2754 4186 2894 4248 ideo,
2936 4185 3095 4235 omnis
3128 4194 3281 4248 terra,
3323 4186 3457 4235 bene
3484 4183 3654 4245 culta,

2092 4252 2313 4314 setliCet,
2345 4251 2395 4305 id
2418 4260 2520 4313 εει,
2553 4252 2758 4316 lideles,
2786 4253 3003 4306 timeant
3027 4254 3328 4314 Dominum,
3362 4268 3464 4303 non
3492 4259 3658 4319 abys-

2092 4336 2182 4375 sos
2214 4322 2375 4389 ipsas.
2424 4324 2583 4386 Quasi
2614 4325 2791 4376 dieat:
2842 4326 2955 4377 Non
2982 4325 3210 4377 exsultet
3242 4333 3381 4375 terra
3411 4322 3562 4373 inani
3608 4328 3661 4373 et

2092 4396 2319 4460 superba
2353 4395 2530 4445 laetitia
2553 4433 2567 4457 ,
2600 4394 2748 4461 quasi
2780 4393 2907 4447 nihil
2940 4394 3154 4460 timens,
3185 4407 3303 4446 cum
3325 4394 3472 4444 aud.t
3501 4391 3657 4454 talia,

422 4462 479 4523 ὖι
507 4481 561 4523 ει
591 4484 708 4534 ιιοε,
741 4479 993 4534 quantum
1026 4462 1332 4537 possumus,
1376 4479 1431 4523 ut
1461 4462 1781 4538 indigentes,
1820 4462 1984 4522 tnise-
2020 4468 2070 4528 Ι)
2094 4465 2186 4538 ξφα
2218 4465 2391 4538 lintea!
2417 4462 2713 4538 Dominum.
2763 4463 3024 4529 Gaudeat,
3056 4480 3176 4531 quia
3226 4465 3490 4538 ptenahest
3512 4474 3661 4538 terra

431 4541 713 4594 ricoidiam
747 4541 1023 4604 faciamus,
1071 4541 1423 4607 utaiqualiler
1453 4538 1505 4592 in
1550 4554 1739 4594 omnes
1783 4541 1987 4608 judice-

431 4625 573 4673 rnus,
615 4612 837 4675 scilicet,
891 4621 948 4663 ιιι
975 4625 1073 4664 nec
1103 4624 1379 4676 personam
1413 4613 1657 4676 parueris
1698 4611 1747 4662 in
1792 4610 1989 4679 judicio

431 4680 778 4749 accipiamus.
813 4680 1045 4749 lniquior
1067 4681 1206 4735 enim
1230 4695 1384 4746 quam
1404 4679 1595 4748 ⁸ἱιιειιοι-
1620 4690 1704 4734 εει
1727 4680 1836 4748 qui,
1871 4696 1989 4748 par-

432 4753 603 4820 cendo
633 4751 834 4802 sacello
865 4750 1132 4820 pauperis,
1170 4756 1414 4803 vulnerat
1458 4764 1552 4803 cur
1594 4752 1757 4818 ipsius
1789 4764 1989 4820 paupe-

427 4819 523 4889 ris.
567 4817 768 4887 Diligit,
806 4820 1042 4887 inquam,
1076 4819 1326 4873 Dominus
1369 4817 1803 4885 misericordiamﬁ
1849 4817 1987 4889 quod

433 4886 559 4940 inde
604 4886 1034 4957 appat'et,'quia
1071 4890 1416 4943 misericordia
1466 4890 1675 4943 Domini
1720 4886 1879 4959 plena
1920 4901 1990 4943 est

435 4965 595 5021 terra,
642 4958 690 5009 id
722 4970 827 5023 est,
879 4959 1137 5024 reparatis
1186 4974 1278 5026 per
1309 4958 1729 5014 misericordiam
1762 4960 1989 5015 Domini.

427 5027 563 5091 Quid
595 5038 770 5098 autem
804 5027 963 5082 cadi?
1010 5029 1169 5093 Quasi
1198 5030 1376 5082 dicat:
1426 5029 1559 5083 Coeli
1608 5045 1712 5083 non
1758 5031 1989 5098 indigent

429 5097 815 5157 misericordia,
847 5100 967 5165 quia
998 5102 1049 5151 ιιι
1081 5100 1232 5152 caelis
1256 5109 1463 5153 nonest
1494 5103 1743 5165 miseria;
1774 5104 1825 5154 in
1855 5097 1990 5153 tetra

427 5181 555 5219 vero
611 5167 848 5221 abundat
912 5170 1170 5234 miseria,
1239 5171 1536 5224 abundetur
1601 5172 1989 5225 misericordia.

430 5236 588 5291 Plena
614 5247 697 5291 εει
724 5247 861 5292 terra
892 5240 1125 5301 miSeria,
1163 5238 1312 5304 plena
1342 5250 1412 5292 sit
1441 5253 1494 5293 et
1520 5241 1900 5295 misericordia.
1933 5241 1994 5293 Et

431 5323 498 5361 ne
525 5309 643 5376 quis
675 5319 886 5376 putaret
916 5308 1054 5377 quod
1081 5310 1202 5363 ειεὶὶ
1235 5311 1371 5362 lirmi
1402 5311 1773 5376 subsisterent,
1806 5321 1860 5365 et
1894 5313 1969 5363 lto

428 5377 575 5449 mino
605 5394 708 5449 non
745 5379 1060 5449 indigerent,
1108 5380 1275 5433 dicit:
1307 5380 1431 5432 Cwli
1470 5381 1657 5448 ﬁrmati
1705 5393 1823 5433 sunt
1852 5383 1995 5433 verbo

434 5446 660 5514 Domini,
698 5452 747 5502 id
770 5446 875 5512 est,
905 5450 1003 5503 hoc
1028 5450 1169 5518 quod
1197 5452 1434 5503 caelestis
1463 5446 1754 5515 exercitus,
1788 5462 1843 5503 ut
1871 5453 1996 5503 citc-

432 5519 585 5571 rubin
612 5529 664 5571 et
687 5519 957 5587 seraphin,
980 5519 1360 5585 pracvaricante
1374 5520 1605 5586 diabolo,
1623 5522 1993 5589 perstiterunt,

429 5601 533 5639 non
558 5602 638 5660 εξ
660 5602 740 5653 se,
770 5590 867 5642 sed
898 5604 925 5641 a
954 5590 1177 5643 Domino
1207 5590 1364 5644 l’atre
1384 5602 1438 5644 et
1464 5591 1634 5644 Verbo
1656 5591 1770 5660 ejus
1799 5591 1999 5645 habue-

428 5666 573 5727 runt.
603 5656 668 5727 Et
697 5674 799 5711 non
829 5674 949 5725 pars
975 5660 1204 5727 virtutis,
1237 5661 1330 5713 sed
1351 5661 1514 5713 omnis
1536 5656 1699 5714 virtus
1724 5673 1999 5715 earumest

426 5738 456 5777 ιι
480 5724 677 5791 Spiritu
722 5724 984 5797 oris’ejus,
1034 5730 1086 5786 id
1116 5724 1200 5785 est
1246 5731 1477 5798 Domini,
1510 5732 1557 5785 id
1584 5742 1688 5798 est,
1737 5747 1765 5785 a
1801 5734 1996 5800 Spiritu

2097 4532 2304 4584 Dontini
2355 4534 2751 4597 misericordia;
2798 4538 2981 4587 timeat
3026 4549 3171 4599 vero,
3216 4532 3337 4601 quia
3371 4532 3658 4585 Dominum

2090 4605 2264 4669 posuit
2302 4602 2356 4654 in
2389 4603 2637 4656 thesauris
2672 4610 2899 4673 aliyssos,
2929 4615 2984 4658 ut
3010 4618 3104 4672 per
3127 4607 3243 4656 illos
3275 4604 3501 4654 instruat
3525 4614 3655 4653 suos

2088 4675 2152 4724 ad
2211 4675 2458 4727 caelestes
2503 4676 2797 4727 thesauros.
2843 4676 2909 4728 Et
2953 4676 3069 4727 ideo
3119 4674 3207 4739 qui
3254 4675 3400 4741 prius
3449 4675 3518 4724 de
3561 4686 3657 4735 spe

2088 4745 2427 4810 promittebat
2477 4744 2577 4797 sibi
2629 4745 2963 4799 securitatem
3025 4744 3209 4797 redeat
3273 4744 3322 4795 in
3378 4744 3652 4794 timorem.

2088 4813 2316 4880 Sperare
2336 4815 2481 4866 enim
2501 4827 2552 4867 et
2574 4831 2675 4867 non
2699 4814 2911 4878 timere,
2936 4830 3161 4883 prazsutn
3170 4814 3278 4880 ptio
3299 4822 3395 4864 εει.
3428 4810 3654 4873 Timent,

2090 4884 2325 4951 inquam,
2370 4883 2639 4937 Dominum
2690 4887 2853 4938 omnis
2891 4894 3044 4951 terra,
3094 4884 3233 4936 etab
3270 4899 3326 4934 eo
3354 4884 3493 4944 solo,
3551 4896 3658 4931 non

2090 4954 2158 5006 ab
2180 4958 2305 5022 alio,
2335 4966 2738 5008 commoveantur
2766 4957 2828 5008 ad
2849 4957 3088 5009 timorem
3122 4967 3291 5006 omnes
3316 4952 3662 5004 inhabitantes

2090 5025 2283 5095 orbem,
2328 5027 2378 5078 id
2415 5036 2518 5092 εει,
2561 5028 2839 5095 diligentes
2877 5028 3276 5094 perfectionem,
3321 5027 3399 5095 sel
3430 5024 3555 5095 quia
3587 5036 3657 5073 na

2093 5093 2385 5148 inhabitant
2411 5106 2466 5147 et
2493 5093 2740 5149 excolunt
2765 5093 2988 5163 seipSos,
3022 5106 3077 5147 ut
3102 5096 3207 5147 sint
3246 5094 3413 5159 orbis,
3466 5094 3521 5145 id
3549 5101 3656 5153 est,

2096 5169 2337 5233 perfecti.
2384 5167 2552 5220 Saevit
2582 5168 2778 5234 quippe
2807 5166 2892 5219 leo
2917 5209 2932 5231 ,
2984 5175 3111 5218 tune
3158 5167 3435 5217 Dominum
3467 5178 3482 5225 ;
3529 5179 3655 5234 ιιιειο

2095 5234 2269 5288 diatur
2298 5252 2539 5305 serpens,
2573 5233 2849 5290 insidiatur
2878 5237 3138 5300 diabolus,
3175 5238 3299 5287 time
3321 5242 3524 5285 tantum
3559 5233 3663 5283 Do.

2093 5320 2317 5359 mtuum.

2170 5378 2421 5437 Quoniam
2468 5379 2577 5444 ipse
2607 5377 2760 5431 dixit.
2802 5376 2924 5430 ldeo
2973 5374 3238 5427 timendus
3274 5383 3357 5427 est
3409 5374 3670 5425 Dominus

2099 5448 2263 5507 Solus,
2319 5449 2568 5516 quoniam
2618 5454 2683 5500 ab
2712 5452 2829 5516 ipso
2852 5447 3027 5500 omnia
3082 5444 3217 5496 iacta
3250 5456 3394 5505 sunt,
3447 5456 3503 5495 et
3533 5444 3667 5495 nihil

2099 5518 2197 5570 nisi
2225 5519 2481 5583 permissa
2524 5524 2696 5572 lacere
2727 5530 2965 5586 possunt.
3001 5516 3118 5585 Ipse
3147 5518 3286 5569 enim
3319 5517 3469 5572 dixit,
3494 5527 3542 5566 et
3574 5523 3672 5580 1a-

2099 5600 2179 5639 cla
2208 5599 2346 5652 sunt,
2402 5589 2456 5641 id
2494 5598 2601 5649 est,
2651 5605 2742 5655 per
2784 5594 3002 5641 verbum
3049 5597 3104 5639 et
3148 5588 3466 5656 sapientiam
3517 5598 3673 5636 suam

2100 5659 2275 5711 omnia
2303 5659 2370 5711 ab
2403 5662 2516 5727 ipso
2546 5663 2711 5725 prima
2743 5660 3015 5712 creatione
3046 5661 3181 5709 laeta
3227 5668 3365 5716 sunt,
3412 5671 3464 5707 et
3507 5656 3675 5706 etiam

2102 5727 2321 5799 tel'ccta,
2350 5745 2472 5799 quia
2495 5730 2601 5797 ipse
2628 5732 2902 5796 mandavit,
2943 5731 2993 5784 id
3016 5738 3117 5792 est,
3150 5729 3396 5780 mandata
3424 5728 3596 5789 dedit,
3619 5734 3683 5777 ει
