3922 6190
318 264 427 326 635

1001 271 1066 326 IN
1113 268 1530 327 PSALMORUM
1570 269 1828 327 LIBRUM
1873 269 2234 325 EXEGESIS.
2276 294 2342 308 —-
2384 261 2631 327 PSALM.
2675 269 2917 327 XXXIII.

3473 255 3578 313 654

321 381 537 436 vissinia
566 394 719 435 coena
760 394 953 449 panem
998 380 1360 446 benedictum,
1404 390 1459 435 et
1496 395 1591 435 ore
1619 396 1716 435 suo
1741 396 1890 435 eom-
1918 381 1968 439 Α
1996 393 2061 433 ne
2088 378 2155 433 ab
2182 379 2297 447 ejus
2325 378 2584 433 deviando
2606 380 2893 435 voluntate.
2929 381 3038 436 lloc
3064 382 3128 436 ad
3160 381 3229 437 de
3255 395 3312 436 se
3351 382 3569 440 humili-

320 454 626 505 tuendarum
655 452 888 518 porrexit
930 450 1203 517 discipulis
1247 451 1358 505 suis
1413 452 1597 505 dicens
1630 470 1641 503 :
1670 451 1772 503 llic
1819 464 1893 505 est

318 524 528 590 sanguis
549 539 710 584 meus,
744 521 1165 575 commendando
1195 522 1345 574 nobis
1371 521 1719 575 humilitatem
1739 536 1889 579 suam

318 594 545 657 scilicet,
562 601 621 645 ut
642 603 695 645 et
720 592 913 644 humile
935 606 1126 658 corpus
1143 591 1259 655 ejus
1280 592 1683 645 comederemus
1699 607 1887 659 aggra-

320 662 538 716 tulando
567 663 683 728 ejus
706 663 985 723 uativitati,
1010 669 1065 714 et
1092 664 1409 729 sanguinem
1438 662 1555 730 ejus
1588 660 1888 718 biberemus

316 732 703 786 ronformando
725 745 820 784 nos
840 730 957 798 ejus
981 731 1234 798 passioni.
1262 731 1563 784 Procidebat
1581 746 1789 799 quoque
1818 734 1888 787 ad

317 804 450 855 ostia
472 810 633 872 porta:
652 802 937 854 historialis
962 801 1173 869 quidem
1197 801 1357 872 David
1383 803 1597 854 realiter
1614 822 1625 853 :
1643 800 1887 860 Christus

317 887 448 925 vero
473 871 783 925 humiliabat
804 885 861 923 se
889 872 939 923 in
964 885 1150 923 omnes
1174 871 1543 925 tribulationes
1572 872 1622 924 in
1655 881 1883 942 tantum,

319 952 375 995 ιιι
414 944 575 995 etiam
626 942 982 1008 turpissimam
1024 952 1247 994 mortem
1296 943 1470 995 crucis
1495 943 1801 1005 sustineret,
1834 957 1887 997 et

318 1014 420 1065 hoc
447 1013 511 1065 ad
536 1015 668 1064 ostia
694 1022 882 1079 portas.
905 1010 1097 1064 Ethzec
1111 1022 1235 1065 sunt
1255 1026 1502 1065 accessus
1523 1022 1576 1064 et
1594 1012 1798 1065 initium
1819 1014 1885 1068 ad

317 1084 476 1135 Iidem
504 1092 760 1147 nostram,
780 1083 1026 1135 uativitas
1044 1082 1245 1135 scilicet
1274 1082 1491 1144 ChriSti,
1510 1093 1562 1135 et
1582 1083 1755 1148 passio
1770 1082 1885 1149 ejus

314 1165 366 1204 ct
392 1167 560 1206 mors.
584 1151 692 1205 Nisi
717 1152 856 1205 enim
878 1150 1119 1203 Christus
1148 1160 1303 1204 natus
1324 1161 1486 1211 esset.
1513 1152 1752 1205 mortalis
1779 1168 1882 1207 nou

316 1233 489 1287 esset;
522 1224 567 1275 si
594 1222 832 1275 mortalis
863 1237 967 1274 non
995 1232 1155 1285 esset,
1188 1237 1291 1275 non
1332 1232 1629 1276 moreretur
1662 1238 1675 1285 ;
1709 1223 1751 1275 si
1778 1238 1882 1277 non

314 1302 644 1356 IIIOI'CI'CIIII',
676 1307 779 1346 non
833 1301 1171 1360 resurgeret;
1200 1293 1242 1345 SI
1275 1307 1379 1345 non
1428 1302 1752 1359 resurgeret,
1779 1308 1884 1348 non

312 1362 655 1424 ascenderet,
680 1373 731 1415 et
757 1371 972 1416 cetera.
990 1362 1177 1416 Satine
1197 1363 1357 1415 etiam
1384 1361 1713 1415 decurrebant
1732 1379 1885 1430 super

314 1434 526 1485 barbam
574 1435 693 1503 ejus
717 1432 879 1486 David
926 1432 1139 1499 quidem
1192 1431 1500 1495 historialis,
1532 1432 1743 1486 Christo
1793 1448 1879 1488 ve-

314 1517 375 1555 ro
407 1502 650 1571 mystice.
676 1502 866 1557 Salivm
895 1512 1069 1556 autem
1092 1512 1215 1555 sunt
1245 1517 1553 1570 puerormn,
1575 1504 1734 1557 barba
1759 1518 1883 1558 vero

314 1574 576 1626 virorum.
639 1572 706 1626 Et
764 1574 924 1626 verba
964 1573 1179 1641 quidem
1243 1573 1327 1626 illa
1394 1574 1588 1640 quibus
1629 1573 1884 1628 Dominus

312 1642 720 1696 commendabat
748 1641 1099 1696 humilitatem
1124 1657 1275 1695 suam
1301 1642 1483 1698 dicens
1514 1660 1528 1699 :
1556 1642 1675 1696 Nisi
1725 1660 1885 1696 mon-

310 1714 620 1767 ducaveritis
640 1728 844 1766 carnem
861 1728 1041 1775 meam,
1059 1722 1103 1765 et
1122 1712 1341 1766 biberitis
1371 1715 1666 1783 sanguinem
1696 1729 1879 1780 meum,

311 1800 416 1836 non
446 1785 691 1837 habebitis
715 1786 868 1837 vitam
898 1785 948 1836 in
979 1784 1155 1845 vobis;
1205 1783 1458 1836 infantitia
1492 1784 1806 1837 videbantur
1832 1797 1887 1839 et

310 1853 687 1920 impossibilia,
744 1855 837 1907 sed
884 1854 935 1906 in
984 1854 1112 1920 ipsis
1151 1855 1423 1922 tegebatur
1446 1854 1616 1908 virtus
1672 1869 1882 1923 magna,

312 1926 434 1990 quia
462 1940 554 1991 per
576 1939 637 1978 ea
670 1924 1015 1992 spiritualiter
1057 1924 1377 1977 admonebat
1410 1938 1505 1977 nos
1534 1924 1727 1978 imitari
1779 1928 1881 1977 hu-

311 1996 590 2048 utilitatem
622 1995 757 2063 ejus,
788 2005 843 2047 ut
873 1993 950 2047 sic
980 1996 1391 2063 ascenderemus
1420 1996 1487 2047 ad
1513 1995 1628 2061 ejus
1667 1994 1887 2049 celsitu-

309 2066 514 2117 dinem.
546 2066 633 2117 Sic
653 2061 871 2132 quidem
901 2064 1140 2118 Christus
1167 2061 1465 2117 Immutavit
1506 2063 1701 2117 vultum
1732 2081 1885 2119 suum

308 2150 489 2186 eorum
517 2134 825 2199 Abimelech,
860 2136 1020 2188 idest
1046 2133 1095 2187 in
1128 2136 1407 2202 prmsentia
1430 2133 1661 2188 Iudaica:
1694 2135 1881 2203 plebis.

310 2204 419 2257 Sed
450 2207 572 2273 quia
597 2207 692 2272 ipsi
724 2205 1143 2258 immutationem
1169 2205 1343 2259 vultus
1376 2206 1514 2272 ejus,
1542 2206 1594 2258 id
1622 2216 1725 2270 est,
1750 2220 1881 2259 con-

310 2276 612 2328 versionem
632 2276 875 2345 legalium
894 2276 1349 2328 observantiarnm
1376 2276 1425 2328 in
1450 2276 1765 2329 sacrificium
1787 2290 1883 2328 no-

312 2360 436 2397 vum
463 2360 563 2398 non
588 2354 969 2413 cOgnoveruut,
1003 2354 1459 2412 contempserunt,
1487 2355 1541 2398 et
1567 2345 1884 2400 dimiserunt

307 2429 430 2467 cum
460 2431 474 2479 ;
507 2416 619 2484 ipse
643 2432 767 2470 vero
791 2432 882 2484 per
906 2416 1336 2483 praedicationem
1363 2415 1724 2481 apostolorum
1754 2416 1884 2471 abiit

306 2485 375 2537 ad
405 2499 609 2554 gentes.
638 2487 786 2553 Apud
808 2500 938 2554 quas
962 2499 1089 2540 vero
1111 2485 1301 2555 ubique
1321 2500 1514 2539 novum
1536 2484 1879 2553 sacriﬁcium,

304 2563 366 2608 et
391 2558 509 2623 ejus
540 2556 810 2610 humilitas
835 2558 949 2624 ipso
971 2558 1193 2622 jubente
1213 2557 1533 2610 celebratur.
1570 2556 1632 2609 Et
1657 2566 1883 2624 possunt

306 2626 469 2692 plane
499 2626 721 2695 intelligi
750 2626 1065 2680 Abimelech
1111 2628 1193 2680 vel
1250 2626 1413 2680 Achis
1440 2636 1493 2681 et
1520 2639 1739 2694 regnum
1765 2627 1882 2692 ejus

306 2710 405 2761 per
435 2696 573 2759 illos,
604 2697 671 2751 de
698 2698 887 2765 quibus
916 2697 1126 2765 legitur,
1151 2698 1289 2765 quod
1314 2710 1433 2750 cum
1464 2695 1709 2749 Christus
1736 2712 1883 2750 com-

308 2768 585 2820 mendaret
615 2768 964 2822 humilitatem
1002 2781 1152 2821 suam
1193 2769 1375 2819 dicens
1410 2785 1421 2819 :
1449 2766 1567 2819 Nisi
1595 2765 1883 2819 manduca-

302 2837 477 2888 t'eritis
501 2852 703 2891 carnem
726 2852 909 2901 meam,
933 2846 977 2889 et
1002 2837 1220 2890 biberitis
1240 2838 1540 2904 sanguinem
1563 2852 1746 2901 meum,
1778 2852 1881 2890 non

305 2904 556 2959 habebitis
587 2910 740 2960 vitam
768 2909 820 2959 in
850 2908 1005 2972 vobis,
1047 2906 1385 2961 scandalizati
1409 2906 1525 2961 fere
1551 2906 1879 2974 septuaginta

304 2980 416 3028 duo
471 2978 713 3030 abierunt
750 2987 1061 3031 retrorsum.
1105 2978 1268 3031 Achis
1307 2977 1448 3029 enim
1500 2977 1881 3044 interpretatur

304 3047 563 3113 quomodo
605 3048 719 3101 est?
748 3047 1042 3113 Quomodo,
1072 3059 1269 3108 autem,
1311 3046 1529 3100 verbum
1574 3055 1656 3099 est
1694 3048 1879 3099 obstu-

309 3121 576 3181 pescentis
622 3128 676 3171 et
728 3118 1036 3186 ignorantis.
1072 3118 1135 3170 Et
1189 3117 1264 3171 illi
1296 3118 1444 3184 quasi
1493 3117 1877 3182 obstupescen-

303 3196 388 3239 tes
408 3189 784 3256 etignorantes
806 3187 1057 3241 dixerunt
1081 3206 1093 3240 :
1130 3186 1397 3254 Quomodo
1418 3196 1632 3256 possunt
1650 3187 1757 3239 hac
1781 3186 1874 3251 lie-

304 3256 398 3308 ri?
428 3255 671 3323 Nunquid
709 3258 1021 3310 abseissurus
1067 3268 1139 3311 est
1175 3258 1454 3326 particulas
1495 3258 1558 3309 de
1584 3271 1737 3310 eunte
1762 3272 1875 3320 sua,

298 3335 351 3377 ct
384 3330 600 3381 daturus
629 3328 771 3381 nobis
800 3328 866 3378 ad
905 3329 1217 3380 bibendum?
1266 3327 1461 3381 Gentes
1483 3341 1610 3380 vero
1647 3328 1714 3379 ad
1745 3342 1876 3392 quas

304 3396 423 3462 ipse
450 3407 733 3451 contentus
772 3415 799 3449 a
837 3397 1035 3451 Judteis
1064 3396 1193 3451 abiit
1218 3406 1363 3451 recte
1402 3396 1879 3465 intelligunturper

305 3467 428 3519 illos
461 3466 531 3519 de
579 3469 768 3535 quibus
800 3470 1187 3535 subsequentur
1225 3468 1419 3521 dicitur
1448 3483 1462 3519 :
1493 3464 1876 3535 Et’eonversus

300 3534 663 3589 adduodeeim
712 3538 862 3593 dixit.
915 3534 1163 3606 Nunquid
1193 3546 1239 3591 et
1269 3554 1352 3590 vos
1394 3536 1761 3606 vultisabire?
1809 3534 1878 3588 Et

300 3608 612 3672 respondens
647 3606 832 3661 Petrus
886 3624 977 3675 pro
1005 3604 1257 3671 omnibus,
1288 3608 1455 3660 dixit:
1521 3604 1760 3669 Domine,
1809 3607 1879 3659 ad

302 3692 451 3740 quem
477 3677 657 3729 ibimus
681 3678 704 3729 ?
736 3676 897 3731 Verba
924 3689 1034 3730 vtlw
1058 3691 1260 3732 (eterna:
1289 3678 1460 3743 habes,
1492 3692 1609 3728 caro
1638 3681 1772 3729 enim
1794 3678 1845 3728 ni
1856 3703 1877 3715 -

305 3746 377 3817 (ut
428 3747 659 3813 prodest,
715 3749 921 3817 spiritus
966 3761 1133 3801 autem
1180 3750 1413 3815 vivi/irai.
1474 3746 1633 3810 Quasi
1690 3746 1873 3800 dicat:

308 3814 481 3870 Verba
513 3828 597 3869 tua
627 3814 912 3873 carnaliter
963 3820 1229 3874 intellecta
1272 3814 1399 3872 mna
1425 3825 1678 3881 prosunt,
1710 3818 1875 3884 spiri-

303 3887 520 3939 tualiter
560 3903 682 3941 vero
707 3901 922 3954 accepta
960 3890 1246 3942 viviﬁcant.
1283 3888 1488 3942 Titulus
1525 3887 1683 3940 aliter
1704 3901 1875 3953 expo-

302 3958 471 4008 nitur.
522 3957 760 4010 Psalmus
799 3958 921 4022 iste,
965 3960 1013 4011 id
1052 3969 1155 4024 est,
1191 3960 1453 4025 eperatio,
1488 3972 1605 4026 quze
1650 3970 1875 4026 sequen-

300 4027 446 4079 tibus
478 4030 651 4081 verbis
680 4039 911 4093 notatur,
959 4029 1372 4094 commendatio,
1397 4030 1624 4090 scilicet,
1658 4026 1872 4079 humili-

301 4102 451 4161 tatis,
476 4102 553 4149 vel
579 4098 692 4150 laus
713 4114 940 4167 sequens
960 4108 1043 4153 est
1066 4100 1174 4152 veri
1201 4099 1389 4162 David,
1409 4099 1625 4161 Christi,
1648 4097 1870 4164 scilicet,

298 4168 595 4234 signiﬁcata
664 4180 787 4221 tunc
841 4186 958 4221 cum
1027 4169 1310 4222 historialis
1367 4168 1529 4222 David
1592 4169 1873 4219 immutaeit

300 4240 500 4289 cultum
529 4254 679 4289 suum
705 4255 878 4291 coram
906 4239 1075 4303 Achis,
1107 4248 1162 4291 ttt
1198 4255 1355 4305 supra
1376 4240 1574 4291 dictum
1606 4248 1708 4290 est.
1738 4236 1873 4292 Illutl

300 4310 463 4378 enim
489 4310 757 4375 negotium
808 4325 1015 4378 Signum
1058 4310 1154 4361 fuit
1190 4309 1519 4377 Operationis
1551 4308 1707 4374 hujus
1759 4310 1871 4361 veri

303 4377 469 4429 David
506 4395 517 4429 :
553 4379 642 4431 Vel
685 4390 856 4447 potest
887 4388 1026 4432 totus
1058 4382 1240 4433 titulus
1268 4378 1550 4445 allegorice
1574 4381 1787 4445 exponi,
1816 4388 1873 4432 ut

1995 451 2118 503 tatis
2140 450 2658 503 commendationem
2685 450 2811 505 dicit
2830 451 3091 516 Christus,
3110 452 3208 506 hoc
3231 452 3388 508 etiam
3412 455 3574 512 debet

1991 532 2187 593 cavere
2210 520 2433 588 quilibet
2470 519 2823 593 Christianus,
2858 531 2913 593 ut
2944 521 3103 576 homo
3130 525 3219 593 qui
3254 538 3345 589 per
3375 535 3568 593 super-

1992 588 2337 663 biattt_facttts
2363 597 2443 643 est
2468 590 2731 663 diabolus,
2765 606 2859 659 per
2883 588 3237 663 humilitatem
3258 588 3262 589 ί
3286 593 3376 647 ﬁat
3406 588 3570 663 ange-

1991 659 2093 712 lus.
2122 659 2364 713 Christus
2407 660 2549 713 enim
2580 657 2865 715 factttscst
2894 662 3072 728 homo,
3125 672 3180 716 ut
3226 663 3387 719 homo
3419 657 3573 722 fieret

1990 730 2230 801 angelus.
2285 729 2349 784 Ut
2389 731 2629 797 quisquis
2658 742 2833 784 autem
2869 733 3035 799 possit
3071 734 3184 787 ﬁeri
3218 734 3460 801 angelus,
3514 737 3567 790 iu

1991 797 2288 853 humilitate
2304 801 2493 872 cordis
2512 871 2515 872 ν
2532 810 2764 865 maneat,
2790 812 2844 853 ut
2872 797 3085 869 semper
3105 804 3219 871 sive
3242 797 3568 872 prospereti-

1990 878 2074 921 tur
2117 885 2177 922 ea
2227 869 2419 937 quibus
2474 871 2722 931 vivimus,
2777 872 2889 926 sive
2956 869 3479 938 perturltentur,'vel
3526 874 3576 928 si

1989 939 2209 1010 tribuat.
2250 940 2363 993 sive
2392 940 2616 1006 auferat,
2652 942 2930 994 Dominum
2964 943 3272 1004 benedicat,
3316 944 3435 1010 quia
3466 949 3569 1001 etsi

1988 1008 2089 1062 ista
2116 1010 2459 1080 auferuntur,
2516 1013 2629 1070 ipse
2670 1021 2846 1065 tamen
2892 1028 2994 1064 non
3038 1008 3299 1066 aufertur.
3335 1008 3401 1067 Et
3439 1015 3565 1080 quid

1988 1081 2056 1151 sit
2110 1079 2432 1151 benedicere
2486 1080 2760 1134 Dominum
2819 1081 2958 1133 omni
3013 1092 3273 1151 tempore,
3335 1087 3571 1149 ostendit

1986 1148 2172 1223 dicens
2202 1168 2215 1202 :
2244 1148 2456 1223 semper
2486 1154 2600 1203 laus
2628 1161 2757 1223 eius
2778 1154 2889 1223 erit
2919 1153 2970 1205 in
3026 1148 3123 1205 ore
3142 1165 3245 1206 non
3304 1158 3569 1223 corporis,

1987 1221 2081 1272 sed
2115 1236 2242 1279 meo,
2273 1221 2321 1273 id
2368 1230 2468 1280 est.
2502 1220 2670 1289 magis
2699 1222 2829 1273 mihi
2886 1225 3125 1289 proprio,
3156 1223 3206 1276 id
3247 1231 3348 1281 est.
3394 1220 3447 1278 in
3474 1220 3571 1280 ore

1986 1291 2182 1343 eordts.
2215 1292 2297 1365 Et“
2322 1302 2401 1365 e3t
2428 1293 2677 1365 repetitio
2702 1332 2717 1348 .
2748 1296 2789 1365 si
2842 1294 2902 1365 ad
2931 1294 3068 1365 idem
3114 1295 3375 1365 referatur
3403 1311 3418 1359 ;
3470 1312 3573 1365 po-

1990 1368 2092 1411 test
2121 1376 2245 1414 vero
2272 1361 2381 1414 fieri
2410 1362 2700 1427 diversum,
2735 1362 2777 1415 si
2810 1361 2873 1413 ad
2908 1364 3144 1417 membra
3175 1364 3252 1418 sic
3284 1361 3567 1423 referatur.

1990 1429 2098 1499 Ego
2126 1432 2337 1498 quidem
2365 1432 2655 1485 benedicam
2682 1431 2959 1487 Dominum
3000 1435 3053 1487 in
3096 1435 3236 1488 omni
3259 1445 3483 1503 tempore
3515 1439 3568 1492 in

1986 1515 2073 1553 me
2096 1511 2149 1554 et
2189 1512 2346 1575 etiam
2391 1503 2442 1555 in
2476 1504 2606 1555 meis
2638 1518 2651 1554 :
2683 1504 2802 1568 quia
2832 1504 2946 1556 laus
2995 1506 3105 1574 ejus
3128 1518 3326 1575 semper
3369 1506 3472 1561 erit
3514 1508 3569 1561 in

1986 1586 2072 1623 ore
2103 1588 2233 1634 meo,
2267 1572 2316 1625 id
2368 1582 2470 1643 est,
2503 1586 2764 1637 meorum,
2816 1582 2872 1626 ut
2898 1572 3058 1643 supra
3106 1572 3306 1629 dictum
3337 1588 3439 1630 est.
3501 1579 3568 1633 ιςι

1987 1656 2091 1708 quo
2149 1642 2326 1715 modo
2362 1640 2636 1695 Dominum
2691 1644 2741 1695 in
2798 1646 2937 1715 omni
2969 1640 3217 1711 tempore
3265 1646 3563 1715 benedicat,

1987 1712 2222 1781 ostendit
2247 1712 2653 1778 subsequenter,
2686 1721 2743 1764 ut
2770 1728 2865 1765 nos
2917 1714 3161 1781 instruat.
3194 1716 3353 1781 Quasi
3382 1712 3564 1776 dicati

1987 1779 2090 1834 Per
2114 1784 2214 1836 hoc
2240 1783 2378 1854 omni
2409 1792 2630 1854 tempore
2656 1784 2778 1854 bene
2796 1784 2948 1835 ticam
2978 1778 3274 1854 Dominum,
3302 1787 3421 1854 quia
3446 1789 3565 1842 ani-

1986 1867 2077 1927 ma
2102 1853 2358 1927 niea‘nihil
2390 1851 2820 1927 sibigarrogahit,
2841 1921 2852 1927 _
2876 1854 3008 1927 nihil
3041 1850 3108 1908 de
3157 1870 3215 1908 se
3257 1850 3565 1927 priesumet,

1985 1921 2077 1993 sed
2109 1922 2424 1983 laudabitur,
2467 1923 2517 1975 id
2548 1931 2652 1984 est,
2684 1921 3001 1976 laudabilem
3025 1938 3085 1978 se
3126 1921 3409 1993 reputabit,
3461 1921 3565 1984 noti

1988 1992 2039 2045 in
2064 2006 2159 2059 se,
2206 1994 2330 2062 quia
2359 2003 2510 2047 esset
2574 1992 2957 2059 vituperabilis,
2985 1994 3078 2047 sed
3109 1995 3159 2047 in
3192 1992 3451 2059 Domino,
3515 2001 3567 2055 id

1985 2070 2086 2125 est,
2115 2078 2208 2131 per
2238 2064 2338 2116 hoc
2363 2065 2534 2117 solum
2563 2103 2577 2125 ,
2600 2064 2721 2131 quia
2753 2062 2866 2116 ﬁxit
2886 2077 3035 2130 spem
3063 2078 3211 2118 suam
3240 2066 3290 2119 in
3319 2066 3566 2131 Domino.

1989 2133 2053 2202 Et
2081 2128 2195 2195 vos,
2226 2133 2374 2202 quasi
2433 2135 2575 2187 dicat
2601 2128 2704 2185 non
2745 2134 2807 2202 in,
2855 2128 3046 2198 nobis,
3101 2134 3198 2189 sed
3239 2137 3296 2189 in
3343 2128 3569 2194 Domino

1985 2201 2183 2273 laudari
2224 2200 2277 2257 et
2330 2202 2541 2268 gloriari
2590 2200 2860 2273 quaeratis.
2920 2201 3226 2273 Utsemper
3281 2206 3563 2264 Dominum

1985 2272 2331 2339 benedicatis,
2354 2273 2671 2338 laudabitur,
2698 2272 2935 2341 inquam,
2962 2275 3135 2327 anima
3156 2290 3267 2329 mea
3296 2277 3348 2330 in
3384 2274 3564 2333 Domi-

1985 2358 2070 2395 no.
2106 2345 2170 2397 Et
2192 2344 2293 2416 hoc
2318 2344 2551 2416 audiant
2590 2358 2718 2416 aure
2749 2342 3000 2416 audiendi
3033 2358 3137 2399 non
3191 2346 3433 2416 quilibet,
3467 2354 3563 2407 sed

1984 2414 2259 2479 mansueti,
2282 2413 2331 2468 id
2358 2422 2459 2477 est,
2478 2414 2553 2468 illi
2571 2414 2657 2482 qui
2674 2413 2859 2467 volunt
2878 2427 2998 2468 esse
3021 2413 3292 2471 mansueta
3314 2413 3566 2477 animalia

1985 2497 2092 2537 non
2118 2482 2488 2547 immansueta,
2517 2485 2785 2547 videlicet,
2829 2484 3011 2538 volunt
3039 2486 3237 2541 habere
3282 2484 3563 2553 Dominum

1984 2566 2251 2628 sessorem
2299 2562 2353 2628 et
2404 2564 2685 2628 rectorem,
2731 2568 2808 2628 ne_
2846 2555 3259 2628 przecipitentur.
3310 2557 3563 2628 Audiam,

1986 2621 2222 2691 inquam,
2248 2632 2292 2677 et
2320 2624 2572 2686 (tutentur,
2591 2624 2641 2678 id
2670 2632 2771 2687 est,
2797 2621 3090 2689 imitentur,
3110 2641 3215 2680 non
3238 2621 3562 2685 contristen;

1985 2693 2459 2765 tur.rltnmansueti
2496 2695 2635 2748 enim
2664 2693 2752 2762 qni
2799 2694 2865 2748 de
2891 2709 2950 2748 se
2979 2710 3301 2761 pracsumere
3354 2703 3566 2765 volunt,

1983 2770 2039 2816 et
2068 2764 2281 2831 gloriati
2314 2764 2370 2818 iu
2421 2778 2498 2829 se,
2534 2780 2637 2819 non
2688 2781 2737 2818 ιιι
2775 2765 3020 2828 Domino,
3076 2779 3197 2820 cum
3254 2769 3478 2826 audiunt
3508 2764 3566 2828 ut

1984 2835 2208 2909 quisque
2252 2844 2455 2909 tantum
2503 2840 2709 2889 lactetur
2750 2836 2801 2889 in
2852 2837 3099 2903 Doruino,
3134 2852 3238 2892 non
3291 2840 3564 2909 laetantur,

1983 2903 2077 2957 sed
2104 2908 2509 2959 contristantur.

2056 2971 2387 3049 Magniﬁcam
2441 2974 2713 3029 Dominum
2759 2992 2974 3049 mecum.
3010 2975 3103 3030 llic
3151 2977 3273 3034 facit
3319 2990 3566 3049 apostro.

1984 3042 2403 3117 phamiinipsuis
2433 3054 2761 3117 inausuetos.
2806 3047 2966 3111 Quasi
3000 3048 3138 3102 dicat
3185 3065 3197 3101 :
3251 3042 3375 3117 Vos,
3406 3069 3561 3111 man-

1982 3116 2143 3178 sueti,
2178 3116 2453 3191 audientes
2481 3115 2606 3191 ιιοιιἲ
2636 3125 2691 3170 et
2721 3117 2987 3191 taatantes,
3018 3115 3431 3191 ιιιᾳςηὶιὶεςιεέίὰ
3454 3135 3557 3191 est,

1984 3186 2314 3239 veneramini
2352 3195 2407 3240 et
2452 3188 2726 3260 exsultate
2770 3201 2863 3241 vos
2899 3186 3225 3260 hutntliando
3256 3186 3555 3260 Dominum,

1982 3267 2089 3330 non
2118 3268 2362 3309 seorsum
2396 3271 2490 3330 per
2515 3258 2816 3330 superbiam
2845 3298 2860 3321 ,
2901 3258 3298 3330 sicuthzeretici
3329 3258 3554 3330 faciunt,

1982 3325 2074 3376 sed
2104 3341 2318 3388 meeum,
2350 3326 2555 3379 scilicet
2586 3340 2688 3379 non
2740 3327 2792 3379 in
2824 3328 3178 3394 separatione.
3210 3329 3305 3383 sed
3345 3331 3396 3387 in
3427 3325 3559 3388 uni-'-

1984 3400 2113 3470 tat_e.
2144 3396 2254 3449 Iloc
2280 3396 2412 3449 «ιιοιι
2435 3397 2551 3470 ipse
2578 3404 2782 3470 amator
2802 3411 2950 3470 vera:
2978 3397 3253 3470 sapientiae
3282 3400 3551 3470 Christus,

1980 3465 2070 3530 qui
2100 3480 2201 3518 non
2240 3465 2638 3519 coamatoribus
2660 3466 2771 3519 suis
2802 3466 3004 3521 invidet
3030 3465 3051 3529 ,⁷
3078 3468 3172 3522 sed
3220 3487 3410 3527 otnues
3442 3465 3557 3532 vult

1983 3548 2189 3601 rapere,
2224 3544 2280 3587 ut
2306 3535 2386 3588 sui
2427 3535 2533 3589 sint
2562 3547 2912 3590 coamritores.
2952 3537 3082 3604 Quia
3112 3555 3217 3594 non
3258 3542 3337 3595 sic
3366 3544 3419 3598 in
3450 3545 3554 3602 hoc

1980 3616 2272 3681 amorecst
2297 3606 2431 3681 sicut
2472 3606 2523 3658 in
2551 3607 2742 3681 vitioso
2759 3616 2824 3681 _et
2862 3609 3000 3681 turpi
3028 3622 3230 3681 amore
3255 3611 3412 3681 hujus
3442 3632 3551 3670 sa:-

1980 3676 2106 3739 culi,
2127 3676 2221 3752 ubi
2250 3676 2472 3752 quisque
2498 3676 2644 3731 solos
2668 3677 2796 3752 _vu|t
2826 3678 3024 3752 videte,
3057 3688 3113 3733 et
3154 3679 3300 3735 solus
3323 3676 3547 3752 'amare.

1980 3748 2228 3811 quoniam
2258 3745 2350 3799 illa
2395 3760 2517 3800 vera
2567 3747 2826 3813 sapientia
2856 3749 3101 3804 omnibus
3143 3754 3448 3809 amantibus
3488 3745 3551 3813 se

1978 3823 2062 3889 est
2089 3818 2409 3880 communis,
2442 3826 2496 3869 et
2526 3824 2700 3871 tamen
2750 3816 2954 3889 integra
2984 3830 3165 3873 manet
3208 3822 3449 3889 singulis.
3483 3827 3552 3881 Et

1982 3885 2101 3957 ideo
2122 3896 2177 3939 et
2198 3900 2296 3938 nos
2324 3901 2667 3954 quoscunque
2695 3887 3097 3957 quibuscumque
3114 3885 3348 3946 valentius
3377 3899 3552 3952 modis

1978 3956 2042 4032 ad
2077 3956 2214 4032 hunc
2241 3970 2478 4009 amorem
2494 3957 2776 4032 nobiscum
2800 3972 2988 4032 rapere
3010 3956 3291 4032 debemus,
3322 3963 3549 4032 sciteet.

1980 4024 2263 4100 hortando,
2308 4025 2566 4100 rogando,
2614 4028 2850 4100 rationes
2892 4028 3184 4100 reddendo.
3230 4032 3293 4086 Et
3323 4024 3551 4100 qualiter

1978 4096 2395 4163 magniﬁcandus
2420 4096 2491 4149 sit
2515 4096 2771 4150 Dominus
2801 4097 2930 4151 dicit
2960 4114 2973 4152 :
3020 4095 3552 4163 Exsultantes-namus

1975 4169 2108 4234 ejus,
2141 4165 2488 4220 lnnnilitatem
2533 4180 2693 4237 quam
2724 4170 2975 4236 praecepit
3002 4174 3290 4236 servando,
3323 4176 3549 4231 tenden-

1978 4247 2057 4289 tes
2083 4238 2133 4289 in
2158 4238 2401 4304 idipsum,
2435 4236 2484 4290 id
2517 4236 2616 4303 εει,
2651 4252 2754 4290 ιιυιι
2783 4240 2848 4291 ad
2877 4240 3312 4306 deatructionem,
3350 4246 3445 4299 sed
3476 4248 3548 4304 ad

1974 4308 2313 4381 concordiam
2338 4309 2572 4381 unitatis,
2596 4308 2861 4375 videlicet,
2890 4321 2945 4363 ut
2976 4310 3110 4365 sicut
3132 4328 3323 4381 corpus
3349 4315 3551 4375 Christi

1977 4378 2171 4431 mansit
2218 4378 2479 4443 integrum
2542 4379 2678 4431 inter
2732 4393 2918 4431 manus
2972 4378 3414 4449 persecuzorutu,
3476 4388 3551 4444 ita

298 4461 379 4499 sic
403 4449 649 4501 dicitur:
685 4439 936 4503 'I’salmus
959 4452 1057 4503 iste
1081 4462 1160 4501 est
1189 4450 1346 4502 David
1376 4439 1510 4515 veri,
1545 4439 1868 4502 habitus-ab
1904 4439 1952 4501 Ι)
1977 4449 2136 4500 e'iam
2186 4439 2397 4503 maneat
2442 4449 2705 4515 integrum
2750 4450 2887 4501 inter
2920 4439 3109 4504 manus
3158 4439 3549 4516 professorum:

302 4533 368 4569 co
408 4526 533 4571 tunc
561 4534 673 4571 eum
704 4522 812 4586 ipse
860 4522 1143 4572 immutavit
1182 4522 1369 4572 vultum
1416 4535 1587 4582 suum,
1617 4521 1872 4573 vertendo

303 4588 356 4637 in
386 4589 703 4643 sacrificium
727 4588 1111 4645 Melchisedech
1140 4604 1318 4643 coram
1345 4588 1671 4649 Abimelech,
1696 4599 1751 4641 ιιι
1779 4606 1869 4641 su-

304 4673 397 4724 pra
429 4659 501 4711 dit
519 4669 629 4713 tum
656 4669 758 4714 est.
794 4661 886 4713 Est
913 4660 1052 4713 enim
1096 4676 1195 4713 vos
1226 4660 1413 4726 capitis
1436 4660 1485 4712 in
1514 4659 1614 4711 hoc
1646 4666 1867 4723 psa'mo,

301 4730 688 4783 commendans
717 4732 866 4784 nobis
894 4746 1070 4783 veram
1093 4730 1211 4799 ejus
1242 4730 1607 4783 humilitatem.
1634 4731 1873 4795 Quapro-

303 4808 422 4865 pter
448 4802 684 4867 psolmus
722 4801 859 4854 bene
902 4802 1149 4855 convenit
1181 4801 1353 4853 titulo.
1399 4799 1454 4852 In
1487 4803 1638 4851 titnYo
1728 4802 1869 4852 enim

302 4868 499 4922 dicitur
533 4886 545 4920 :
579 4872 705 4923 Cum
752 4871 1030 4923 immutavit
1057 4873 1252 4923 vultum
1281 4886 1448 4922 suum.
1478 4870 1531 4921 In
1566 4882 1669 4937 qua
1697 4870 1872 4923 vultus

308 4938 679 4994 immutatione
705 4941 839 4994 facta
869 4951 953 4994 est
984 4942 1294 4993 humilitatis
1346 4940 1754 5002 commendatio,
1805 4942 1873 4994 de

304 5023 407 5075 qua
433 5010 603 5076 agitur
646 5011 698 5063 in
729 5011 827 5063 hoc
878 5012 1098 5077 psalmo.
1151 5012 1213 5063 Et
1240 5022 1321 5062 est
1359 5010 1507 5078 quasi
1537 5009 1714 5063 dicat:
1762 5010 1872 5079 Ego

302 5080 393 5145 qui
418 5079 664 5133 benedixi
693 5081 969 5134 Dominum
1010 5081 1075 5133 ad
1126 5092 1334 5147 tempus
1375 5084 1424 5131 in
1478 5079 1733 5148 legalibus
1785 5096 1873 5131 sa-

302 5148 521 5200 crificiis
544 5150 836 5202 secundum
859 5155 1033 5203 Aaron
1079 5154 1348 5211 institutis,
1374 5150 1663 5201 benedteam
1694 5149 1873 5200 Domi-

303 5233 425 5267 num
443 5220 495 5269 in
518 5220 653 5271 omni
682 5230 924 5287 tempore,
944 5221 994 5273 id
1016 5231 1116 5285 est,
1149 5222 1468 5274 trtet‘naliter
1496 5234 1588 5287 per
1611 5221 1869 5273 sacriﬁcia

300 5288 595 5342 secundum
613 5290 998 5344 Melchisedech
1018 5292 1272 5344 instituta.
1300 5292 1451 5344 Unde
1474 5292 1671 5343 dictum
1699 5298 1781 5341 est
1798 5305 1873 5342 se-

296 5359 525 5411 cundum
537 5361 763 5413 ordinent
776 5358 1142 5414 Melchisedech
1166 5377 1184 5414 :
1210 5372 1261 5413 tu
1280 5361 1515 5414 sacerdos
1536 5362 1587 5413 in
1603 5370 1865 5413 wternum.

306 5426 401 5481 Vel
451 5433 623 5483 aliter.
670 5430 876 5484 Primus
932 5430 1102 5484 Adam
1160 5431 1429 5485 benedixit
1478 5430 1755 5483 Dominum
1802 5431 1870 5485 ad

303 5497 515 5563 horam,
555 5501 777 5563 scilicet,
834 5500 958 5553 dum
1013 5503 1239 5569 perstitit
1288 5502 1337 5554 in
1396 5502 1729 5563 humilitate;
1771 5516 1871 5568 ego

299 5576 480 5620 autem
513 5574 775 5623 secundus
824 5575 1027 5624 scilicet
1051 5574 1215 5626 Adam
1257 5572 1545 5625 benediant
1592 5573 1871 5625 Dominum

305 5652 399 5705 per
425 5640 717 5693 custodiam
747 5642 1055 5694 humilitatis
1094 5646 1145 5695 in
1176 5646 1310 5695 omni
1340 5651 1584 5711 tempore,
1641 5643 1864 5708 scilicet,

304 5717 359 5763 et
386 5718 511 5763 ante
535 5711 834 5779 passionem
859 5723 911 5769 et
937 5716 987 5765 iu
1010 5713 1121 5783 ipsa
1147 5729 1410 5783 passmne,
1439 5730 1535 5770 nec
1586 5715 1868 5786 cogitatiu‘

1976 4516 2197 4585 Legitur
2224 4520 2364 4571 enim
2394 4521 2532 4587 quod
2582 4535 2700 4572 cum
2754 4518 2803 4572 in
2855 4520 3102 4585 passione
3153 4519 3361 4578 Domini
3405 4527 3551 4583 circa

1979 4603 2259 4653 veSperam
2310 4588 2361 4641 in
2416 4603 2700 4656 parascete
2747 4589 3114 4656 frangerentur
3157 4605 3313 4647 crura
3360 4609 3551 4653 eoruut

1976 4660 2064 4722 qui
2115 4674 2234 4711 cum
2263 4674 2329 4711 eo
2359 4658 2597 4711 cruciﬁxi
2640 4667 2782 4720 sunt,
2817 4672 2871 4710 ut
2902 4660 3059 4712 citius
3100 4660 3166 4711 ab
3196 4662 3295 4715 hac
3335 4665 3553 4727 miseria

1980 4730 2353 4791 liberarentur,
2387 4743 2540 4802 crura
2588 4728 2704 4802 ejus
2745 4745 2847 4802 non
2881 4745 2941 4781 su
2966 4740 3002 4783 ιι
3033 4730 3195 4802 fracta
3224 4773 3240 4795 ,
3274 4738 3394 4802 quia
3426 4753 3550 4794 cum

1979 4811 2191 4854 ventum
2219 4808 2359 4851 esset
2386 4799 2451 4851 ad
2479 4815 2621 4860 eum,
2649 4798 2855 4865 placide
2875 4815 2996 4851 eum
3025 4798 3305 4861 eitpirasse'
3330 4807 3552 4863 iuvene.

1977 4872 2301 4946 rnutauuud
2347 4879 2525 4921 autent
2565 4881 2758 4946 corpus
2786 4870 2903 4935 ejus
2953 4876 3209 4946 remansit
3238 4874 3549 4946 integrum,

1978 4940 2096 5015 ideo
2120 4943 2312 5015 factum
2336 4951 2438 5015 est,
2461 4949 2516 5015 ut
2539 4954 2631 5015 per
2655 4942 2753 5015 hoc
2773 4950 3047 5015 notaretur
3064 4943 3201 5007 quod
3235 4945 3286 4998 in
3322 4940 3550 5015 ciirporé

1976 5010 2114 5084 ejus,
2137 5010 2187 5062 id
2217 5017 2318 5071 est,
2358 5007 2614 5084 E_cclesia,
2640 5010 2827 5064 scissio
2857 5024 2961 5063 non
2990 5020 3133 5065 esset
3164 5007 3432 5084 facienda,
3453 5021 3549 5074 sed

1978 5082 2152 5133 unitas
2181 5078 2463 5132 servanda.

2052 5149 2310 5224 Exquisitti
2337 5148 2631 5224 Dominum.
2676 5148 2801 5203 Dico
2824 5151 3145 5224 ntagni/ieate
3177 5153 3471 5224 Dominum,
3502 5170 3555 5213 et

1977 5221 2030 5275 io
2063 5224 2161 5273 hoc
2192 5222 2439 5292 habetote
2462 5235 2548 5273 me
2573 5222 2628 5292 in
2650 5223 2973 5287 exemplum,
2999 5226 3118 5290 quia
3146 5240 3247 5292 ego
3273 5227 3417 5279 aliud
3442 5221 3547 5281 non

1975 5292 2195 5359 quaesivi
2220 5307 2249 5344 a
2274 5291 2516 5352 υυιιιιιιο,
2542 5291 2634 5344 sed
2665 5292 2930 5358 exquisivi,
2962 5296 3010 5344 id
3040 5304 3141 5355 est,
3169 5291 3405 5358 exceptis
3430 5298 3554 5353 aliis

1978 5362 2211 5434 praemiis
2238 5362 2502 5434 omnibus,
2534 5362 2702 5434 solum
2736 5362 2900 5414 Deum
2930 5363 3204 5434 praemium
3230 5369 3474 5434 quaesivi,
3501 5381 3551 5425 et

1977 5434 2098 5486 ideo
2127 5431 2378 5485 Dominus
2397 5431 2648 5483 exaudivit
2677 5447 2754 5483 nte
2775 5446 2878 5483 non
2908 5432 3160 5496 exterius,
3184 5435 3277 5488 sed
3305 5431 3548 5495 interius.

1977 5502 2119 5556 Talis
2160 5516 2301 5555 enim
2370 5502 2654 5569 exquisitio
2701 5503 3085 5574 Iitgexterius,
3137 5519 3241 5558 non
3298 5506 3543 5574 interius,

1976 5580 2224 5645 quareiet
2250 5574 2535 5625 esauditio.
2574 5574 2740 5645 Intret
2781 5572 2940 5639 igitur
2969 5574 3193 5642 quisque
3234 5590 3325 5639 cor
3365 5572 3543 5645 suum,

1976 5655 2030 5697 et
2077 5644 2201 5696 inde
2243 5646 2517 5696 avaritiam
2560 5642 2815 5710 expellat,
2846 5652 2897 5696 et
2920 5658 3108 5697 omnes
3138 5663 3322 5712 pravas
3350 5642 3545 5704 conca;

1980 5713 2283 5784 piaceittias,
2322 5726 2373 5770 ct
2412 5719 2488 5770 sic
2524 5715 2801 5769 Dominum
2832 5726 2886 5768 ut
2929 5716 3250 5773 exaudiazur
3280 5721 3544 5793 exquirat.
