3922 6190
293 377 394 431 657

986 378 1049 432 lN
1090 378 1504 433 PSALMOBUM
1548 376 1800 432 LIBRUM
1845 374 2203 432 EXEGESIS.
2246 407 2312 416 —
2356 378 2593 434 PSALM.
2639 381 2872 436 XXXIV.

3437 385 3557 438 (358-

287 495 415 564 quin
443 505 624 564 rursus
647 490 840 564 bellum
868 490 1164 564 innovrtur,
1191 489 1342 564 etsic
1373 505 1689 564 persequere
1716 504 1857 542 eum.
1889 491 1940 551 Α
1970 487 2067 564 luit
2105 487 2206 552 Qui
2239 503 2357 564 cum
2384 489 2518 564 alter
2542 490 2930 564 lilaspliemaret
2958 493 3007 546 in
3035 494 3337 561 Dominum,
3365 497 3498 552 dixit
3527 522 3537 554 ;

363 561 513 614 Oculi
559 558 767 614 Domini
804 575 956 626 super
987 562 1176 630 justas.
1225 559 1351 612 Dico
1379 561 1574 628 inquire
1600 575 1778 630 pacem
1806 567 1852 610 et

288 645 603 703 persequere,
632 639 687 703 et
714 629 811 682 hoc
841 646 961 703 vere
988 628 1170 703 potes,
1203 630 1713 703 quiamisericordia
1746 628 1858 679 Do-

289 699 420 756 in‘ini
450 700 717 766 adiuvabit
742 706 816 753 te.
862 699 952 751 Vel
987 701 1082 751 hoc
1110 701 1249 766 quod
1292 700 1433 764 dico,
1463 700 1658 765 inquire
1690 713 1860 761 pacem

289 783 335 826 et
365 785 679 839 persequere,
715 770 818 822 noli
845 769 938 822 tibi
967 770 1276 830 attribuere,
1315 769 1409 824 sed
1440 782 1640 822 tantum
1669 768 1860 821 divinat

289 841 691 898 misericordias.
725 839 848 897 quia
880 840 1015 891 oculi
1058 839 1278 901 Domini,
1331 840 1379 893 id
1429 848 1530 900 est,
1559 839 1859 892 misericors

291 921 566 976 respectus
598 909 828 966 Domini,
874 910 976 961 erit
1021 923 1180 974 Super
1210 918 1259 962 te
1291 918 1573 976 protegens
1606 917 1674 960 te.
1729 907 1858 959 Nam

288 985 393 1035 erit
416 995 575 1048 super
614 994 802 1032 omnes
837 978 1027 1045 jus-tos,
1060 980 1108 1031 id
1140 989 1238 1044 cst,
1287 995 1467 1044 pacem
1512 979 1859 1048 inquirentes,

288 1059 345 1106 et
371 1047 494 1104 eum
527 1053 811 1120 timentes._
844 1048 903 1120 Et
931 1065 1078 1102 aures
1102 1051 1232 1120 ejus,
1261 1048 1310 1120 id
1337 1059 1439 1111 est,
1467 1049 1663 1114 potenti
1689 1058 1739 1100 ct
1771 1047 1862 1120 bc:

291 1120 590 1174 nevolentia
623 1118 979 1188 exauditionis
1018 1115 1136 1185 ejus
1160 1122 1260 1171 erit
1289 1119 1342 1171 in
1370 1134 1538 1188 prrres
1579 1133 1774 1176 eorum,
1801 1115 1859 1188 id

290 1201 396 1255 est,
424 1191 709 1258 justorum.
745 1187 848 1240 Sed
882 1199 1058 1241 tamen
1097 1189 1140 1241 si
1183 1186 1450 1242 statim'ut
1481 1189 1723 1258 viderunt
1761 1186 1861 1258 ali-

289 1255 507 1329 quando
539 1274 641 1312 nun
669 1259 886 1329 exaudit
917 1272 1009 1311 eos
1035 1260 1274 1311 exterius
1294 1301 1307 1322 ,
1342 1275 1447 1329 non
1481 1268 1654 1311 tamen
1682 1256 1735 1329 in
1761 1255 1861 1329 hoc

288 1325 526 1384 crudelis
550 1340 650 1393 est,
679 1328 770 1382 sed
815 1328 988 1394 potius
1015 1329 1337 1382 misericors.
1372 1328 1486 1382 Non
1531 1325 1861 1381 exaudiendo

288 1404 434 1453 enim
485 1398 719 1459 exaudit,
757 1400 874 1464 quia
907 1399 1143 1451 medicus
1169 1409 1276 1460 est.
1323 1405 1378 1452 et
1419 1409 1561 1451 secat
1593 1409 1645 1450 et
1690 1397 1863 1448 aufert

286 1470 434 1538 quod
486 1482 637 1536 putre
687 1469 736 1519 in
776 1469 855 1538 eis
894 1478 993 1520 est.
1046 1467 1150 1520 Nec
1182 1467 1348 1534 parcit
1375 1468 1613 1529 vulneri;
1664 1480 1785 1538 nam
1816 1465 1860 1518 si

292 1536 560 1606 parceret.
603 1537 870 1592 crudelior
899 1553 1055 1604 quam
1087 1538 1480 1592 misericordior
1504 1548 1663 1591 esset.
1707 1536 1769 1589 Et
1797 1551 1863 1606 tie

291 1605 418 1662 iuali
448 1617 663 1676 accepta
690 1608 810 1660 hinc
838 1608 1113 1661 occasione
1135 1607 1399 1663 dicerent:
1426 1608 1564 1673 Ergo
1585 1608 1706 1676 quia
1727 1605 1862 1658 oculi

292 1677 501 1732 Domini
532 1693 684 1740 super
703 1681 874 1746 justo:
891 1687 1031 1741 sunt,
1057 1677 1310 1730 iaciemus
1339 1677 1596 1746 quidlibet
1626 1677 1858 1742 impune,

291 1753 417 1815 quia
453 1763 548 1802 nos
578 1763 680 1801 non
726 1748 962 1811 videbit,
989 1757 1233 1801 occurret
1261 1749 1338 1802 eis
1383 1746 1609 1814 Spiritus
1647 1757 1863 1798 sanctus

292 1835 387 1884 per
417 1835 478 1872 os
508 1818 587 1872 sui
621 1819 910 1885 praphetze.
956 1817 1113 1884 Quasi
1144 1818 1318 1871 dicat:
1355 1818 1618 1882 PrOpitius
1647 1817 1860 1884 quidem

293 1899 573 1956 respectus
614 1888 817 1940 Domini
846 1889 948 1942 erit
976 1887 1356 1954 superjustos;
1397 1888 1560 1941 vultus
1587 1896 1775 1951 autent,
1810 1885 1861 1939 id

291 1969 395 2020 est,
429 1967 698 2025 respectus
723 1959 812 2011 irae
832 1957 1208 2026 indignationis
1235 1957 1350 2026 ejus
1378 1958 1477 2012 erit
1505 1974 1656 2018 super
1678 1971 1863 2026 omnes

293 2031 541 2097 facientes
581 2028 734 2093 mala,
770 2045 872 2081 non
901 2025 963 2078 ad
995 2029 1211 2090 bonum,
1242 2025 1335 2081 sed
1375 2029 1438 2080 ad
1474 2029 1690 2089 nmium,
1721 2025 1865 2079 scili-

290 2096 403 2162 cet,
458 2107 512 2152 ut
560 2100 850 2151 memoriam
879 2113 1048 2151 eorum
1070 2139 1084 2159 ,
1116 2112 1271 2166 quam
1313 2097 1413 2152 sibi
1465 2105 1781 2164 paraverunt
1810 2096 1862 2166 iu

294 2170 454 2222 terris
481 2169 836 2232 morientium,
872 2168 1050 2231 perdat
1076 2165 1145 2219 de,
1160 2177 1293 2220 terra
1324 2169 1609 2221 viventium
1637 2208 1653 2231 ,
1685 2165 1861 2220 dando

290 2255 416 2293 eam
452 2240 502 2292 in
528 2239 846 2291 oblivionem
872 2279 887 2301 ,
923 2253 1024 2290 non
1053 2246 1304 2305 quantum
1337 2238 1402 2292 ad
1430 2238 1738 2300 vindictam,
1770 2236 1862 2289 sed

289 2320 552 2374 quantum
616 2309 679 2362 ad
731 2309 920 2362 bonam
969 2309 1473 2361 remunerationem.
1523 2308 1669 2361 Sicut
1721 2308 1862 2359 enim

295 2377 560 2432 Dominus
604 2380 820 2445 reSpicit
862 2380 928 2431 de
977 2379 1270 2446 prppinquo
1293 2377 1470 2446 justus
1501 2378 1565 2430 ad
1607 2376 1864 2430 salvatio-

291 2464 442 2514 nem,
486 2452 556 2501 ita
607 2449 672 2502 de
702 2448 988 2517 longinquo
1034 2448 1256 2514 injustos
1287 2449 1501 2515 respicit
1533 2448 1596 2501 ad
1637 2450 1860 2500 damna-

293 2519 519 2581 tionem,
549 2519 694 2587 juxta
729 2519 854 2572 illud
909 2537 920 2570 :
978 2517 1230 2584 Quoniam
1261 2519 1485 2572 excelsus
1521 2518 1787 2587 Dominus,
1816 2525 1863 2570 et

290 2589 508 2641 humilia
547 2586 764 2657 respirit,
789 2597 918 2657 eteo
941 2589 1003 2640 Et
1031 2603 1150 2640 vere
1182 2587 1365 2656 perdet
1395 2589 1706 2643 memoriam
1739 2586 1860 2641 illo-

290 2674 434 2722 rum,
466 2656 653 2726 quibns
678 2659 835 2712 dicit:
873 2656 1056 2710 Nescio
1086 2674 1190 2711 vos.

365 2729 721 2783 Clamaverunt
738 2731 888 2800 justi,
935 2738 982 2780 et
1028 2727 1274 2800 Dominus
1303 2728 1556 2800 exaudivit
1584 2744 1689 2782 eos.
1723 2727 1864 2782 Dixit

287 2801 436 2868 quod
484 2799 974 2867 Dominusirespicit
1016 2807 1068 2852 it
1105 2799 1276 2864 justus
1306 2808 1359 2853 et
1390 2799 1636 2865 injustos,
1669 2806 1724 2852 et
1753 2800 1862 2865 pri-

287 2886 439 2922 mum
468 2869 697 2923 ostendit
727 2871 791 2924 de
813 2869 966 2937 justi;
999 2868 1102 2920 hic.
1145 2868 1304 2935 Quasi
1334 2868 1474 2922 dicat
1505 2886 1516 2921 :
1548 2868 1687 2923 Vere
1729 2868 1865 2922 oculi

289 2938 396 2992 Dei
421 2956 573 3001 super
595 2941 781 3008 justas,
815 2940 935 3008 quia
961 2937 1214 2992 Dominus
1245 2938 1512 2992 exaudivit
1536 2953 1630 2993 eos
1653 2955 1667 3003 ;
1690 2947 1743 2992 et
1765 2938 1866 2992 hoc

287 3009 440 3069 ideo,
486 3010 604 3078 quia
658 3011 755 3073 ipsi
799 3007 926 3076 justi
981 3023 1073 3073 per
1123 3007 1450 3062 irremissam
1499 3008 1864 3076 operationem

284 3079 682 3143 cl--maveruut,
716 3090 767 3133 et
799 3082 896 3132 hoc
928 3079 1085 3131 modo
1132 3079 1420 3147 exaudivit,
1468 3079 1591 3147 quia
1634 3078 1864 3132 liberavit

285 3165 376 3202 eos
404 3147 514 3217 jam
539 3164 600 3202 ea:
626 3147 855 3202 omnibus
887 3145 1293 3202 tribulationibus
1324 3145 1516 3213 eorum,
1538 3148 1588 3202 id
1617 3158 1721 3214 est,
1741 3163 1863 3218 gra-

286 3219 560 3284 vioubus,
592 3219 815 3282 scilicet,
848 3219 914 3272 ab
937 3218 1274 3272 interioribus
1315 3218 1742 3273 tribulationibus
1773 3234 1865 3287 per

284 3302 431 3354 quas
474 3289 580 3342 itur
619 3291 668 3341 in
713 3288 1028 3352 exteriores,
1077 3288 1174 3340 ιιίδί
1208 3288 1326 3356 quis
1368 3290 1433 3343 ab
1472 3291 1551 3342 eis
1592 3289 1869 3344 liberetur.

288 3360 551 3411 Liberavit
594 3375 696 3422 eos,
748 3359 983 3426 inquam,
1028 3359 1118 3412 sed
1150 3358 1281 3412 alios
1307 3359 1404 3424 sic,
1435 3359 1569 3413 alios
1598 3374 1724 3415 vero
1770 3361 1868 3413 sic.

283 3428 544 3494 Nunquid
581 3430 722 3482 enim
768 3430 853 3497 qui
888 3428 1027 3481 Deus
1069 3437 1184 3481 erat
1219 3429 1375 3481 trium
1407 3443 1714 3497 puerorum,
1765 3445 1869 3483 non

281 3507 411 3553 erat
435 3499 573 3552 Deus
597 3508 796 3566 septem
821 3498 1266 3551 Machaba-oruux?
1284 3501 1386 3550 Aut
1412 3499 1646 3566 nunquid
1670 3498 1785 3553 illos
1807 3497 1874 3554 ab

283 3571 420 3637 igne
442 3569 602 3632 eruit,
629 3568 756 3621 istos
781 3570 830 3622 in
857 3573 974 3636 igne
996 3568 1261 3622 deseruit?
1285 3568 1360 3621 Illi
1387 3577 1560 3622 autem
1587 3571 1638 3621 in
1661 3569 1873 3622 fornace

285 3640 720 3706 hymnizabant,
764 3640 849 3692 isti
903 3643 952 3691 in
996 3640 1113 3706 igne
1161 3637 1490 3705 expirabant.
1539 3638 1645 3693 Sed
1697 3649 1872 3692 tamen

281 3721 551 3777 uti-osque
575 3709 732 3774 eruit,
778 3709 870 3762 sed
896 3708 1242 3762 dissimiliter.
1281 3708 1403 3762 Illos
1427 3707 1639 3775 quidem
1671 3723 1865 3774 corpo-

286 3781 431 3831 ralis
467 3776 538 3830 ad
571 3778 898 3831 inimicorum
930 3777 1320 3832 confessionem
1345 3819 1359 3840 ,
1395 3779 1524 3830 istos
1553 3792 1679 3831 vero
1710 3779 1870 3844 spiri-

280 3848 534 3901 tualisad
555 3847 806 3915 majorem
839 3850 1171 3903 inimicorum
1203 3851 1642 3903 excaicationem.
1665 3846 1871 3902 Simili-

280 3931 369 3973 ter
394 3931 610 3986 quoque
634 3919 699 3971 de
719 3919 941 3972 eteteris.
983 3949 988 3953 -

355 3988 536 4040 Juxta
566 3997 638 4040 est
669 3986 916 4041 Dominus
943 3989 1006 4042 iis
1029 3988 1116 4057 qui
1144 3987 1382 4041 tribulato
1406 3996 1520 4042 sunt
1550 3986 1722 4041 corde.
1753 3987 1876 4042 Ideo

276 4057 558 4112 Dominus
588 4059 856 4111 exaudivit
880 4058 1071 4127 justos,
1096 4060 1214 4127 quia
1237 4068 1318 4112 est
1336 4057 1414 4111 eis
1441 4059 1576 4112 Deus
1597 4058 1662 4112 de
1688 4072 1872 4124 prope,

277 4130 440 4182 sicut
468 4127 678 4196 injustis
726 4129 862 4180 Deus
903 4129 968 4182 de
1000 4129 1171 4194 longe.
1201 4128 1352 4192 Quod
1385 4128 1464 4181 sic
1492 4127 1657 4182 dicit:
1691 4127 1874 4182 Domi-

275 4215 385 4251 nus
413 4208 491 4251 est
515 4200 664 4268 juxta
693 4199 770 4251 his
799 4200 885 4266 qui
909 4209 1024 4251 sunt
1054 4199 1294 4251 tribulato
1341 4199 1516 4263 corde,
1561 4199 1611 4252 id
1656 4206 1758 4260 est,
1786 4198 1877 4267 qui

277 4283 385 4324 cor
416 4283 581 4322 suum
610 4280 917 4329 erexerunt,
947 4268 1041 4322 sed
1086 4268 1417 4320 obtriverunt
1442 4269 1790 4332 humiliando,
1825 4269 1876 4321 id

277 4350 394 4405 em,
433 4338 642 4391 vicinus
672 4347 749 4392 est
782 4339 950 4407 iustis.
987 4338 1054 4390 Et
1084 4337 1203 4390 ideo
1224 4337 1435 4390 salvabit
1457 4353 1483 4390 a
1527 4337 1880 4392 tribulationi-

279 4409 417 4474 bus,
450 4417 508 4460 ut
534 4423 689 4476 supra
711 4408 910 4461 dictum
934 4417 1034 4470 est,
1066 4409 1280 4460 humiles
1307 4408 1504 4476 spiritu,
1539 4409 1586 4460 id
1609 4417 1709 4472 est,
1737 4407 1879 4472 ipsos

277 4480 525 4533 eosdem
553 4495 652 4529 non
685 4480 1074 4546 superbientes,
1101 4479 1336 4544 nihilque
1359 4481 1422 4530 de
1451 4493 1508 4532 se
1532 4491 1868 4545 pmsumen-

1971 556 2225 631 Memento
2256 560 2352 610 mei
2381 560 2501 611 dum
2532 556 2723 614 verteiis
2754 563 2804 615 in
2836 579 3042 631 regnum
3075 574 3236 618 tuum.

2037 625 2178 703 lilors
2231 639 2547 703 peccatorum
2597 633 2830 695 pessima,
2867 625 2912 685 ei
2939 635 3030 702 qui
3068 637 3284 688 oderunt
3317 639 3535 703 justum,

1965 696 2275 768 delinquent.
2307 697 2418 752 lloc
2448 710 2666 755 ostenso
2692 704 2829 768 quod
2863 696 2986 757 vere
3014 704 3149 757 oculi
3183 696 3386 757 Domini
3414 720 3541 758 sunt

1964 780 2113 840 super
2131 767 2318 840 justas,
2340 768 2566 840 reditad
2597 767 2816 840 alteram
2851 785 3074 836 partem,
3100 774 3319 840 scilicet,
3351 775 3417 829 de
3453 778 3533 829 iu-

1963 834 2142 904 justis.‘
2189 838 2353 903 Quasi
2404 838 2544 891 dicat
2599 857 2611 892 :
2652 839 2792 896 Vere
2837 834 3012 896 vultus
3054 834 3145 896 ira!
3187 834 3389 897 Domini
3438 848 3541 898 erit

1973 908 2350 982 supermalns,
2384 917 2444 982 ut
2483 909 2660 982 perdat
2699 926 2828 974 eos,
2860 915 2981 980 quia
3025 915 3260 978 ipsorum
3309 926 3538 982 peccato-

1963 990 2100 1052 rum,
2132 976 2183 1029 id
2212 984 2312 1052 es_t,
2345 976 2972 1052 malefaciendummors,
3004 976 3106 1052 qua
3140 976 3400 1049 peribunt.
3434 987 3542 1039 erit

2001 1046 2201 1122 essima.
2256 1047 2349 1122 Est
2379 1059 2556 1122 autem
2592 1050 2675 1103 hic
2704 1046 3197 1122 accipi-uida'mors
3226 1070 3328 1107 non
3368 1055 3539 1108 disso-

1989 1117 2097 1195 utio
2124 1117 2383 1195 corporis,
2411 1117 2515 1195 sed
2548 1134 2692 1195 mois
2735 1117 3067 1183 interiorum,
3107 1124 3331 1190 scilicet,
3385 1139 3541 1190 sepa-

1964 1185 2100 1260 ratio
2128 1185 2317 1240 anima:
2346 1202 2373 1238 a
2411 1188 2536 1251 Deo,
2563 1191 2648 1255 qui
2677 1199 2758 1245 est
2785 1206 3014 1260 sponsus
3037 1203 3088 1247 et
3119 1209 3240 1247 vera
3267 1185 3368 1247 vita
3392 1185 3532 1260 ejus.

1963 1253 2092 1329 Qua:
2121 1271 2264 1329 mors
2295 1272 2418 1311 vero
2447 1253 2674 1325 pessima
2697 1253 2954 1329 estfquia
2986 1262 3126 1316 sicut
3150 1265 3328 1318 vivere
3357 1253 3532 1317 chari-

1965 1326 2056 1400 tali
2115 1325 2374 1400 Optimum
2405 1338 2507 1392 est,
2533 1329 2623 1400 ita
2659 1330 2792 1383 mori
2838 1325 3083 1386 charitati
3116 1333 3400 1400 pessimum
3434 1344 3536 1387 est.

1967 1392 2030 1470 _E_t
2061 1409 2124 1446 ex
2159 1392 2262 1470 hac
2290 1410 2460 1470 morte
2489 1398 2715 1453 efﬁcitur
2748 1399 2868 1462 hoc,
2903 1412 2951 1454 et
2985 1401 3028 1455 si
3061 1392 3199 1470 quod
3231 1403 3332 1457 alia
3364 1420 3532 1462 mors,

1965 1463 2016 1544 id
2037 1474 2142 1544 est,
2183 1465 2472 1544 dissolutio
2521 1470 2961 1544 eoruuiAvidetnr
3009 1463 3142 1525 bona
3179 1473 3375 1538 stultis,
3417 1473 3554 1540 quia.

1967 1533 2342 1611 videntlunns
2379 1551 2562 1611 eurum
2615 1537 2740 1593 ferri
2773 1556 2891 1593 cum
2931 1550 3072 1594 tanta
3109 1557 3320 1611 pompa,
3355 1533 3530 1595 {autem

1965 1605 2034 1682 sit
2069 1603 2236 1682 mala,
2255 1607 2376 1674 quia
2406 1608 2558 1682 cujus
2588 1622 2780 1682 corpus
2818 1603 3538 1682 hic,collocatur-et'depor-

1967 1681 2108 1747 tatur
2137 1676 2364 1747 inulerto
2393 1677 2652 1743 eburneo,
2693 1679 2806 1746 ejus
2828 1681 3003 1732 anima
3027 1680 3232 1747 sepulta
3259 1691 3339 1736 est
3370 1676 3420 1737 in
3457 1682 3536 1735 iu.-

1968 1743 2139 1822 l'crno.
2179 1742 2341 1822 Mors,
2395 1742 2644 1822 inquam,
2664 1742 2984 1822 peccatorum
3024 1742 3276 1818 pessima;
3325 1752 3538 1822 et_ideo

1969 1816 2374 1889 pessima,_quia
2406 1816 2714 1889 delinquent,
2744 1820 2830 1885 qui
2860 1816 3073 1872 oderunt
3099 1822 3322 1889 justum.
3354 1819 3403 1874 id
3432 1831 3556 1884 est,.

1970 1897 2136 1956 grave
2167 1883 2416 1956 delictum
2457 1888 2509 1939 in
2564 1889 2662 1941 hoc
2707 1883 2803 1954 ipsi
2839 1883 3148 1956 peceatores
3175 1891 3539 1954 committunt,

1969 1950 2092 2020 quia
2117 1950 2318 2030 justum
2352 1955 2614 2030 absolute,
2645 1956 2694 2010 id
2726 1950 3156 2030 Iesu-Christum,
3197 1977 3354 2030 quem
3382 1950 3544 2015 debe-

1971 2031 2091 2101 rent
2117 2022 2362 2101 diligere,
2413 2025 2659 2101 oderunt,
2708 2022 2826 2101 quia
2875 2022 3191 2101 conculcaut
3215 2022 3544 2099 sanguinem

1969 2096 2112 2159 ejus,
2137 2096 2605 2166 uolentesimitari
2640 2099 2992 2152 humilitatem
3024 2099 3165 2166 ejus.
3200 2101 3298 2155 llic
3328 2096 3548 2155 notatur

1967 2173 2267 2237 peceatum,
2300 2164 2440 2237 unde
2480 2167 2580 2220 boc
2601 2166 2747 2237 quod
2791 2183 2933 2220 mors
2963 2164 3149 2222 eorum
3191 2171 3417 2237 pessima
3449 2171 3538 2236 sit,

1967 2230 2212 2298 el'licitur,
2242 2242 2296 2287 et
2323 2234 2393 2287 ab
2423 2237 2517 2288 hac
2542 2230 2638 2288 tali
2663 2247 2854 2300 marte,
2887 2247 2938 2290 et
2970 2239 3014 2292 si
3048 2230 3292 2293 Domi-nus
3319 2257 3421 2294 non
3454 2230 3540 2295 re;

1965 2300 2132 2372 dimat
2186 2303 2390 2357 animas
2440 2305 2755 2358 libertorum
2813 2322 3053 2372 suormn,
3107 2317 3280 2363 tamen
3331 2311 3542 2365 redimet

1966 2371 2164 2426 animos
2213 2388 2491 2438 servorum,
2527 2376 2575 2428 id
2607 2389 2709 2440 est,
2740 2371 3124 2444 Ῑυςιυιύιηζιίι
3151 2395 3278 2432 vere
3309 2380 3539 2434 redimet

1965 2455 2058 2511 eos
2088 2455 2116 2493 a
2147 2453 2340 2504 morte,
2374 2445 2491 2510 quia
2522 2460 2679 2498 causa
2714 2445 2878 2511 ipsius
2911 2447 3097 2502 mortis
3135 2449 3308 2502 aberit
3335 2450 3404 2504 ab
3436 2451 3540 2504 eis.

1965 2509 2094 2563 Nam
2123 2527 2291 2565 omnes
2319 2509 2406 2581 qui
2437 2526 2642 2586 sperant
2681 2509 2844 2586 ἰοίβο,
2890 2516 2939 2568 id
2983 2525 3086 2582 cst,
3116 2517 3203 2586 qui
3244 2535 3348 2572 non
3385 2520 3454 2574 de
3481 2536 3542 2574 se

1969 2591 2313 2658 prtesumunt,
2364 2584 2455 2658 sed
2515 2598 2574 2638 se
2631 2585 2929 2658 humiliant,
2981 2602 3082 2640 non
3136 2584 3437 2658 delinquunt
3490 2591 3539 2642 in

1967 2650 2268 2728 odiojusti,
2316 2653 2438 2720 quia
2484 2669 2587 2728 non
2616 2655 3010 2728 ροιιρλιηοεώυηι
3036 2658 3174 2728 ΔςξᾸιιε
3202 2650 3535 2728 sanguinein,

1965 2719 2074 2794 sed
2091 2719 2436 2794 imitabuntur
2464 2724 2583 2790 ejus
2616 2724 2996 2794 humilitatem.
3034 2719 3102 2780 Et
3148 2719 3430 2794 possuVmus
3461 2731 3545 2783 hic

1965 2791 2206 2862 accipere
2232 2793 2429 2862 justum
2461 2809 2563 2846 non
2593 2797 2761 2847 solum
2792 2793 3082 2861 Christum,
3103 2791 3194 2850 sed
3220 2809 3270 2851 et
3297 2799 3544 2862 Paulum,

1966 2859 2055 2928 qui
2087 2859 2218 2915 dixit
2249 2879 2260 2914 ;
2295 2860 2322 2914 1
2333 2863 2590 2917 ntitatores
2621 2865 2718 2916 mei
2745 2873 2922 2925 estote,
2947 2859 3077 2919 sicut
3099 2875 3145 2920 et
3170 2884 3260 2938 ego
3284 2867 3508 2923 Christi..

2410 2975 2476 3030 IN
2518 2976 2840 3033 PSALMUM
2882 2979 3122 3034 XXXIV.

2461 3066 2700 3121 Psalmus
2742 3067 2842 3137 ipsi
2883 3067 3067 3122 David.

2577 3174 2954 3214 AllGUMl-INTUH.

2577 3187 2954 3214 AHbUMI'u‘IUIIO

1891 3187 1938 3250 Ο
2045 3227 2337 3282 Occasione
2367 3242 2724 3280 aerumnarum
2756 3243 2971 3281 suarum
3008 3227 3168 3283 David
3221 3231 3359 3282 hunc
3399 3232 3548 3294 psale

1975 3313 2119 3351 mum
2153 3298 2204 3351 in
2235 3305 2474 3366 tempore
2501 3297 2746 3350 Jercinize
2770 3299 3063 3363 compOuit,
3106 3314 3330 3367 quosque
3360 3311 3545 3367 pertul-

1973 3367 2094 3422 lerit
2123 3367 2417 3434 qualiterve
2444 3368 2698 3437 eraverit,
2743 3371 2982 3434 exponit.
3019 3369 3188 3437 Aliter
3214 3378 3356 3422 totus
3400 3373 3542 3437 psal-

1973 3452 2092 3491 mus
2123 3453 2186 3490 εχ
2216 3451 2437 3506 persona
2469 3436 2668 3490 Christi
2697 3446 2802 3501 est,
2830 3447 2884 3491 et
2915 3452 3008 3506 per
3037 3436 3307 3494 Christum
3329 3436 3408 3494 ad
3427 3455 3545 3495 om-

1973 3521 2070 3562 nes
2099 3506 2328 3576 psalmos
2358 3505 2545 3560 referri
2577 3514 2772 3575 potest.

2598 3613 2954 3652 EXPLANATIO.

2044 3688 2202 3743 Totus
2231 3689 2454 3759 psalmus
2481 3703 2544 3741 ex
2568 3703 2783 3757 persona
2810 3685 3117 3759 Christiest,
3148 3689 3248 3759 qui
3265 3706 3317 3742 se
3349 3692 3469 3756 petit
3491 3695 3552 3744 ab

1975 3757 2300 3812 inimicorum
2335 3762 2683 3824 persecutione
2709 3759 2936 3810 liberari.
2977 3757 3113 3810 Nam
3142 3757 3188 3810 et
3222 3758 3384 3812 David
3416 3772 3549 3814 recte

1975 3831 2203 3899 Christus
2233 3829 2499 3899 accipitur,
2524 3838 2569 3880 et
2600 3843 2716 3880 cum
2743 3829 3041 3899 proponitur
3066 3829 3183 3897 ipsi,
3218 3843 3318 3882 non
3345 3831 3553 3896 quilibet

1974 3898 2310 3952 ntembrarum
2344 3896 2487 3965 eius,
2534 3901 2622 3950 sed
2670 3899 2776 3963 ipse
2823 3896 3411 3953 Mcdiator'ostenditur.
3449 3899 3552 3954 Per

1977 3979 2135 4022 totum
2161 3971 2294 4021 hunc
2323 3966 2578 4038 psalmum
2605 3968 2753 4021 verba
2781 3976 2897 4038 sunt
2921 3966 3129 4021 Domini
3153 3967 3365 4034 Christi,
3395 3987 3427 4023 a
3452 3972 3552 4024 dis-

1977 4040 2266 4106 pensatione
2295 4035 2394 4104 q'ua
2423 4053 2605 4104 passus
2646 4047 2740 4090 est.
2774 4035 2946 4090 Primo
2979 4039 3204 4091 membro
3236 4043 3551 4106 persecutio-

1972 4109 2122 4162 nibus
2150 4108 2525 4161 retributionem
2554 4108 2775 4176 postulat
2803 4108 2979 4160 debere
3007 4109 3224 4174 restitui,
3273 4126 3425 4164 orans
3449 4112 3556 4165 illis

1977 4179 2256 4241 contraria,
2304 4193 2418 4240 qua:
2455 4185 2633 4230 tamen
2677 4177 2745 4228 ad
2784 4181 3210 4231 conversationem
3239 4196 3414 4233 eorum
3451 4185 3554 4235 sint

1977 4249 2306 4302 nihilominus
2354 4249 2640 4314 profutura.
2692 4247 2932 4302 Secundo
2962 4251 3024 4301 de
3069 4251 3434 4303 resurrectione
3455 4267 3560 4305 sua

2011 4319 2185 4380 audet,
2228 4330 2277 4372 et
2328 4317 2625 4370 Judteorum
2674 4317 2964 4384 iniquitates
3011 4319 3324 4384 exprobrans
3376 4331 3546 4374 acute.

1967 4389 2156 4442 ‘Tertio
2187 4389 2432 4454 promittit
2458 4401 2564 4440 esse
2587 4403 2676 4456 per
2703 4391 2987 4440 universum
3019 4389 3188 4439 orbem
3215 4397 3468 4442 terrarum
3495 4390 3550 4443 in

1979 4460 2212 4511 membris
2238 4460 2361 4523 suis,
2406 4469 2628 4526 paterna:
2658 4458 2892 4524 potentia
2920 4457 3170 4525 conﬁteri,
3205 4473 3318 4525 qua:
3337 4475 3450 4511 eum
3480 4461 3543 4512 ab

280 4526 664 4613 [Qi'é'i'tiiiiis
685 4526 876 4602 agn;
888 4526 1076 4615 'siiii'éi;
1100 4526 1218 4613 suis
1237 4526 1866 4616 iriiutliiidn'éiﬂiib'r'uin
1899 4537 1948 4596 D
1971 4528 2184 4616 inimici:
2198 4528 2707 4616 suisfgsgrtegtiéfif
2721 4526 2970 4616 Aliejfeﬁffo
2988 4527 3250 4616 ljlffffuif.
3266 4529 3547 4616 ξίερὴεεαηε

273 4628 423 4673 sunt
459 4621 656 4679 multae,
688 4618 806 4686 quia
837 4617 1154 4672 intiinsecus
1185 4625 1239 4670 et
1265 4617 1592 4671 extrinsecus
1617 4617 1872 4684 multipli-

275 4692 434 4742 citer
469 4688 788 4741 trilmlantur
813 4689 865 4742 in
900 4689 1168 4751 pra-senti,
1199 4697 1255 4739 ut
1283 4695 1400 4754 post
1427 4687 1618 4740 multas
1647 4686 1874 4738 tribula-

278 4761 482 4813 tiones
516 4760 824 4825 perveniant
850 4757 914 4811 ad
948 4757 1182 4810 infinitas
1201 4757 1826 4818 remunerationes,sicut
1845 4771 1876 4811 e

277 4841 495 4883 contra
520 4828 700 4894 injusti
722 4839 837 4895 post
858 4843 1047 4896 paucas
1065 4826 1426 4896 tribulationes
1449 4836 1736 4892 praesentes
1751 4840 1875 4894 per-

277 4904 518 4954 veniant
550 4899 615 4949 ad
645 4895 948 4952 innumeras
989 4895 1340 4951 iiilelicitaies.
1378 4895 1558 4949 Multa:
1604 4904 1748 4962 sunt,
1799 4899 1878 4948 in-

275 4968 1138 5038 quam,tribulationesjustorum,
1158 4975 1202 5019 et
1219 4966 1280 5018 de
1302 4965 1528 5038 omnibus
1540 4965 1624 5038 his
1649 4965 1878 5038 liberavit

275 5035 374 5093 eos
394 5038 776 5105 Dominusjam
792 5035 1125 5106 spe,tandem
1147 5035 1525 5089 veroliberabit
1539 5035 1590 5089 in
1604 5049 1680 5088 re.
1699 5035 1762 5087 lat
1778 5035 1878 5089 hoc

278 5109 470 5162 modo
504 5107 710 5161 liberati
737 5119 880 5171 sunt,
908 5109 1030 5176 quia
1055 5106 1304 5158 Dominus
1334 5106 1551 5158 custodit
1574 5106 1745 5176 omnia
1765 5120 1879 5159 ossa

270 5193 510 5243 eorum,
540 5187 594 5231 et
620 5181 690 5230 ita
712 5181 850 5244 quod
884 5174 974 5230 nec
1000 5192 1158 5230 unum
1181 5191 1242 5229 ex
1267 5175 1345 5228 his
1373 5184 1674 5240 conteretur,
1700 5174 1749 5228 id
1771 5185 1874 5240 est,

271 5250 522 5317 penitus
571 5247 957 5317 confringetur.
1009 5247 1160 5317 Quod
1211 5246 1440 5317 quidem
1492 5245 1880 5317 quantum_ad

272 5312 543 5374 litteram
577 5317 765 5370 falsum
787 5312 1022 5372 'videtur.
1066 5312 1240 5383 Eque
1262 5316 1402 5368 enim
1429 5312 1726 5368 invenimus
1767 5312 1878 5368 l‘ra-

269 5402 450 5445 ctum
477 5402 539 5441 os
561 5387 703 5441 illius
731 5386 949 5440 latronis
971 5387 1208 5440 cruciﬁxi
1232 5399 1350 5438 cum
1377 5385 1624 5449 Domino,
1643 5383 1730 5452 qui
1751 5397 1880 5439 con-

271 5460 486 5515 fessus
511 5468 615 5521 est,
646 5457 784 5510 sicut
806 5466 859 5510 et
882 5457 1021 5511 illius
1051 5457 1137 5525 qui
1177 5470 1280 5508 non
1326 5466 1407 5508 est
1445 5454 1753 5519 confessus;
1783 5454 1878 5508 sed

267 5528 622 5596 accipienda
648 5537 770 5580 sunt
818 5527 902 5581 hic
933 5541 1052 5580 ossa
1086 5527 1415 5578 firmamenta
1442 5527 1662 5588 animae,
1696 5526 1745 5577 id
1773 5533 1878 5589 est,

265 5595 556 5662 virtutes,
589 5598 656 5652 de
685 5597 877 5667 quibus
906 5611 1086 5650 verum
1115 5597 1342 5667 estquia
1394 5609 1513 5648 ossa
1543 5595 1762 5648 Domino
1789 5609 1879 5648 cu-

265 5671 581 5736 stodiente
635 5665 853 5721 manent
890 5667 1118 5733 integra,
1157 5665 1209 5736 id
1254 5675 1354 5728 est,
1389 5681 1493 5736 non
1533 5674 1880 5736 conteruntur

264 5734 502 5798 ictibus
530 5737 633 5792 illis
652 5738 844 5805 quibus
863 5751 982 5791 ossa
1001 5734 1286 5791 exteriora.
1317 5736 1370 5788 in
1401 5735 1488 5789 illo
1509 5734 1647 5788 enim
1677 5736 1880 5789 latrone

262 5815 457 5877 tidcs,
499 5818 551 5863 et
590 5807 636 5863 si
657 5822 826 5880 ‘crura
849 5807 962 5876 ejus
1003 5807 1390 5876 frangerentur,
1415 5808 1618 5863 conteri
1649 5821 1751 5861 non
1779 5821 1878 5874 νοω

1977 4609 2030 4670 ut
2057 4599 2434 4670 confundantur
2481 4606 2854 4666 persecutores,
2887 4607 2933 4650 et
2976 4598 3223 4650 exsultent
3261 4598 3316 4651 in
3362 4615 3551 4670 magna

1975 4668 2142 4738 gloria
2172 4669 2364 4736 fideles.

2544 4752 2966 4795 COHIENTARIUS.

2047 4824 2258 4901 Iudico,
2293 4825 2524 4901 Domine,
2556 4841 2789 4901 nocentes
2823 4846 2901 4882 me
2931 4843 2950 4882 :
2978 4845 3216 4901 expugna
3243 4830 3554 4901 impugnan-

1977 4905 2050 4951 tes
2081 4912 2176 4952 me.
2214 4897 2323 4950 Vox
2354 4897 2540 4960 capitis
2570 4899 2725 4967 estin
2758 4901 2856 4954 hoc
2887 4897 3088 4964 psalmo
3118 4897 3546 4967 loquentis'nunc

1977 4981 2074 5036 pro
2105 4978 2184 5031 se,
2218 4981 2357 5036 nunc
2382 4981 2476 5032 pro
2504 4965 2776 5029 membris,
2828 4978 2881 5023 et
2931 4965 3226 5024 inVocantis
3277 4973 3552 5026 Dominum

1981 5035 2145 5109 Deum
2194 5036 2246 5088 in
2278 5035 2616 5109 tribulatione
2672 5037 2829 5106 hujus
2878 5039 3096 5098 saeculi.
3144 5056 3369 5109 corpore
3416 5058 3557 5096 nunc

1979 5105 2249 5175 tribulato,
2301 5107 2434 5158 sicut
2475 5115 2530 5158 et
2578 5115 2701 5159 tunc
2740 5105 2932 5175 capite.
2975 5110 3181 5163 'l‘itulus
3228 5105 3404 5166 autem
3439 5112 3557 5165 talis

1977 5184 2061 5230 est
2093 5193 2105 5228 :
2137 5173 2377 5249 P_salm_us
2427 5175 2522 5249 ipsi
2573 5175 2759 5249 Dauid,
2796 5173 2846 5232 id
2876 5191 2955 5234 est
2997 5180 3096 5248 ipsi
3138 5181 3318 5249 capiti,
3351 5181 3437 5248 qui
3471 5192 3548 5232 est

1975 5260 2136 5299 verus
2166 5245 2350 5306 David.
2381 5245 2764 5298 attribuendus.
2802 5249 2962 5303 David
3005 5245 3149 5312 vero,
3182 5245 3235 5301 ut
3285 5245 3440 5315 supra
3472 5251 3554 5300 di-

1978 5329 2119 5387 etqu
2149 5326 2252 5377 est,
2287 5316 2661 5387 interpretatur
2690 5333 2843 5371 manu
2875 5321 3038 5387 fortis,
3070 5322 3151 5372 vel
3188 5321 3298 5371 visu
3346 5323 3544 5386 desine;-

1977 5385 2170 5438 rabitis.
2197 5385 2526 5462 Et_Cliri_stus
2547 5401 2669 5462 vere
2693 5385 3155 5462 manulortisest,
3176 5389 3294 5462 quia
3320 5401 3541 5462 mortem

1980 5464 2214 5509 nostram
2244 5455 2467 5525 devicit;
2499 5466 2550 5509 et
2582 5457 2693 5508 visu
2724 5457 3113 5522 desiderabilis,
3140 5455 3260 5525 quia
3295 5455 3550 5513 aeternam

1979 5526 2141 5579 vitam
2172 5523 2435 5594 promisit.
2467 5527 2559 5578 Est
2586 5526 2744 5581 etiam
2782 5527 2834 5580 in
2870 5529 2967 5582 hoc
3000 5531 3112 5581 visu
3159 5523 3555 5591 desiderabilis,

1979 5605 2033 5667 et
2055 5607 2211 5667 manu
2244 5595 2415 5658 fortis,
2445 5597 2564 5664 quia
2595 5597 2719 5663 quid
2749 5595 2937 5651 fortius
2962 5599 3257 5667 mauuejus
3285 5615 3402 5667 quae
3433 5599 3556 5650 teti-

1979 5665 2053 5733 git
2082 5666 2331 5724 loculum.
2363 5675 2416 5718 et
2459 5667 2684 5720 surrexit
2729 5667 3010 5721 mortuus?
3039 5665 3171 5734 Quid
3205 5665 3333 5721 item
3371 5668 3555 5724 lortius

1981 5735 2071 5804 illa
2103 5750 2259 5788 manu
2300 5752 2416 5804 qua:
2471 5737 2721 5788 mtmdum
2754 5739 2980 5801 devicit,
3017 5753 3118 5792 non
3157 5748 3357 5791 armata
3391 5737 3557 5799 fcrru,

1980 5803 2075 5860 sed
2105 5803 2352 5862 transfixa
2398 5806 2448 5860 in
2491 5805 2668 5877 ligno?
2698 5807 2833 5875 Quid
2872 5810 3030 5865 etiam
3078 5809 3192 5864 visu
3223 5807 3560 5866 desiderabi-.
