3922 6190
438 408 543 463 639

918 411 1123 470 BEDA'Z
1168 415 1609 471 VENICilAlilLIS
1649 416 1794 470 Ul‘P.
1842 415 2015 471 I'ARS
2052 413 2117 468 ll.
2157 416 2347 472 δεδι.
2392 416 2453 471 ll.
2484 447 2551 457 —
2584 418 2786 474 DUBIA
2834 418 2919 474 ET
2960 417 3232 475 SPUMA.

3583 416 3680 471 660

439 528 542 584 lius
573 528 661 611 illo
690 544 845 599 quem
867 530 1039 611 sancti
1086 539 1344 611 martyres
1365 544 1493 611 ¹ιιοιι
1526 528 1769 611 v'derunt
1789 569 1803 590 ,
1833 538 1886 582 et
1929 539 2007 611 ta:
2035 532 2081 589 Α
2112 530 2309 611 nonad
2339 530 2721 611 salutem,sed
2746 531 2809 611 ad
2841 532 3263 611 devo‘catiuncm,
3294 532 3679 611 confanduirur

441 615 562 652 men
592 600 655 650 ad
684 598 803 653 eum
833 598 1113 653 videndmn
1140 598 1415 652 moriendo
1443 601 1621 652 venire
1651 602 2007 654 sunlucrunt?

443 669 576 721 lluie
617 683 745 736 ergo
791 678 970 722 cantet
1017 671 1189 723 anima
1232 680 1432 732 nostra,
1464 679 1641 723 cantet
1686 684 1875 735 corpus
1908 685 2003 723 no-

438 750 628 799 strum,
663 746 838 792 cantet
870 748 921 792 et
964 753 1059 791 cor
1091 748 1352 793 nostrmu.
1398 739 1650 806 Loquitur
1696 748 1870 792 autem
1924 743 2008 796 hic

438 818 592 874 caput
624 818 860 862 nostrum
895 809 1121 876 primum
1172 825 1264 876 pro
1306 825 1364 863 se
1389 809 1590 869 dicens,
1619 825 1722 861 non
1768 811 2007 864 malevo-

438 877 598 947 lentia
630 877 868 945 aptandi,
892 879 984 932 sed
1018 880 1350 944 priescientia
1381 878 1763 947 prophetandi:
1793 879 2008 935 Domine

438 946 617 1012 Pater,
637 949 820 1019 judico
850 957 1082 1001 nocentes
1125 966 1225 1019 me,
1260 950 1308 1001 id
1338 946 1439 1011 est,
1467 948 1678 1001 JlﬂitBOS
1720 965 1803 1002 me
1849 962 2007 1016 caput

438 1018 927 1079 tiocere'volentes,
952 1020 1040 1085 qui
1068 1018 1342 1085 jndiciaria
1368 1028 1625 1086 potestate
1650 1033 1742 1072 sua
1766 1019 2007 1083 judicant

437 1102 523 1141 me
555 1098 855 1158 nocentem,
889 1104 992 1141 non
1038 1089 1388 1158 discernenda
1437 1104 1522 1143 me
1567 1105 1661 1157 per
1688 1104 1896 1158 poenam
1940 1092 2007 1144 ab

438 1157 636 1226 impiis.
662 1157 845 1213 Judica
880 1169 963 1211 tua
990 1157 1267 1225 iudiciaria
1296 1168 1555 1227 potestate
1585 1157 1919 1224 per’causam
1951 1172 2006 1215 ιιι

441 1236 716 1291 nocentes,
746 1245 829 1282 mc
856 1238 1031 1282 autem
1061 1241 1111 1281 ιιι
1149 1230 1484 1285 innocentem
1521 1246 1531 1280 :
1565 1229 1627 1281 da
1652 1228 1772 1282 illos
1803 1231 2005 1285 scilicet

437 1296 491 1352 in
534 1301 818 1365 reprobum
869 1313 1080 1353 sensum
1128 1308 1343 1366 propter
1374 1315 1522 1352 suam
1565 1299 1885 1367 nequitiam,
1921 1318 2007 1355 me

436 1376 616 1422 autem
664 1370 917 1427 resuscita
962 1379 1174 1436 propter
1204 1384 1373 1422 meam
1405 1369 1783 1422 innocentiam.
1816 1368 1880 1423 Et
1909 1373 2002 1424 im-

436 1447 717 1508 pngnantes
767 1455 862 1502 me,
913 1438 961 1495 id
1017 1448 1100 1492 est
1147 1453 1313 1504 meos,
1364 1448 1418 1492 et
1458 1454 1560 1492 non
1591 1450 2001 1508 expugnantcs:

437 1507 664 1577 gentiles
694 1509 807 1563 sive
833 1509 1095 1578 quoslibet
1126 1525 1386 1578 expugna,
1418 1508 1467 1562 id
1512 1519 1595 1566 est
1634 1507 2005 1565 invictoriosos

436 1586 489 1633 et
523 1578 817 1633 inefficaces
859 1579 1040 1641 redde,
1072 1586 1129 1637 ut
1161 1594 1263 1632 non
1296 1580 1393 1646 ipsi
1433 1587 1756 1648 expugnent,
1781 1580 1873 1634 scd
1906 1582 2002 1647 ipsi

438 1660 844 1717 expugnentur,
898 1660 949 1701 ut
995 1658 1398 1702 convertantur.
1446 1647 1595 1702 Sicut
1640 1649 1780 1702 enim
1824 1651 2005 1718 judico

438 1718 587 1782 prius
614 1720 870 1788 accipitur
900 1720 950 1772 in
982 1720 1145 1781 malo,
1175 1718 1242 1789 ita
1275 1735 1508 1789 expugna
1550 1720 1633 1771 hic
1664 1720 1715 1776 in
1747 1718 1909 1776 bono.
1943 1722 2006 1775 Et

435 1790 663 1851 refertur
693 1790 789 1843 hoc
817 1789 880 1844 ad
908 1802 1118 1853 corpus,
1149 1788 1286 1841 sicut
1311 1788 1439 1842 illud
1470 1798 1521 1841 et
1544 1800 1717 1855 caput.

2112 601 2309 654 salubri
2341 602 2541 655 scilicet
2584 600 2911 655 confusione.
2946 602 3203 655 Conlusio
3231 603 3370 657 enim
3401 604 3503 655 alia
3536 606 3677 656 salu-

2111 669 2238 731 bris,
2287 670 2386 723 alia
2418 686 2545 727 non.
2591 671 2667 725 llli
2699 685 2827 725 vero
2852 671 3244 726 confunduntur
3271 672 3467 725 salubri
3498 678 3679 728 confu-

2108 740 2281 800 sione,
2314 742 2400 806 qtti
2430 740 2497 795 de
2525 756 2749 794 numero
2780 741 3067 794 infidelium
3102 753 3374 796 transeunt
3407 742 3456 794 in
3490 758 3678 798 nume-

2110 822 2225 864 rum
2256 810 2507 874 lidelium,
2532 812 2611 865 vel
2642 812 2709 864 de
2741 826 2961 863 numero
2987 822 3380 876 persecuturum
3414 811 3464 865 in
3493 829 3679 868 nume-

2109 892 2228 951 rum
2256 881 2640 944 membrorum,
2668 889 2724 932 ιιι
2755 881 2871 934 fecit
2904 880 3113 935 Paulus.
3146 881 3209 932 Et
3234 883 3508 951 sciendum
3555 885 3673 951 quia

2107 948 2319 1015 quidam
2355 951 2611 1003 malorum
2659 951 2727 1003 ita
2756 951 3065 1018 junguntur,
3096 963 3150 1002 ιιι
3191 966 3217 1021 a
3251 950 3475 1009 Domino
3520 948 3675 1021 sepa-

2109 1030 2293 1072 rentur
2322 1029 2375 1073 et
2404 1020 2752 1081 damnentur;
2783 1022 2997 1089 quidam
3032 1036 3156 1072 Vero
3190 1020 3279 1083 ita,
3314 1031 3371 1073 ιιι
3395 1022 3459 1073 ad
3490 1020 3675 1075 Domi-

2108 1103 2230 1141 num
2276 1098 2668 1142 convertantur.
2720 1091 2782 1143 Et
2823 1090 2891 1142 de
2936 1089 3016 1143 his
3061 1091 3145 1158 qui
3186 1101 3567 1144 Convertuntur
3600 1094 3679 1145 hic

2109 1158 2330 1225 primum
2360 1160 2524 1225 dicit,
2553 1158 2745 1212 deinde
2792 1160 2934 1213 dicet
2976 1159 3043 1213 de
3080 1160 3218 1213 aliis.
3263 1161 3674 1227 Confundautur,

2108 1229 2339 1297 inquam,
2368 1239 2644 1297 qtnerentes
2673 1231 2892 1282 animum
2932 1245 3116 1295 meam,
3151 1241 3202 1283 et
3247 1229 3313 1282 ita
3348 1233 3677 1285 confundan-

2107 1306 2189 1350 tur
2221 1310 2275 1350 nt
2316 1308 2658 1364 revereantur,
2692 1299 2740 1351 id
2769 1309 2870 1359 est,
2914 1299 3262 1353 extimescant
3291 1310 3503 1368 peccata
3559 1316 3675 1365 Sua,

2107 1368 2155 1421 id
2184 1378 2264 1420 est
2294 1378 2634 1422 revereaatur
2656 1369 2850 1436 justus,
2876 1386 2979 1423 non
3009 1370 3261 1423 habentes
3291 1370 3413 1438 quid
3444 1371 3526 1423 eis
3550 1386 3676 1424 cou-

2109 1437 2386 1491 tradicant.
2418 1437 2483 1508 Et
2511 1449 2799 1491 avertantur
2841 1454 2868 1490 a
2923 1437 3319 1508 persequendo,
3365 1441 3434 1492 ita
3487 1451 3544 1492 ut
3586 1442 3676 1507 qui

2108 1508 2250 1575 prius
2279 1518 2401 1560 aute
2426 1506 2652 1573 fuerant,
2685 1510 2791 1562 sint
2815 1506 3267 1563 refrorsum‘secus
3304 1511 3466 1577 pedes
3500 1506 3675 1563 Domi-

2107 1577 2182 1641 ni,
2213 1578 2416 1633 scilicet
2439 1582 2524 1644 qui
2557 1577 2764 1632 fuerant
2795 1579 3176 1644 pra-cedentes,
3210 1580 3314 1632 sint
3342 1581 3672 1647 subsequen-

2108 1656 2205 1711 tes,
2247 1658 2300 1701 et
2346 1659 2711 1714 persecutores
2751 1651 2855 1702 sint
2905 1649 3298 1715 praedicatores.
3348 1651 3669 1709 At'ertanlnr,

2106 1716 2339 1785 inquam,
2363 1728 2409 1771 et
2432 1720 2833 1787 confundantur,
2866 1722 2936 1772 ita
2960 1727 3014 1770 ut
3036 1720 3118 1787 qui
3148 1734 3284 1773 nunc
3304 1722 3672 1784 suntcagitan-

2107 1796 2178 1839 tes
2218 1787 2341 1839 mihi
2370 1799 2416 1840 et
2452 1790 2584 1841 nieis
2612 1789 2776 1850 mala,
2809 1789 2914 1841 sint
2944 1789 3069 1841 mihi
3099 1788 3463 1843 desiderantes
3494 1791 3670 1851 bona;

505 1858 847 1934 Appreltende
870 1874 1013 1911 arma
1038 1867 1085 1911 et
1118 1866 1312 1912 sentum
1342 1875 1361 1912 :
1389 1870 1434 1911 et
1476 1874 1687 1926 eisurge
1714 1861 1764 1913 in
1792 1860 2001 1934 adjuto-
2036 1875 2081 1934 Β
2111 1859 2196 1934 qui
2224 1868 2405 1934 autem
2430 1858 2479 1910 id
2513 1858 2718 1934 nolunt,
2743 1860 2869 1934 [iant
2898 1869 3132 1934 tanquam
3165 1859 3343 1934 pulvis,
3369 1870 3418 1911 et
3445 1861 3670 1928 reliqua.

435 1927 567 1985 riunt
599 1927 741 1983 mihi.
776 1929 902 1983 Dico
930 1944 1185 1997 expugna,
1208 1938 1261 1981 et
1287 1938 1341 1980 ut
1372 1943 1658 1996 evpugues,
1684 1927 2002 1998 appreliende

436 2014 583 2055 arma
611 2008 717 2052 tua.
761 2000 899 2053 Ecce
941 2014 1189 2065 magnum
1230 1999 1589 2065 spectaculum
1624 2000 1804 2054 videre
1836 2001 2000 2056 Deum

436 2077 717 2122 armatum.
749 2068 885 2125 Snut
930 2078 1104 2122 autem
1136 2083 1280 2121 arma
1315 2068 1403 2121 Dei
1447 2070 1802 2137 principaliter
1828 2072 2000 2126 anima

436 2137 603 2209 ip~ius
651 2137 907 2209 Dominici
948 2138 1175 2192 hominis
1221 2139 1305 2192 hic
1335 2139 1564 2208 agentis,
1591 2154 1690 2207 qua
1732 2140 1846 2209 ipse
1876 2157 2001 2197 usus

428 2216 518 2280 est
545 2208 616 2263 ad
639 2208 980 2280 debellandos
1027 2210 1200 2262 aerias
1244 2217 1557 2275 pllICSlalCS,
1579 2279 1592 2280 γ
1611 2208 1761 2263 velut
1800 2215 1999 2280 potenti

435 2276 655 2348 framea.
692 2278 979 2335 Sa-culaiia
1006 2293 1213 2348 quoque
1244 2289 1364 2333 sunt
1394 2295 1539 2333 arma
1574 2279 1778 2335 Domini
1802 2276 2002 2336 animae

430 2347 724 2474 malorum.
753 2363 807 2405 et
838 2347 1034 2406 nostrai
1064 2350 1223 2403 etiam
1254 2350 1468 2413 animat,
1498 2349 1567 2404 ita
1589 2352 1799 2417 quidem
1828 2353 1870 2404 si
1905 2368 2003 2406 nos

506 2433 572 2474 ne
617 2420 1019 2474 profecerimus.
1065 2420 1115 2472 id
1146 2428 1244 2474 est.
1277 2420 1319 2471 si
1368 2420 1479 2474 inse
1528 2421 1669 2474 prius
1718 2422 2003 2474 armaverit

506 2433 572 2474 ne
617 2420 1019 2488 profecerimus,
1065 2420 1115 2472 id
1146 2428 1244 2483 est,
1277 2420 1319 2471 si
1368 2420 1479 2486 ipse
1528 2421 1669 2483 prius
1718 2422 2004 2476 armaverit

436 2503 536 2543 nos
561 2499 727 2569 _scuto
766 2490 909 2569 ﬁdei,
939 2500 998 2569 ει
1036 2489 1183 2569 galea
1224 2489 1431 2567 salutis,
1460 2496 1515 2569 et
1540 2489 1715 2569 gladio
1760 2490 1999 2569 spiritus,

434 2558 574 2626 quod
600 2567 684 2613 est
713 2560 932 2617 verbum
965 2558 1076 2612 Dei.
1111 2558 1200 2611 llis
1220 2558 1359 2610 enim
1392 2558 1755 2626 spiritualibus
1786 2569 1841 2614 et
1870 2562 2002 2614 invi-

434 2628 681 2683 sibilibtts
706 2630 868 2686 armis
896 2637 1064 2681 armat
1103 2627 1355 2682 Dominus
1382 2638 1564 2681 contra
1613 2628 1794 2684 hostes
1835 2631 2002 2696 spiti-

436 2698 604 2768 tnaies
648 2710 702 2754 et
748 2698 1038 2753 invisibiles
1067 2698 1271 2751 animas
1314 2707 1540 2762 uestras,
1571 2710 1623 2750 ιιι
1656 2699 1856 2768 possint
1882 2716 2001 2758 εεεε

434 2767 550 2841 eius
569 2784 743 2841 arma,
770 2778 825 2823 et
852 2768 1043 2825 deinde
1070 2768 1546 2841 apprehenditeas,
1576 2767 1692 2837 qtae
1720 2769 1867 2837 quasi
1899 2772 2000 2825 im-

441 2839 669 2909 mobiles
705 2854 800 2909 per
843 2855 901 2893 se
946 2848 1099 2893 erant
1140 2839 1531 2909 adbcllaudum
1566 2841 1707 2893 velut
1736 2855 1902 2894 arma.
1937 2841 2001 2896 Et

439 2908 604 2963 utitur
627 2907 789 2963 eis—nt
817 2909 1028 2963 frameis
1067 2918 1123 2962 et
1160 2908 1225 2961 ad
1268 2909 1611 2963 debellandos
1656 2909 1917 2977 inimicos,
1948 2921 2001 2966 et

434 2978 500 3031 ad
532 2994 627 3031 nos
651 2979 1030 3034 defendendos.
1056 2977 1204 3044 Quod
1225 2989 1399 3032 autem
1426 2978 1624 3039 subdit,
1667 2978 1731 3032 Et
1777 2991 1997 3045 scutum,

438 3062 544 3118 non
573 3058 654 3103 est
690 3049 985 3118 appositum
1015 3059 1071 3102 ut
1093 3048 1383 3118 diversum.
1414 3047 1526 3101 Non
1555 3048 1695 3102 enim
1727 3051 1793 3103 ita
1835 3060 1916 3105 est
1947 3053 1999 3107 in

438 3117 520 3191 bis
546 3120 710 3191 armis
729 3117 1100 3188 ’s’piritualibus
1127 3117 1266 3171 sicut
1310 3118 1360 3171 in
1387 3119 1768 3191 corporalibus,
1804 3122 1853 3191 in
1884 3124 2001 3191 qui-

439 3189 535 3244 bus
561 3190 764 3259 gladius
795 3205 897 3249 nvn
925 3198 1005 3244 est
1031 3198 1260 3251 scutum,
1289 3202 1692 3259 nequescutum
1722 3189 1887 3245 lorica
1902 3189 1994 3247 ‘vel

434 3258 607 3327 galea,
632 3261 753 3330 quia
793 3261 844 3315 in
888 3260 970 3314 his
1020 3267 1105 3315 est
1143 3259 1409 3313 identitas.
1443 3258 1637 3314 Eadem
1684 3262 1824 3314 enim
1867 3262 1997 3317 fides

436 3329 705 3400 invenitur
745 3330 995 3386 vocaliter
1033 3330 1192 3384 lorica
1235 3337 1289 3383 et
1326 3338 1553 3400 scutum.
1598 3330 1815 3385 Scotum
1854 3333 1994 3400 ideo,

434 3398 555 3471 quia
600 3400 745 3471 ignea
783 3401 885 3456 tela
930 3400 1217 3469 nequissimi
1235 3399 1482 3472 repellit;
1513 3400 1671 3472 lorica
1701 3416 1846 3472 vero,
1874 3398 1997 3472 quia

435 3470 673 3524 nostrum
718 3472 935 3528 interius
982 3486 1012 3525 a
1063 3470 1438 3525 tentationibus
1484 3471 1653 3523 munit
1700 3470 1993 3528 diabolicis.

441 3538 536 3595 Vel
563 3541 681 3609 quia
712 3556 857 3596 arma
884 3541 1127 3596 dicuntur
1157 3540 1222 3593 ab
1247 3540 1407 3593 armis
1435 3542 1790 3609 protegendis,
1826 3553 1999 3610 potest

435 3610 601 3679 accipi
625 3625 892 3667 armorum
915 3611 1198 3679 descriptio
1222 3625 1316 3680 per
1338 3610 1724 3674 excellentiam,
1750 3618 1997 3676 quoniam

436 3691 644 3736 scutum
685 3684 921 3737 maxime
964 3696 1140 3735 armos
1190 3680 1434 3749 protegit.
1479 3681 1875 3748 Apprebendet,
1920 3685 1999 3738 in-

436 3765 621 3818 quam,
649 3768 816 3809 arma.
854 3753 918 3813 Et
949 3752 1050 3824 hoc
1077 3748 1323 3824 modotu
1349 3748 1433 3824 qui
1465 3753 1608 3815 prius
1634 3751 1899 3807 videbaris
1920 3755 1999 3824 ja-

437 3835 562 3876 cere
592 3824 764 3895 malis,
782 3839 1004 3895 exsurge
1035 3822 1086 3895 in
1118 3820 1728 3895 notitiatnplurimorum
1760 3831 1878 3895 tuos
1906 3820 1999 3893 per

435 3906 587 3962 auita
634 3892 718 3950 illa
760 3892 1123 3957 defendendo,
1153 3901 1208 3946 et
1236 3892 1476 3945 inimicos
1516 3893 1887 3962 expugnando.
1936 3896 2000 3949 Et

439 3960 613 4036 boc‘in
643 3965 955 4036 adjutorium
982 3963 1128 4028 mihi,
1155 3963 1204 4017 id
1234 3971 1606 4036 estmeorum.

507 4029 735 4098 Effund'e
759 4039 1027 4101 fr..meam,
1057 4043 1101 4087 et
1123 4031 1364 4088 conclude
1390 4033 1629 4088 adversus
1657 4048 1739 4087 eos
1768 4036 1852 4103 qui
1880 4051 1998 4103 per-

435 4113 713 4171 sequuntur
734 4119 810 4157 me
835 4119 852 4156 :
879 4105 962 4156 dic
1002 4105 1187 4156 anima:
1227 4116 1351 4154 mete
1377 4116 1398 4155 :
1425 4102 1579 4171 Salus
1619 4112 1705 4156 tua
1733 4120 1824 4171 ego
1864 4102 1997 4158 sum.

438 4170 706 4241 Exsurge,
748 4172 960 4242 inquam
981 4214 995 4236 ,
1028 4180 1085 4225 ιιι
1112 4186 1364 4242 exsurgas
1402 4170 1605 4236 effunde
1639 4170 1880 4241 frameam
1902 4214 1918 4237 ,
1948 4174 1999 4229 id

435 4249 539 4313 est,
568 4240 949 4313 multiplicetur
974 4255 1226 4313 numerus
1260 4240 1546 4313 iustorum,
1593 4240 1647 4313 ut
1678 4243 1870 4313 ubique
1897 4244 2002 4299 sint

436 4310 610 4373 ell'nsi.
637 4310 861 4380 quarum
890 4312 992 4365 vita
1018 4320 1100 4366 est
1127 4310 1322 4365 framea
1353 4318 1438 4362 tua
1460 4310 1528 4364 ad
1554 4310 1887 4367 inimicorum
1911 4319 2002 4368 de-

437 4381 794 4450 pressionem,
824 4393 879 4438 et
905 4392 1110 4436 tuorum
1140 4380 1543 4450 protectionem.
1588 4381 1653 4434 1ιί
1690 4398 1782 4450 ρει·
1812 4384 1999 4438 horum

438 4452 830 4508 multitudinem
862 4452 1129 4516 conclude,
1159 4451 1209 4506 id
1252 4459 1352 4515 est,
1383 4451 1775 4507 conclusionem
1803 4464 1858 4509 et
1888 4470 2001 4507 niu-

436 4521 692 4584 nitionem
721 4523 801 4577 fac
826 4524 1064 4580 adversus
1099 4538 1184 4592 eos
1211 4522 1300 4592 qui
1323 4532 1688 4592 persequuntur
1709 4540 1806 4591 me,
1840 4524 1890 4579 id
1920 4532 2002 4578 est

2115 1926 2209 1998 llic
2250 1927 2433 1994 incipit
2460 1943 2617 1998 agere
2645 1928 2710 1981 de
2736 1929 2854 1991 illis
2885 1928 3054 1993 malis,
3086 1932 3171 1996 qui
3206 1930 3271 1981 ita
3296 1926 3595 1998 junguntur
3623 1942 3673 1981 ut

2101 1996 2440 2067 damnentur.
2492 1997 2671 2052 Potest
2723 1999 2880 2051 etiam
2930 2000 3067 2067 quod
3121 1996 3411 2067 pramedit,
3465 2001 3675 2053 scilicet

2104 2065 2498 2137 confundantur
2523 2068 2797 2137 cogitantes
2828 2065 2959 2123 milii
2980 2065 3136 2131 mala,
3166 2069 3419 2122 adversus
3450 2072 3671 2124 eosdem

2102 2136 2286 2193 referri
2331 2137 2429 2191 hoc
2458 2136 2614 2191 modo
2647 2156 2657 2189 :
2691 2137 2762 2191 Illi
2795 2139 3004 2206 quidem
3040 2149 3322 2193 avertantur
3364 2148 3669 2191 retrorsum.

2104 2206 2179 2259 Ex
2214 2207 2456 2274 opposito
2498 2220 2674 2260 autem
2724 2225 2824 2261 non
2864 2208 3032 2261 solmn
3064 2208 3332 2270 facientes,
3380 2209 3474 2260 sed
3509 2210 3670 2261 etiam

2102 2279 2377 2346 cogitantes
2406 2288 2803 2345 perseveranter
2832 2278 2970 2330 mula
2991 2280 3113 2331 milii
3139 2289 3190 2331 et
3218 2280 3369 2340 meis,
3398 2280 3673 2344 accipiant

2101 2349 2239 2414 quod
2299 2357 2605 2412 merentur;
2648 2349 3027 2417 confundantur
3091 2349 3291 2402 scilictt
3350 2348 3671 2403 confusione

2101 2426 2321 2471 aiterna.
2367 2416 2514 2471 Nunc
2562 2416 2750 2471 autem
2788 2419 2994 2472 interim
3041 2418 3162 2482 fiant
3210 2428 3449 2486 tanquam
3503 2421 3671 2485 pulvis

2100 2497 2215 2539 ante
2236 2488 2416 2556 faciem
2438 2489 2585 2541 venti.
2620 2487 2796 2541 Pulvis
2819 2498 2971 2540 terra:
3001 2488 3149 2540 facile
3171 2488 3405 2541 aufertur
3427 2503 3456 2541 a
3484 2499 3669 2552 vento,

2101 2556 2190 2611 hic
2233 2568 2408 2610 autem
2453 2572 2548 2625 per
2577 2567 2789 2612 ventum
2823 2558 3078 2625 accipitur
3107 2559 3404 2624 quicunque
3434 2561 3674 2613 carnalis

2103 2636 2278 2681 motus
2306 2639 2357 2681 et
2388 2629 2606 2681 tentatiu
2630 2628 2709 2681 vel
2740 2630 3008 2695 suggestiu
3032 2630 3307 2682 diabolica.
3336 2626 3518 2680 Pulvis
3543 2642 3674 2681 vero

2103 2709 2406 2764 peccatores
2445 2698 2724 2762 dicuntur,
2752 2708 2991 2751 carentes
3033 2698 3253 2765 hutnore
3298 2697 3597 2751 affectionis
3622 2710 3675 2751 et

2102 2767 2503 2831 misericordize,
2533 2769 2619 2836 qui
2644 2768 2797 2821 facile
2823 2768 3144 2821 subruuntnr
3173 2784 3200 2820 a
3233 2780 3387 2820 νιιιιῑι)
3418 2769 3674 2822 elationis

2099 2847 2152 2890 et
2184 2836 2505 2893 tentationis.
2541 2839 2603 2890 Et
2630 2838 2905 2891 estdicere
2940 2855 2950 2889 :
2985 2839 3139 2891 Tales
3164 2840 3288 2890 fiant
3317 2848 3372 2890 ιιι
3399 2838 3464 2890 ad
3494 2840 3675 2890 nullus

2102 2918 2279 2966 motus
2322 2922 2511 2976 pravos
2550 2908 2868 2965 subsiSIaut,
2902 2908 2992 2960 ενι]
3026 2909 3271 2961 onuiibus
3311 2910 3520 2960 cedant.
3580 2908 3672 2962 γει

2100 2977 2263 3030 etiam
2292 2989 2404 3031 uta
2447 2978 2680 3047 quolibet
2733 2987 2888 3030 vento
2921 2978 3043 3030 ltzct‘a
3068 2981 3181 3031 tica:
3213 2980 3474 3032 doctrina:
3517 2978 3677 3031 facile

2102 3049 2493 3116 subvertantur,
2527 3048 2608 3101 vel
2650 3047 3104 3105 circumferuntur.
3142 3049 3203 3101 Et
3242 3050 3306 3101 ad
3354 3050 3453 3100 hoc
3478 3049 3547 3100 sit
3579 3065 3681 3102 eos

2103 3128 2367 3175 coarctans
2394 3119 2467 3187 (id
2494 3128 2571 3171 est
2597 3119 2941 3185 compellens,
2977 3129 3030 3170 ut
3061 3120 3222 3187 magis
3253 3120 3676 3187 prmi-ipitentur)

2102 3190 2312 3257 angelus
2337 3187 2540 3240 Domini
2564 3203 2773 3254 pravus,
2794 3203 3036 3257 perquos
3067 3192 3223 3242 etiam
3259 3190 3514 3241 Dtltllllllh’
3542 3205 3677 3255 ope-

2105 3256 2271 3312 ratur.
2301 3258 2456 3313 Juxta
2500 3258 2667 3312 illud:
2702 3257 2843 3311 Fecit
2884 3256 3129 3314 Dominus
3173 3259 3533 3310 imntissioneut
3588 3276 3678 3326 per

2102 3330 2308 3398 angelos
2337 3329 2515 3382 malos.
2545 3326 2662 3381 Fiat
2688 3344 2895 3396 quoque
2924 3330 3022 3388 via,
3054 3329 3103 3381 id
3136 3341 3234 3393 est,
3266 3340 3369 3380 tota
3399 3328 3676 3398 vitaipras-

2104 3397 2228 3468 setis
2247 3401 2453 3454 illorum
2475 3398 2706 3463 tenebrw,
2725 3399 2772 3450 id
2795 3409 2894 3464 est,
2915 3399 3205 3468 ignorantia
3227 3399 3481 3450 veritatis.
3499 3397 3565 3449 Et
3594 3401 3678 3451 lu-

2104 3467 2317 3535 bricum,
2336 3470 2384 3523 id
2406 3471 2558 3523 estin
2584 3468 2733 3536 lapsu
2756 3471 2930 3521 omnis
2945 3467 3170 3521 earnalis
3191 3470 3676 3535 concupiscet-tim;

2103 3538 2168 3590 ad
2199 3540 2299 3593 hoc
2328 3555 2508 3593 rursus
2538 3539 2602 3591 sit
2632 3553 2716 3591 eos
2748 3555 3075 3607 persequens,
3111 3539 3159 3590 id
3210 3551 3291 3591 est
3338 3539 3681 3604 compellens

2102 3612 2311 3679 angelus
2344 3609 2549 3663 Domini
2572 3623 2783 3677 pravus.
2812 3609 2990 3679 Potest
3017 3610 3174 3679 etiam
3201 3608 3284 3660 hic
3312 3623 3497 3660 versus
3528 3618 3678 3679 totus

2104 3678 2594 3733 ail’similitizdinetu
2624 3679 2788 3731 solam
2819 3679 2920 3732 dici
2953 3678 3022 3730 ita
3057 3696 3067 3729 :
3105 3678 3217 3731 Vita
3253 3680 3462 3731 illorum
3495 3678 3565 3731 sit
3599 3680 3677 3731 si-

2104 3749 2247 3803 milis
2279 3750 2351 3804 illl
2384 3752 2469 3818 qui
2503 3750 2552 3803 in
2586 3750 2869 3802 tenebroso
2894 3759 2947 3802 et
2989 3749 3187 3802 lnbrieu
3215 3748 3331 3802 loco
3362 3760 3677 3815 persecuto-

2104 3835 2215 3873 rem
2258 3822 2486 3889 patitur,
2533 3818 2620 3889 qui
2659 3820 2868 3886 quidem
2914 3820 2964 3871 in
2998 3820 3237 3873 maximis
3262 3818 3520 3889 angustiis
3548 3834 3679 3873 vero

2104 3888 2271 3955 satur,
2298 3894 2417 3960 quia
2451 3903 2547 3944 nec
2570 3899 2625 3942 ut
2654 3890 2823 3942 lucem
2852 3898 3126 3955 exspectet
3148 3889 3242 3942 sibi
3268 3888 3600 3943 conceditur.

2176 3960 2427 4024 Quoniam
2457 3960 2613 4030 gratis
2654 3961 3021 4012 absconderant
3058 3960 3178 4011 mihi
3210 3960 3467 4011 interitum
3502 3960 3681 4026 laquei

2104 4032 2183 4082 sui
2213 4046 2555 4099 :supervacue
2577 4033 3001 4097 exprobrauerunt
3046 4031 3269 4082 animum
3324 4045 3505 4080 meam.
3547 4030 3680 4084 Ideo

2104 4101 2224 4157 diro
2263 4111 2321 4153 ut
2350 4102 2468 4154 talia
2498 4102 2575 4155 eis
2603 4102 2868 4162 eveniant,
2893 4100 3139 4169 quoniam
3183 4100 3324 4167 digni
3357 4109 3518 4163 sunt;
3547 4100 3681 4168 quia

2104 4172 2261 4238 gratis
2283 4214 2295 4235 ,
2331 4172 2379 4224 id
2425 4183 2532 4235 est,
2562 4186 2679 4223 cum
2712 4171 2837 4222 nihil
2880 4172 3003 4223 mali
3034 4174 3171 4235 apud
3203 4186 3296 4223 eus
3330 4171 3677 4232 meruissem.

2107 4241 2212 4293 imo
2243 4243 2403 4295 multa
2429 4242 2564 4296 bona
2593 4241 2761 4294 feci~s~
2786 4257 2859 4304 ιιι,
2891 4251 3125 4293 mortuus
3146 4257 3330 4296 eorum
3363 4241 3680 4296 suscitando

2105 4323 2156 4363 et
2212 4312 2447 4365 infirmos
2493 4313 2727 4364 sanando
2761 4330 2774 4366 :
2804 4322 2975 4365 tamen
3026 4311 3417 4373 absconderant,
3469 4310 3521 4363 id
3564 4320 3680 4375 est,

2105 4381 2386 4447 absconse,
2421 4393 2672 4450 quantum
2711 4384 2775 4435 ad
2815 4398 2903 4447 se,
2946 4393 3261 4450 paraverunt
3306 4382 3559 4434 interitum
3594 4381 3680 4432 la-

2104 4453 2239 4521 quei.
2266 4451 2454 4522 Laquei
2483 4454 2599 4507 dico
2628 4453 2707 4505 sui
2752 4468 2856 4506 non
2889 4456 3012 4517 mei,
3046 4454 3095 4505 id
3124 4461 3222 4517 est,
3254 4454 3445 4505 multas
3484 4466 3680 4507 causas

2107 4532 2455 4577 contexeruut
2477 4564 2490 4589 ,
2525 4525 2659 4576 sicut
2692 4522 2907 4592 laqueus
2937 4525 3264 4585 contexitur,
3298 4538 3390 4588 per
3420 4537 3550 4587 quas
3583 4537 3682 4576 vo-

435 4570 605 4676 mens;
639 4570 1021 4676 prrsuadeiites
1061 4591 1178 4674 ejus
1203 4570 1429 4672 s'alutrem
1459 4570 1680 4676 iit_.|ove
1701 4606 1753 4648 et
1792 4570 2001 4676 caeteris
2026 4570 2078 4630 Β
2107 4593 2316 4647 luerunt
2344 4610 2445 4676 me.
2472 4570 2780 4676 illaqttearel_
2799 4595 2863 4676 ad
2894 4596 3187 4676 interitum,
3221 4570 3275 4647 υἱ
3300 4570 3529 4673 inutilius
3555 4604 3684 4674 post.

436 4661 717 4719 dannoniis
741 4661 854 4719 sive
884 4664 934 4718 in
966 4661 1218 4726 terrenis,
1244 4671 1293 4714 et
1324 4662 1401 4714 sic
1444 4663 1683 4719 volentes
1713 4678 1805 4718 eos
1846 4666 2006 4719 devo-

437 4748 581 4797 care,
604 4743 752 4789 etest
778 4735 961 4790 dicere
992 4752 1004 4787 :
1032 4734 1231 4789 Tantus
1254 4733 1341 4786 fiat
1369 4747 1620 4786 numerus
1643 4733 1920 4800 bonorum,
1951 4744 2007 4788 ut

437 4803 728 4858 adversarii
751 4813 995 4872 stupeant
1015 4814 1067 4861 et
1089 4810 1428 4873 revereantur
1452 4818 1555 4857 non
1585 4804 1837 4859 habentes
1865 4807 2005 4873 quod

438 4873 594 4929 nobis
622 4877 1004 4929 contradicunt.
1038 4872 1329 4935 Conclude,
1362 4876 1598 4941 inquam,
1625 4883 1678 4927 et
1704 4875 1786 4927 dic
1815 4877 1865 4929 iu
1884 4872 2006 4930 evi-

436 4942 613 4997 dentia
643 4946 741 5007 rei,
772 4947 841 4999 ita
885 4945 1088 4999 scilicet
1125 4955 1181 4998 ut
1225 4943 1534 5007 intelligam,
1565 4946 1750 4999 anima:
1790 4962 1913 4999 mere
1952 4956 2007 5001 et

439 5028 677 5086 nieorum
702 5033 722 5086 7:
755 5015 861 5080 dic,
892 5016 1127 5086 inquam,
1159 5014 1321 5086 istud,
1355 5012 1465 5084 Ego
1502 5031 1615 5086 sum
1644 5019 1779 5069 salus
1821 5025 1926 5080 tua,
1954 5029 2006 5070 et

438 5100 543 5154 nun
574 5084 747 5149 aliud,
778 5084 1016 5140 videlicet
1064 5094 1118 5137 ut
1159 5085 1272 5138 sive
1318 5085 1596 5138 subveniat
1642 5088 1856 5154 angelus
1894 5086 2006 5140 sive

438 5153 619 5218 homo,
654 5155 722 5211 de
771 5168 820 5210 te
869 5170 1080 5223 semper
1125 5155 1294 5208 dicam
1331 5155 1448 5207 :Tu
1481 5170 1538 5208 es
1584 5153 1728 5209 salus
1770 5170 1907 5210 mea.
1942 5158 2005 5210 Et

438 5226 643 5279 etiamsi
677 5227 788 5281 haec
809 5238 1013 5283 terrena
1039 5224 1312 5279 conferant
1340 5224 1467 5282 mihi
1498 5225 1711 5292 aliquod
1737 5226 2003 5290 solatium,

437 5296 608 5351 dicam
637 5298 756 5365 quia
788 5305 839 5350 tu
869 5311 927 5355 es
956 5296 1100 5355 salus
1126 5310 1238 5349 mea
1258 5335 1277 5363 ,_
1309 5296 1427 5362 quia
1459 5304 1510 5348 tu
1542 5312 1625 5349 ine
1655 5295 1736 5348 his
1766 5298 2006 5351 consola-

437 5367 512 5420 ris
542 5367 593 5421 in
627 5368 724 5423 hac
755 5367 888 5435 vita,
916 5382 1035 5434 qua:
1063 5375 1144 5419 est
1188 5368 1338 5433 quasi
1387 5366 1488 5431 via,
1533 5367 1618 5419 ubi
1671 5366 1781 5419 lucc
1828 5368 2004 5421 omnia

436 5436 634 5560 geﬁent
663 5453 782 5520 esse
823 5437 1085 5494 stabulum
1134 5435 1344 5502 viatori,
1375 5451 1480 5492 non
1524 5445 1771 5505 tanquam
1816 5436 2006 5492 domus

474 5524 501 5559 a
546 5518 739 5560 ttalurt.

474 5507 739 5564 abitaluri.

508 5578 898 5647 Confundantur
950 5586 998 5635 et
1061 5587 1377 5631 rwereantur
1439 5586 1717 5645 quazrentes
1779 5576 2004 5630 animant

437 5662 617 5701 meam.
651 5649 953 5702 Avertantnr
978 5658 1251 5703 retrorsum
1287 5657 1335 5702 et
1374 5649 1751 5716 confundantur
1787 5649 2005 5715 cogitan-

437 5726 509 5769 tes
535 5719 656 5770 mihi
678 5719 833 5773 mala.
860 5719 982 5771 Ideo
1015 5727 1135 5783 pcto
1161 5728 1215 5770 ut
1245 5718 1554 5779 concludas,
1582 5727 1637 5772 et
1657 5716 1849 5771 anima:
1871 5732 2003 5772 mete

438 5786 560 5838 talia
591 5788 764 5849 dicas,
795 5797 852 5841 ut
882 5803 973 5855 per
1004 5786 1102 5839 huc
1130 5796 1428 5853 quaerentes
1475 5791 1703 5846 animam
1747 5804 1918 5843 meatu
1949 5796 2004 5841 et

439 5872 700 5913 meorum.
733 5872 838 5911 non
866 5860 929 5911 ad
961 5856 1328 5925 imitationem,
1356 5858 1449 5915 sed
1478 5858 1543 5915 ad
1571 5859 1999 5928 damnationem;

2107 4679 2192 4717 me
2223 4680 2325 4718 non
2365 4667 2531 4718 abiret
2563 4683 2573 4717 :
2604 4668 2696 4720 sed
2728 4664 2817 4718 ille
2848 4665 3064 4732 laquem
3104 4667 3195 4718 fuit
3236 4679 3392 4726 suus,
3420 4664 3540 4731 quia
3573 4665 3678 4730 ipsi

2109 4734 2282 4800 potius
2315 4736 2577 4803 illaqueati
2618 4746 2742 4792 sunt
2782 4736 2846 4788 ad
2895 4736 3198 4789 interiorem
3234 4734 3525 4788 interitum.
3562 4735 3679 4799 Ego

2109 4819 2232 4858 vero
2261 4809 2519 4860 resurrexi
2540 4848 2554 4872 ,
2585 4817 2636 4857 et
2675 4807 2901 4860 mundus
2932 4815 3048 4872 post
3091 4821 3175 4859 me
3202 4806 3349 4858 abiit.
3384 4807 3683 4857 Absconde-

2106 4885 2245 4937 runt,
2272 4877 2503 4940 inquam,
2522 4878 2799 4931 interitum.
2823 4876 2919 4929 Cui
2942 4891 3070 4930 vero
3094 4876 3523 4932 absconderuut!
3546 4874 3682 4927 Mihi

2107 4946 2309 5000 scilicet
2336 4948 2727 5002 absconderunt
2767 4946 2924 5001 eurda
2967 4946 3199 5012 ipsorum
3233 4946 3679 4999 abscondentium

2107 5017 2468 5084 cognoscenti,
2510 5017 2598 5084 qtti
2630 5028 2803 5070 tamen
2837 5018 2974 5069 inter
3014 5032 3105 5071 eos
3132 5031 3278 5068 erant
3312 5018 3500 5069 siunlis
3533 5018 3685 5082 igno-

2108 5087 2264 5139 ranti.
2292 5087 2356 5141 Et
2385 5088 2806 5156 exprobrauerunt
2826 5088 3047 5141 animum
3071 5102 3251 5148 nteant,
3279 5089 3328 5139 id
3353 5098 3457 5149 est,
3482 5102 3684 5153 oppro-

2109 5157 2220 5208 lria
2263 5156 2425 5209 multa
2456 5159 2743 5211 intulerunt
2783 5157 2902 5209 vita:
2944 5173 3096 5219 mem,
3142 5169 3193 5210 et
3241 5157 3341 5212 hoc
3381 5170 3570 5209 vacue.
3614 5156 3683 5209 Et

2107 5241 2412 5295 supervacue
2443 5228 2675 5296 quidem,
2710 5236 2962 5296 quantum
2990 5228 3052 5280 ad
3093 5228 3191 5281 hoc
3219 5227 3429 5294 quidem
3458 5228 3684 5292 objece-

2110 5308 2253 5359 ruut,
2275 5312 2392 5362 qua:
2414 5313 2516 5350 non
2539 5299 2729 5360 solide,
2753 5301 2831 5352 vel
2860 5311 2916 5351 ut
2942 5300 3051 5365 ipse
3072 5298 3299 5361 dixerat,
3328 5306 3681 5365 acceperunt.

2112 5367 2174 5422 Ut
2207 5366 2329 5420 illud
2356 5383 2369 5419 :
2396 5367 2496 5419 Hic
2519 5369 2666 5430 dixit,
2696 5368 2912 5421 Possum
2938 5373 3190 5421 destruere
3217 5367 3459 5437 templum
3484 5366 3597 5428 Dei,
3625 5377 3688 5419 et

2107 5437 2333 5502 reliqua.
2355 5442 2615 5500 Quantum
2639 5440 2777 5492 enim
2808 5441 2871 5492 ad
2903 5442 3093 5504 ipsmu,
3115 5436 3341 5491 Solidum
3368 5436 3467 5488 fuit
3494 5437 3595 5488 hoc
3617 5449 3681 5490 et

2111 5507 2419 5572 perfectum,
2450 5510 2572 5576 quia
2621 5509 2731 5575 ipse
2767 5512 2916 5562 tertia
2955 5511 3037 5561 die
3080 5509 3372 5561 resurrexit.
3406 5508 3683 5572 Quantum

2106 5591 2234 5629 vero
2271 5576 2337 5629 ad
2380 5578 2520 5645 ipsos
2561 5580 2649 5647 qui
2676 5579 2743 5631 de
2774 5580 2967 5644 templo
2995 5578 3292 5631 Salomonis
3323 5579 3421 5631 hoc
3441 5590 3685 5647 accepe-

2107 5656 2247 5710 runt,
2295 5663 2397 5702 non
2439 5647 2533 5703 fuit
2579 5645 2678 5700 hoc
2722 5650 2974 5709 solidum,
3021 5649 3112 5701 sed
3160 5662 3403 5699 vacuum.
3440 5645 3686 5699 V‘acuum

2106 5719 2248 5797 enim
2299 5717 2511 5784 proprie
2555 5718 2764 5780 dicitur,
2794 5720 3005 5788 quando
3035 5734 3141 5773 non
3186 5728 3268 5772 est
3296 5716 3550 5777 Solidum,
3580 5717 3686 5769 sed

2106 5799 2246 5842 tutus
2273 5802 2459 5841 cavum
2480 5797 2581 5841 est.

2186 5856 2361 5911 Veniat
2392 5856 2466 5913 illi
2498 5856 2703 5930 laqueus
2733 5875 2877 5929 quem
2915 5861 3136 5932 ignorat,
3168 5860 3330 5931 captio
3358 5873 3513 5930 quant
3558 5855 3694 5913 ab:-
