3922 6190
372 238 467 294 661

1073 239 1139 295 IN
1177 238 1592 297 ΡειιιιιυοιιυΜ
1636 239 1886 298 LIBRUM
1929 238 2285 295 EXEGESIS.
2328 268 2397 279 --
2437 240 2680 298 PSALM.
2726 242 2965 299 XXXIV.

3515 248 3618 304 διε

365 358 538 427 condit
568 356 911 427 apprehendat
932 372 1063 418 eum,
1086 356 1206 427 etin
1236 357 1468 427 laqueum
1495 356 1642 427 cadat
1676 356 1729 427 in
1750 354 1935 427 ipsum.
1971 355 2016 412 Α
2045 351 2143 414 nis,
2179 356 2235 427 ut
2275 364 2369 417 pro
2413 351 2522 427 _v_ita
2562 366 2719 427 quam
2748 353 2992 409 conferre
3034 368 3313 427 veneram,
3347 364 3568 427 mortem
3597 376 3612 423 ;

373 426 508 499 Ecce
547 424 705 499 digna
750 442 903 499 ptrua
934 436 987 481 et
1026 426 1288 493 condigna
1317 426 1564 499 vindicta.
1603 424 1768 499 Valde
1795 424 1936 499 enim

368 495 582 574 dignum
607 494 692 552 cst
716 494 773 552 ut
800 498 1023 564 quisque
1044 509 1289 563 peccator
1310 496 1701 574 constringatur
1725 494 1934 574 funicu-

366 565 432 619 lis
460 579 796 635 peccatorum
826 582 1061 629 suorum,
1085 577 1136 620 et
1161 575 1218 619 ιιι
1243 567 1465 634 quisque
1493 582 1557 619 ex
1583 581 1677 618 sua
1704 565 1935 633 nequitia

366 637 667 692 damnetur.
698 640 764 714 Et
782 649 862 692 est
885 638 1069 714 dicere
1094 655 1105 688 :
1132 636 1232 714 Ipsi
1261 636 1473 714 quidem
1500 636 1757 714 absconse
1786 648 1936 714 para-

366 719 558 763 verunt
586 709 710 763 milii
747 709 1004 762 interitum
1036 707 1222 775 laquei,
1253 718 1306 761 et
1335 707 1594 760 absconse
1621 705 1854 759 incidant
1885 705 1935 758 in

365 780 614 834 eumdem
638 780 902 848 laqueum.
938 776 1129 831 Littera
1169 786 1342 832 autem
1370 777 1447 830 sic
1469 777 1751 848 exponitur
1782 792 1795 829 :
1830 775 1934 829 La-

364 863 542 915 queus,
578 850 629 903 id
659 846 771 912 est,
807 848 1038 917 nequitia
1066 863 1250 902 eorum
1275 863 1377 913 qua
1408 862 1493 901 me
1519 846 1806 913 illaqueare
1844 863 1937 899 vu-

366 919 578 972 luerunt
607 920 671 973 ad
702 919 994 983 interitum,
1025 933 1182 983 quam
1214 918 1454 985 ignorant
1480 918 1579 971 sibi
1613 917 1934 970 nocituram.

362 988 520 1043 Juxta
552 991 674 1044 illud
706 1007 719 1043 :
746 990 993 1043 Caeterum
1022 988 1174 1041 nescit
1198 988 1384 1053 impius
1407 1004 1460 1041 se
1490 988 1677 1054 puniri,
1704 987 1801 1039 nisi
1820 1003 1935 1040 cum

363 1060 631 1127 manifeste
658 1062 749 1113 luit
784 1059 921 1129 quod
964 1057 1142 1129 nolens
1166 1058 1467 1129 perpetravit
1492 1059 1679 1129 volens.
1704 1057 1815 1129 ille,
1850 1057 1931 1129 itt-

360 1126 544 1194 quam,
574 1133 779 1195 laqueus
797 1126 971 1182 ueniat
999 1127 1075 1181 illi
1105 1128 1315 1195 populo,
1350 1128 1399 1181 id
1428 1137 1511 1182 est
1539 1126 1850 1181 relundatur
1881 1127 1931 1181 in

359 1213 485 1251 eum
518 1201 718 1255 scilicet
748 1207 804 1252 ut
831 1200 881 1252 in
908 1213 1014 1266 quo
1044 1198 1171 1251 milii
1212 1198 1379 1252 voluit
1404 1212 1618 1260 nocere,
1653 1208 1929 1251 noceatur.

363 1265 432 1319 Et
459 1271 675 1333 exponit
716 1269 854 1324 istud
899 1265 1081 1322 dicetis
1114 1286 1125 1319 :
1163 1268 1225 1321 Et
1272 1268 1439 1336 captio
1480 1283 1629 1334 quam
1671 1268 1932 1320 abscondit

358 1339 705 1405 apprehrndat
732 1354 865 1401 eum,
891 1339 939 1391 id
972 1348 1071 1400 est,
1105 1336 1352 1407 iniquitas
1382 1340 1466 1391 illa
1498 1352 1652 1404 quam
1677 1338 1932 1391 absentise

363 1410 566 1462 paravit
598 1411 726 1465 mihi
757 1411 899 1463 velut
929 1408 1227 1475 ignoranti,
1261 1421 1315 1462 ut
1344 1424 1427 1463 me
1457 1416 1669 1475 caperet
1689 1448 1702 1467 ,
1735 1423 1929 1472 appre-

357 1476 546 1531 hendat
575 1496 710 1541 eum,
740 1486 796 1532 et
839 1481 906 1533 ita
932 1479 1280 1547 apprehendat
1315 1495 1427 1531 eunt
1470 1488 1523 1530 ut
1567 1478 1717 1529 cadat
1759 1480 1809 1529 in
1849 1476 1929 1528 la-

357 1563 564 1613 queum,
589 1564 692 1603 non
720 1550 901 1611 alium,
930 1546 1022 1602 sed
1052 1549 1219 1615 ipsum
1245 1550 1489 1603 eumdem
1519 1563 1673 1617 quetu
1705 1546 1930 1601 abscon-

355 1617 437 1669 dit
460 1619 612 1679 mihi.
646 1620 695 1673 id
722 1629 822 1685 est,
866 1634 950 1673 me
980 1628 1289 1685 resurgente
1319 1617 1525 1687 propria
1560 1617 1810 1684 iniquitas
1834 1631 1928 1671 sua

2046 418 2382 492 pro__liunore
2411 418 2795 491 blaspliemias,
2836 438 2931 492 pro
2973 424 3233 479 medicina
3279 418 3513 481 rulnera.
3549 418 3614 480 Et

2040 488 2416 564 retribuebant
2437 494 2625 545 anima:
2653 488 2789 564 metu
2802 488 2896 561 pro
2927 496 3245 550 fecunditate
3274 496 3610 564 sterilitatem,

2040 561 2159 628 quia
2182 573 2301 612 cum
2332 561 2506 614 anima
2539 577 2653 616 mea
2682 564 2745 615 ad
2776 563 2878 619 hoc
2905 565 3159 630 venisset,
3184 577 3236 619 ει
3268 567 3530 620 laboraret
3553 561 3607 621 ut

2040 643 2133 683 eos
2162 644 2477 694 conspersos
2518 631 2686 686 imbre
2713 634 2858 687 verbi
2889 634 2982 687 Dei
3019 635 3152 689 bene
3185 635 3381 690 faceret
3425 638 3610 689 t'ructi-

2041 699 2202 754 licare
2230 707 2281 753 et
2312 699 2527 766 fertiles,
2561 703 2657 769 ipsi
2688 704 3025 768 praebuerunt
3054 706 3105 759 in
3132 720 3191 759 se
3221 707 3385 759 solam
3414 707 3614 759 sterili-

2041 777 2220 835 tatem,
2249 771 2503 844 quia__tion
2538 773 2676 844 passi
2706 782 2832 827 sunt
2860 789 2917 827 se
2944 777 3242 844 regenerari
3268 790 3359 843 per
3384 789 3488 837 me,
3517 780 3608 829 sed

2039 850 2350 912 manserunt
2378 840 2451 893 illi
2477 841 2593 895 lieni
2623 843 2842 912 similes,
2873 844 2924 897 iu
2955 840 3058 912 qua
3089 840 3342 900 Dominus
3371 849 3612 900 esuriens

2038 909 2241 983 nullum
2274 910 2522 975 fructum,
2550 911 2643 966 sed
2685 915 2796 967 sola
2826 913 2947 967 folia
2977 909 3179 969 invenit
3210 934 3221 966 :
3254 915 3374 983 quia
3403 916 3457 968 iii
3485 932 3613 969 ver-

2036 977 2329 1051 bis_eorum
2361 983 2737 1048 numerositas,
2771 984 2821 1037 in
2851 985 2999 1038 factis
3023 1000 3149 1039 vero
3172 977 3428 1051 paucitas.

2107 1048 2218 1120 Ego
2247 1060 2436 1105 autem.
2470 1051 2567 1123 Ipsi
2605 1053 2818 1121 quidem
2849 1070 2962 1121 qua:
2992 1048 3290 1123 ignorabam
3326 1056 3609 1123 interregn-

2036 1118 2375 1193 bant'me,‘et
2414 1121 2549 1193 mala
2594 1118 2687 1190 pro
2730 1118 2871 1175 bonis
2914 1118 3248 1180 retribuebant
3273 1143 3289 1191 ,'
3316 1142 3406 1193 ego
3442 1118 3610 1179 autem

2035 1204 2151 1240 cum
2180 1190 2301 1242 mihi
2332 1191 2530 1244 molesti
2559 1195 2630 1243 sic
2659 1206 2844 1256 essent,
2877 1204 2930 1248 et
2958 1195 3200 1249 omnibus
3230 1190 3405 1249 modis
3436 1196 3487 1249 in
3522 1213 3607 1249 me

2033 1260 2302 1330 saevirent,
2335 1261 2702 1316 tantummodo
2730 1264 2976 1317 induebur
3004 1264 3189 1330 cilicio,
3225 1265 3272 1318 id
3296 1276 3395 1329 est,
3420 1268 3605 1321 occul-

2033 1329 2208 1399 tubam
2239 1329 2471 1383 divinam
2510 1332 2796 1399 potentiam
2835 1348 3028 1398 meam,
3061 1346 3114 1389 et
3157 1329 3325 1390 solum
3350 1335 3605 1398 cilicium,

2034 1396 2085 1449 id
2116 1408 2195 1451 est
2238 1396 2525 1472 mortalem
2575 1416 2812 1466 carnem,
2853 1420 2954 1472 qua
3000 1396 3387 1471 circumdabar,
3435 1408 3512 1460 eis
3554 1396 3604 1457 ill

2032 1481 2187 1545 quem
2237 1471 2487 1545 saevirent
2538 1471 2880 1541 objiciebain.
2931 1476 2986 1529 Si
3036 1476 3177 1530 enim
3226 1478 3314 1531 ille
3362 1477 3449 1545 qui
3502 1492 3605 1529 uno

2034 1539 2339 1611 verbossolo
2383 1539 2682 1610 quaarentes
2710 1557 2769 1597 se
2796 1559 3009 1611 capere,
3045 1546 3099 1599 in
3144 1556 3339 1600 terram
3368 1539 3603 1609 prostra~

2034 1608 2132 1682 _vi_t,
2164 1608 2413 1682 divinam:
2437 1612 2725 1682 potentiam
2766 1608 3017 1669 exercere
3048 1608 3476 1682 persecutoribus
3507 1632 3602 1669 vn-

353 1688 425 1741 sit
470 1690 517 1766 ei
546 1673 611 1742 ad
655 1673 964 1766 perpetuum
994 1673 1176 1766 casum
1224 1673 1737 1766 etjlatnuatione'm.
1771 1688 1920 1766 Quod
1952 1708 1999 1766 Β
2031 1673 2672 1766 [ιξξεξθιριῐιξὶυόξότξιῑξίυηξ
2700 1684 2824 1748 (Win
2858 1685 2973 1739 $010
3005 1673 3131 1766 nutu
3158 1701 3363 1766 omnes
3392 1687 3601 1766 interli-

350 1766 439 1811 cst
468 1758 664 1813 dictum
706 1761 769 1813 ad
812 1760 1227 1814 similitudinem.
1284 1759 1370 1815 Sic
1400 1758 1540 1813 enim
1580 1767 1661 1810 est
1690 1758 1921 1824 nequitia

352 1828 636 1906 cujusque.
669 1832 818 1907 Sicut
840 1831 883 1883 si
906 1831 1024 1907 quis
1055 1838 1265 1907 intraret
1291 1830 1445 1907 alicui
1495 1828 1739 1907 poculum
1764 1843 1922 1881 vene-

352 1899 432 1956 ni.
462 1909 516 1952 et
546 1910 663 1965 post
684 1900 841 1952 modo
869 1902 1064 1953 oblitus
1096 1899 1298 1955 biberet
1326 1899 1493 1963 idem;
1526 1909 1615 1951 aut
1646 1899 1689 1950 si
1716 1908 1923 1963 pararet

352 1967 446 2020 alii
479 1973 705 2032 foveam,
732 1980 786 2023 et
820 1971 1075 2025 incideret
1107 1972 1156 2023 in
1194 1985 1336 2034 eam,
1368 1968 1487 2039 quia
1519 1976 1840 2039 necesseest
1866 1976 1921 2020 ut

346 2039 496 2105 quod
526 2040 662 2093 aliud
693 2043 1007 2107 corrumpit,
1037 2040 1159 2093 illud
1192 2040 1331 2095 unde
1363 2037 1619 2107 procedit,
1650 2047 1702 2091 et
1734 2037 1785 2091 in
1816 2054 1921 2105 quo

351 2110 720 2177 principaliter
770 2122 851 2165 est
893 2111 1122 2164 maxime
1168 2120 1492 2178 corrumpat.
1535 2108 1714 2163 Potest
1743 2118 1919 2163 autem

348 2180 529 2259 caj-itio
558 2195 649 2247 per
674 2182 960 2259 senarcipi,
996 2190 1052 2233 ut
1082 2197 1183 2259 non
1233 2182 1310 2259 sit
1329 2179 1593 2259 expositio
1623 2178 1919 2259 prioris,_et

354 2248 532 2302 taliter
559 2252 662 2303 dici
698 2268 710 2303 :
739 2250 993 2306 Similiter
1022 2252 1197 2317 captio
1239 2251 1313 2303 illi
1344 2248 1574 2316 captioni
1606 2263 1761 2316 quam
1791 2247 1919 2302 mihi

350 2321 562 2389 paravit
587 2322 807 2388 populus
836 2321 946 2388 ille,
963 2322 1323 2389 apprehendat
1348 2335 1471 2374 eum
1495 2318 1794 2389 scilicet,ut
1814 2319 1917 2373 sic-

348 2397 409 2438 nt
451 2388 502 2441 in
537 2390 815 2446 festivitate
841 2388 1072 2458 paschali
1098 2407 1216 2444 cum
1263 2392 1495 2458 undique
1520 2388 1917 2457 convenissent,

345 2459 577 2531 occulte,
610 2470 667 2513 ιιι
705 2478 788 2514 me
826 2472 1107 2531 caperent,
1143 2459 1617 2531 tractaveruntLita
1660 2458 1917 2531 inconsi-

345 2527 460 2599 tnili
489 2528 575 2583 die
604 2544 720 2583 cum
755 2527 984 2599 undique
1011 2532 1358 2586 coaveuerint
1378 2571 1393 2593 ,
1424 2546 1451 2583 a
1485 2530 1604 2583 Tito
1638 2536 1689 2583 ct
1723 2528 1919 2598 VeSpa-

343 2596 503 2650 siano
533 2596 1074 2666 comprehendantur.
1110 2602 1312 2655 Caetera
1343 2618 1445 2654 non
1482 2609 1772 2655 mutantur.

417 2668 602 2720 Anima
630 2683 799 2722 autem
828 2688 937 2723 mea
964 2672 1233 2724 exsultabit
1261 2672 1313 2725 in
1340 2672 1552 2725 Dontina
1578 2688 1590 2723 :
1619 2678 1665 2723 et
1699 2670 1916 2722 delecta-

342 2736 482 2810 bitur
511 2755 661 2804 super
706 2743 921 2810 salutari
968 2757 1097 2794 meo.
1148 2742 1267 2795 Illos
1315 2744 1525 2810 quidem
1569 2740 1917 2808 apprehendat

342 2809 535 2879 captio,
564 2818 619 2861 et
655 2810 844 2863 cadant
874 2809 926 2865 iu
958 2811 1237 2879 laqueum,
1265 2814 1437 2865 anima
1464 2822 1631 2864 autem
1674 2826 1785 2863 mea
1811 2825 1917 2865 nott

341 2876 519 2949 dicam
571 2882 803 2949 optando
847 2882 996 2949 quasi
1028 2876 1223 2935 dubius
1254 2892 1308 2935 ut
1337 2882 1585 2943 exsultet,
1619 2880 1711 2934 sed
1742 2894 1917 2934 enun-

342 2947 529 3019 tiati_ve
558 2947 1053 3019 dit-attijea'snltabit,
1088 2967 1189 3003 non
1217 2951 1283 3005 de
1313 2968 1371 3007 se
1402 2949 1796 3017 praesumendo,
1822 2949 1918 3004 sed

337 3016 395 3089 in
442 3014 681 3089 Domino.
725 3017 793 3071 Et
834 3022 993 3074 etiam
1040 3014 1474 3089 delectabilem-id
1505 3032 1585 3075 est
1627 3014 1911 3089 plenariam

340 3085 582 3160 lit-titiam
609 3088 843 3160 habebit.
872 3090 1022 3158 Quod
1068 3101 1216 3145 notat
1244 3108 1335 3160 per
1365 3085 1479 3147 huic
1507 3085 1639 3153 duo,
1666 3091 1784 3156 quia
1816 3105 1915 3143 ex-

335 3156 527 3227 sultari
549 3159 788 3224 corporis
810 3156 910 3225 est,
936 3160 1185 3216 delectari
1211 3156 1332 3217 vero
1358 3164 1569 3215 animm.
1596 3160 1911 3227 Exsultabit,

336 3225 578 3293 inquam,
622 3237 669 3280 et
717 3230 1075 3296 tlelrctabitur,
1120 3247 1223 3286 non
1276 3235 1327 3287 in
1371 3247 1447 3297 se,
1479 3233 1569 3286 sed
1600 3233 1649 3285 in
1694 3225 1913 3285 salutari

336 3311 474 3370 suo,
518 3300 566 3349 id
598 3307 713 3370 est,
747 3300 799 3353 iit
832 3302 1231 3357 resuscitatione
1276 3303 1395 3357 data
1443 3303 1542 3357 sibi
1596 3303 1848 3370 desuper.
1879 3316 1913 3355 ³

340 3363 517 3418 Verbo
564 3368 764 3423 scilicet
818 3374 1169 3435 personaliter
1215 3374 1315 3428 sibi
1362 3374 1529 3427 unitu.
1575 3371 1682 3427 Nec
1731 3363 1904 3425 solum

332 3434 512 3511 anima
548 3452 656 3489 mea
681 3434 982 3505 exsultabit,
1011 3443 1105 3496 sed
1134 3444 1289 3495 etiam
1318 3458 1513 3511 corpus
1541 3458 1713 3496 tneum
1735 3482 1750 3507 ,
1784 3444 1909 3508 quia

333 3506 511 3579 nuntia
533 3523 647 3559 ossa
672 3524 802 3569 mea,
833 3511 882 3563 id
907 3521 989 3565 est
1016 3526 1200 3566 omnes
1223 3506 1546 3567 robustiores
1577 3514 1713 3566 inter
1734 3506 1903 3579 tneos,

333 3577 438 3626 e;si
467 3590 591 3631 euro
623 3594 727 3631 non
759 3582 918 3645 dicat,
970 3583 1089 3649 quia
1140 3584 1348 3649 spiritus
1392 3584 1593 3653 quidem
1640 3577 1903 3652 promptus

331 3654 428 3722 est,
462 3662 581 3722 caro
614 3658 783 3702 autem
811 3652 1015 3718 inﬁrma
1045 3667 1063 3704 .°
1088 3666 1229 3717 ossa,
1262 3652 1494 3722 inquam,
1532 3662 1739 3721 propter
1777 3668 1906 3720 gau-

332 3716 489 3792 dium
526 3716 591 3771 de
630 3732 725 3792 spe
752 3716 1154 3792 resurrectionis
1194 3724 1293 3777 sibi
1333 3716 1381 3776 in
1432 3716 1515 3777 me
1533 3716 1684 3792 data,
1718 3716 1904 3789 diient,

332 3785 578 3860 Domine,
608 3791 718 3856 quis
749 3790 798 3842 iii
839 3794 1059 3860 angelis,
1089 3802 1181 3846 aut
1226 3796 1275 3846 in
1322 3785 1682 3860 arcltanttclis,
1714 3802 1805 3847 aut
1852 3785 1903 3848 in

332 3857 789 3934 p:itriarc|iis._yel
840 3857 1138 3934 prophetis,
1169 3866 1286 3918 sive
1333 3867 1382 3917 in
1423 3857 1668 3934 gentium
1694 3864 1794 3916 diis
1825 3874 1907 3919 est

328 3926 518 3981 similis
545 3930 656 4003 (ut?
684 3926 866 4003 Nullus
896 3926 1092 3999 utique.
1128 3933 1191 3986 Et
1220 3935 1406 3987 merito
1424 3926 1531 3990 hoc
1558 3935 1752 3998 dicent,
1783 3936 1905 4003 quia

331 4005 481 4069 tuet
520 4000 681 4067 eripis
709 4016 801 4054 eos
830 4002 897 4056 de
936 4005 1315 4058 tentatiouibus
1344 4005 1700 4069 diabolerum,
1728 4000 1906 4060 et'mc

329 4067 501 4143 eripis
529 4070 594 4122 de
615 4073 865 4143 inanibus
896 4073 1249 4141 inimicorum,
1281 4076 1418 4143 quod
1450 4075 1528 4130 sic
1554 4067 1715 4129 dicit:
1741 4072 1818 4129 Tu
1848 4090 1932 4129 es.

329 4138 558 4202 eripiens
604 4141 805 4209 inopem
855 4145 1101 4211 populum
1152 4138 1311 4197 tutim'
1341 4146 1407 4199 de
1433 4160 1510 4209 se,
1542 4145 1746 4199 scilicet
1776 4145 1905 4199 nihil

333 4220 745 4283 praesumentem
771 4212 831 4266 de
858 4230 1010 4265 manu
1039 4215 1301 4283 fortiorum
1324 4221 1473 4282 ejus:
1505 4216 1555 4269 id
1585 4225 1688 4280 est,
1720 4215 1787 4269 de
1812 4232 1905 4282 pn-

332 4288 531 4353 testate
551 4280 746 4353 diaboli
771 4294 824 4336 ει
849 4280 1157 4350 angelorum
1189 4286 1320 4351 ejus,
1346 4280 1433 4353 qui
1460 4286 1703 4341 lortiores
1729 4280 1853 4339 smit
1887 4303 1899 4338 :

330 4350 456 4415 quia
479 4350 606 4403 olitn
639 4352 731 4405 toti
763 4353 993 4406 humano
1021 4355 1201 4421 generi
1234 4350 1624 4421 pt'tevaluerunt
1656 4358 1704 4410 in
1736 4355 1902 4411 Atlatn

1941 3051 1990 3116 C

2027 1760 2150 1801 cere
2178 1751 2451 1824 potuisset.
2482 1751 2769 1824 sciendum
2796 1769 2923 1808 vero
2950 1757 3089 1821 Quod
3126 1757 3354 1811 cilicium
3386 1756 3452 1812 de
3484 1757 3604 1824 pilis

2022 1832 2301 1894 caprarum
2345 1829 2399 1874 et
2429 1820 2700 1894 haedorum
2734 1824 2819 1889 lit,
2848 1834 2900 1879 et
2929 1820 3024 1894 per
3066 1840 3278 1894 capram
3308 1838 3362 1881 et
3392 1820 3599 1882 haedum

2025 1898 2239 1965 propter
2270 1892 2847 1965 letoreinusignilicntur
2887 1892 3185 1963 peccatum.
3222 1898 3419 1952 Dicitur
3471 1911 3598 1965 ergo

2022 1957 2215 2036 tJIiristi
2267 1975 2390 2015 caro
2434 1957 2833 2036 ciliciinn,_quia
2866 1957 3078 2036 prauam
3120 1968 3323 2035 peccati
3354 1957 3598 2036 pertulit,

2025 2027 2146 2107 licet
2175 2039 2465 2107 “peccatum
2499 2047 2603 2085 non
2634 2027 2927 2088 admiserit.
2965 2034 3103 2107 Caro
3120 2027 3271 2091 enim
3304 2027 3421 2107 cj'us
3452 2027 3597 2091 mor;

2025 2098 2286 2174 talisfuit,
2318 2111 2371 2154 et
2402 2103 2452 2154 iit
2503 2111 2920 2174 pinnatantum,
2949 2106 3068 2173 quia
3112 2108 3228 2161 sine
3270 2098 3487 2174 peccato
3517 2116 3600 2161 εει

2023 2167 2210 2241 similis
2235 2182 2431 2225 nostrae
2460 2167 2625 2225 carni.
2650 2172 2804 2226 Juxta
2830 2167 3220 2241 illud-Apostoli
3253 2167 3435 2228 {Misit
3461 2174 3597 2229 Deus

2024 2234 2072 2287 F
2075 2238 2220 2320 ilium
2240 2257 2389 2293 suum
2415 2241 2466 2295 in
2492 2242 2875 2320 similitudinem
2897 2234 3064 2320 carnis
3081 2246 3299 2320 peccati,
3324 2252 3377 2296 ut
3396 2247 3460 2298 de
3481 2261 3600 2310 ρεσπ-

2021 2319 2132 2360 cato
2159 2309 2422 2382 damnaret
2450 2323 2709 2381 peccatum
2741 2315 2791 2364 in
2835 2330 3004 2376 carne,
3043 2309 3109 2367 id‘
3122 2323 3226 2378 est,
3255 2325 3311 2367 ut
3341 2329 3433 2382 per
3460 2309 3599 2369 mor-

2024 2386 2132 2430 tem
2174 2380 2290 2449 ejus
2330 2381 2628 2438 destrueret
2666 2390 2902 2438 nostram
2935 2394 3183 2439 mortem.
3228 2380 3427 2438 Dicitur
3453 2388 3594 2439 enim

2021 2462 2166 2502 mors
2194 2460 2248 2504 et
2272 2450 2468 2523 Christi
2494 2462 2544 2506 et
2577 2461 2757 2506 nostra
2791 2463 3087 2520 peccatum,
3116 2454 3238 2523 quia
3266 2465 3347 2508 est
3374 2452 3595 2511 cll'ectus

2020 2525 2075 2571 et
2102 2521 2423 2592 ptenaillius
2448 2524 2811 2591 peccatiquod
2841 2523 3008 2578 Adam
3038 2521 3381 2592 perpetravit.

2090 2587 2521 2664 llumiliabantin
2538 2587 2742 2664 jejunio
2767 2594 2993 2664 animam
3022 2587 3204 2649 nteant.
3238 2595 3346 2661 Ego
3375 2594 3597 2664 quidem

2020 2656 2125 2734 illis
2151 2673 2260 2734 me_
2278 2656 2682 2717 molestaniibus
2709 2663 2954 2717 induebar
2975 2665 3161 2718 cilicio.
3199 2656 3348 2720 Unde
3375 2656 3595 2734 apparet

2019 2728 2142 2802 quia
2172 2730 2350 2785 anima
2383 2748 2520 2796 mea,
2554 2748 2671 2802 quze
2712 2734 2842 2787 nihil
2870 2735 3159 2801 esuriebat,
3194 2736 3326 2789 nihil
3358 2728 3592 2800 sitiebat,

2021 2798 2124 2873 nisi
2169 2798 2584 2873 conversionem
2627 2803 2837 2858 illorum
2879 2798 3175 2873 jejunabat.
3224 2807 3285 2860 Et
3317 2816 3496 2860 tamen
3539 2798 3594 2863 in

2019 2866 2121 2943 hoc
2162 2872 2366 2943 jejunio
2420 2873 2748 2927 humiliabam
2798 2866 3023 2929 animam
3071 2892 3262 2940 meam,
3296 2876 3345 2929 id
3376 2886 3458 2930 est
3486 2893 3592 2932 non

2019 2938 2305 3005 irascebar,
2333 2942 2474 2997 sicut
2497 2944 2667 2999 solent
2697 2944 2851 2999 irasci
2883 2955 3125 3011 potentes
3153 2946 3205 2999 iu
3236 2938 3592 3001 determinato

2022 3015 2557 3078 temporesubtracto
2585 3012 2685 3069 sibi
2714 3015 2853 3070 cibo.
2885 3013 3112 3069 Tantum
3140 3028 3321 3074 autem
3359 3017 3459 3071 luit
3487 3016 3590 3072 hoc

2014 3077 2303 3155 jejunium,
2336 3097 2393 3138 ut
2440 3087 2491 3138 in
2542 3094 2685 3139 tanta
2736 3087 2889 3140 turba
2930 3087 3591 3155 persecutoruni,.nullum

2018 3152 2219 3225 ianque
2245 3168 2305 3207 se
2344 3155 2584 3209 reticeret
2634 3156 2901 3210 inveniret
2931 3152 3139 3225 'prteter
3183 3159 3439 3213 latronem
3488 3160 3589 3213 sibi

2017 3221 2391 3297 collateraliter
2422 3225 2778 3291 pendentem,
2811 3221 2961 3297 cum'
2990 3228 3148 3280 etiam
3193 3228 3434 3297 discipuli
3476 3230 3591 3293 ipso

2015 3290 2211 3366 relicto
2247 3293 2521 3366 fugissent,
2565 3306 2617 3349 et
2644 3298 2696 3349 in
2727 3300 2877 3350 turba
2922 3296 3147 3351 laterent
3180 3314 3193 3351 :
3223 3308 3273 3351 et
3302 3290 3463 3352 etiam
3490 3290 3589 3352 l’e-

2018 3366 2130 3434 trus
2161 3363 2268 3427 ille,
2301 3363 2388 3432 qui
2422 3365 2567 3432 prius
2598 3377 2702 3419 tam
2736 3376 2934 3421 temere
2974 3367 3313 3434 clamaverat,
3346 3367 3580 3433 Domine,

2016 3441 2062 3482 et
2089 3432 2135 3505 si
2152 3438 2427 3498 aportucrit
2452 3452 2528 3487 me
2551 3437 2677 3489 mori
2701 3447 2883 3497 tecum,
2911 3452 3009 3490 nan
3038 3446 3084 3490 te
3106 3432 3316 3505 negabo,
3353 3440 3403 3491 in
3433 3432 3588 3491 turba

2016 3500 2210 3576 latebat
2235 3513 2288 3558 et
2309 3509 2372 3559 ad
2398 3520 2576 3559 vocem
2599 3508 2860 3561 ancillulae
2891 3500 3221 3576 trepidabat:
3251 3507 3586 3563 humiliabam

2017 3585 2124 3647 me,
2154 3574 2389 3643 inquam,
2417 3578 2469 3629 in
2488 3577 2712 3647 jejunio,
2740 3589 2794 3631 et
2828 3574 3045 3631 Orabam
3093 3593 3186 3645 pro
3235 3581 3335 3634 illis
3378 3580 3583 3643 dicens,

2016 3638 2201 3719 Pater,
2218 3638 2419 3716 ignosce
2440 3638 2567 3700 illis:
2582 3649 2648 3701 Et
2667 3638 2829 3703 orabo
2849 3662 2954 3701 non
2984 3649 3047 3700 ad
3068 3638 3327 3702 reinutum
3351 3638 3593 3719 aliquant

2012 3713 2106 3765 sed
2139 3715 2204 3769 ad
2237 3713 2463 3772 vicinum
2484 3758 2499 3781 ,
2528 3719 2649 3787 quia
2676 3719 2839 3772 oratio
2885 3734 2996 3771 mra
3032 3729 3400 3773 converteretur
3427 3713 3477 3773 in
3506 3730 3581 3775 st-

2013 3798 2132 3836 uum
2154 3803 2337 3851 meum,
2371 3789 2420 3841 id
2452 3797 2553 3852 est,
2587 3794 2637 3843 in
2668 3789 2933 3843 occultum
2965 3804 3162 3856 meum,
3192 3792 3311 3856 quia
3338 3795 3578 3845 Immani-

2012 3864 2091 3908 tas
2120 3872 2235 3911 mea
2288 3860 2460 3913 orabit
2515 3875 2610 3927 pro
2647 3859 2752 3912 illis
2804 3859 3031 3913 Verbum
3083 3862 3432 3925 personaliter
3472 3863 3577 3917 sibi

2012 3927 2237 4000 unitum.
2264 3930 2506 4000 Possunt
2550 3941 2603 3983 et
2645 3930 2798 3983 aliter
2825 3929 2876 3981 bi
2917 3928 3022 3983 duo
3052 3944 3231 3984 versus
3260 3932 3380 4000 legi,
3411 3942 3465 3986 ut
3496 3933 3579 3989 sic

2010 3996 2232 4061 dicatur,
2262 3998 2600 4074 Ipsiquidem
2630 4000 2966 4074 retribuebant
2991 4002 3129 4074 mala
3158 4001 3283 4055 milii
3301 3996 3333 4074 7:—
3355 4018 3445 4074 ego
3474 4020 3571 4057 au-

2013 4076 2111 4121 tem
2137 4084 2250 4120 cum
2270 4110 2282 4129 .
2328 4070 2378 4122 id
2406 4079 2518 4133 est,
2564 4071 2805 4139 quamvis
2834 4069 3027 4123 molesti
3061 4082 3221 4125 essent
3243 4115 3256 4136 ,
3291 4069 3537 4129 induebur
3556 4117 3587 4141 ,ν

2015 4148 2189 4211 tamen
2223 4141 2411 4205 cilicio,
2436 4142 2486 4195 id
2510 4150 2612 4207 est,
2638 4141 2895 4209 quosdam
2917 4156 2979 4196 ex
3003 4141 3104 4196 illis
3132 4145 3220 4211 qui
3252 4145 3396 4211 prius
3419 4161 3574 4200 erant

2013 4210 2163 4275 quasi
2208 4211 2459 4275 cilicium,
2504 4212 2554 4264 id
2596 4220 2677 4265 est
2715 4213 2913 4280 spinosi
2944 4219 3001 4266 et
3036 4210 3367 4282 infructuosi,
3396 4217 3462 4270 ad
3488 4234 3575 4273 me

2011 4283 2402 4353 genvertebam,
2430 4289 2483 4335 et
2509 4281 2657 4350 quasi
2687 4286 2897 4353 mollem
2943 4295 3146 4337 vestem
3174 4300 3274 4350 qua
3306 4281 3572 4353 induerer,

2011 4345 2289 4425 faciebam.
2316 4351 2472 4425 Juxta
2499 4345 2668 4425 illud:
2711 4351 2835 4406 Vivo
2861 4370 2970 4422 ego,
3002 4355 3123 4425 dicit
3156 4345 3424 4421 Dominus,
3456 4345 3576 4425 quia

330 4404 558 4486 decepta
577 4461 591 4486 ,
624 4429 677 4474 et
706 4404 883 4476 adhue
1235 4404 1720 4493 τρτέένῖιιὲὶιὶζῖὼδέ
1934 4404 1981 4463 D
2009 4420 2094 4493 Itis
2111 4404 2339 4493 omnibus
2361 4404 2807 4477 velutivestimento
2830 4404 3069 4477 vestieris.
3093 4426 3160 4477 lit
3178 4427 3275 4478 hoc
3295 4426 3339 4478 si
3363 4404 3587 4492 faciam,

330 4490 420 4541 dis
466 4492 897 4558 suggestionibus
925 4490 1047 4547 suis
1090 4495 1379 4563 decipiunt.
1430 4498 1491 4549 Et
1536 4490 1692 4551 etiam
1745 4496 1905 4563 eripis

330 4574 461 4612 vere
483 4576 713 4628 egenum,
746 4564 833 4631 qui
866 4562 964 4617 sibi
995 4562 1353 4619 scilici-ttnliil
1388 4582 1600 4633 prorsus
1626 4562 1899 4631 attribuit;

328 4640 377 4683 et
412 4644 598 4705 verum
628 4649 921 4705 pauperem,
952 4636 1038 4700 qui
1070 4649 1188 4688 cum
1219 4638 1419 4689 scilicet
1446 4635 1592 4688 dives
1622 4645 1783 4698 esset,
1811 4652 1903 4705 pro

328 4699 583 4775 omnibus
628 4699 824 4772 pauper
849 4699 1031 4775 fictus
1063 4716 1188 4775 est:
1216 4722 1247 4758 a
1276 4706 1627 4775 diripientibus
1667 4722 1779 4758 eum
1800 4699 1824 4770 ,’
1850 4706 1901 4760 id

329 4778 439 4833 est,
463 4770 531 4823 de
547 4770 817 4844 potestate
845 4774 1053 4826 illorum
1075 4774 1162 4841 qui
1185 4770 1509 4830 conabantur
1531 4777 1759 4844 diripere
1781 4793 1900 4830 eutn

326 4856 355 4892 a
388 4850 442 4894 te
459 4842 557 4913 ,λά
586 4851 666 4895 est
694 4858 973 4909 separare,
1009 4846 1247 4900 dicentes
1281 4864 1293 4899 ;
1329 4845 1463 4900 Deus
1502 4842 1700 4913 reliquit
1745 4863 1902 4911 eum;

327 4920 381 4964 ct
416 4928 430 4961 ε
466 4909 593 4985 Non
616 4923 687 4985 est
731 4914 811 4966 hic
841 4915 990 4985 liomo
1029 4931 1060 4967 a
1092 4914 1220 4982 Deo,
1261 4924 1315 4971 et
1360 4928 1551 4971 caetera
1597 4909 1737 4971 talia.
1784 4909 1903 4985 Agit

326 4992 511 5036 autem
545 4981 631 5053 hic
657 4983 724 5038 de
753 5000 809 5038 se
837 4984 950 5052 ipso
981 4986 1031 5038 in
1077 4981 1228 5042 tertia
1280 5002 1524 5053 persona,
1574 4997 1627 5039 et
1671 4981 1901 5041 ostendit

326 5052 599 5125 quomodo
624 5053 914 5120 diriperent
934 5070 1053 5108 eum
1077 5058 1258 5109 dicens
1282 5073 1295 5109 :
1320 5056 1491 5109 Testes
1511 5057 1693 5125 iniqui,
1719 5057 1768 5109 id
1795 5068 1897 5123 est,

328 5122 403 5175 illi
438 5131 691 5196 testantes
718 5125 784 5177 de
826 5138 912 5179 me
951 5125 1148 5192 iniqua,
1190 5134 1448 5196 surgentes
1486 5122 1605 5181 coni
1617 5142 1673 5179 ra
1704 5142 1788 5179 me
1814 5122 1897 5179 in?

330 5193 654 5265 terrogabant
684 5211 763 5246 me
793 5208 884 5261 per
920 5210 1150 5264 pinnam,
1183 5193 1404 5262 scilicet,
1436 5196 1817 5265 colaphizando
1848 5207 1901 5250 et

329 5263 809 5337 conspuendo‘me,
841 5263 1046 5337 eaquae
1071 5266 1366 5335 ignorabam
1397 5282 1516 5337 ego.
1553 5263 1690 5331 Quid
1720 5280 1898 5322 autem

333 5334 647 5398 ignorabat?
668 5334 909 5402 Nunquid
933 5334 1127 5405 aliquid
1153 5334 1534 5404 igriorabatnui
1558 5339 1714 5390 etiam
1738 5339 1895 5390 corda

336 5413 734 5474 persecuturum
786 5405 1012 5467 videbat,
1057 5414 1111 5460 et
1148 5408 1299 5462 dolos
1336 5423 1518 5461 eorum
1552 5408 1898 5474 praesciebat?

336 5472 526 5542 Utique
552 5474 680 5547 nihil
721 5476 1016 5547 ignorabat,
1047 5491 1151 5531 non
1182 5489 1432 5547 quantum
1472 5472 1893 5532 aii—vindicatio-

332 5559 475 5608 nent,
506 5544 601 5596 sed
627 5544 876 5613 quantum
906 5546 971 5599 ad
1000 5544 1452 5602 commissionem.

404 5613 761 5668 lictribuebant
802 5616 943 5668 mihi.
986 5614 1374 5685 lnterrogabant
1423 5635 1519 5680 me,
1566 5618 1797 5686 ittqttattt,
1842 5630 1896 5672 et

333 5684 716 5755 iutctrrgautcs
745 5686 1078 5742 retribuebant
1117 5684 1238 5745 mihi
1269 5692 1401 5744 mala
1434 5684 1650 5746 tantum
1677 5706 1770 5758 pro
1802 5692 1891 5745 bo-

2009 4490 2130 4558 quia
2167 4490 2220 4543 in
2248 4493 2338 4564 illo
2366 4496 2511 4564 gravi
2532 4495 2735 4564 jejunio
2761 4495 2898 4562 quod
2928 4494 2995 4546 de
3021 4497 3253 4561 ipsormn
3299 4490 3579 4551 inconver;

2007 4576 2156 4615 stone
2185 4563 2439 4629 patiebar,
2471 4563 2801 4617 Ituntiliabam
2825 4565 3047 4616 anintam
3077 4580 3263 4631 meam,
3291 4566 3341 4620 id
3369 4577 3471 4630 est,
3505 4571 3577 4622 vi-

2010 4640 2116 4704 tam
2150 4647 2319 4685 meam
2359 4634 2686 4688 comedenda
2716 4650 2835 4688 cum
2865 4634 3154 4702 publicanis
3196 4645 3250 4689 et
3281 4641 3576 4704 peccatori-

2010 4700 2126 4765 bus,
2150 4717 2279 4777 _cum
2310 4704 2439 4777 ipsis
2466 4700 2952 4777 cori_versando,'ut
2975 4706 3057 4758 vel
3102 4706 3180 4760 sic
3208 4700 3413 4777 aliquos
3446 4710 3572 4763 llliill

2007 4773 2356 4836 attraherem,
2398 4775 2449 4827 in
2490 4772 2679 4843 quibus
2718 4774 2843 4828 illud
2882 4773 3138 4843 jejunium
3182 4772 3358 4832 meum
3397 4779 3577 4835 εοινε-

2008 4856 2118 4894 rem
2152 4861 2162 4895 :
2197 4844 2528 4919 {tantiliabam
2556 4859 2658 4909 me,
2692 4846 2927 4919 inquattt,
2955 4858 3007 4919 et
3047 4850 3265 4902 orabam
3314 4865 3409 4919 pro
3450 4851 3574 4912 illis,

2005 4922 2052 4964 et
2078 4914 2239 4966 oratio
2260 4930 2391 4979 mea,
2424 4918 2521 4969 etsi
2550 4932 2653 4968 ttou
2678 4916 2923 4969 omnibus
2954 4917 3081 4985 ipsis
3110 4920 3290 4986 prosit,
3314 4914 3573 4974 converta-

2005 4992 2089 5035 tur
2116 4994 2309 5049 tamen,
2342 4986 2391 5038 id
2435 4994 2518 5039 est
2564 4988 2837 5053 apparebit
2887 4989 2938 5041 iti
2989 4994 3260 5043 conversis
3310 4991 3363 5043 in
3402 4993 3571 5044 sinunt

2004 5069 2195 5127 nteant,
2228 5056 2285 5127 id
2325 5064 2409 5108 est
2434 5055 2507 5127 in,
2530 5056 2637 5109 illis
2662 5073 2778 5124 qua:
2824 5058 3188 5127 signiﬁcantur
3232 5076 3326 5127 per
3357 5077 3573 5115 manuni

2006 5124 2172 5194 Moysi
2199 5125 2468 5179 reductam
2498 5125 2548 5178 in
2574 5128 2770 5183 sinum.
2800 5124 3057 5181 llliitimur
3091 5124 3245 5184 enim
3270 5131 3355 5183 hic
3383 5133 3447 5183 ad
3486 5136 3570 5184 bt-

2004 5196 2246 5268 stotiam,
2293 5197 2344 5268 in
2373 5212 2474 5262 qua
2502 5196 2697 5250 dicitur
2735 5200 2871 5266 quod
2902 5199 3111 5268 quando
3144 5201 3399 5253 Dominus
3439 5216 3571 5267 pra:-

2002 5267 2158 5339 cepit
2173 5266 2335 5334 Moysi
2367 5278 2422 5318 ut
2449 5268 2645 5339 rediret
2673 5268 2724 5321 iii
2753 5266 3060 5339 ίΕεγμιυηι,
3094 5280 3147 5323 ει
3168 5270 3416 5324 educeret
3442 5266 3567 5326 inde

2004 5337 2254 5407 populum
2286 5352 2462 5402 suum,
2488 5338 2632 5407 petiit
2667 5337 2873 5407 Moyses
2900 5351 2954 5393 ut
2985 5341 3228 5392 mlirmus
3248 5355 3278 5393 a
3304 5342 3528 5396 Domino
3553 5360 3565 5395 :

2003 5406 2237 5473 Domine,
2266 5409 2402 5476 quod
2440 5410 2640 5477 signum
2670 5406 2761 5462 erit
2792 5409 2934 5473 milii,
2970 5419 3020 5462 ιιι
3064 5425 3143 5464 me
3194 5410 3454 5465 audiant?
3502 5411 3574 5468 Et

2004 5477 2252 5549 Dominus
2279 5480 2345 5530 ad
2371 5494 2484 5530 eum
2516 5494 2536 5531 :
2562 5479 2709 5531 Educ
2737 5494 2943 5531 manum
2977 5488 3115 5533 tuam
3143 5482 3206 5533 de
3230 5481 3343 5533 sinu
3375 5493 3459 5535 tuo
3477 5524 3491 5549 ,
3524 5492 3573 5537 et

2001 5548 2200 5619 eduxit,
2225 5559 2271 5600 et
2300 5565 2410 5601 ecce
2447 5550 2644 5619 lt‘prosa
2673 5558 2777 5602 tota
2808 5550 2943 5618 facta
2966 5560 3059 5604 est.
3096 5550 3292 5605 lterum
3320 5554 3450 5607 dixit
3477 5548 3523 5607 ei
3557 5573 3576 5611 .‘

2004 5616 2176 5670 Reduc
2206 5634 2411 5670 numam
2435 5616 2573 5672 tua...
2605 5620 2655 5672 in
2676 5616 2839 5674 sinunt
2872 5630 3032 5689 tuum,
3061 5633 3106 5674 et
3130 5623 3352 5688 reduxit,
3371 5634 3415 5677 et
3446 5626 3572 5679 reli-

2002 5704 2114 5758 qua:
2154 5689 2291 5743 carni
2321 5690 2461 5760 (acta
2489 5699 2558 5744 est
2602 5691 2797 5747 similis.
2832 5693 2930 5748 l’er
2964 5696 3136 5749 sinum
3163 5705 3340 5751 autem
3372 5695 3568 5766 Moysi,
