3922 6190
334 266 439 321 ϐίδ

799 264 1001 320 ΒΕοΕ
1047 265 1495 320 νΕΝΕιιΑιιιιιε
1532 262 1683 319 OPl’.
1729 259 1900 315 PARS

2046 258 2236 314 SECT.
2282 259 2344 312 ΙΙ.
2385 289 2451 298 ——
2496 257 2697 313 DUB‘lA
2740 258 2827 312 ΕΤ
2864 257 3134 314 διύιιιΑ.

3480 258 3588 311 ϐαι

336 382 661 449 signiﬁcatur
691 396 835 434 simis
868 380 1092 434 Domini.
1123 380 1187 431 Et
1208 390 1282 430 ρει
1316 378 1463 449 sinus
1488 376 1716 438 Domini,
1746 375 1897 449 ﬁdes,
1933 375 1978 433 Δ
2005 387 2141 438 rum,
2172 372 2387 449 scilicet
2409 372 2763 427 frendentium
2792 389 2950 449 super
2966 389 3045 426 me
3072 373 3325 449 dentibus.
3356 374 3422 426 Et
3441 377 3591 449 ηειὶτ

340 445 485 522 spes,
511 452 762 522 cluat-itas,
791 463 843 505 et
884 449 1239 522 ecclesiastica
1274 448 1509 522 instituta
1525 463 1605 522 _:_a
1632 460 1737 522 quo
1778 445 1898 497 sinu

339 516 578 590 quisquis
613 521 882 582 educitur,
916 532 967 571 ut
1000 520 1227 590 lueretici
1256 519 1344 587 qui
1376 535 1422 590 a_
1451 516 1605 590 nobis
1632 519 1899 590 esierunl,

341 585 583 659 leprosus
612 592 669 643 lit
696 592 746 642 in
771 591 1021 656 peccatis.
1052 588 1107 643 Si
1128 603 1262 659 vero
1281 585 1504 659 conligit
1535 598 1584 639 ut
1616 585 1902 659 aliquando

341 656 545 724 redeat,
578 661 633 714 lit
659 660 846 714 similis
876 659 1093 727 reliquis
1124 658 1261 712 intra
1286 658 1459 711 sinum
1484 656 1683 709 sanatis
1705 672 1732 707 ει
1757 656 1899 722 lepra

344 740 700 799 peccatorum.
745 731 809 784 Et
834 730 1071 797 quisquis
1117 730 1168 781 in
1202 729 1299 781 hoc
1329 730 1445 781 sinu
1476 736 1580 799 est,
1612 739 1902 799 conversus

341 794 424 854 est
464 802 512 853 in
546 801 795 868 idipsum,
825 794 946 867 quia
975 794 1288 852 naturaliter
1326 800 1377 851 in
1426 797 1592 850 Adam
1647 795 1815 868 posito
1847 794 1899 868 in

338 864 661 938 plenitudine
686 864 961 932 virtutum,
993 873 1041 922 in
1075 870 1174 923 hoc
1202 871 1319 922 sinu
1348 870 1537 921 luimus
1572 884 1582 918 :
1614 865 1706 919 sed
1732 864 1900 919 exivi-

336 956 453 994 mus
480 942 548 993 ab
575 956 640 993 eo
669 955 761 1009 per
788 941 1031 995 eumdem
1064 942 1514 1007 praevaricamem.

411 1010 570 1075 Quasi
606 1006 916 1076 proximum,
955 1019 1002 1063 et
1050 1006 1196 1079 quasi
1244 1013 1452 1076 fratrem
1502 1016 1729 1079 nostram
1757 1006 1902 1079 ,__st'c

334 1081 712 1149 complucebam
733 1097 750 1138 :
770 1075 913 1149 quasi
943 1075 1121 1147 lugens
1145 1087 1193 1131 et
1217 1075 1537 1149 cantristatus
1560 1079 1638 1149 sic
1658 1075 1902 1129 humilia-

337 1147 460 1204 t'ar.
497 1151 727 1204 Orabam
755 1147 968 1220 quidem
997 1153 1048 1206 ill
1095 1151 1341 1220 passione
1373 1163 1465 1217 pro
1496 1147 1621 1220 illis,
1645 1155 1704 1220 Διιι
1745 1160 1898 1220 antea

336 1235 458 1273 ('ttm
481 1236 576 1276 eos
605 1216 969 1284 admonerem,
1000 1216 1392 1285 cornpiacebam,
1441 1216 1571 1270 milli
1612 1216 1710 1280 sic,
1753 1217 1901 1282 quasi

337 1290 685 1364 admonerem
725 1291 1036 1364 proximum,
1080 1291 1130 1343 id
1186 1298 1269 1342 est
1297 1286 1899 1364 aliquetudiscipulum,

334 1368 423 1413 aut
449 1362 594 1430 quasi
623 1356 963 1416 admonerem
992 1365 1202 1430 fratrem
1230 1369 1483 1430 nostrum,
1494 1356 1544 1430 id
1572 1369 1650 1430 est
1671 1358 1900 1430 aliquem

335 1426 659 1498 apostolatui,
682 1432 802 1497 quia
826 1431 904 1484 sic
934 1426 1013 1484 illi
1043 1429 1361 1483 obediebaut
1387 1426 1559 1488 facile,
1589 1426 1726 1479 sicut
1757 1426 1899 1479 lace-

334 1504 419 1552 ret
440 1499 604 1554 frater
635 1502 715 1555 vel
737 1502 1024 1569 proximus.
1059 1503 1099 1554 A
1124 1498 1508 1569 majoriautem
1543 1506 1701 1569 parte
1716 1511 1898 1569 eorum

334 1584 427 1636 qut
457 1583 640 1624 sanam
681 1566 978 1625 doctrinam
1027 1566 1441 1624 contemnebant
1473 1566 1776 1618 humiliabar
1803 1566 1897 1630 sic,

338 1648 396 1712 ut
432 1654 605 1712 essem
645 1642 792 1712 quasi
822 1642 997 1712 lugens
1025 1639 1282 1712 exterius,
1316 1648 1361 1691 et
1399 1637 1899 1712 contristatusninte-

2006 452 2087 494 tua
2117 442 2274 495 etiam
2300 446 2351 495 in
2381 454 2619 508 tempore
2648 459 2675 496 a
2704 454 2755 498 te
2780 445 3068 497 constituto
3090 445 3289 497 unicam
3317 459 3503 509 meam,
3533 442 3590 500 id

2003 521 2105 575 est,
2140 512 2431 566 Ecclesiam
2465 528 2714 578 sponsam
2752 528 2964 566 meam:
3018 514 3292 567 liberatam
3341 532 3374 566 a
3422 515 3591 568 leoni-

2004 582 2115 703 bq’s,
2147 583 2196 636 id
2224 591 2328 645 εθι,
2356 598 2384 635 a
2414 585 2751 639 saevientibus
2777 585 3103 654 principibus
3123 598 3238 638 eam
3267 598 3596 652 persequen.

2006 663 2042 703 ιι
2086 667 2165 703 us.

2006 663 2165 707 tibus.

2074 720 2365 791 Conﬁtebor
2391 724 2477 776 tibi
2508 723 2560 776 in
2592 724 2822 778 Ecclesia
2850 741 3056 793 magna,
3108 726 3159 777 in
3208 724 3399 791 populo
3445 727 3589 791 gravi

2003 790 2221 845 laudabo
2244 795 2332 847 te?
2361 794 2521 859 Quasi
2553 795 2693 848 dicat
2719 812 2732 847 :
2760 796 2877 859 Quo
2910 790 3083 847 fructu
3111 805 3230 859 peto
3252 790 3307 847 ut
3337 790 3591 850 restituas

2005 872 2170 934 etme
2199 874 2251 917 et
2298 865 2509 917 unicam
2555 880 2747 925 meam,
2777 866 2875 917 hoc
2904 866 3124 928 scilicet,
3156 866 3275 934 quia
3308 880 3407 933 ego
3428 866 3592 933 conﬁ-

2005 932 2144 985 tebor
2174 934 2263 987 tibi
2288 935 2353 1005 in,
2374 950 2456 985 me
2478 944 2529 987 et
2554 936 2605 988 in
2635 936 2767 988 meis
2790 938 2840 1005 in
2872 935 3101 988 Ecclesia
3128 932 3332 1005 magna.
3351 932 3435 989 Et
3463 951 3592 990 vere

2004 1017 2188 1071 magna
2213 1014 2296 1057 est
2326 1004 2578 1066 Ecclesia,
2610 1007 2733 1072 quia
2762 1004 2960 1074 ubique
2981 1017 3241 1058 terrarum
3263 1017 3342 1059 est
3368 1006 3590 1071 dilfusa,

2003 1076 2095 1125 sed
2126 1074 2245 1141 quia
2295 1076 2345 1128 itt
2391 1089 2452 1130 ea
2487 1075 2704 1129 insimul
2761 1085 2905 1140 sunt,
2936 1085 2991 1129 et
3031 1075 3195 1141 palea:
3223 1086 3275 1128 et
3303 1091 3492 1143 grana,
3536 1076 3589 1129 id

2003 1152 2085 1195 est
2112 1145 2236 1197 tnali
2270 1155 2325 1198 ιιι
2353 1144 2498 1200 boni.
2536 1145 2791 1199 Veniente
2817 1158 2994 1199 autem
3026 1157 3183 1199 vento
3226 1146 3594 1199 venti’ationis

2004 1222 2056 1266 et
2098 1214 2425 1279 teutationis,
2462 1216 2647 1281 paleae,
2678 1230 2797 1284 qua:
2846 1218 2989 1270 leves
3039 1226 3185 1279 sunt,
3216 1216 3589 1281 depelluntur;

2004 1297 2163 1350 grana
2194 1296 2395 1349 autem,
2439 1301 2558 1354 qua:
2602 1287 2779 1351 gravia
2824 1296 2968 1347 sunt,
3003 1296 3277 1340 remanent
3309 1289 3360 1338 in
3393 1286 3590 1351 populo

2002 1355 2166 1425 gravi.
2195 1356 2356 1421 Quasi
2384 1355 2549 1409 dicat:
2577 1355 2866 1425 Conﬁtebor
2889 1358 2977 1409 tibi
3011 1357 3062 1409 in
3088 1355 3318 1409 Ecclesia
3346 1370 3594 1409 commu-

2004 1423 2145 1477 niter
2168 1435 2220 1478 et
2250 1425 2302 1477 in
2349 1425 2501 1479 bonis
2529 1437 2583 1479 et
2612 1428 2662 1480 iu
2689 1423 2875 1480 malis:
2912 1427 3134 1479 laudabo
3163 1435 3339 1479 autem
3389 1435 3437 1477 te
3469 1442 3596 1481 vere

2003 1502 2059 1547 et
2088 1494 2425 1563 singulariter
2450 1496 2504 1549 in
2532 1498 2723 1565 popqu
2747 1499 2910 1566 gravi,
2935 1498 2984 1549 id
3015 1505 3098 1550 est
3141 1497 3193 1550 iu
3219 1496 3417 1550 sanctis
3441 1499 3605 1563 viris,

2005 1578 2139 1632 quos
2170 1576 2322 1619 vetus
2351 1566 2648 1619 adversitas
2672 1585 2773 1621 non
2805 1569 3039 1632 «tenellit.

2079 1633 2201 1688 Non
2250 1638 2657 1705 supergaudeant
2688 1637 2815 1691 nt'lti
2838 1639 2923 1707 qui
2965 1638 3297 1690 adversantur
3327 1637 3452 1689 mihi
3492 1638 3596 1689 ini-

336 1710 468 1775 tius,
501 1711 550 1764 id
579 1706 684 1779 est,
726 1706 1101 1766 velut'habeus
1138 1708 1345 1779 plenam
1378 1707 1685 1779 tristitiam:
1718 1706 1900 1758 Solent
1936 1718 1975 1775 Β
2005 1720 2117 1771 que,
2160 1706 2243 1773 qui
2294 1708 2505 1760 oderunt
2554 1725 2630 1761 me
2676 1710 2849 1774 gratis,
2907 1719 2951 1761 et
2990 1720 3225 1760 annunnt
3257 1709 3437 1761 oculis.
3473 1707 3598 1761 Ideo

336 1780 483 1833 enim
516 1780 637 1835 boni
671 1776 869 1849 prmlati
900 1780 1131 1849 gaudere
1170 1778 1237 1831 de
1268 1777 1503 1847 proiectu
1541 1776 1895 1849 subditorum,

336 1858 393 1902 et
424 1850 622 1904 tristari
663 1846 734 1906 de
757 1846 963 1905 deleciu
994 1850 1205 1903 illorum
1243 1846 1391 1915 quasi
1418 1861 1536 1900 suo.
1583 1846 1730 1901 Unde
1760 1850 1901 1915 Apo-

335 1922 536 1974 stolus:
570 1919 697 1975 Vivo
720 1936 809 1989 ego
841 1936 993 1985 nunc,
1025 1920 1068 1972 si
1090 1934 1176 1971 vos
1200 1919 1316 1971 estis
1338 1919 1388 1970 in
1420 1917 1658 1969 Domino.

414 1989 473 2043 Et
496 1992 758 2043 adversum
780 2007 858 2044 me
886 1991 1041 2043 lwtati
1061 1998 1194 2053 sunt,
1223 1996 1268 2040 et
1297 1996 1664 2041 convenerunt:
1694 2000 1903 2053 congre-

334 2069 452 2139 gata
479 2070 598 2116 sunt
633 2077 786 2139 super
814 2077 891 2113 nte
922 2060 1157 2139 finge-lla,
1200 2066 1245 2111 et
1272 2058 1522 2139 ignoravi:
1554 2056 1900 2139 Humiliabar,

336 2126 568 2198 inquam,
598 2130 665 2184 ab
692 2126 815 2196 illis,
846 2140 891 2186 et
922 2126 1023 2185 hoc
1063 2130 1181 2184 ideo
1209 2126 1331 2197 quia
1363 2128 1464 2195 ipsi
1502 2126 1660 2180 la'tati
1689 2134 1825 2190 sunt,
1857 2133 1904 2177 et

334 2211 700 2257 convenerunt:
745 2217 839 2265 pro
870 2202 1107 2254 lmtanter
1133 2206 1468 2254 convenerunt
1511 2198 1775 2250 adversum
1803 2211 1901 2249 me.

333 2268 400 2321 Et
445 2270 569 2336 ipsis
608 2272 1048 2325 convenientibus
1096 2282 1403 2339 congregata
1448 2282 1563 2321 sunt
1627 2269 1904 2321 innumera

332 2341 539 2410 ﬂagella
563 2343 628 2395 ab
655 2342 758 2396 illis
786 2359 939 2410 super
961 2358 1058 2406 me,
1091 2350 1144 2394 et
1175 2350 1351 2394 tamen
1382 2352 1483 2408 ego
1511 2354 1723 2410 causam
1758 2339 1907 2403 igno-

334 2408 540 2475 rabam,
571 2428 675 2464 nou
708 2408 958 2479 quantum
990 2415 1053 2463 ad
1078 2410 1387 2472 vindictam,
1437 2409 1529 2461 sed
1576 2410 1638 2461 ad
1683 2408 1902 2469 factum,

334 2480 460 2546 quia
506 2482 698 2536 nullius
726 2478 859 2536 mali
887 2498 1030 2537 erant
1067 2482 1195 2535 milii
1231 2481 1495 2533 conscius.
1531 2478 1900 2541 Convenerunt,

333 2547 573 2631 inquam,
598 2562 661 2631 et
691 2555 880 2631 in__illo
922 2562 1184 2631 εινιινιιιιιιι
1227 2550 1461 2631 dissipati
1502 2557 1617 2631 sunt
1649 2550 1784 2631 inter
1822 2562 1900 2631 se,

332 2614 457 2685 quia
484 2622 712 2688 quidam.
735 2623 909 2676 Bonus
943 2633 1042 2685 cst,
1071 2622 1316 2681 licebant,
1350 2614 1648 2679 alliatttcnt,
1670 2614 1803 2671 Non.
1839 2616 1904 2669 Et

336 2696 512 2743 tamen
544 2708 645 2749 non
677 2701 798 2744 sunt
820 2691 1132 2758 rompuncti,
1165 2705 1262 2743 nec
1290 2690 1397 2756 isti,
1431 2706 1527 2743 nec
1552 2689 1624 2742 illi
1648 2690 1713 2740 ad
1747 2688 1901 2740 mise-

337 2759 643 2831 ricordiam,
668 2766 789 2831 quia
818 2770 1131 2815 tentaret-unt
1172 2776 1270 2822 me,
1303 2771 1356 2813 et
1381 2771 1597 2813 ett-tera.
1645 2760 1821 2811 l‘otest
1850 2770 1898 2811 et

337 2828 417 2881 sic
447 2830 583 2899 istud
616 2828 747 2886 dici:
779 2833 929 2898 Quod
974 2834 1067 2899 ipsi
1098 2834 1213 2883 sine
1243 2845 1399 2883 causa
1431 2840 1690 2883 venerunt
1717 2838 1902 2882 contra

337 2913 446 2966 tne,
501 2898 697 2955 iudicat
742 2906 827 2957 llic
856 2898 1094 2965 etractus,
1128 2902 1246 2965 quia
1278 2902 1378 2969 ipsi
1431 2903 1623 2969 ubique
1669 2900 1900 2966 gentium

335 2969 569 3037 dissipati
596 2982 736 3037 sunt,
779 2983 826 3026 et
847 2984 1023 3025 tamen
1046 2973 1218 3025 adliue
1246 2988 1343 3025 non
1374 2982 1495 3025 sunt
1525 2970 1809 3039 compuncti
1836 2971 1900 3020 ad

338 3040 725 3104 ptenilenliam.
760 3043 918 3097 Juxta
946 3045 1085 3111 quod
1119 3052 1430 3094 tentaverunt
1466 3043 1542 3094 sic
1571 3038 1902 3111 continuabio

337 3118 441 3165 tur.
480 3111 588 3164 lloe
615 3112 819 3167 scilicet
850 3110 1007 3166 modo
1035 3124 1339 3181 congwgata
1378 3121 1493 3164 sunt
1523 3110 1730 3179 ﬂagella
1753 3125 1906 3177 super

336 3195 437 3246 nte,
469 3183 588 3250 quia
635 3194 948 3237 tentarerunt
975 3199 1074 3245 tne,
1109 3185 1382 3236 dicentes:
1415 3181 1677 3250 Magister,
1720 3181 1904 3233 scimus

333 3251 453 3316 quia
488 3249 528 3303 θη
568 3250 676 3307 Deo
712 3255 885 3306 t‘eltisli
911 3272 929 3320 ;
964 3262 1038 3314 et,
1085 3254 1196 3305 licet
1220 3267 1420 3305 censum
1448 3254 1571 3303 dare
1596 3249 1805 3317 Cwsari,
1835 3266 1903 3304 att

333 3320 475 3373 non?
501 3333 552 3375 et
580 3335 770 3378 eat-tera
804 3326 946 3377 talia.
997 3322 1063 3376 Et
1115 3324 1548 3376 subsunnat-crunt
1578 3338 1672 3381 me,
1717 3322 1767 3373 id
1800 3331 1903 3385 θεῖ,

332 3390 637 3446 deriserunt
672 3410 788 3447 me:
834 3394 1244 3455 subsannatiune,
1292 3395 1339 3445 id
1385 3400 1488 3453 est,
1540 3393 1633 3446 vili
1680 3399 1735 3445 et.
1777 3406 1903 3444 con-

333 3462 611 3534 temptibili
640 3465 926 3519 derisiolle.
974 3464 1038 3518 Et
1082 3468 1594 3534 frendneruutsuper
1639 3479 1715 3515 me
1740 3464 1904 3534 denti-

334 3528 459 3594 bus,‘
498 3532 547 3586 id
579 3544 680 3597 est,
714 3535 1047 3589 mordacibus
1082 3528 1247 3587 'tlictis
1274 3534 1377 3585 suis
1407 3528 1675 3588 dicuntes:
1725 3531 1901 3585 Cruci-

333 3599 453 3667 ]ige,
484 3606 720 3674 cruci/ige
742 3620 873 3661 eum.
902 3604 945 3658 ἰ’
951 3620 981 3656 ιι
1023 3614 1221 3671 autem,
1255 3603 1462 3674 Domine
1496 3601 1667 3674 [ξιιμ-ι’,
1698 3604 1901 3671 quando

332 3675 574 3735 respicies
604 3672 686 3729 me
713 3684 899 3742 caput,
933 3682 987 3729 ut
1018 3677 1085 3728 ab
1122 3676 1198 3727 eis
1229 3672 1453 3727 liberer?
1497 3672 1717 3735 Quando
1744 3674 1901 3727 etiam

333 3743 571 3812 respicies
597 3760 788 3811 corpus
818 3744 1033 3798 meum?
1056 3744 1135 3798 dif
1140 3745 1285 3797 linito
1325 3744 1525 3797 scilicet
1549 3756 1785 3812 tempore
1825 3758 1903 3795 rc-

339 3810 518 3875 Spicies
548 3830 633 3870 me
657 3810 813 3882 caput
861 3816 1228 3869 resuscitando
1256 3825 1310 3869 et
1347 3816 1504 3868 etiam
1532 3810 1743 3882 corpus,
1780 3816 1901 3880 quia

340 3894 444 3954 non
473 3884 653 3939 ditlers
685 3903 732 3938 Ilt
765 3887 961 3953 capite,
994 3894 1050 3939 ut
1077 3902 1180 3939 non
1205 3884 1459 3954 respicias
1486 3883 1792 3953 inopia,sed
1817 3900 1903 3954 ra-

342 3950 521 4025 tione,
548 3971 646 4009 nec
672 3950 851 4011 αἰσιᾶιέ
894 3950 1203 4025 incorpore
1227 3950 1403 4017 ιωιιιο,
1435 3956 1527 4009 sed
1555 3950 1759 4009 amore.
1787 3953 1900 4009 Non

340 4022 483 4095 enim
502 4022 753 4078 Dominus
776 4022 1240 4093 Cllristttiti,'mtetn
1264 4028 1434 4095 primo
1460 4029 1615 4079 etiam
1634 4034 1901 4078 momento

341 4092 508 4161 potuit
559 4097 900 4161 resuscitare,
944 4092 1148 4149 distulit
1177 4098 1228 4149 in
1265 4092 1415 4149 'diem
1469 4097 1673 4149 tertiam
1705 4096 1895 4160 inopia,

336 4162 444 4234 sed
463 4161 686 4227 ratione,
721 4166 839 4230 quia
873 4167 1059 4232 legitur
1088 4165 1141 4218 in
1177 4166 1486 4234 Evangelio,
1521 4164 1692 4218 Hodie
1717 4177 1761 4218 et
1787 4182 1898 4218 cras

333 4231 571 4302 sanitates
602 4250 800 4302 aper-or,
837 4231 986 4288 tertia
1010 4251 1127 4287 vero
1170 4231 1510 4290 consuntmor.
1553 4236 1728 4290 Priuia
1757 4236 1897 4289 enim

336 4301 441 4378 die,
473 4301 685 4378 Sclicet
707 4316 828 4378 ante
858 4306 1050 4378 legem,
1086 4306 1337 4378 Dominus
1366 4318 1615 4378 operatus
1645 4316 1727 4378 est
1754 4307 1899 4359 sani-

338 4377 472 4443 tal’es
499 4374 550 4426 in
581 4389 648 4443 qu
675 4375 914 4440 busdam,
946 4375 1081 4429 sicut
1125 4375 1175 4429 in
1210 4378 1361 4429 beato
1392 4374 1522 4431 Abel
1564 4387 1615 4429 et
1645 4377 1696 4429 in
1731 4379 1898 4430 Abra-

334 4424 482 4516 llam,
499 4424 914 4516 et‘cititcrfis'pali
927 4424 1897 4516 ίὀὶὲῑιίς-ξεῖιῖξιιὶιῖἧῖιόιίιῖιὲἰιιέξέοῖ-
1928 4424 1976 4483 Ῑ)

331 4510 455 4566 licet
479 4513 577 4569 sub
601 4516 740 4585 lege,
769 4510 918 4570 mulli
949 4510 1372 4581 salvattsunt,ut
1393 4510 1602 4587 Μύγδθέ
1628 4521 1897 4585 etAaron,

331 4588 389 4636 ct
437 4588 736 4655 quicunque
776 4587 944 4655 legem
990 4587 1334 4655 spiritualiter
1371 4589 1665 4641 coluerunt.
1724 4587 1899 4641 Tertia

332 4664 459 4705 vero
483 4654 567 4708 die
594 4656 646 4708 in
690 4654 927 4724 tempore
974 4654 1157 4723 gratiae
1191 4673 1283 4725 per
1315 4656 1542 4711 Verbum
1589 4659 1805 4710 missum
1834 4659 1902 4713 ad

336 4730 525 4796 terras,
559 4738 921 4779 comummata
954 4739 1007 4781 et
1039 4728 1268 4796 pellecta
1320 4729 1463 4779 salus
1511 4728 1632 4779 data
1680 4735 1783 4780 est.
1837 4727 1902 4781 Et

335 4787 555 4865 luecest
595 4797 729 4850 ratio
773 4813 937 4864 quare
962 4787 1202 4851 Christus
1236 4814 1335 4850 non
1384 4799 1433 4849 in
1482 4798 1647 4865 prima
1677 4798 1757 4851 vel
1808 4812 1902 4852 se-

334 4862 528 4927 cunda,
579 4866 672 4917 sed
730 4862 898 4935 potius
952 4870 1098 4921 tertia
1140 4869 1221 4921 die
1247 4862 1541 4923 resurrexit.
1592 4871 1646 4919 lu
1676 4881 1902 4937 corpore

338 4944 547 5005 quoque
576 4949 693 5005 cum
727 4937 982 4991 Dominus
1029 4941 1451 5005 quandocunque
1503 4939 1682 5002 vellet,
1720 4949 1902 5005 posset

336 5002 419 5055 vel
445 5003 680 5076 singulm
711 5021 804 5073 per
830 5021 909 5072 se,
954 5002 1060 5061 vel_
1083 5009 1257 5076 plures
1287 5009 1338 5061 iu
1368 5002 1533 5061 'simul
1562 5002 1894 5072 resuscitare,

336 5085 440 5126 non
468 5074 643 5127 dilfert
675 5090 867 5129 resurn
887 5074 1114 5131 ctioueui
1149 5079 1323 5142 taedio,
1345 5080 1438 5131 sed
1467 5090 1669 5142 amore,
1701 5079 1902 5132 scilicet

332 5142 453 5211 quia
478 5159 596 5198 cum
623 5146 734 5213 ipse
772 5147 842 5199 sit
871 5148 1154 5215 perfectus,
1187 5159 1325 5200 autat
1353 5149 1405 5200 in
1444 5162 1665 5214 corpore
1693 5163 1903 5216 quoque

331 5224 457 5268 ante
479 5218 919 5269 resurrectionem
954 5217 1093 5270 illam
1124 5219 1376 5285 compleri
1407 5219 1805 5288 perfectionem,
1833 5219 1901 5272 ad

331 5298 489 5355 quam
512 5302 590 5349 su,
614 5287 791 5355 p'end;
807 5302 857 5341 ιιι
882 5288 1027 5355 prius
1050 5290 1207 5340 homo
1229 5287 1434 5341 creatus
1449 5299 1551 5342 est.
1567 5287 1724 5342 Juxta
1743 5288 1897 5343 illud:

336 5354 587 5427 ﬁustiuetc
616 5354 889 5410 uindicant
920 5368 1109 5427 tempus
1135 5356 1315 5424 Deum,
1343 5368 1393 5411 et
1417 5369 1627 5412 caetera.
1658 5359 1805 5411 Nunc
1834 5361 1902 5413 ad

336 5421 572 5499 litteram
595 5432 894 5481 redeamus.
927 5421 1172 5497 ltes'pice,
1225 5421 1457 5496 inquam,
1506 5440 1565 5499 et
1589 5443 1675 5499 me
1705 5438 1759 5481 et
1783 5444 1904 5481 cor-

338 5507 434 5559 pus
454 5494 514 5567 in
543 5496 760 5550 delinito
792 5494 1049 5567 tempore,
1092 5510 1146 5551 et
1189 5494 1307 5552 ideo
1338 5499 1443 5551 noli
1472 5494 1684 5552 ditl'erre
1725 5514 1900 5552 resur-

335 5566 627 5634 rectionem
680 5583 849 5620 meam
906 5566 959 5620 in
1013 5584 1347 5623 communem
1408 5570 1897 5634 resurrectionem,

334 5633 430 5687 sed
464 5646 581 5703 cuo
620 5638 822 5688 restitue
866 5638 1087 5690 animam
1124 5654 1285 5690 meant
1345 5640 1622 5693 liberanda
1676 5654 1769 5703 per
1817 5655 1901 5692 re-

336 5702 728 5761 suscitatiouem
772 5722 802 5758 a
856 5710 1186 5779 malignitate,
1238 5708 1293 5766 id
1345 5718 1428 5766 est
1480 5726 1511 5766 ιι
1564 5702 1766 5767 malitia
1815 5725 1901 5765 co-

2004 1791 2217 1843 quoque
2274 1792 2401 1841 rogo
2428 1788 2480 1831 ιιι
2514 1782 2763 1831 restituas
2814 1794 2898 1831 tne
2936 1788 3095 1843 caput
3124 1787 3177 1829 et
3201 1793 3417 1845 corpus.
3465 1787 3524 1832 ut
3549 1778 3595 1831 si

2004 1846 2170 1915 gavisi
2201 1856 2322 1899 sunt
2354 1846 2422 1901 de
2446 1864 2530 1902 tne
2555 1858 2761 1902 tnortuo
2788 1858 2841 1902 et
2862 1849 2928 1901 de
2951 1849 3084 1901 meis
3108 1848 3469 1914 incarceratis,
3494 1864 3598 1901 non

2004 1921 2412 1987 supergaudeant
2440 1920 2581 1981 milii,
2611 1919 2661 1972 id
2692 1929 2772 1973 est
2800 1919 2865 1972 ad
2899 1920 3295 1985 depressionem
3338 1934 3512 1973 meam
3542 1928 3598 1972 et

2006 1989 2353 2055 meorum,de
2382 2006 2464 2041 me
2497 2005 2599 2043 non
2628 1990 2941 2043 resuscitan
2966 1998 3017 2041 et
3041 1988 3108 2041 de
3138 1990 3268 2042 meis
3294 1990 3595 2044 devocatis.

2008 2058 2083 2111 Illi
2114 2060 2198 2128 qui
2251 2061 2431 2127 inique
2458 2061 2790 2114 adversantur
2818 2060 2941 2111 mihi
2971 2069 3025 2110 et
3054 2060 3208 2119 meis,
3240 2060 3290 2112 in
3321 2061 3421 2112 lloc
3471 2065 3596 2125 quia

2005 2131 2222 2184 oderunt
2253 2147 2331 2182 me
2361 2142 2521 2194 caput
2550 2133 2729 2198 gratis,
2760 2131 2884 2194 quia
2933 2130 3073 2181 nulla
3104 2133 3263 2192 mala,
3294 2130 3387 2183 sed
3429 2133 3596 2186 multa

2006 2200 2143 2253 bona
2174 2202 2254 2255 eis
2284 2201 2506 2254 contuli.
2552 2199 2619 2253 Et
2675 2201 2798 2270 quia
2846 2199 3181 2253 fraudulenta
3216 2204 3595 2267 persecutione

2005 2281 2259 2340 annaunt,
2292 2272 2341 2324 id
2374 2283 2453 2325 est
2482 2271 2826 2338 acquiescuut
2874 2270 3007 2323 meis
3039 2271 3089 2322 in
3138 2271 3294 2322 oculis
3335 2273 3590 2335 exterius,

2006 2356 2139 2408 quos
2164 2343 2390 2395 oderunt
2420 2344 2663 2396 interius.
2690 2345 2939 2396 Anuu-int
2963 2342 3103 2393 enim
3128 2355 3257 2393 voce
3286 2343 3426 2407 quod
3456 2356 3556 2394 con
3574 2372 3588 2381 -

2007 2412 2272 2467 tradictmt
2298 2413 2479 2466 corde.
2506 2416 2757 2465 Aunuunt
2780 2413 2913 2465 facie
2938 2412 3076 2477 quod
3106 2419 3299 2476 negant
3324 2411 3373 2463 in
3397 2413 3589 2463 volun-

2008 2490 2134 2536 tate.
2184 2484 2250 2539 Et
2282 2481 2410 2551 quid
2458 2484 2647 2536 mirum
2690 2483 2815 2535 siin
2859 2482 3004 2533 arido
3032 2482 3167 2547 ligno
3208 2481 3424 2549 faciunt,
3456 2488 3592 2543 quod

2006 2554 2229 2620 fecerunt
2257 2556 2308 2606 in
2342 2554 2513 2615 viridi,
2540 2555 2588 2606 id
2620 2563 2699 2607 est
2724 2553 2776 2605 in
2810 2553 2933 2605 me?
2978 2552 3111 2616 Quia
3137 2552 3471 2617 loquebantur
3497 2568 3593 2619 pa-

2004 2624 2147 2689 ciﬁca
2177 2624 2299 2675 milii
2321 2621 2583 2692 exterius,
2614 2624 2883 2676 dicentes:
2917 2622 3129 2692 Scimus
3165 2623 3283 2687 quia
3313 2638 3345 2672 a
3378 2620 3483 2673 Deo
3508 2638 3588 2674 ve-

2006 2694 2143 2755 nisti,
2177 2695 2432 2763 magister,
2466 2690 2732 2747 etcietera
2756 2694 2896 2746 tilia.
2934 2690 2995 2744 Et
3015 2691 3369 2763 sicAloguentes
3389 2693 3590 2763 coqita-

2006 2763 2124 2815 bant
2151 2760 2325 2817 tamira
2349 2765 2499 2817 dolos
2524 2766 2574 2817 in
2590 2763 2752 2816 corde
2767 2772 2949 2816 contra
2972 2776 3075 2825 me,
3093 2760 3142 2813 id
3159 2773 3238 2814 est
3261 2762 3589 2816 iracundiam

2005 2842 2183 2899 terra',
2214 2834 2266 2887 id
2293 2844 2392 2899 est,
2418 2835 2543 2900 quia
2570 2834 2688 2887 irati
2713 2834 2838 2886 milli
2869 2849 2961 2899 pro
2982 2833 3204 2886 terrenis
3229 2842 3379 2886 erant
3398 2833 3592 2887 timen-

2006 2914 2083 2957 tes
2120 2920 2213 2971 per
2246 2920 2330 2958 me
2360 2907 2535 2958 locum
2568 2915 2617 2957 et
2640 2914 2851 2970 gentem
2881 2902 3147 2956 amittere.
3193 2903 3255 2955 Et
3281 2918 3384 2971 non
3412 2902 3584 2957 solum

2003 2968 2391 3044 cogitaverunt,
2438 2974 2530 3027 sed
2575 2968 2734 3026 etiam
2766 2989 2883 3040 quae
2913 2972 3277 3038 cositaverant
3306 2968 3547 3026 fecerunt
3573 2991 3586 3037 ;

2010 3049 2126 3109 quia
2160 3044 2523 3110 dilataverunt,
2572 3044 2621 3097 id
2653 3053 2754 3104 est,
2814 3052 3137 3111 aperuerunt
3165 3058 3221 3095 os
3249 3058 3398 3094 suum
3437 3059 3588 3107 super

2009 3129 2106 3175 me,
2122 3115 2391 3184 rugientes
2415 3126 2596 3170 contra
2622 3114 2843 3167 Pilatum
2867 3132 2878 3165 :
2914 3112 3166 3181 Cruci/iga
3185 3128 3320 3166 eum.
3347 3112 3425 3184 Et
3450 3124 3590 3177 ιιοςιο

2006 3200 2164 3250 quam
2197 3183 2549 3253 perfecerunt
2599 3185 2651 3238 in
2700 3199 2786 3239 me
2838 3185 2977 3252 quod
3006 3186 3309 3243 voluerunt,
3344 3183 3590 3238 laetantes

2006 3255 2285 3309 dixerunt:
2317 3255 2477 3324 Euge,
2508 3271 2651 3324 euge,
2684 3256 2734 3306 id
2760 3263 2863 3318 est,
2900 3255 3033 3308 bene
3060 3253 3253 3306 factum
3283 3264 3366 3305 est
3394 3257 3593 3309 auium

2008 3336 2224 3387 nostrte,
2254 3326 2377 3393 quia
2418 3325 2554 3378 oculi
2598 3326 2756 3378 nostri
2802 3326 3033 3377 uiderunt
3064 3324 3203 3391 quod
3250 3338 3465 3390 semper
3514 3327 3592 3377 vi-

2006 3396 2132 3476 dere
2177 3395 2620 3465 desideravimus,
2666 3405 2719 3448 et
2765 3394 2909 3464 quod
2940 3399 3187 3447 omtnbus
3216 3395 3388 3447 modis
3437 3407 3592 3464 opta-

2004 3481 2196 3519 \‘lltitlS.

2092 3536 2293 3599 Vidisti,
2322 3534 2555 3603 Dom'ne,
2596 3551 2657 3587 ne
2686 3534 2857 3599 sileas,
2908 3532 3156 3595 Domine,
3195 3550 3255 3587 ne
3296 3534 3537 3589 discedas
3567 3553 3594 3590 a

2006 3623 2103 3659 me.
2139 3607 2301 3672 Quasi
2333 3606 2498 3660 dicat:
2562 3606 2684 3672 Ipsi,
2725 3604 2959 3672 inquam,
2996 3606 3240 3657 viderunt
3270 3620 3505 3670 ptenam,
3542 3619 3596 3661 tu

2005 3686 2204 3739 autem,
2233 3673 2468 3737 Domine,
2488 3677 2658 3728 vidisti
2686 3690 2898 3728 causam
2932 3683 2983 3727 et
3012 3677 3366 3729 innocentiam
3392 3691 3592 3743 meam,

2004 3757 2055 3800 et
2083 3746 2224 3808 ideo,
2258 3745 2503 3811 Domine,
2531 3746 2571 3798 si
2603 3745 2795 3799 siluisti
2837 3761 2865 3797 a
2899 3760 3074 3812 poma,
3107 3761 3207 3799 non
3236 3747 3386 3798 sileas
3412 3761 3443 3799 a
3478 3748 3595 3803 vin-

2004 3817 2173 3880 dicta;
2203 3817 2282 3869 vel
2311 3815 2446 3869 sicut
2469 3831 2571 3868 non
2600 3816 2791 3869 siluisti
2824 3832 2850 3866 a
2887 3825 3172 3883 praecepto,
3205 3816 3431 3875 scilicet,
3454 3820 3588 3884 quin

2007 3902 2099 3953 per
2122 3901 2207 3939 me
2234 3901 2293 3939 ea
2333 3902 2450 3954 qua:
2482 3885 2689 3938 voluisti
2716 3887 3054 3953 prteciperes,
3079 3888 3149 3939 ita
3189 3886 3347 3938 etiam
3380 3901 3485 3939 non
3516 3891 3594 3941 si-

2004 3958 2116 4010 leas
2142 3973 2169 4007 a
2201 3956 2420 4024 judicio,
2471 3966 2527 4007 ut
2556 3972 2657 4007 non
2692 3957 2926 4008 vindices
2966 3957 3016 4006 in
3062 3971 3154 4008 eos
3183 3956 3585 4011 damnationem

2006 4041 2212 4091 meam;
2244 4036 2296 4080 et
2324 4043 2425 4079 non
2450 4027 2679 4079 discedas
2708 4042 2737 4077 a
2769 4042 2866 4083 me.
2898 4026 2947 4078 id
2974 4036 3057 4079 est
3086 4040 3115 4078 a
3162 4027 3291 4078 meis
3324 4028 3374 4077 in
3406 4042 3587 4092 perse-

1988 4097 2236 4158 eutione,
2267 4097 2361 4149 sed
2396 4097 2566 4162 potius
2598 4098 2731 4148 sicut
2762 4112 2852 4164 per
2880 4113 2964 4147 me
2995 4096 3301 4162 promisiSIi,
3344 4097 3419 4149 sis
3460 4113 3583 4150 cum

2002 4169 2082 4237 eis
2113 4181 2274 4237 usque
2294 4165 2360 4219 ad
2387 4168 2901 4220 consummationem
2921 4167 3125 4232 saeculi,
3147 4176 3309 4220 uteos
3336 4176 3584 4237 protegas

2001 4236 2069 4290 ab
2100 4236 2345 4288 inimicis.

2074 4305 2307 4376 Exsurge
2331 4315 2376 4358 et
2407 4306 2607 4359 intende
2638 4306 2835 4375 judicio
2876 4322 3007 4369 meo,
3050 4304 3187 4360 Deus
3216 4322 3355 4359 meus
3393 4315 3439 4359 et
3480 4304 3582 4358 Do-

2004 4377 2171 4429 minus
2192 4392 2348 4440 meus,
2383 4378 2436 4427 in
2466 4392 2673 4428 causam
2695 4392 2876 4429 meant.
2915 4376 2993 4430 Ne
3013 4377 3188 4440 sileas,
3222 4379 3458 4441 inquam,
3488 4377 3583 4430 Sed

2004 4449 2177 4516 potius
2223 4462 2446 4516 exsurge
2498 4449 2549 4499 in
2592 4446 2844 4505 vindicta,
2887 4447 2975 4515 qui
3026 4447 3297 4499 Videbaris
3318 4446 3500 4515 jacere
3531 4448 3579 4499 iu

2004 4514 2178 4587 poena.
2213 4514 2276 4568 Et
2302 4514 2525 4580 intende,
2556 4517 2608 4569 id
2638 4524 2739 4577 est,
2769 4514 3030 4587 itltetisum
3059 4528 3108 4570 te
3130 4517 3210 4569 fac
3237 4516 3288 4569 in
3318 4514 3581 4587 evidentia

2004 4588 2099 4649 rei,
2119 4586 2563 4657 judicioillorum
2593 4587 2659 4639 de
2690 4600 2773 4639 me
2803 4586 2940 4640 facto
2972 4603 3098 4650 meo,
3131 4602 3235 4640 non
3279 4602 3396 4649 suo,
3431 4586 3577 4641 scili-

2005 4670 2089 4711 cet
2119 4656 2175 4710 ιιι
2205 4656 2344 4727 quod
2377 4656 2474 4722 ipsi
2504 4667 2823 4724 putaverunt
2851 4671 2970 4711 esse
2998 4658 3062 4709 ad
3090 4671 3240 4710 suam
3283 4658 3582 4727 gloriante!

2004 4743 2176 4781 meam
2208 4726 2574 4795 ignominiam,
2608 4727 2782 4795 potius
2813 4736 3156 4780 eouvertatur
3184 4728 3249 4781 ad
3282 4726 3451 4781 meam
3475 4726 3581 4794 glo-

2004 4801 2157 4860 riam,
2191 4809 2245 4850 et
2288 4796 2355 4849 ad
2404 4812 2585 4850 eorum
2639 4796 3020 4865 ignominiam:
3057 4797 3418 4861 tu,dico,Deus
3442 4813 3582 4851 mens

2002 4869 2271 4922 creatione
2300 4877 2354 4920 et
2396 4875 2677 4934 potestate,
2710 4878 2754 4919 et
2786 4866 3037 4921 Dominus
3067 4885 3209 4921 meus
3252 4867 3581 4936 subjectioue

2002 4950 2054 4990 et
2086 4938 2375 4991 voluntate.
2406 4938 2460 4989 In
2490 4953 2594 5003 quo
2624 4952 2719 4989 nos
2751 4937 2983 5002 instruit,
3009 4949 3065 4990 ut
3092 4951 3145 4990 et
3169 4953 3264 4990 nos
3292 4939 3464 5003 illum,
3489 4937 3578 5003 qui

2004 5007 2145 5061 Deus
2188 5018 2367 5060 noster
2393 5016 2473 5060 est
2505 5022 2574 5061 ex
2622 5009 2958 5070 necessitate,
3008 5008 3261 5061 faciamus
3291 5008 3443 5061 nobis
3478 5007 3583 5061 Βο-

2004 5078 2205 5130 minam
2228 5077 2560 5143 subiectione
2590 5087 2643 5130 et
2674 5078 2966 5130 voluntate.
2997 5078 3060 5131 Et
3084 5079 3311 5142 qualiter
3348 5089 3499 5146 roget
3527 5085 3582 5130 ut

2002 5149 2243 5201 intendat
2262 5187 2276 5211 ,
2294 5146 2495 5217 judicio
2518 5146 2751 5200 declarat
2776 5186 2790 5208 ,
2816 5162 2937 5200 cum
2966 5149 3177 5200 subdit:
3211 5150 3416 5201 intende
3439 5190 3453 5211 ,
3502 5151 3581 5199 in-

2003 5233 2180 5285 quam,
2213 5219 2265 5269 in
2295 5233 2500 5269 causam
2539 5232 2698 5271 nteant
2730 5217 3159 5271 discernendam.
3194 5220 3354 5285 Quasi
3402 5219 3577 5271 dicat:

2002 5289 2115 5341 Non
2164 5298 2284 5355 peto
2340 5298 2395 5340 ut
2443 5289 2496 5341 in
2548 5287 2599 5340 id
2651 5289 2894 5340 intendas
2925 5290 3063 5352 quod
3095 5304 3380 5342 commune
3411 5290 3580 5342 habeo

2002 5373 2121 5411 cum
2154 5359 2464 5419 latronibus,
2494 5357 2697 5411 scilicet
2723 5359 2774 5411 in
2802 5372 3033 5424 pinnam,
3063 5360 3156 5412 sed
3182 5368 3239 5412 ut
3261 5359 3503 5412 intendas
3525 5359 3575 5409 iu

2003 5442 2252 5493 causam,
2286 5429 2493 5482 scilicet
2528 5429 2645 5495 quia
2684 5429 2814 5481 beati
2871 5437 2996 5481 sunt
3045 5430 3131 5496 qui
3184 5430 3577 5495 persecutionem

2003 5499 2268 5567 patiuntur
2306 5510 2509 5567 propter
2524 5500 2800 5568 Justitiam.
2834 5499 2961 5563 Qui:
2990 5514 3150 5552 causa
3181 5501 3409 5552 discreta
3441 5498 3578 5564 apud

2002 5570 2147 5623 solos
2174 5570 2338 5620 bonos
2361 5579 2463 5633 est,
2486 5585 2606 5623 cum
2627 5570 2695 5622 sit
2722 5570 3019 5621 Communis
3051 5584 3223 5635 plena.
3245 5569 3305 5622 Et
3330 5570 3448 5621 ideo
3464 5568 3576 5619 sola

2003 5654 2158 5691 causa
2185 5649 2456 5707 martyrem
2482 5642 2624 5707 facit,
2652 5654 2753 5691 non
2785 5655 2931 5705 parte
2955 5655 2972 5691 :
3001 5641 3122 5705 quia
3168 5640 3215 5692 si
3251 5654 3406 5706 turn:
3437 5654 3578 5691 mar—

2005 5719 2176 5782 tyrem
2207 5708 2425 5780 laceret,
2457 5711 2759 5779 quicunque
2800 5724 3027 5782 nequam
3057 5710 3433 5777 decollaretur,
3484 5717 3574 5762 aut
