3922 6190
281 313 384 365 665

986 312 1050 366 ΙΝ
1089 313 1505 368 PSALMOIKUM
1552 313 1799 368 Llliltilii
1844 312 2194 369 EXEGESIS.
2236 347 2304 356 —
2346 317 2589 371 PSALM.
2633 319 2848 373 XXXV.

3419 324 3522 375 (ἶϐίί

278 430 457 494 aliqua
481 424 638 478 modo
666 424 1035 486 trucidaretur,
1060 437 1423 489 coronaretur,
1457 425 1594 492 quod
1627 425 1736 478 ﬁeri
1765 424 1845 474 in-
1879 427 1920 479 A
1955 425 2096 489 prius
2126 426 2314 478 vellent
2345 436 2579 480 statuere
2627 441 2773 481 suam
2826 429 3103 493 justitiam,
3157 433 3313 485 modo
3343 436 3516 486 volunt

315 499 491 550 ianum
523 505 622 548 est.

315 499 328 550 i
370 512 491 548 nutu
523 505 622 548 est.

276 498 310 553 ά
331 513 538 620 in:ludica
567 583 644 615 me
673 565 949 616 secundum
988 563 1241 632 justitiam
1272 573 1428 624 tuam,
1464 561 1678 613 Domine
1717 561 1850 612 Duas

275 652 440 693 meus.
494 648 539 687 et
567 651 668 687 non
698 640 1106 700 superguudeant
1140 633 1281 684 mihi.
1318 632 1434 684 Non
1466 635 1633 682 dicunt
1664 634 1714 682 in
1738 648 1849 682 cor-

274 706 425 762 dibus
474 707 616 758 suis:
661 703 822 770 Euge,
875 719 998 764 euqe
1050 703 1234 754 anima:
1262 711 1468 763 nosttw,
1518 718 1608 752 nec
1636 703 1850 753 dicunt:

277 774 643 830 Devarabimus
685 791 815 826 cum.
859 772 1088 831 intende,
1143 772 1375 832 inquam,
1427 773 1480 824 in
1520 787 1748 830 causam,
1797 780 1849 822 et

273 863 374 908 me,
400 861 558 913 quem
589 844 640 895 in
666 857 817 905 temna
839 858 870 894 a
895 843 1046 894 malis
1077 856 1178 894 non
1206 841 1416 913 dividis,
1440 843 1641 913 judico,
1669 841 1718 891 id
1741 848 1843 905 est,

271 911 520 968 discerne
567 915 633 968 ab
681 914 760 966 eis
805 913 1077 965 secundum
1120 912 1396 978 justitiam,
1438 911 1485 962 itl
1534 920 1616 964 εει
1668 927 1844 962 verant

271 986 628 1039 obedientiam
659 999 820 1034 meam
846 999 862 1034 .'
893 990 945 1033 et
972 991 1144 1034 tamen
1173 990 1336 1040 tuatu,
1371 981 1420 1033 itl
1449 989 1552 1044 est,
1585 997 1612 1030 a
1639 989 1688 1031 te
1715 981 1844 1032 mihi

269 1056 476 1115 datam,
506 1053 716 1105 Domine
751 1051 882 1104 Deus
907 1068 1064 1105 meus.
1100 1051 1164 1102 Et
1192 1052 1354 1102 debes
1379 1051 1636 1117 judicare,
1668 1060 1723 1100 ιιι
1749 1049 1844 1102 ini-

271 1124 395 1178 miri
423 1123 511 1189 qui
544 1123 708 1191 gavisi
740 1133 862 1174 sunt
885 1123 951 1173 de
982 1138 1066 1173 me
1089 1120 1391 1191 interiecto,
1421 1136 1522 1191 non
1568 1135 1845 1191 superqua-

269 1196 422 1248 deant
454 1195 520 1246 de
550 1189 653 1254 me,
684 1209 786 1244 non
813 1194 880 1245 de
910 1192 1241 1243 resuscitato.
1276 1189 1380 1242 Sed
1413 1189 1498 1256 qui
1531 1190 1675 1255 prius
1698 1192 1843 1242 dixe-

268 1277 396 1318 runt
427 1264 478 1316 in
517 1276 689 1318 morte
741 1278 876 1313 mea.
908 1259 1095 1330 Euge,
1129 1276 1250 1326 euge
1278 1261 1464 1311 animm
1493 1271 1694 1321 nostrw,
1743 1276 1842 1312 non

266 1337 442 1388 dicant
475 1335 573 1387 hoc
599 1336 845 1398 amplius,
873 1329 1112 1385 videntes
1140 1345 1224 1383 me
1255 1330 1623 1383 resuscitatqu
1651 1331 1702 1381 in
1733 1345 1845 1381 cor-

265 1405 419 1459 dibus
443 1405 631 1466 suis,el
663 1404 708 1456 si
740 1401 991 1456 simulent
1017 1400 1251 1456 exterius
1280 1399 1331 1452 in
1364 1401 1534 1463 labiis,
1559 1398 1650 1451 sed
1670 1400 1843 1464 potius

264 1474 471 1532 dicant.
506 1474 612 1534 Va»,
647 1489 723 1525 va:
751 1471 944 1524 anima:
968 1480 1184 1530 nostrae.
1220 1469 1477 1522 Inﬁnitam
1510 1469 1650 1523 enim
1681 1469 1844 1522 tristi-

271 1547 401 1598 tiam
433 1543 733 1597 habuerth
758 1541 948 1605 Judmi,
1000 1543 1276 1595 audientes
1316 1540 1670 1594 resurrexisse
1695 1539 1844 1592 Chri-

266 1625 441 1672 stum,
494 1625 544 1666 et
597 1614 814 1666 mallent
851 1611 1098 1664 omnibus
1140 1610 1308 1664 modis
1361 1626 1464 1662 non
1519 1609 1843 1662 cruciﬁxisse

266 1701 425 1747 quant
456 1685 765 1738 cruciﬁxum
799 1682 1170 1736 resurrexisse.
1211 1681 1327 1733 Non
1373 1681 1562 1740 dicant,
1599 1680 1836 1747 inquam,

1952 504 2150 571 tantum
2192 512 2351 548 meam
2370 498 2479 571 just
2503 498 2622 571 (iant
2649 514 2665 548 :
2692 509 2737 571 et
2774 500 2942 550 dicant
2972 516 3182 566 senmer,
3213 501 3519 571 Magniﬁce-

1951 575 2051 625 tur,
2075 564 2122 637 id
2147 575 2244 637 est,
2265 569 2525 637 exaltetur
2555 567 2819 632 Dominus,
2836 580 2882 622 et
2909 564 3177 637 nunquam
3197 564 3400 632 set-tius,
3420 575 3520 627 hoc

1949 643 2031 686 est
2062 633 2184 686 nihil
2216 636 2441 699 amplius
2491 636 2556 688 de
2598 652 2656 690 se
2687 633 3045 704 prassumant,
3073 639 3164 692 sed
3199 649 3362 693 totum
3417 645 3520 694 Do-

1957 705 2100 752 ntino
2127 704 2412 775 aselihant.
2466 706 2538 757 Illi
2572 709 2657 775 qui
2689 709 2858 759 volunt
2891 725 3065 774 parcnt
3097 709 3270 761 datam
3317 725 3408 771 per
3433 730 3516 765 me

1948 787 2072 846 vere
2098 788 2306 825 servum
2338 774 2472 841 ejus,
2491 776 2538 828 id
2569 774 2644 830 est
2682 779 2900 830 homini.
2919 778 3050 844 Quae
3073 793 3166 841 pax
3192 789 3272 829 est
3299 780 3516 846 litigium

1950 841 2151 915 habere
2177 859 2296 894 cum
2327 847 2489 909 vitiis,
2521 857 2570 898 et
2603 841 3086 899 concortliattrcum
3118 851 3350 901 moribus
3372 841 3510 915 opti-

1948 910 2067 984 niis.
2118 913 2180 964 Et
2233 928 2359 984 vere
2413 917 2610 978 dicent,
2667 918 3023 984 Magni/iretur
3074 917 3340 980 Dominus,
3393 910 3514 981 quit

1948 980 2123 1056 lingua
2147 1001 2283 1056 mea,
2310 983 2358 1037 id
2391 995 2491 1046 est,
2525 1001 2618 1039 cor
2644 980 2855 1048 meum,
2884 988 3020 1050 quod
3054 987 3173 1039 ideo
3199 990 3390 1040 dicitur
3415 991 3516 1042 litt-

1942 1054 2063 1115 gua.
2092 1054 2212 1112 quia
2260 1055 2369 1106 Deo
2417 1056 2662 1118 IOquilttr.
2697 1056 2846 1110 Unde
2898 1057 2945 1108 in
2980 1057 3266 1120 Evangelia
3293 1058 3516 1111 habetur

1944 1122 2082 1200 quod
2117 1122 2372 1178 Dominus
2399 1125 2554 1178 Iesus
2602 1129 2775 1200 pravis
2805 1125 3214 1200 cogitationibus
3262 1127 3515 1181 adversa-

1948 1196 2144 1243 t‘iorum
2197 1209 2412 1247 suorum
2465 1196 2761 1264 respondit:
2813 1212 2924 1259 cor,
2979 1197 3213 1262 inquam,
3273 1213 3512 1251 meorum

1944 1272 2174 1334 sentitur,
2214 1279 2260 1334 Vo
2317 1264 2558 1328 Domine,
2589 1267 2908 1318 meduabitur
2927 1267 3183 1334 justitiam
3210 1278 3347 1320 tuam
3375 1283 3511 1324 esse.

1946 1327 2126 1408 idest,
2154 1333 2281 1408 nihil
2323 1336 2389 1408 de
2428 1349 2722 1408 SQltl’il‘SlLt
2746 1347 2820 1399 et,
2864 1327 2955 1389 sed
3000 1352 3210 1391 Otllllem
3255 1340 3513 1404 jnStitiatu

1946 1402 2316 1476 tibiascribvt.
2352 1405 2578 1476 Laudem
2605 1421 2730 1459 vero
2771 1417 2907 1458 tuam
2937 1421 3115 1460 veram
3143 1417 3194 1459 et
3221 1402 3514 1476 perlectam

1943 1471 2267 1541 meditabitur
2307 1477 2357 1527 in
2385 1477 2470 1528 die
2515 1475 2622 1537 illa,
2654 1492 2772 1541 qua:
2812 1478 2915 1530 erit
2945 1476 3059 1530 dies
3088 1471 3236 1537 tota,'
3265 1478 3315 1530 id
3345 1485 3431 1531 est
3463 1479 3513 1530 in

1945 1540 2114 1612 latura
2150 1544 2272 1606 vita,
2316 1546 2404 1598 ubi
2460 1550 2558 1598 erit
2591 1540 2875 1612 perpetuus
2925 1547 3040 1599 dies
3082 1545 3197 1600 sine
3229 1562 3399 1600 nocte.
3455 1550 3520 1602 Et

1945 1617 2052 1662 tota
2073 1611 2175 1677 die,
2208 1613 2257 1665 id
2300 1623 2382 1667 est
2411 1624 2514 1666 tota
2546 1611 2739 1668 utentis
2782 1617 3042 1680 puritate;
3089 1618 3166 1670 vel
3197 1627 3299 1668 tota
3331 1619 3430 1678 die.
3465 1621 3514 1671 id

1943 1683 2285 1757 estLassidue
2315 1685 2855 1757 meditabiturlaudem
2884 1685 3068 1739 Dei.Si
3092 1687 3232 1739 enim
3260 1689 3510 1757 hymnum

267 1770 413 1822 euge,
445 1771 588 1823 euge,
620 1771 708 1807 nec
734 1754 892 1805 etiam
923 1753 1116 1814 dicant,
1173 1749 1528 1829 Devorarimus
1575 1764 1705 1829 eum,
1741 1764 1834 1817 pu-
1875 1771 1916 1829 Β
1948 1749 1998 1829 in
2034 1751 2270 1829 Ecclesia
2301 1755 2470 1818 canis,
2503 1754 2687 1829 laudas
2720 1756 3030 1819 Dominum;
3060 1757 3100 1808 si
3133 1771 3260 1808 vero
3297 1749 3398 1809 non
3429 1772 3518 1811 ca-

267 1819 442 1878 lantes
473 1819 616 1891 piins
640 1826 849 1890 penitus
874 1837 1064 1874 nomen
1089 1837 1261 1876 meum
1290 1821 1550 1873 delevisse
1576 1819 1641 1891 de
1672 1831 1834 1881 terra,

268 1895 364 1947 sed
397 1890 576 1959 potius
603 1910 701 1962 ego
745 1896 994 1948 tletoretn
1037 1906 1150 1952 eos,
1181 1901 1234 1944 et
1263 1891 1364 1943 mei
1396 1892 1552 1962 etiam
1583 1890 1839 1962 devorent

267 1959 657 2031 persecutores
689 1979 836 2024 suos,
889 1974 992 2014 tam
1039 1962 1265 2030 gentiles
1291 1976 1446 2027 quam
1476 1960 1708 2031 .ludaios.
1745 1959 1839 2013 llic

264 2029 426 2088 mittit
475 2050 569 2088 nos
609 2035 674 2088 ad
717 2033 1010 2092 historiam,
1050 2029 1142 2084 ubi
1185 2033 1484 2084 continetur
1528 2029 1670 2097 quod
1715 2043 1834 2082 cum

264 2103 480 2172 Moyses
504 2107 552 2158 in
585 2114 764 2159 monte
781 2102 1205 2169 Sinai,utlegem
1236 2116 1264 2152 a
1300 2099 1833 2172 Dominoaccipetet,

259 2170 613 2242 quadraginta
663 2176 852 2228 diebus
902 2181 1099 2236 staret,
1145 2180 1198 2224 et
1240 2171 1465 2242 populus
1499 2170 1835 2242 lSraeiilicus

263 2240 564 2298 murmurat
593 2256 772 2300 contra
808 2246 982 2296 Aaron
1007 2256 1290 2307 repascens
1313 2240 1471 2292 idola.
1496 2241 1696 2292 Etcum
1721 2241 1834 2306 ipse

263 2319 446 2369 Aaron
475 2331 578 2369 non
628 2325 799 2382 posset
831 2328 923 2366 eos
954 2311 1157 2365 ratione
1203 2313 1497 2382 corrigere,
1530 2310 1694 2362 voluit
1741 2327 1832 2364 cos

261 2383 465 2438 damno
492 2380 758 2439 revocare.
797 2384 1053 2448 Praecepit
1071 2383 1227 2445 igitur
1247 2380 1326 2432 eis
1350 2391 1404 2432 ιιι
1428 2381 1672 2432 afferrent
1696 2396 1831 2446 quo-

257 2469 365 2515 que
393 2465 701 2508 ornamenta
733 2470 825 2507 sua
855 2469 1010 2506 aurea
1042 2454 1121 2503 vel
1160 2461 1427 2517 argvutea,
1477 2461 1525 2502 et
1558 2450 1679 2503 inde
1709 2452 1832 2503 fecit

259 2525 487 2576 vitulum
519 2526 855 2578 conﬂatilcm.
887 2526 1054 2588 Qttt‘lll
1087 2522 1362 2588 postmodo
1395 2521 1599 2590 Moyses
1624 2537 1742 2572 cum
1765 2522 1830 2574 de

259 2605 446 2648 monte
485 2596 755 2658 rediisset,
799 2607 846 2645 t-t
876 2596 1042 2645 multo
1064 2607 1221 2658 Sltpt'l‘
1244 2591 1343 2644 hoc
1372 2591 1699 2643 cruciaretur
1737 2592 1830 2644 do-

253 2662 395 2726 lore,
428 2666 547 2718 l'et'it
580 2668 629 2718 in
665 2667 929 2732 pulverem
961 2665 1180 2722 conteri,
1213 2673 1264 2714 et
1310 2661 1452 2728 potui
1483 2661 1826 2714 commixtum

249 2735 320 2787 ad
382 2737 746 2789 tleVoraudum
796 2736 873 2788 ris
919 2734 1161 2800 ιἰιοιιιιιιιίι.
1207 2733 1260 2784 Ιιι
1304 2747 1406 2797 quo
1452 2732 1712 2799 signatum
1747 2743 1830 2787 est

249 2805 396 2868 quod
447 2807 554 2860 veri
605 2807 857 2859 Israelita:
887 2806 974 2866 qui
1010 2803 1168 2857 futuri
1199 2813 1344 2855 erant
1373 2803 1621 2866 apostoli,
1655 2812 1709 2854 ct
1736 2806 1825 2857 alii

244 2875 462 2928 scilicet
493 2891 766 2941 prascones
795 2876 979 2936 sancti,
1014 2891 1116 2926 nou
1147 2874 1315 2924 solum
1346 2873 1597 2938 quosdam
1631 2873 1696 2924 de
1736 2872 1828 2926 Ju-

248 2944 410 3006 ἀίεις,
445 2947 538 2998 sud
569 2947 726 2999 etiam
761 2962 801 3015 gl
828 2947 982 2998 utiles
1007 2946 1093 3010 qui
1128 2943 1423 3015 idololatrra-
1439 2950 1590 2994 erant
1613 2953 1697 3015 :Aet
1735 2958 1828 3009 per

247 3015 456 3068 idolum
481 3017 631 3078 illud,
654 3013 784 3068 sculi?
807 3026 859 3068 et
885 3031 978 3082 per
1009 3015 1226 3067 vitulum
1259 3013 1601 3072 cottllatilem,
1636 3013 1824 3068 intelli-

246 3094 452 3156 guntur
483 3087 841 3156 transglntire.
874 3085 1258 3139 cottl‘ormando
1289 3082 1405 3156 sibi
1447 3083 1747 3156 debebant,
1770 3097 1826 3139 et

245 3155 304 3209 in
338 3156 483 3207 malo
510 3152 788 3220 devorare,
807 3167 961 3220 atque
988 3156 1038 3209 iu
1057 3171 1249 3222 corpus
1267 3152 1460 3207 Christi
1485 3153 1745 3219 trajicere.
1765 3156 1828 3210 Et

243 3237 472 3294 possunt
507 3241 622 3294 qua;
651 3243 811 3292 supra
842 3227 978 3279 dicta
1003 3237 1145 3290 sunt,
1179 3226 1245 3278 ab
1281 3224 1506 3292 Exsurge
1535 3232 1578 3274 et
1607 3225 1831 3292 intende,

237 3299 412 3349 etiam
435 3299 499 3348 ad
527 3299 763 3350 membra
790 3307 842 3350 et
868 3306 1230 3362 persecutores
1259 3309 1464 3358 eorum,
1482 3302 1589 3346 tam
1612 3296 1676 3349 de
1696 3309 1829 3364 geu-

238 3365 393 3419 tilnts
415 3382 574 3433 quam
604 3368 670 3420 de
698 3366 917 3423 Judzcis.
946 3382 1044 3418 suo
1071 3367 1226 3419 modo
1248 3365 1453 3418 referri.

313 3434 636 3490 Erubescant
673 3446 718 3488 et
758 3447 1075 3491 revereuntur
1094 3437 1246 3489 simul
1265 3437 1351 3496 qui
1381 3433 1703 3505 gratulantur
1723 3453 1831 3490 ma-

234 3506 302 3558 lis
335 3523 406 3557 sn:
421 3508 487 3560 is.
523 3505 815 3559 lnduantur
841 3508 1140 3576 copifusione
1169 3516 1216 3558 et
1238 3506 1533 3576 tererentia,
1565 3507 1653 3576 qui
1684 3507 1831 3560 ntali-

235 3593 343 3644 gna
378 3576 654 3642 loquuntur
680 3593 832 3645 super
859 3575 953 3629 me.
990 3577 1112 3630 Non
1135 3579 1323 3637 dicant,
1349 3575 1582 3641 inquam,
1607 3575 1827 3630 Devora-

232 3649 408 3700 vimus
456 3662 591 3711 eum,
628 3658 879 3712 quantum
908 3647 972 3698 ad
1022 3662 1126 3711 me,
1189 3648 1268 3701 vel
1309 3662 1411 3708 eos,
1457 3655 1706 3713 quantum
1763 3649 1829 3702 ad

235 3733 422 3779 meos,
456 3719 550 3769 sed
590 3720 762 3782 potius
784 3715 1082 3770 erubescant
1109 3726 1321 3782 peccata
1353 3732 1469 3775 sua.
1497 3728 1540 3767 et
1569 3718 1724 3769 simul
1749 3733 1829 3772 re-

230 3803 278 3840 ut
293 3797 535 3848 reantur,
561 3787 609 3840 id
641 3798 723 3840 est
749 3787 1100 3841 cxtiun'ssaut
1127 3804 1209 3850 ea,
1244 3788 1324 3840 vel
1354 3789 1644 3839 erubescant
1677 3802 1761 3841 me
1778 3799 1830 3843 et

230 3873 418 3919 meos,
475 3867 521 3910 et
558 3867 876 3910 rcuereantur
924 3871 1307 3926 cognoscentes
1337 3871 1395 3909 se
1427 3867 1730 3924 peccatores
1775 3870 1829 3913 et

230 3928 594 3993 intligttiorcs.
633 3929 706 3979 Illi
736 3930 822 3994 qui
851 3945 987 3980 Itlttlc
1018 3929 1345 3996 gratulantur
1363 3929 1427 3979 de
1455 3927 1829 3988 malismeis,et

228 4014 516 4056 nieorum,
539 4007 596 4050 et
626 3999 690 4050 ita
716 3999 1006 4051 erubescant
1030 4011 1073 4052 et
1104 4016 1142 4050 rt
1161 4007 1444 4058 vereantur,
1472 4009 1525 4048 ut
1549 3999 1829 4051 induantur

225 4071 547 4134 confusione
567 4077 611 4119 et
641 4084 789 4120 rerert
808 4071 932 4130 ntia,
967 4071 1014 4120 id
1043 4081 1142 4130 eat,
1170 4080 1223 4120 ιιι
1253 4081 1355 4119 tam
1383 4070 1616 4134 plenaria
1643 4069 1828 4122 conlu-

221 4138 312 4189 sio
342 4139 441 4197 sit.
471 4146 526 4190 et
560 4141 874 4199 reverentia,
925 4148 979 4191 ut
1006 4139 1297 4192 circumdet
1341 4154 1432 4192 eos
1487 4138 1630 4190 velut
1677 4140 1827 4192 indu-

226 4215 511 4260 mentum.
545 4205 855 4271 lnduantur,
883 4209 1114 4275 inquam,
1143 4209 1237 4270 illi,
1265 4211 1351 4273 qui
1376 4211 1647 4276 loquuntur
1668 4211 1826 4263 modo

219 4279 398 4340 nialu,
428 4294 536 4330 nun
561 4281 730 4330 Solum
761 4280 956 4332 faciunt
983 4295 1132 4341 suum“
1156 4296 1252 4336 mc.
1287 4283 1334 4330 id
1363 4291 1444 4332 est
1472 4283 1536 4330 de
1567 4295 1651 4332 tne
1677 4289 1731 4332 et
1760 4282 1826 4335 de

218 4348 390 4400 meis.
431 4350 492 4399 ιιι
520 4363 638 4400 vere
659 4349 953 4402 erubescant
995 4360 1040 4402 et
1067 4359 1408 4412 revereantur,
1451 4351 1570 4414 quia
1602 4349 1824 4402 exsulta-

216 4419 354 4470 bunt
387 4425 438 4469 et
483 4418 790 4471 ltetabuntar
817 4435 1002 4471 onmes
1033 4417 1124 4482 illi,
1157 4420 1240 4482 qui
1283 4434 1404 4470 cum
1459 4421 1602 4486 prius
1633 4421 1822 4472 vellent

1942 1820 2047 1892 nis,
2092 1823 2266 1874 reﬁcis
2294 1838 2488 1892 corpus
2519 1824 2640 1876 cibo
2670 1833 2761 1876 aut
2805 1840 3015 1878 somno.
3067 1827 3129 1879 lit
3185 1827 3284 1880 hoc
3317 1844 3418 1879 non
3450 1828 3519 1881 ad

1940 1890 2344 1945 delectationem
2376 1890 2574 1958 carnis,
2606 1893 2698 1946 sed
2727 1909 2792 1948 ne
2821 1894 3037 1948 delicias
3065 1896 3116 1948 in
3148 1897 3362 1949 servitio
3397 1897 3511 1950 Dei.

1942 1959 2002 2010 Et
2035 1963 2078 2012 si
2119 1962 2376 2026 quidquid
2405 1966 2556 2032 agis,
2605 1964 2694 2015 tibi
2740 1980 2950 2031 semper
2989 1967 3039 2019 in
3087 1977 3266 2019 mente
3308 1967 3520 2020 Domini

1937 2032 2216 2152 prqpouis,
2241 2033 2414 2087 omnis
2447 2035 2751 2087 innocentia
2781 2050 3002 2104 operum
3053 2045 3259 2089 tuorun
3305 2037 3521 2092 assiduo

1959 2109 2118 2152 auat
2193 2116 2338 2152 eutn.

1959 2107 2118 2152 audat
2152 2107 2338 2155 Ilettnt.

2397 2191 2461 2246 IN
2491 2194 2812 2250 PSALMUM
2845 2195 3060 2251 XXXV.

2126 2305 2179 2359 ln
2211 2304 2389 2371 ﬁnem,
2414 2322 2568 2360 servo
2602 2308 2830 2372 Domini,
2868 2308 3100 2378 psalmus
3126 2307 3307 2363 David.

2531 2433 2914 2474 ARGUMENTUM.

2004 2505 2133 2559 Cum
2155 2506 2329 2560 Saulis
2352 2506 2560 2561 insidiis
2581 2520 2881 2577 urgeretur,
2909 2509 3046 2561 hunc
3077 2508 3336 2570 psalmum
3363 2509 3520 2562 (τρισί-ι

1932 2575 2010 2631 nit
2051 2592 2119 2630 eo
2174 2578 2435 2645 praecipue
2486 2575 2720 2646 tempore
2747 2593 2866 2632 cum
2896 2594 3016 2632 eum
3074 2595 3263 2632 necare
3307 2584 3516 2644 volens,

1931 2648 2187 2714 Scyphum
2234 2657 2436 2702 tantum
2487 2665 2581 2715 pro
2611 2649 2761 2715 signo
2790 2648 2929 2711 ﬁdei,
2993 2650 3300 2716 haStamque
3335 2653 3504 2712 prori-

1931 2720 2066 2842 guit.
2119 2717 2284 2772 Aliter
2314 2718 2580 2788 Propheta
2609 2733 2728 2773 cum
2781 2718 2934 2772 laude
2962 2735 3121 2787 Opera
3153 2721 3318 2787 ipsus
3360 2718 3510 2773 Judae

1971 2799 2146 2842 tettur.

1971 2799 2146 2842 lClllll'o

2539 2895 2892 2934 EXPLANATIO.

2003 2971 2163 3028 Servo
2196 2971 2401 3025 Domini
2427 2988 2525 3024 non
2555 2973 2702 3024 alteri
2732 2975 2924 3039 accipe,
2957 2989 3108 3039 quam
3129 2973 3176 3025 ei
3203 2975 3291 3041 qui
3314 2990 3424 3025 cum
3454 2974 3505 3025 in

1930 3046 2099 3111 forma
2130 3043 2220 3096 Dei
2249 3051 2397 3106 esset,
2431 3045 2648 3112 formam
2677 3046 2802 3096 servi
2844 3045 3056 3109 accepit,
3092 3043 3508 3112 [actusiobediens

1856 3114 1902 3176 C
1932 3129 2090 3182 usque
2111 3115 2177 3165 atl
2209 3123 2440 3166 mortem.
2471 3111 2631 3166 Totus
2660 3115 2883 3180 psalmus
2910 3131 2941 3165 α
2981 3111 3194 3178 persona
3237 3111 3509 3182 ΡιιόρΙιρίιυ

1935 3184 2140 3238 dicitur.
2163 3182 2222 3236 lu
2242 3184 2402 3252 primo
2425 3185 2645 3235 membro
2669 3193 3028 3252 contemptores
3055 3183 3176 3250 legis
3198 3182 3512 3234 rchemeutcr

1933 3264 2162 3315 accusat,
2200 3251 2282 3307 eas
2313 3269 2413 3305 non
2440 3252 2670 3305 habitare
2714 3269 2829 3305 cum
2860 3251 3080 3305 Dontino
3112 3267 3507 3304 commemorans

1935 3329 1994 3375 ob
2014 3338 2185 3375 eorum
2211 3323 2394 3377 impias
2422 3324 2724 3375 voluntates.
2747 3322 2982 3375 Secundo
3011 3321 3102 3374 sub
3129 3320 3281 3372 laude
3303 3319 3508 3374 Domini

1933 3395 2119 3445 collata
2151 3393 2473 3461 prwmiorum
2503 3392 2638 3443 ιιιρηιι
2679 3393 2935 3453 describit,
2968 3407 3149 3454 eosque
3171 3393 3351 3444 domus
3394 3391 3502 3444 Do-

1934 3465 2059 3515 ntini
2080 3464 2203 3515 dicit
2233 3472 2457 3513 ubertate
2501 3462 2766 3530 compleri,
2798 3461 3103 3531 breviterque
3128 3462 3179 3514 in
3207 3462 3359 3516 ruina
3391 3479 3504 3516 uta-

1933 3532 2096 3585 lorum
2118 3531 2346 3600 psalmus
2375 3532 2465 3585 iste
2486 3533 2823 3586 conc‘uditur.

2496 3639 2922 3678 COHMENTAMUS.

2008 3720 2147 3772 Dixit
2179 3719 2394 3788 injustas
2427 3729 2478 3770 ut
2499 3720 2784 3789 delinquat.
2822 3719 3031 3772 Titulus
3060 3728 3138 3770 est
3173 3718 3310 3780 talis,
3341 3717 3404 3770 lu
3435 3719 3500 3786 ﬁ-

1931 3807 2045 3842 nem
2068 3807 2209 3843 scrro
2242 3790 2447 3842 Domini
2478 3788 2665 3851 David,
2684 3791 2970 3842 secundum
2997 3789 3394 3851 Cassimlorum,
3414 3789 3514 3856 qui.

1929 3862 2006 3913 sic
2039 3861 2338 3927 exponitur.
2390 3859 2510 3910 llam
2561 3861 2719 3910 verba
2774 3860 3074 3913 referuntur
3108 3873 3208 3910 non
3238 3859 3302 3911 ad
3337 3860 3503 3912 histu-

1931 3932 2086 3995 riam,
2115 3929 2206 3982 sed
2233 3931 2280 3982 in
2313 3932 2492 3992 tinem,
2526 3928 2575 3981 id
2620 3937 2703 3980 est
2734 3930 2784 3981 in
2817 3928 3213 3995 perfectionem,
3247 3929 3311 3980 ad
3340 3929 3496 3983 Chri-

1929 4011 2067 4052 stum
2092 4000 2326 4052 scilicet:
2357 4008 2409 4050 et
2454 4001 2554 4051 hoc
2581 3997 2700 4050 ideo
2741 4003 2862 4065 quia
2885 4011 3007 4051 sunt
3031 3997 3282 4050 attributa
3315 3999 3499 4062 David,

1928 4069 1978 4123 id
2011 4082 2091 4122 est
2122 4070 2273 4122 alicui
2305 4068 2608 4136 perfectiori
2638 4069 2703 4121 de
2725 4069 2977 4122 membris
2999 4069 3143 4136 eius:
3172 4067 3331 4121 David
3379 4070 3500 4124 dico

1928 4155 2034 4192 non
2064 4140 2412 4193 historiahter
2439 4149 2681 4204 accepto,
2725 4138 2931 4193 etiamsi
2962 4141 3025 4192 ad
3077 4139 3387 4204 l’ropltt-tatn
3419 4156 3506 4194 rc-

1927 4210 2148 4280 spicias.
2200 4209 2293 4262 sed
2349 4224 2492 4262 servo
2541 4208 2762 4271 Domini,
2803 4209 2852 4262 id
2897 4219 2977 4264 est
3009 4210 3095 4262 tali
3126 4212 3211 4275 qui
3242 4213 3305 4262 sit
3347 4225 3503 4264 verus

1926 4295 2110 4333 servus
2137 4279 2363 4338 Domini,
2390 4295 2490 4330 non
2519 4281 2762 4332 serviens
2791 4281 3089 4342 carnaliter,
3124 4279 3216 4331 sed
3247 4281 3501 4346 spiritua-

1929 4348 2067 4403 liter.
2114 4351 2212 4415 Qui
2253 4364 2440 4402 servus
2471 4349 2674 4402 Domini
2724 4351 3063 4415 reprehendit
3089 4350 3139 4401 in
3167 4350 3265 4401 hoc
3297 4350 3500 4414 psalmo

1928 4435 2214 4472 conservos
2253 4435 2377 4471 suos
2431 4417 2678 4486 injnslos,
2733 4430 3088 4488 proponentes
3116 4418 3219 4488 sibi
3258 4432 3498 4481 peccare,

214 4498 479 4542 sumere
507 4490 763 4554 justitiam
808 4503 981 4554 Sllalll,
1026 4467 1378 4542 moihirolunt
1408 4467 1636 4541 minuere
1657 4490 1819 4557 jusli-
1855 4467 1902 4526 ί)
1928 4505 2033 4542 non
2062 4491 2186 4556 quia
2238 4467 2532 4552 intelligeie
2585 4467 2687 4541 non
2723 4467 2962 4556 poss’um,
2995 4489 3088 4542 sed
3135 4467 3496 4552 quia‘uolunt:

214 4559 350 4612 tiam
378 4574 569 4610 meam.
605 4560 666 4611 Et
694 4559 893 4612 utinam
922 4561 1173 4613 exsultent
1217 4571 1263 4611 et
1305 4561 1556 4623 (tutentur,
1590 4568 1642 4610 et
1695 4559 1818 4610 reli-

214 4646 352 4694 qua.
393 4627 626 4681 Possunt
656 4644 864 4693 quoque
898 4631 1130 4696 praedicti
1165 4630 1270 4682 duo
1303 4629 1820 4682 versusinmaloac-

210 4701 329 4768 cipl
386 4700 504 4751 ita:
552 4697 672 4768 Non
714 4701 906 4761 dicant,
941 4703 1175 4767 inquam,
1229 4710 1595 4766 persecutores
1627 4699 1728 4750 mei
1770 4709 1823 4751 et

209 4767 505 4832 uti-orum,
539 4767 922 4830 Deuorabimus,
967 4771 1058 4822 sed
1092 4771 1261 4836 potius
1283 4769 1575 4821 erubescant
1605 4778 1649 4819 et
1673 4769 1822 4821 simul

205 4849 581 4901 rerereantur,
615 4837 668 4892 id
695 4849 796 4904 est,
827 4841 1073 4893 ruborem
1100 4840 1334 4892 exterius
1362 4849 1411 4891 et
1440 4841 1726 4890 innocuum
1752 4838 1820 4892 ti-

206 4925 442 4964 morem
469 4909 692 4962 interius
720 4909 996 4964 incurrant
1017 4911 1080 4962 de
1103 4911 1333 4978 nequitia
1359 4924 1452 4961 sua
1476 4910 1527 4962 in
1549 4911 1818 4972 prwsenti,

202 4980 286 5034 illi
318 4979 422 5044 qui
453 4981 777 5048 gratulantur
823 4981 972 5034 malis
1016 4980 1138 5033 meis
1172 4990 1225 5031 et
1253 4993 1512 5031 meorum.
1547 4980 1598 5031 In
1649 4979 1821 5031 futuro

199 5061 412 5103 autem
464 5049 747 5102 induantur
789 5051 1084 5118 confusione
1129 5050 1387 5116 plenaria,
1429 5059 1475 5102 et
1519 5050 1818 5114 reverentia,

1921 4559 2065 4613 etde
2093 4562 2323 4626 peccatis
2353 4559 2466 4609 suis
2497 4558 2690 4625 injuste
2721 4561 2771 4612 itt
2803 4570 3068 4612 auctorem
3097 4561 3302 4621 culpam
3325 4567 3498 4610 trans-

1922 4630 2170 4682 ferentes.
2225 4630 2368 4694 Quos
2421 4630 2882 4691 commonefacit,
2937 4628 3071 4693 quod
3125 4636 3341 4692 peccant
3389 4642 3493 4681 non

1922 4715 1985 4752 ex
2012 4699 2164 4764 culpa
2195 4699 2430 4751 auctoris
2451 4703 2529 4751 vel
2557 4698 2867 4751 dilticnltate
2894 4709 2979 4748 aut
3010 4696 3326 4748 necessitate
3353 4711 3492 4759 esse,

1922 4769 2013 4822 sed
2044 4785 2111 4822 ex
2135 4783 2316 4822 eorum
2364 4783 2521 4832 prava
2554 4769 2848 4829 voluntate,
2879 4768 3080 4822 scilicet.
3108 4769 3230 4834 quia
3279 4779 3334 4818 ut
3361 4767 3496 4822 bene

1923 4848 2100 4904 agant,
2135 4840 2323 4890 uolant
2353 4839 2665 4903 intelligere,
2718 4839 2787 4890 ita
2829 4839 3038 4890 dicens:
3075 4835 3310 4904 lnjustus
3342 4837 3495 4900 dixit,

1923 4909 1972 4960 id
1998 4917 2078 4961 est
2099 4912 2391 4974 proposuit,
2421 4916 2474 4958 cl.
2511 4908 2784 4961 coostituit
2815 4917 2866 4958 ut
2898 4908 3178 4976 delinquat,
3223 4908 3271 4958 id
3304 4919 3404 4969 est,
3441 4919 3500 4959 ut

1925 4988 2105 5042 peccet
2133 4979 2376 5029 assidue:
2412 4987 2466 5029 et
2499 4977 2597 5030 huc
2627 4993 2729 5028 non
2757 4981 2882 5030 loris
2912 4980 2962 5030 itt
2994 4989 3280 5041 conspectu
3329 4977 3501 5029 homi-

1923 5064 2070 5108 num,
2104 5047 2222 5115 quia
2255 5049 2402 5099 timct
2428 5047 2495 5100 ab
2533 5049 2612 5100 eis
2658 5049 2970 5116 reprehendi
3002 5048 3082 5100 Vel
3111 5047 3374 5116 damnari,
3401 5048 3492 5099 sed

1920 5119 1974 5170 in
2000 5119 2287 5184 semetipso,
2304 5118 2351 5168 id
2370 5127 2450 5170 est
2477 5124 2526 5168 ιιι
2551 5115 2832 5172 cordesuo
2859 5120 2995 5171 male
3011 5117 3242 5172 conscio.
3262 5115 3497 5186 Injustus

1920 5187 2174 5256 aettipitur
2201 5191 2285 5241 hic
2307 5203 2409 5240 nou
2441 5187 2666 5254 quilibet
2698 5204 2854 5249 unus,
2883 5192 2975 5243 sed
3007 5199 3172 5241 totum
3197 5186 3492 5256 genusiui-

1920 5254 2168 5326 quorum,
2210 5261 2349 5328 quod
2396 5259 2710 5311 adversatur
2763 5259 2858 5312 sibi
2909 5259 3254 5328 intelligendo
3277 5265 3335 5307 ut
3364 5254 3498 5328 bene

1919 5323 2063 5395 agat,
2097 5345 2202 5382 non
2229 5323 2364 5398 'quia
2397 5343 2499 5380 nOn
2531 5331 2715 5396 possit,
2763 5331 2854 5382 sed
2885 5331 3006 5397 quia
3041 5323 3143 5398 non
3175 5327 3320 5398 vult._
3344 5323 3500 5378 Aliud

1918 5409 2001 5452 est
2027 5403 2166 5452 enim
2195 5395 2406 5467 quando
2436 5395 2627 5469 aliquis
2667 5395 2914 5469 conatur‘
2939 5397 3140 5465 aliquid
3175 5395 3495 5469 intelligere,

1919 5472 2012 5522 sed
2037 5486 2141 5522 non
2174 5481 2345 5535 potest
2377 5485 2486 5536 prae
2529 5467 2752 5522 humana
2785 5468 3120 5534 inﬁrmitate,
3159 5467 3280 5535 quia
3313 5481 3498 5534 corpus

1917 5539 2052 5607 quod
2078 5541 2437 5610 corrumpitur,
2477 5551 2715 5610 aggravat
2755 5541 3016 5602 animum;
3047 5539 3192 5592 verbi
3221 5539 3406 5605 gratia,
3443 5547 3502 5592 ut

1921 5611 2061 5675 quod
2091 5611 2282 5662 dicitur
2303 5610 2369 5662 de
2390 5609 2696 5676 aequalitate
2727 5609 3023 5673 'l’rinitatis,
3053 5609 3194 5662 etde
3217 5611 3306 5660 illo
3336 5610 3496 5661 verbo

1919 5682 2059 5747 quod
2083 5689 2188 5732 erat
2221 5680 2272 5732 in
2297 5679 2543 5749 principio
2565 5682 2701 5749 apud
2725 5679 2905 5745 Deum,
2933 5687 3064 5745 ctc.,
3108 5695 3229 5748 qua:
3251 5677 3498 5730 dicuntur

1922 5759 1988 5807 de
2018 5751 2314 5821 divinitate,
2361 5751 2586 5807 humana
2635 5751 2914 5808 inﬁrmitas
2945 5750 3218 5822 rercipere
3264 5764 3367 5804 non
3399 5765 3496 5818 po~

198 5123 518 5188 quicunque
544 5120 769 5185 maligna
815 5122 1088 5183 loquuntur
1123 5135 1275 5187 super
1298 5135 1392 5183 me,
1427 5119 1477 5172 id
1525 5131 1606 5172 ρει
1637 5120 1704 5171 de
1734 5134 1820 5172 me

198 5201 260 5246 et
315 5191 398 5243 de
446 5191 600 5243 meis.
651 5191 800 5256 Quod
847 5206 971 5244 vere
1022 5201 1146 5244 tunc
1185 5189 1306 5252 erit,
1357 5189 1568 5257 quando
1607 5189 1815 5242 dicent:

197 5260 328 5316 Nos
369 5263 627 5312 insensati
655 5262 1070 5314 existimabamus
1120 5261 1274 5313 vitam
1305 5260 1512 5314 illorum
1541 5261 1815 5324 insaniant,

195 5343 254 5388 et
282 5332 535 5397 reliqua.

277 5401 577 5455 Exsultent
615 5411 662 5454 et
709 5402 942 5454 lwtentur
969 5402 1054 5469 qui
1082 5399 1255 5453 volunt
1265 5401 1528 5469 justitiam
1554 5416 1738 5462 meum,
1768 5409 1818 5454 et

192 5474 398 5526 dicant
426 5487 644 5539 semper,
670 5470 1030 5542 Magni/icetur
1053 5471 1325 5542 Dominus,
1347 5473 1431 5540 qui
1452 5471 1623 5523 volunt
1641 5487 1817 5540 pacem

191 5547 348 5598 servi
410 5543 550 5610 ejus.
580 5542 743 5606 Quasi
767 5541 942 5595 dicat:
977 5543 1092 5594 Mali
1124 5541 1337 5608 quidem
1363 5549 1418 5594 et
1447 5553 1817 5608 persecutotes

190 5617 501 5683 patiantur
547 5621 603 5664 et
653 5611 737 5664 hic
772 5623 826 5666 et
872 5615 922 5665 in
973 5612 1180 5683 futuro.
1221 5612 1292 5664 Ex
1341 5612 1587 5683 opposito
1639 5623 1816 5683 autem

186 5681 483 5736 exsultent
509 5691 554 5733 et
587 5685 818 5734 leuentur
861 5683 1102 5745 interius,
1135 5682 1184 5734 id
1215 5692 1296 5735 est
1348 5681 1640 5749 plenariam
1683 5682 1818 5734 heli-

187 5754 333 5811 tiam
407 5751 632 5817 habent,
687 5761 741 5807 et
796 5754 881 5808 hic
918 5763 970 5809 et
1021 5754 1073 5807 itt
1129 5754 1327 5822 futuro,
1365 5753 1665 5822 omnesqui
1696 5767 1817 5806 cum
