3922 6190
425 337 528 392 667

896 335 1094 390 BEDrE
1143 332 1584 389 VENEll.\DlLIS
1622 335 1768 389 Ol‘P.
1814 332 1985 388 PARS
2024 330 2087 384 ll.
2127 327 2321 387 SEC'I‘.
2361 332 2424 385 ll.
2467 361 2534 372 -
2576 331 2774 387 DUBIA
2820 331 2911 386 ET
2948 332 3215 388 SPURH.

2377 190 2410 211 0

3583 337 3689 390 638

431 462 553 515 test,
577 451 705 506 etin
739 450 929 504 talibus
956 450 1249 517 ignorantia
1281 464 1382 501 non
1416 458 1495 501 est
1528 458 1831 514 peccatum:
1862 447 2002 501 aliud
2035 445 2082 503 Α
2114 445 2445 517 it‘Clttlitt'tettl
2495 447 2808 501 immortalis
2838 450 3134 515 sapientiae.
3169 450 3273 505 Sed
3308 452 3463 507 valde
3482 467 3682 506 caven-

424 540 452 568 ν
467 538 561 575 ero
589 530 690 588 εει,
709 521 917 588 quando
950 521 1298 586 perniciosius
1322 520 1427 584 agit
1448 530 1627 572 contra
1659 520 2002 585 semetipsum

420 608 528 645 cor
559 594 866 650 hnmaomn,
897 591 1099 642 scilicet
1127 599 1184 643 ut
1206 606 1309 640 non
1352 588 1607 656 intelligat
1636 589 1774 655 quod
1809 589 2005 640 intelli-

426 677 561 730 gere
594 670 789 726 posset.
820 662 861 713 si
888 660 1130 711 voluntas
1160 659 1467 711 accederet:
1505 675 1607 712 non
1631 660 1751 726 quia
1774 658 2008 730 diflicilis

428 729 540 795 est,
565 731 657 782 sed
682 733 801 797 quia
834 731 1072 782 voluntas
1104 746 1261 796 prava
1293 740 1346 782 et
1377 745 1560 781 aversa
1584 740 1697 791 est;
1721 729 1861 796 quod
1886 737 2010 781 tunc

433 811 539 863 est,
572 800 782 867 quando
812 800 1051 852 homines
1098 809 1275 852 amant
1318 811 1555 863 peccata,
1592 809 1646 851 et
1674 799 1900 851 oderunt
1926 798 2008 851 di-

445 870 560 922 vina
605 882 888 937 prmcepta,
918 872 1038 934 quia
1070 884 1246 921 sermo
1274 870 1483 924 divinus
1528 868 1864 922 adversarius
1892 878 2012 921 tuus

442 950 546 1001 cst,
572 940 613 991 si
646 939 822 1007 diligis
848 938 1175 1007 iniquitatem
1202 951 1373 993 tttam:
1406 940 1607 992 amicus
1624 948 1884 992 verotnus
1909 950 2009 1002 εει,

440 1011 485 1063 si
513 1008 631 1062 odis
653 1025 788 1063 eam.
820 1011 883 1062 Et
912 1011 986 1061 sic
1027 1011 1175 1062 eritis
1204 1012 1308 1062 duo
1337 1010 1400 1061 ad
1434 1011 1795 1074 perimendum
1827 1009 2014 1077 iniqui-

442 1090 606 1133 tatem
639 1088 801 1144 tuam,
827 1092 879 1133 tu
906 1080 1102 1132 scilicet
1139 1092 1191 1131 et
1212 1095 1386 1133 sermo
1414 1080 1656 1132 divinus:
1681 1081 1803 1148 quia
1838 1094 1929 1147 per
1962 1089 2014 1133 te

444 1160 742 1215 nonpotes,
773 1161 824 1204 et
853 1150 970 1202 ideo
1003 1152 1042 1201 si
1063 1150 1178 1202 odis
1208 1151 1373 1216 ipsam
1406 1150 1760 1218 iirqttitatetn,
1793 1161 1845 1202 et
1876 1150 2015 1204 Deus

442 1218 702 1273 dimiserit
722 1236 859 1283 eam,
886 1220 1016 1273 liber
1046 1219 1169 1271 eris.
1200 1220 1255 1274 Si
1302 1231 1477 1271 autem
1511 1220 1684 1283 diligis
1723 1235 1861 1280 eam,
1887 1235 2014 1272 con-

445 1289 667 1342 trarium
710 1290 803 1343 tibi
854 1298 937 1343 est
995 1290 1250 1357 quidquid
1280 1290 1473 1342 dicitur
1503 1301 1685 1343 eontra
1726 1307 1874 1342 eam:
1910 1306 2013 1343 non

445 1360 565 1419 quia
586 1360 875 1427 intelligere
906 1377 1005 1411 non
1038 1363 1226 1427 possis,
1247 1361 1339 1413 sed
1366 1363 1485 1428 quia
1511 1375 1612 1412 non
1642 1360 1737 1412 vis.
1760 1360 2015 1413 Planissi-

448 1445 591 1482 mum
637 1430 778 1483 enim
825 1443 876 1483 et
918 1430 1309 1495 apertissimum
1342 1439 1423 1481 est
1466 1430 1609 1482 omni
1645 1430 1842 1483 homini
1887 1431 2017 1485 illud

449 1508 802 1566 prteceptunt:
836 1502 986 1566 Quod
1016 1501 1100 1553 tibi
1133 1517 1232 1553 non
1278 1502 1350 1552 vis
1377 1500 1508 1566 ﬁeri.
1538 1501 1685 1553 alteri
1726 1516 1789 1553 ne
1814 1501 2013 1567 feceris,

448 1570 569 1639 quia
593 1572 815 1638 quisque
841 1572 890 1623 in
920 1572 1097 1639 seipso
1129 1571 1228 1623 hoc
1254 1570 1531 1625 advertere
1564 1579 1756 1635 potest.
1811 1574 1874 1624 Et
1901 1573 2019 1626 ideo

448 1638 684 1708 quisquis
716 1642 816 1695 hoc
838 1656 940 1693 non
973 1638 1238 1709 intelligit,
1285 1656 1388 1694 non
1421 1640 1763 1707 imputabitur
1786 1641 2017 1695 difficul~

453 1708 569 1771 tati,
623 1712 726 1763 imo
779 1712 1051 1763 voluntati.
1090 1708 1167 1765 Et,
1200 1712 1321 1777 quia
1356 1712 1455 1763 hoc
1500 1720 1582 1763 est
1612 1711 1858 1776 injusms,
1900 1712 2020 1767 ideo

453 1794 559 1831 non
582 1794 643 1832 es
688 1780 1020 1845 difﬁcultate,
1047 1783 1139 1833 sed
1182 1796 1246 1832 ex
1280 1782 1551 1833 voluntate
1574 1781 1730 1845 dixit,
1762 1791 1815 1833 ut
1839 1782 2018 1836 delin—

452 1860 597 1916 quat.
629 1850 691 1901 Et
729 1851 849 1917 quia
882 1866 984 1903 non
1017 1865 1175 1904 ausus
1214 1860 1295 1903 est
1347 1851 1541 1917 palam,
1574 1850 1808 1918 confugit
1833 1852 1897 1904 ad
1928 1869 2022 1907 oc-

453 1918 646 1991 cultam
677 1920 854 1991 cordis
878 1922 1281 1991 conscientiam.
1317 1919 1421 1974 Sed
1451 1936 1570 1973 cum
1601 1920 1751 1973 timet
1798 1935 2025 1991 conSpe-

454 1997 599 2058 ctum
619 1989 869 2053 hominis,
886 1990 1051 2043 multo
1067 1991 1233 2058 magis
1246 1990 1460 2043 deberet
1481 1993 1669 2044 timere
1685 1989 2023 2058 conspectum

460 2056 577 2119 Dei.
601 2060 687 2124 qui
716 2061 855 2125 quod
886 2056 1225 2126 conspicitin
1256 2061 1435 2122 corde,
1452 2062 1588 2113 sicut
1607 2061 1764 2112 homo
1792 2056 1843 2113 in
1870 2063 2022 2119 facie.

461 2129 613 2199 Quod
644 2129 755 2194 ipse
786 2130 1078 2195 intelligere
1106 2140 1307 2199 poSset,
1339 2130 1381 2182 si
1406 2130 1680 2182 attendere
1712 2130 1890 2185 vellet.
1922 2135 2027 2189 Sed

460 2196 579 2250 ideo
622 2214 723 2250 non
766 2201 1004 2262 attendit,
1055 2196 1176 2269 quia
1217 2200 1365 2253 timor
1426 2199 1630 2251 Domini
1667 2216 1765 2252 non
1802 2211 1873 2255 est
1917 2216 2034 2259 ante

461 2269 636 2341 oculos
660 2270 789 2339 ejus,
835 2270 883 2323 id
922 2281 1021 2332 est,
1054 2272 1175 2335 quia
1210 2286 1312 2323 non
1354 2272 1636 2340 perpendit
1681 2270 1844 2324 Deum
1887 2273 2034 2341 judi-

461 2353 577 2411 ccm
624 2338 674 2392 itt
724 2342 917 2395 rebus:
961 2342 1101 2411 quod
1148 2342 1190 2395 si
1253 2338 1630 2409 perpenderet,
1675 2342 1855 2411 utique
1888 2338 2035 2400 'eutn

463 2410 691 2462 timeret.

538 2480 789 2551 quoniam
819 2481 989 2535 dolose
1015 2485 1114 2549 egit
1153 2484 1202 2534 in
1246 2488 1517 2545 conspccltt
1561 2480 1691 2551 ejus,
1722 2490 1775 2533 ut
1807 2482 2038 2538 invenia-

464 2557 552 2620 tur_
576 2547 813 2620 iniquitas
842 2553 949 2620 ejus
978 2547 1060 2602 ad"
1089 2552 1282 2615 adium,
1326 2564 1428 2605 etc.
1487 2547 1679 2603 Probat
1708 2553 1776 2603 ab
1823 2553 2034 2619 affectu,

467 2616 586 2689 quia
621 2616 979 2689 injustus'non
1014 2621 1157 2674 timet
1208 2624 1392 2685 Deum,
1430 2620 1551 2688 quia
1590 2620 1713 2673 facit
1743 2624 1885 2689 quod
1929 2616 2037 2679 non

468 2687 777 2762 faceret,rsi
816 2704 936 2762 eum
969 2691 1199 2745 timeret.
1252 2687 1666 2762 Dolose’scilicet
1706 2687 1810 2762 agit
1839 2694 1891 2746 in
1918 2711 2040 2747 can-

466 2768 640 2829 speCtu
667 2761 798 2829 ejus,
843 2760 893 2813 id
924 2769 1025 2826 est,
1060 2764 1109 2814 in
1139 2761 1299 2815 corde
1340 2776 1436 2813 suo
1466 2760 1552 2813 ubi
1594 2762 1707 2829 ipse
1742 2760 1881 2816 Deus
1911 2779 2039 2818 con—

468 2826 661 2898 spicit:
689 2826 748 2882 ἐι
799 2831 849 2883 itt
899 2830 996 2882 hoc
1025 2832 1209 2885 dolose
1257 2832 1382 2898 agit,
1429 2826 1633 2885 scilicet
1663 2840 1716 2885 ut
1758 2833 2040 2889 inueniatur

467 2896 707 2970 iniquitas
754 2901 863 2970 ejus
891 2900 959 2953 ad
1003 2902 1198 2965 adium,
1231 2901 1280 2955 id
1300 2896 1413 2964 Vest,
1452 2902 1572 2969 quia
1620 2916 1723 2956 non
1755 2904 1867 2957 volt
1916 2920 2041 2959 vere

471 2966 707 3021 invenire
759 2966 1088 3036 iniquitatem
1133 2988 1280 3025 suam
1330 2973 1395 3023 ad
1448 2966 1546 3024 hoc
1593 2982 1649 3025 ut
1698 2973 1823 3027 odio
1849 2974 2044 3030 haheat

473 3036 640 3109 ipsam
675 3043 961 3093 inventam.
992 3044 1125 3095 Sunt
1154 3043 1292 3095 enim
1320 3041 1468 3095 multi
1501 3042 1587 3108 qui
1613 3043 1760 3109 qua~i
1781 3056 2042 3101 conantur

470 3104 805 3181 iniquitatem
836 3126 985 3164 suam
1018 3112 1299 3181 inquirere,
1342 3121 1396 3164 et
1441 3104 1770 3166 tau-teneam
1802 3114 2043 3171 invenire

473 3177 684 3253 timent,
709 3196 772 3232 ne
801 3180 1005 3234 dicatur
1025 3177 1103 3236 eis
1128 3200 1138 3235 :
1168 3183 1303 3236 Ecce
1328 3182 1580 3235 hactenus
1599 3182 1899 3251 ignorantes
1923 3201 2043 3253 pec-

476 3249 658 3310 castis,
713 3266 850 3302 nunc
904 3267 1029 3303 vero
1070 3253 1394 3319 iniquitatem
1440 3249 1780 3315 cognoscitis,
1821 3249 2047 3311 desinite

475 3331 600 3385 ergo
632 3332 886 3392 peccare;
917 3332 967 3374 et
999 3321 1047 3375 lii
1100 3323 1310 3385 dolose,
1341 3337 1442 3375 non
1488 3323 1694 3377 sincere
1745 3334 1926 3392 agunt,
1978 3326 2044 3379 ti-

477 3395 683 3461 mentes
706 3390 1032 3454 iniquitatem
1060 3394 1108 3445 in
1122 3395 1299 3447 Venire
1321 3407 1476 3461 quam
1502 3394 1748 3446 simulant
1785 3390 2047 3454 qttzerere.

476 3457 615 3512 Sum
644 3459 776 3534 item
797 3463 882 3514 alii
915 3464 1000 3526 qui
1051 3465 1230 3516 dolo~e
1261 3457 1425 3531 agunt
1450 3472 1518 3534 Aut
1552 3462 1821 3517 inveniant
1849 3466 2049 3534 iniqui-

483 3537 667 3591 tatem,
693 3532 811 3597 quia
846 3547 947 3583 non
976 3548 1039 3585 ex
1072 3534 1230 3587 corde
1258 3545 1415 3600 agunt
1449 3532 1777 3598 iniquitatem
1810 3532 2050 3601 quaerere

479 3608 533 3651 et
570 3602 766 3652 odissv.
801 3602 863 3654 Et
903 3603 1021 3667 quia
1055 3604 1207 3655 dolus
1232 3612 1312 3657 est
1342 3604 1393 3655 in
1428 3604 1786 3670 inquisitione,
1812 3606 2050 3658 defensio

479 3672 641 3741 estin
674 3672 993 3726 inviutionc.
1027 3674 1079 3723 Si
1126 3675 1264 3725 enim
1308 3676 1516 3725 sincere
1562 3688 1677 3725 eam
1727 3685 2048 3741 qutun-rent,

482 3739 747 3794 inventam
780 3758 897 3794 eam
928 3758 1049 3796 vere
1078 3743 1336 3802 odissent,
1369 3752 1421 3795 et
1460 3758 1563 3795 non
1592 3739 1938 3796 defenderent
1965 3739 2049 3798 di-

477 3823 701 3864 centes:
742 3813 874 3876 Quid
926 3828 1020 3865 nos
1068 3812 1329 3866 feriatus?
1360 3811 1544 3865 Nonne
1596 3814 1694 3866 hoc
1737 3828 1921 3867 omnes
1965 3816 2053 3867 fa-

480 3878 670 3950 ciunt?
696 3881 936 3950 Nunquid
980 3883 1115 3935 Dens
1149 3884 1448 3949 perditurus
1489 3894 1569 3935 est
1606 3900 1791 3937 omnes
1826 3886 1940 3935 talia
1972 3890 2051 3937 fa-

480 3949 718 4023 cientes?
768 3949 1032 4021 Mtiltaque
1076 3954 1265 4005 similia
1318 3952 1666 4007 defendemes
1722 3954 2051 4023 iniquitatem

480 4018 695 4083 dicunt;
756 4024 893 4075 unde
948 4018 1166 4091 apparet
1213 4023 1336 4091 quia
1397 4024 1622 4088 dolo-e,
1688 4018 2055 4081 non'sinccre

481 4099 663 4154 agunt.

569 4156 724 4211 Verba
758 4161 861 4232 oris
890 4162 1018 4225 eius.
1056 4161 1252 4215 Probat
1275 4162 1566 4216 secundum
1597 4163 1817 4216 alteram
1852 4174 2052 4232 partem

490 4237 714 4300 tantum,
742 4230 942 4284 scilicet
980 4233 1269 4284 secandum
1303 4232 1420 4284 illos
1463 4233 1552 4299 qti
1582 4235 1731 4300 quasi
1780 4230 2057 4289 inveniunt

489 4297 925 4375 ittiqttitatem,_e_t_
958 4301 1267 4375 defendunt.
1294 4297 1632 4375 Quoniam‘vt
1655 4319 1711 4355 re
1749 4305 1922 4357 dolose
1949 4308 2054 4375 agit

490 4368 735 4442 injustas,
772 4370 1019 4442 videlicet
1046 4388 1138 4439 per
1170 4372 1267 4424 hoc
1306 4374 1426 4439 quia
1470 4371 1616 4424 verba
1656 4375 1756 4425 oris
1796 4376 1903 4442 ejus
1933 4368 2057 4429 sunt

485 4454 591 4511 non
620 4441 788 4493 solum
814 4440 1012 4510 iniqua,
1036 4442 1126 4494 sed
1156 4442 1267 4509 ipsa
1293 4442 1552 4509 iniquitas,
1575 4443 1696 4510 quia
1724 4440 2050 4511 iniquitatem

486 4509 692 4563 scilicet
719 4509 982 4564 inventam
1013 4514 1267 4566 defendit.
1302 4514 1365 4565 Et
1392 4513 1509 4565 ideo
1534 4509 1689 4566 verba
1721 4509 1843 4566 sunt
1867 4517 2045 4581 iniqua

488 4581 540 4651 i_n
572 4581 905 4643 defensione,
937 4584 1057 4650 quia
1099 4584 1247 4636 dolus
1290 4584 1559 4651 praecessit
1600 4585 1649 4635 in
1692 4584 2047 4651 inquisitione.

489 4649 559 4703 Et
588 4666 711 4704 vere
734 4652 880 4704 delos
910 4649 977 4705 ibi
1009 4654 1124 4715 fuit,
1154 4649 1471 4717 quianoluit
1496 4667 1654 4719 agere
1683 4649 1823 4721 quod
1858 4658 2048 4721 potuit,

488 4720 821 4794 iniquitatem
862 4724 1064 4777 scilicet
1095 4739 1216 4778 vere
1247 4723 1513 4794 inquirere
1555 4732 1610 4776 et
1642 4720 1958 4794 intelligere,
1988 4728 2053 4778 ad

487 4788 670 4861 hocgut
710 4808 825 4845 eam
859 4804 1218 4861 postponeret,
1250 4803 1303 4848 ει
1323 4788 1409 4847 sic
1452 4792 1589 4846 bene
1618 4788 1837 4861 ageret:
1861 4798 1925 4847 Et
1956 4806 2053 4849 Iioc

490 4859 726 4931 probata
761 4859 1094 4931 repugnanti.
1129 4864 1287 4929 Quasi
1325 4864 1502 4917 dicat:
1538 4859 1673 4917 Vere
1700 4865 1860 4917 noluit
1908 4866 2053 4918 intel-

490 4929 647 4999 ligere
676 4942 727 4984 ut
754 4929 878 5004 bene
905 4943 1091 5001 ageret,
1116 4938 1233 5002 quia
1267 4937 1439 5004 potius
1469 4943 1520 4985 et
1550 4933 1876 5001 iniquitatem
1905 4936 2053 5002 cogi-

495 5009 642 5065 tant,
665 5014 715 5054 et
750 5003 1076 5069 iniquitatem
1111 5003 1347 5070 perfecit,
1379 5004 1516 5071 quod
1550 5004 1629 5057 sic
1657 5005 1805 5067 dicit,
1832 5004 2053 5057 Medita-

488 5081 568 5122 tus
619 5079 689 5123 est
736 5085 1147 5145 petsevcranter
1185 5074 1412 5141 injustas
1462 5075 1795 5145 iniquitatem,
1846 5077 1895 5128 id
1949 5086 2052 5139 εει,

488 5155 712 5207 peccare
742 5144 794 5193 in
821 5143 975 5195 cubili
999 5160 1111 5207 suo,
1138 5144 1186 5196 id
1216 5156 1298 5198 est
1321 5145 1370 5197 itt
1393 5143 1554 5198 corde
1582 5161 1697 5208 suo,
1724 5156 1777 5199 et
1805 5150 1963 5199 etiam
1988 5147 2054 5197 ad

487 5214 731 5283 ellectum
764 5213 1012 5276 perduxit
1057 5230 1172 5283 qua:
1226 5216 1362 5268 male
1407 5217 1691 5283 cogitavit:
1734 5218 1856 5283 quia
1896 5217 2055 5269 astitit

486 5282 625 5335 omni
670 5283 762 5354 uite
790 5298 892 5334 non
931 5282 1090 5346 banw,
1134 5282 1489 5350 perseverans
1512 5286 1609 5337 fuit
1638 5284 1689 5338 itt
1720 5288 1863 5338 omni
1894 5302 2056 5354 opere

488 5354 649 5405 male.
686 5352 793 5406 Via:
831 5354 970 5406 enim
1000 5358 1259 5407 malorum
1304 5357 1548 5409 dicuntur
1575 5371 1735 5424 prava
1763 5352 2053 5424 operaeo—

486 5437 627 5485 rum,
663 5437 755 5477 cor
786 5439 910 5478 vero
954 5436 1193 5477 nostrum
1252 5426 1443 5479 dicitur
1489 5428 1659 5480 cubile
1704 5438 1941 5480 nastrum
1988 5424 2054 5478 ad

490 5494 914 5559 similitudinem,
944 5495 1153 5550 scilicet
1188 5496 1308 5562 quia
1342 5496 1392 5547 in
1424 5511 1489 5549 eo
1516 5498 1803 5563 quiescitur
1830 5512 1859 5549 a
1885 5496 2051 5558 sanis,

491 5562 540 5614 id
569 5576 666 5634 est
714 5564 900 5629 bonis;
932 5574 1023 5618 aut
1067 5567 1335 5619 laboratur
1364 5568 1430 5618 ab
1461 5562 1636 5634 aegris.
1671 5568 1721 5621 id
1770 5576 1853 5621 εει
1880 5566 2051 5620 malis.

488 5632 676 5686 Solent
720 5638 860 5687 enim
900 5634 1022 5688 boni
1068 5650 1098 5687 a
1142 5636 1366 5702 strepitu
1395 5632 1649 5690 esteriori
1697 5639 1747 5691 in
1791 5647 2053 5691 secretum

487 5704 668 5754 cordis
708 5717 781 5778 se.
806 5706 1061 5778 recipere,
1093 5714 1147 5778 et
1189 5708 1256 5757 ibi
1290 5711 1564 5774 quiescere
1592 5717 1643 5759 et
1674 5708 1904 5778 gaudere
1937 5725 1949 5760 :
1984 5706 2053 5778 ita

486 5778 668 5825 tamen
695 5772 738 5827 si
770 5772 959 5827 bonam
991 5775 1095 5829 illic
1124 5772 1439 5832 invenerunt
1470 5772 1710 5845 usotcni,
1740 5780 1941 5837 scilicet
1963 5777 2052 5834 dc-

2111 516 2234 568 dtnn
2277 528 2358 569 est
2389 534 2455 569 ne
2506 518 2627 571 inde
2675 518 2852 587 ejiciat
2894 520 3121 587 aliquem
3157 524 3292 574 mala
3326 538 3487 583 uxor,
3525 526 3572 575 id
3606 535 3697 577 est

2114 587 2287 658 fumus
2319 589 2469 638 malm
2499 589 2858 642 conscientiae.
2894 590 3070 655 Quare
3108 593 3237 643 satis
3268 593 3432 645 miser
3463 592 3693 658 injustas

2114 656 2211 725 iste
2242 667 2344 718 est,
2377 658 2462 724 qui
2493 661 2576 710 ob;
2615 662 2844 712 maxime
2870 660 3090 712 deberet
3130 663 3425 725 quiescere,
3475 656 3689 716 scilicet

2114 723 2419 798 ineorde,
2468 728 2679 798 laborat
2721 730 2888 796 magis
2940 723 3222 782 tumultum
3277 723 3471 785 habere
3528 748 3694 798 quam

2113 794 2412 867 quiescere.
2448 796 2637 859 Astitit,
2683 794 2920 867 inquam,
2948 800 3085 851 omni
3124 801 3217 853 via:
3249 817 3348 853 non
3377 794 3559 855 boote}
3592 803 3697 857 hoc

2116 874 2290 940 antem
2318 866 2443 940 ideo
2469 867 2661 920 factum
2684 866 2767 919 est
2786 869 2907 937 quia
2932 870 3175 921 malitiam
3196 886 3313 938 quae
3335 871 3387 923 in
3415 873 3531 940 ipso
3551 883 3692 935 erat,

2117 934 2165 1008 id
2198 944 2280 987 est
2321 935 2555 1008 fomitem
2605 934 2827 1005 peccati,
2865 954 2969 992 non
2996 955 3121 993 vere
3151 934 3505 1008 inquisivit'et
3534 934 3694 1004 adiit,

2118 1006 2223 1055 imo
2263 1020 2360 1078 per
2384 1006 2560 1078 omnia
2594 1008 2641 1060 ei
2674 1009 2964 1063 consensit.
2995 1008 3107 1064 Non
3139 1006 3281 1063 enim
3321 1025 3603 1078 possumus
3640 1014 3694 1065 in

2118 1075 2361 1140 praesenti
2395 1077 2647 1129 malitiam
2700 1092 2804 1130 non
2855 1080 3073 1141 habere,
3114 1075 3391 1143 possumus
3423 1096 3548 1133 vero
3571 1096 3696 1135 eam

2117 1143 2312 1215 odisse.
2350 1145 2497 1199 Unde
2529 1147 2813 1212 Apostolus
2842 1165 2854 1199 :
2881 1147 2972 1201 Est
3006 1162 3259 1215 peccatum
3284 1152 3337 1201 in
3363 1160 3529 1203 vestro
3560 1167 3697 1204 mor-

2117 1214 2208 1264 tali
2233 1230 2463 1282 carpare,
2494 1216 2582 1268 sed
2605 1234 2704 1268 non
2733 1229 2903 1283 regnet
2925 1214 3351 1272 adobediendum
3376 1220 3547 1273 hmres
3575 1236 3699 1274 car-

2120 1286 2223 1335 nis.
2268 1284 2379 1337 Erit
2423 1295 2598 1339 autem
2650 1288 2863 1353 quando
2898 1291 3149 1341 malitiam
3201 1306 3305 1342 non
3352 1290 3694 1354 habebimus,

2120 1354 2331 1422 quando
2361 1357 2559 1409 scilicet
2588 1356 2684 1409 hoc
2710 1360 2926 1411 mortale
2955 1359 3125 1412 induet
3154 1362 3614 1423 immortalitatem,
3650 1371 3697 1414 et

2121 1424 2392 1476 novissima
2441 1442 2575 1478 mars
2617 1427 2921 1481 destruetur.
2971 1429 3107 1482 Ante
3152 1445 3276 1482 vero
3334 1430 3439 1484 hvic
3488 1440 3699 1496 templis

2124 1509 2335 1568 semper
2363 1498 2415 1568 in
2464 1497 2614 1549 nobis
2652 1499 2756 1551 erit
2801 1499 3081 1552 delectatio
3129 1499 3442 1568 iniquitatis,
3472 1509 3527 1553 et
3577 1501 3699 1554 ideo

2125 1564 2263 1638 adsit
2286 1566 2441 1618 nobis
2461 1580 2491 1617 e
2513 1577 2692 1638 contra
2719 1568 3000 1622 delectatio
3021 1564 3282 1637 aequitaiis
3314 1580 3701 1638 praeceptorum

2130 1632 2246 1696 Dei,
2272 1649 2374 1702 qua
2398 1637 2945 1707 contrainiquitatem
2979 1632 3290 1706 pugnemus.
3313 1632 3367 1693 ει
3394 1632 3563 1707 ipsum
3590 1642 3705 1694 vin-

2130 1718 2311 1756 camus
2338 1720 2349 1754 :
2381 1708 2502 1773 quia
2536 1706 2676 1759 aliud
2706 1714 2789 1761 est
2818 1723 2921 1761 non
2953 1724 3209 1775 pugnare,
3235 1710 3329 1762 sed
3364 1706 3421 1762 in
3445 1722 3703 1777 perpetua

2060 1792 2101 1850 Β
2131 1788 2258 1850 pace
2284 1789 2402 1828 esse
2431 1777 2620 1850 :_quod
2651 1786 2776 1831 tunc
2804 1778 2921 1845 erit,
2952 1781 3160 1847 quando
3192 1781 3591 1833 immortalitate
3622 1782 3703 1832 in-

2131 1845 2376 1916 duemur.
2413 1846 2565 1898 Aliud
2598 1854 2679 1900 est
2730 1845 2986 1915 pugnare,
3033 1859 3088 1902 et
3120 1850 3281 1909 vinci,
3320 1851 3463 1916 quod
3498 1850 3550 1901 in
3599 1850 3707 1903 illis

2131 1913 2217 1987 qui
2253 1913 2474 1987 primum
2506 1916 2641 1969 bona
2674 1913 2834 1987 opera
2857 1927 2910 1971 et
2935 1928 3196 1987 praecepta
3224 1913 3401 1972 divina
3432 1920 3706 1983 insistunt,

2132 1983 2322 2035 deinde
2376 1983 2791 2053 soperhiuntpct
2836 1989 2901 2041 de
2936 1983 3001 2041 ἐε
3034 1983 3377 2056 praesumunt.
3426 1988 3581 2042 Aliud
3626 2000 3712 2043 est

2134 2068 2369 2122 pagnare
2399 2068 2448 2107 et
2480 2057 2712 2127 vincere,
2745 2058 2884 2123 quod
2935 2060 2987 2112 itt
3030 2060 3183 2112 bonis
3214 2069 3312 2120 εει,
3349 2059 3438 2127 qui
3472 2059 3603 2113 nihil
3645 2062 3712 2111 de

2134 2141 2190 2199 se
2225 2135 2570 2199 praesumunt,
2603 2126 2843 2199 dicentes
2872 2143 2992 2180 cum
3036 2130 3291 2195 Apostolo
3325 2147 3335 2180 :
3370 2126 3571 2199 Infelix
3596 2146 3712 2199 ﬁega

2136 2194 2308 2267 Itonia,
2342 2196 2469 2267 quia~
2487 2213 2564 2247 me
2590 2197 2817 2249 liberabit
2845 2199 2905 2250 tle
2927 2194 3136 2266 corpore
3166 2200 3339 2252 martis
3361 2194 3554 2267 hujus?
3578 2194 3713 2252 om-

2136 2263 2207 2339 tia
2231 2274 2405 2339 autem
2434 2263 2566 2330 Dei;
2591 2268 2735 2319 aliud
2769 2284 2894 2320 vero
2917 2263 3129 2339 estnon
3160 2263 3550 2336 pugnarefitno
3576 2270 3714 2320 trahi

2136 2333 2203 2409 a_|_i
2231 2333 2505 2409 iniquitate
2538 2352 2552 2389 :
2585 2339 2650 2389 de
2679 2352 2786 2403 quo
2820 2352 3016 2406 genere
3066 2333 3360 2409 hic—agitur
3387 2354 3508 2393 cum
3540 2339 3711 2392 dicit:

2139 2400 2395 2455 Malitiam
2425 2418 2592 2458 autent
2623 2400 2723 2458 non
2749 2400 2925 2463 adivit.

2212 2474 2445 2550 Domine,
2477 2476 2530 2527 in
2559 2481 2705 2529 coelo.
2730 2479 2816 2531 Sic
2835 2479 3175 2550 continuatur
3202 2498 3213 2532 :
3239 2478 3473 2550 Injustns
3501 2480 3712 2547 quidem

2142 2558 2246 2617 non
2292 2546 2411 2617 quia
2445 2562 2546 2617 non
2581 2556 2773 2613 putt-sl,
2807 2549 2897 2601 Sed
2930 2555 3051 2617 quia
3081 2566 3184 2604 non
3224 2546 3336 2603 vult
3368 2552 3499 2603 bene
3522 2546 3714 2617 agere,

2140 2613 2267 2665 dunt
2299 2624 2350 2665 ut
2381 2616 2635 2684 delinquat
2660 2633 2680 2671 .'
2706 2619 2844 2673 hunc
2874 2613 3048 2673 tamen
3082 2628 3188 2685 tua,
3218 2620 3455 2683 Domine,
3489 2613 3598 2671 non
3624 2622 3715 2672 de-

2139 2692 2285 2757 Seret
2335 2686 2718 2751 misericordia,
2769 2705 2871 2757 qua
2920 2691 3097 2742 salvas
3149 2691 3244 2743 hos
3287 2695 3418 2743 tales
3471 2690 3717 2741 homines

2142 2763 2200 2805 ut
2226 2755 2483 2819 jtttttenla,
2516 2767 2568 2809 ιιι
2615 2755 2834 2812 inferius
2881 2760 3104 2813 habetur
3135 2779 3146 2813 :
3180 2762 3271 2814 sed
3305 2771 3484 2813 tamen
3521 2758 3716 2811 miseri-

2142 2824 2315 2897 cordia
2338 2836 2445 2891 tua,
2476 2827 2525 2879 id
2552 2835 2653 2891 est,
2676 2830 2931 2897 condigna
2959 2840 3010 2883 te
3033 2830 3117 2883 illa
3152 2840 3352 2884 tantum
3381 2842 3462 2882 est
3494 2830 3547 2881 in
3570 2833 3715 2890 cae'o,

2143 2893 2194 2946 id
2238 2905 2340 2957 est,
2375 2898 2424 2967 in
2474 2908 2672 2949 sanctis
2705 2893 2859 2951 viris'
2876 2900 2962 2967 qtti
3012 2900 3204 2953 sublati
3250 2916 3279 2954 a
3312 2902 3562 2960 terrenis.
3599 2899 3717 2952 facti

2144 2972 2270 3039 sunt
2298 2966 2515 3020 coelum.
2549 2968 2843 3039 Sciendum
2876 2966 3017 3022 enim
3044 2972 3183 3039 quod
3218 2969 3589 3024 misericordia
3624 2969 3716 3021 Dei

2146 3034 2404 3087 donorum
2455 3037 2729 3105 multiplex
2761 3048 2863 3094 est.
2915 3042 3028 3093 Alia
3059 3034 3200 3093 enim
3244 3040 3361 3108 ejus
3406 3039 3547 3092 dona
3596 3049 3720 3091 sunt

2070 3134 2117 3199 c
2150 3112 2439 3199 E‘fff‘i'li‘f!
2470 3110 2805 3199 retractes
2824 3119 2893 3199 et
2917 3110 3716 3199 “illi?Fi'f’f‘l.99tP°"i'.“ﬁlf

2151 3176 2445 3249 q_uod__si_cut
2472 3186 2525 3249 et
2550 3176 2790 3245 juntenta
2824 3181 3075 3247 injustum
3100 3181 3484 3249 supradictuni,
3510 3192 3563 3232 et
3585 3179 3715 3233 alios

2149 3245 2459 3319 simpliciter
2488 3246 2746 3319 homines,
2770 3250 2820 3303 id
2849 3245 2950 3316 est,
2985 3245 3254 3319 portantes
3299 3250 3591 3317 imaginem
3627 3263 3718 3304 ve-

2151 3316 2279 3389 teris
2309 3315 2559 3389 hominis,
2596 3333 2700 3372 non
2744 3323 2863 3374 novi
2895 3335 2908 3373 :
2937 3315 3026 3387 qui
3085 3337 3179 3388 pro
3219 3315 3427 3389 magna
3450 3322 3592 3371 hanc
3620 3320 3723 3372 sal-

2153 3385 2415 3458 vationem
2462 3388 2675 3453 habent,
2728 3399 2783 3442 et
2830 3385 3158 3444 tnaxime'in
3207 3406 3267 3444 ea
3308 3385 3574 3458 gaudent.
3608 3390 3721 3441 Alia

2153 3469 2278 3527 vero
2307 3455 2422 3523 eius
2450 3458 2588 3510 dona
2615 3472 2739 3513 sunt
2765 3462 2998 3515 caelestia
3027 3472 3079 3516 et
3113 3455 3341 3521 terrena,
3372 3475 3491 3527 quae
3520 3462 3723 3512 sanctis

2154 3524 2281 3578 viris
2312 3529 2609 3581 communia
2655 3531 2843 3595 partim
2888 3531 2996 3598 jam
3037 3543 3179 3594 sunt,
3214 3524 3423 3583 tandem
3457 3544 3587 3581 vero
3617 3534 3726 3596 ple-

2155 3597 2301 3669 narie
2325 3607 2487 3669 erunt
2515 3614 2635 3651 cum
2663 3597 2898 3669 angelis.
2920 3603 2986 3657 Et
3012 3601 3093 3653 ha:
3120 3610 3243 3655 sunt
3271 3601 3371 3653 illa:
3413 3599 3723 3651 misericor-

2154 3667 2275 3728 diw,
2306 3666 2372 3719 de
2401 3667 2590 3736 quibus
2620 3666 2784 3723 dicit:
2822 3672 3054 3735 Domine,
3081 3682 3169 3725 tua
3195 3670 3546 3723 misericordia
3572 3679 3647 3721 est
3672 3671 3722 3720 in

2153 3737 2294 3789 calo.
2330 3737 2394 3789 Et
2423 3754 2515 3809 per
2543 3739 2641 3792 hoc
2668 3741 2816 3807 quasi
2848 3743 3070 3809 diceret,
3102 3743 3262 3795 Nobis
3287 3739 3496 3807 cognita
3523 3752 3612 3792 est
3642 3739 3725 3791 illa

2157 3816 2244 3859 tua
2298 3808 2678 3868 misericordia,
2723 3814 2843 3877 quia
2899 3808 3079 3865 veritas
3128 3823 3234 3877 tua,
3280 3811 3331 3864 id
3376 3817 3481 3871 est,
3529 3812 3726 3862 veritas

2158 3888 2540 3946 prteceptorum
2574 3889 2781 3935 tuorum
2813 3883 2996 3947 valuit,
3035 3886 3083 3934 id
3133 3893 3254 3945 est,
3289 3879 3537 3947 pertinuit
3568 3895 3727 3945 usque

2155 3947 2221 3998 ad
2244 3949 2499 4015 quasdam
2524 3950 2675 4002 nubes
2696 3953 3111 4016 constituendas,
3137 3952 3186 4005 id
3210 3960 3308 4013 cst,
3334 3949 3567 4017 cognitio
3593 3965 3727 4015 prae-

2156 4032 2430 4091 cepiornm
2455 4031 2671 4091 tuorum
2720 4022 2843 4075 fecit
2883 4027 3139 4091 quosdam
3169 4023 3234 4075 de
3276 4022 3426 4075 cretis
3454 4019 3580 4091 illis
3609 4034 3728 4070 sur-

2156 4102 2273 4139 sum
2308 4089 2421 4141 lieri
2454 4089 2719 4165 iit-nubes,
2754 4092 2803 4144 id
2822 4089 2916 4165 est
2942 4095 3212 4165 apostolos
3238 4090 3726 4165 et_pr:etﬁlica_tores.

2160 4172 2252 4224 per
2277 4172 2411 4225 quos
2442 4160 2593 4212 nobis
2627 4163 2857 4215 innotuit
2886 4157 2988 4215 illa
3005 4161 3393 4216 misericordia.
3430 4157 3567 4210 Dicti
3602 4168 3727 4210 sunt

2157 4238 2333 4280 autem
2384 4230 2755 4295 przedtcatores
2802 4234 2969 4286 sancti
3019 4237 3185 4286 nubes
3224 4239 3438 4298 propter
3478 4242 3726 4286 cat-neut.

2158 4300 2278 4363 quia
2321 4298 2387 4351 de
2424 4313 2585 4352 carne
2630 4301 2840 4355 illorum
2886 4303 3059 4355 divina
3105 4303 3339 4369 potentia
3383 4300 3552 4351 latens
3583 4300 3637 4350 in
3666 4312 3726 4351 ω

2160 4368 2387 4421 intonuit
2415 4370 2570 4421 nobis
2594 4371 2773 4437 mittis,
2808 4368 3111 4427 coruscavit
3156 4370 3448 4436 tniraculis,
3482 4378 3536 4423 et
3568 4382 3725 4425 eum-

2162 4439 2292 4505 pluit
2318 4453 2415 4490 nos
2448 4439 2638 4492 verbis.

2225 4506 2439 4581 Justitia
2473 4517 2559 4581 tua
2583 4512 2712 4564 sicut
2741 4521 2953 4566 montes.
2998 4513 3241 4567 Ostendit
3268 4510 3409 4581 quod
3454 4525 3583 4581 vere
3614 4510 3727 4579 qui.

2155 4577 2274 4631 dam
2302 4580 2369 4631 de
2399 4580 2548 4632 cmlis
2586 4596 2797 4634 sursum
2842 4582 2967 4636 elati
3015 4594 3138 4635 sunt
3184 4577 3302 4635 facti
3342 4582 3531 4635 nubes.
3558 4577 3727 4645 Quasi

2154 4650 2353 4721 diceret
2377 4664 2390 4701 :
2427 4648 2563 4703 Vere
2586 4662 2708 4705 sunt
2737 4659 2926 4715 nubes,
2957 4653 3080 4721 quia
3109 4663 3232 4706 sunt
3258 4654 3388 4705 sicut
3417 4660 3637 4715 montes,
3675 4653 3723 4702 id

2154 4728 2258 4781 est,
2308 4719 2509 4773 similes
2567 4725 2834 4776 montibus
2889 4719 3123 4789 pluribus
3174 4725 3367 4786 modis,
3419 4723 3631 4774 scilicet
3679 4730 3732 4773 et

2159 4804 2373 4858 propter
2411 4794 2766 4844 constantiam
2822 4794 2962 4858 fidei,
3014 4806 3067 4846 et
3117 4804 3330 4861 propter
3377 4792 3727 4844 eminentiam

2159 4861 2438 4911 virtutum.
2474 4862 2535 4912 Et
2566 4863 2683 4932 quia
2714 4864 2850 4916 sicut
2893 4867 2971 4917 sol
3013 4864 3261 4917 exoriens
3291 4864 3437 4932 prius
3497 4862 3731 4913 illustrat

2158 4942 2385 5007 ruentes,
2419 4930 2639 5007 e_t_inde
2687 4935 2987 5007 resplendet
3020 4935 3073 4986 itt
3104 4930 3395 5007 vallespita
3441 4946 3604 5007 verus
3650 4931 3728 5007 sol

2155 5000 2393 5067 justitia:,
2445 5001 2495 5053 id
2528 5010 2631 5064 est,
2663 5004 2902 5056 Christus
2930 5019 3168 5065 exortus,
3217 5006 3443 5071 primum
3474 5004 3639 5053 corda
3672 5001 3729 5050 il-

2158 5072 2345 5143 lorum
2370 5071 2649 5143 montium,
2694 5084 2747 5124 ut
2793 5073 3460 5143 intelligant,Scripturas.
3496 5083 3727 5137 aperuit,

2156 5151 2210 5193 et
2260 5140 2382 5194 inde
2432 5142 2581 5193 nobis
2639 5140 3003 5210 respleudttit‘,
3037 5142 3157 5210 quia
3208 5160 3300 5209 per
3348 5145 3463 5194 illus
3519 5142 3727 5193 occulta

2156 5212 2546 5278 Scripturarum
2577 5215 2825 5279 mysteria
2867 5214 3017 5266 nobis
3039 5216 3265 5281 aperuit.
3296 5212 3451 5275 Sunt,
3487 5214 3726 5278 inquam,

2156 5282 2285 5333 sicut
2313 5289 2526 5345 montes,
2553 5295 2759 5334 montes
2782 5284 2901 5336 dico
2930 5284 3042 5347 Dei,
3069 5299 3098 5335 a
3128 5285 3321 5351 quibus
3350 5283 3557 5335 scilicet
3583 5281 3735 5333 ausi-

2158 5353 2282 5403 ltum
2328 5352 2489 5414 venit,
2517 5354 2662 5416 juxta
2693 5352 2822 5405 illud
2853 5370 2865 5405 :
2898 5354 3076 5407 Levavi
3113 5352 3287 5406 oculos
3320 5369 3457 5405 meos
3499 5353 3554 5404 in
3585 5367 3735 5403 mone

2158 5431 2251 5485 tes,
2283 5422 2417 5472 unde
2445 5423 2605 5473 veniat
2631 5425 2877 5475 auxilium
2916 5426 3061 5477 mihi.
3089 5427 3224 5477 Sunt
3251 5438 3430 5476 autem
3466 5426 3555 5475 alii
3584 5438 3739 5474 tuon-

2161 5504 2239 5545 tes
2268 5492 2355 5559 qui
2389 5507 2490 5543 non
2521 5504 2639 5544 sunt
2668 5492 2781 5560 Dei,
2813 5504 2865 5546 ut
2891 5495 3145 5559 Donatus,
3180 5494 3434 5556 Marcion,
3470 5506 3526 5545 et
3549 5506 3734 5545 caeteri

2162 5561 2421 5624 haeretici,
2475 5574 2792 5627 usurpantes
2840 5566 2941 5617 sini
2990 5566 3295 5633 magisterii
3326 5568 3637 5632 primatum.
3673 5564 3741 5613 ιιι

2159 5646 2290 5685 vero
2319 5640 2526 5685 montes
2551 5648 2652 5685 non
2682 5643 2804 5686 sunt
2833 5635 3011 5687 auxilii
3044 5635 3138 5689 sed
3173 5632 3455 5701 naufragii,
3487 5635 3611 5698 quia
3646 5634 3740 5694 qui

2159 5704 2223 5753 ad
2252 5700 2369 5754 illos
2400 5702 2710 5769 respiciunt,
2745 5720 2848 5757 non
2876 5706 3245 5765 sublevantur,
3278 5700 3384 5756 imo
3414 5710 3735 5769 naulragan-

2162 5780 2263 5827 tur.
2304 5771 2456 5841 Sunt,
2492 5774 2725 5843 inquam,
2759 5776 2886 5831 sicut
2920 5785 3132 5841 montes,
3165 5785 3216 5831 et
3244 5780 3345 5830 hoc
3385 5790 3492 5829 nuu
3524 5790 3587 5829 ex
3623 5789 3740 5828 tunc
