3922 6190
304 411 406 465 669

964 409 1027 464 IN
1068 398 1482 465 PSXLMORUM
1529 409 1779 464 LlBRUTd
1827 407 2177 462 EXEGESIS.
2223 437 2289 449 --
2329 407 2569 464 PSALM‘.
2614 409 2827 467 XXXV.

3439 415 3545 468 670

304 530 420 580 ritis
447 525 580 589 suis,
606 524 845 595 Domine,
875 523 966 595 sed
990 539 1053 576 ex
1075 523 1279 595 jnstitia
1309 533 1417 585 tria,
1452 522 1500 574 id
1533 533 1612 595 est
1650 537 1711 574 ex
1732 520 1856 595 sola
1888 526 1934 580 Α
1962 519 2016 571 in
2054 518 2200 595 creto,
2231 518 2381 573 aliter
2410 520 2587 595 adhuc
2622 524 2957 595 continuari,
3001 534 3054 579 et
3102 526 3285 592 partim
3320 529 3540 594 exponi,

301 597 473 665 gratia
505 607 589 648 tua
628 591 1135 665 ipsosjustilieant'e.
1178 594 1329 665 Quod
1374 592 1657 665 ostendira
1700 591 1861 643 simili

304 662 403 734 per
438 665 787 718 contrarium.
830 664 987 734 Quasi
1034 663 1210 715 dicat:
1243 664 1328 715 Sic
1371 671 1496 734 sunt
1537 662 1860 734 istimontes

303 730 399 803 per
423 735 680 801 justitiam
710 741 850 786 tuam
881 751 892 784 :
926 732 1061 803 sicut
1090 748 1119 786 e
1156 742 1337 785 contra
1369 732 1467 803 hoc
1502 730 1642 803 quod
1676 730 1861 803 iujusti

300 799 449 870 sunt,
472 805 679 872 abyssus
711 818 814 855 non
839 802 888 854 in
912 802 1116 872 duobus
1129 813 1339 872 tantum
1361 799 1741 872 criminalibtts,
1766 800 1862 853 sed

300 869 489 939 ntulta,
514 869 567 927 id
582 884 682 937 est,
706 873 756 925 iu
780 871 958 925 multis
988 871 1299 925 criminibus
1320 879 1400 923 est
1427 885 1521 938 per
1544 869 1735 934 judicia
1759 884 1863 939 non

300 938 519 1009 iniusta,
549 945 638 996 sed
665 944 828 1010 justa,
858 942 979 1007 quia
1006 951 1110 993 tua.
1135 941 1248 993 Non
1275 941 1437 1001 enim,
1469 946 1524 990 ut
1551 938 1863 1005 quibusdam

301 1015 533 1077 videtur,
584 1013 778 1081 injuste
829 1022 910 1064 est
939 1012 1039 1063 hoe
1074 1012 1211 1078 quod
1242 1010 1361 1081 mali
1388 1010 1865 1081 dantur‘itrrepro-

302 1084 430 1137 bum
480 1076 725 1145 sensum,
777 1082 867 1136 sed
913 1076 1264 1148 justissimum
1317 1079 1404 1131 Dei
1454 1086 1536 1130 est
1580 1076 1859 1148 judeium.

300 1154 464 1207 Jttxta
508 1155 628 1206 illud
661 1152 894 1218 Apostoli
919 1147 936 1202 7:
974 1152 1107 1215 Quia
1158 1166 1273 1202 cum
1310 1150 1649 1217 cognovissent
1680 1147 1863 1212 Deum,

301 1240 400 1276 non
423 1225 547 1275 sicut
573 1223 731 1275 Deum
750 1224 1106 1283 adoraverunt,
1130 1230 1174 1273 et
1200 1221 1309 1273 ideo
1331 1230 1632 1271 evanuerunt
1654 1220 1703 1270 in
1729 1220 1865 1283 cogi-

303 1294 576 1345 tationibus
598 1294 719 1354 suis,
751 1292 968 1345 dicentes
1006 1292 1136 1344 enim
1171 1307 1223 1343 se
1262 1290 1530 1354 sapientes,
1571 1287 1711 1339 stulti
1742 1288 1866 1351 facti

301 1373 441 1418 sunt.
478 1362 755 1415 l’luraliter
787 1363 907 1415 ideo
935 1362 1109 1428 posuit
1134 1360 1352 1429 judicia,
1384 1360 1503 1427 quia
1532 1358 1867 1429 unumquod-

300 1448 404 1497 que
456 1434 729 1487 criminale
769 1433 928 1485 habet
960 1428 1216 1499 judicium
1267 1444 1441 1483 suum.
1479 1430 1542 1480 Et
1592 1428 1863 1481 Sciendum

300 1504 445 1567 quod
472 1512 687 1555 sanctus
720 1504 1043 1569 Augustinus
1068 1499 1272 1569 justitia
1302 1514 1417 1559 sua,
1450 1507 1505 1550 ut
1542 1512 1702 1569 snpra
1730 1499 1863 1569 dixi-

303 1588 453 1633 mus,
485 1573 770 1625 ablativum
812 1568 957 1633 facit,
1006 1568 1280 1635 et'judicia
1323 1568 1701 1621 accusativum.
1732 1568 1861 1620 Pus-

301 1650 427 1693 sunt
456 1658 583 1695 vero
627 1654 679 1695 et
721 1642 1026 1695 nominativi
1054 1641 1239 1707 accipi,
1267 1641 1309 1691 si
1341 1638 1415 1691 sic
1443 1639 1645 1690 dicatur
1670 1654 1682 1688 :
1713 1637 1860 1688 Veri-

303 1722 384 1765 tas
410 1724 497 1764 tua
526 1713 651 1766 fecit
677 1713 937 1780 quosdam
967 1711 1031 1764 de
1064 1712 1164 1784 tuis
1191 1710 1385 1784 nubes.
1419 1710 1484 1784 Et
1512 1708 1559 1759 hi
1591 1707 1740 1784 tales,
1774 1708 1860 1774 qui

303 1796 407 1834 non
440 1784 607 1834 solum
650 1778 773 1836 sunt
822 1783 1032 1836 dicendi
1080 1780 1205 1847 justi
1256 1780 1351 1842 tui,
1392 1778 1485 1830 Sed
1532 1784 1586 1829 et
1630 1778 1741 1844 ipsa
1774 1786 1859 1830 tua

1965 597 2019 640 ut
2047 590 2125 664 sic
2153 590 2375 664 dicatur.
2424 590 2585 657 Dixit,
2621 592 2854 664 inquam,
2902 590 3121 658 iniustus
3151 596 3287 664 quod
3329 590 3404 648 αι’
3438 611 3539 650 ne-

1963 658 2211 726 cessitate
2234 659 2522 726 delinquat,
2554 661 2646 714 sed
2678 658 2945 717 mentitur.
2985 665 3092 717 Cur
3117 658 3253 717 enim
3284 666 3538 719 Dominus

1964 724 2139 797 Pater,
2166 728 2209 779 si
2240 730 2338 780 hoc
2368 724 2527 794 esset,
2554 731 2788 788 misisset
2826 735 2975 787 nobis
3006 734 3057 787 in
3090 736 3227 789 ccelo
3256 739 3535 797 C(BltN‘um,

1965 796 2015 849 id
2046 806 2128 868 est
2157 797 2367 852 Christo
2398 798 2587 852 librant
2632 816 2807 862 suum.
2835 806 2898 855 ad
2929 807 3081 867 cuius
3113 805 3384 868 exemplar
3410 820 3542 856 cou-

1965 867 2343 937 scriberetnur,
2375 881 2427 922 et
2455 870 2539 922 cui
2569 870 3061 927 conformaremur?
3096 875 3304 927 Frustra
3336 874 3535 937 utique.

1965 934 2087 1007 Sed
2114 939 2232 1002 quia
2262 938 2388 989 illud
2419 955 2521 991 non
2549 952 2648 1007 est,
2683 941 2820 1002 ideo,
2863 942 3077 996 Domine
3111 942 3283 1006 Pater,
3334 934 3535 995 miseri-

1965 1006 2141 1084 cordia
2168 1014 2276 1070 tua,
2308 1006 2640 1084 sc_i_li_cet_qua
2667 1026 2778 1084 nos
2806 1014 3003 1084 vocasti
3034 1024 3085 1066 et
3107 1012 3426 1084 justiﬁcasti,
3456 1024 3539 1065 est

1966 1074 2117 1127 nobis
2135 1090 2163 1127 a
2188 1087 2237 1128 te
2253 1078 2484 1131 exhibita
2509 1074 2568 1131 ἔνι’
2583 1080 2706 1133 caelo
2723 1082 3001 1144 caelorum,
3019 1084 3069 1135 id
3094 1074 3192 1146 est,
3219 1083 3267 1133 in
3285 1081 3535 1135 Christo:

1966 1154 2012 1195 et
2040 1147 2196 1198 etiam
2236 1148 2418 1199 veritas
2459 1151 2866 1215 promissionum
2918 1163 3131 1205 interna:
3178 1152 3536 1207 beatitudinis.

1966 1230 2085 1280 qua:
2136 1224 2357 1282 utraque
2412 1220 2767 1272 misericordia
2807 1231 2861 1275 et
2909 1223 3101 1275 veritas
3153 1222 3538 1274 valueruut‘ad

1965 1284 2215 1356 quasdam
2248 1289 2412 1341 nubes
2438 1290 2852 1345 ermstitueudas.
2884 1290 3086 1345 Czetera
3112 1308 3214 1345 non
3243 1301 3538 1356 mutantur,

1964 1354 2101 1422 sicut
2132 1357 2184 1407 in
2218 1356 2378 1422 priori
2421 1357 2647 1411 lectione
2674 1360 2812 1413 dicta
2835 1373 2976 1414 sunt.

1983 1420 2163 1502 LIV-iiii
2203 1420 2377 1502 autem
2406 1427 2682 1483 hominum.
2735 1431 3008 1494 llomiues,
3056 1432 3298 1499 inquam,
3350 1446 3538 1497 supra-

1963 1493 2113 1571 dicti,
2139 1495 2481 1571 salt/abutitur
2512 1509 2892 1571 pertempora,
2933 1493 3050 1569 quae
3078 1493 3381 1554 communia
3413 1493 3539 1554 sunt

1963 1564 2043 1615 eis
2068 1578 2185 1615 cum
2212 1564 2503 1633 jutnentis;
2537 1568 2633 1632 ﬁlii
2677 1564 2842 1621 autem
2891 1564 3174 1633 hominum,
3208 1572 3410 1623 scilicet
3450 1574 3537 1636 qui

1964 1647 2068 1707 non
2097 1636 2267 1707 solum
2297 1651 2324 1707 a
2352 1636 2607 1707 jumentis
2637 1637 2789 1691 divisi
2839 1650 2982 1707 sunt,
3014 1642 3107 1695 sed
3140 1640 3297 1693 etiam
3338 1642 3404 1691 ab
3435 1642 3539 1693 illis

1966 1701 2270 1781 hominibus
2312 1701 2362 1781 in
2391 1705 2495 1781 hoc
2521 1707 2640 1774 quia
2692 1709 2825 1781 sicut
2876 1701 3208 1777 illi'portant
3256 1711 3535 1779 imaginem

1965 1774 2182 1848 terreni,
2214 1773 2285 1848 ita
2316 1773 2403 1827 isti
2447 1773 2657 1842 portant
2711 1773 3010 1846 imaginem
3045 1781 3295 1844 ctelestis,
3322 1773 3389 1833 et'
3418 1782 3534 1848 quia

292 1851 520 1923 justitia,
549 1868 640 1920 per
664 1852 1030 1906 excellentiam
1053 1842 1323 1923 suntsirut
1343 1857 1537 1923 montes
1556 1842 1664 1923 _l)e_i
1682 1863 1700 1908 ;
1732 1847 1865 1923 sicut
1902 1863 1941 1921 Β
1969 1852 2093 1923 sunt
2134 1842 2453 1923 imitatores_
2479 1860 2723 1899 verorum
2767 1842 3061 1923 hominum,
3112 1842 3530 1923 patriarcharum

299 1917 332 1991 ξ
372 1917 579 1985 contra,
603 1923 807 1991 judicia
848 1932 953 1977 tua.
989 1923 1038 1974 id
1069 1933 1146 1974 est
1176 1918 1351 1989 injusti
1391 1934 1420 1971 a
1469 1927 1518 1991 te
1548 1917 1769 1991 judicati
1814 1927 1867 1969 et

297 1989 532 2060 damnati
586 1988 709 2045 sunt
754 1994 962 2060 ubyssus
1014 1992 1212 2054 multa;
1260 2000 1313 2042 et
1357 1990 1505 2055 quasi
1549 1988 1862 2060 diceretur:

297 2059 737 2128 Quandoquidem
785 2057 904 2114 sunt
948 2062 1190 2130 abyssus,
1224 2073 1317 2130 cur
1355 2074 1481 2125 ergo
1510 2057 1728 2109 vivunt?
1772 2072 1868 2110 cur

298 2132 626 2198 supersunt?
654 2133 819 2185 Dicit:
854 2131 974 2185 Ideo
1000 2128 1206 2185 scilicet
1236 2128 1437 2190 vivunt,
1465 2144 1565 2180 non
1598 2129 1725 2198 quia,
1744 2143 1867 2179 nte-

298 2196 541 2271 ruerunt,
563 2203 654 2255 sed
687 2203 806 2271 quia
827 2213 904 2265 tu,
927 2201 1161 2267 Domine,
1181 2200 1375 2259 Salvas,
1395 2207 1449 2250 et
1470 2196 1683 2249 salvabis
1707 2196 1867 2249 homi-

298 2285 388 2323 ne:
416 2270 714 2340 hujusmodi
747 2273 1022 2337 temporali
1073 2271 1386 2340 salvatiotte,
1422 2283 1577 2333 quam
1612 2282 1707 2333 pro
1742 2285 1866 2319 uta-

296 2355 403 2411 gno
430 2342 625 2395 habent
652 2352 702 2394 ut
720 2343 973 2411 jumcnta.
1008 2342 1072 2394 Et
1097 2342 1193 2393 hoc
1221 2339 1382 2411 facies
1410 2339 1473 2389 ad
1499 2354 1618 2390 eum
1646 2340 1865 2411 modum

296 2407 362 2461 ad
398 2426 550 2478 quem
578 2407 926 2478 multiplicasti
956 2410 1353 2478 misericordiam
1392 2418 1551 2470 tuam,
1585 2407 1782 2460 St'illl'el
1813 2420 1868 2461 ιιι

296 2476 598 2535 non‘solum
638 2484 688 2535 in
714 2476 863 2537 oretis
888 2492 1044 2540 esset,
1074 2483 1165 2535 sed
1195 2489 1250 2533 et
1278 2476 1328 2530 iu
1365 2479 1442 2530 his
1474 2479 1591 2530 aliis
1620 2478 1707 2544 qui
1740 2491 1864 2530 sunt

298 2557 357 2602 ut
395 2562 555 2604 terra.
600 2553 701 2616 'I‘u,
754 2553 892 2614 dico,
944 2552 1031 2618 qui
1081 2566 1139 2604 es
1190 2552 1347 2611 DeIIS,
1395 2557 1448 2600 et
1488 2550 1605 2599 ideo
1655 2558 1865 2612 opotlel

294 2630 347 2671 ut
404 2623 748 2691 multiplicem
799 2623 1218 2676 misericordiam
1278 2619 1539 2673 creaturis
1594 2621 1697 2670 tuis
1754 2620 1864 2671 im-

294 2692 517 2758 pendas.

368 2761 546 2817 Potcst
580 2763 812 2829 psalmus
841 2764 941 2817 iste
981 2779 1008 2817 a
1038 2761 1296 2831 principio
1327 2758 1377 2810 in
1414 2765 1563 2831 parte
1592 2757 1864 2831 hucusque

291 2830 450 2884 aliter
480 2827 602 2900 legi,
638 2844 693 2887 ιιι
720 2836 790 2886 sit
821 2836 958 2893 talis,
988 2827 1051 2886 ae
1080 2835 1122 2886 si
1156 2827 1425 2886 diceretur
1467 2844 1480 2880 :
1524 2827 1679 2880 Falso
1718 2845 1862 2895 (μιξε-

290 2900 430 2975 ritur
457 2903 513 2955 d.
545 2921 598 2975 ιι.
624 2920 669 2957 r.
696 2920 747 2972 ε.
781 2905 831 2956 Ιι.
865 2904 1195 2975 quodimber
1225 2919 1253 2956 a
1274 2969 1287 2975 _
1315 2901 1363 2975 lt.
1398 2914 1447 2952 c.
1484 2900 1519 2950 Γ.
1546 2912 1676 2975 μγ.
1705 2914 1860 2975 quam

289 2970 510 3025 virtute.
541 2969 971 3041 Juxta'qttodsic
994 2973 1238 3027 dicetur:
1264 2969 1492 3037 Injttstus
1522 2969 1671 3041 dixit,
1703 2970 1750 3020 id
1781 2978 1863 3021 est

291 3043 478 3094 statuit
499 3054 553 3095 et
574 3040 876 3108 allirmavit,
896 3053 949 3096 ut
972 3044 1227 3110 delinquat
1250 3057 1315 3094 ex
1348 3040 1688 3110 necessitate,
1710 3041 1859 3107 quasi

290 3113 505 3178 culpam
553 3114 874 3167 reﬂecteudo
906 3115 955 3167 in
989 3108 1226 3166 naturam
1275 3122 1326 3165 et
1361 3112 1412 3161 itt
1443 3108 1811 3161 auctoritatem
1845 3127 1857 3162 :

288 3183 591 3270 sed'tatnien
636 3184 752 3270 hoc.
774 3186 910 3264 quod
943 3182 1222 3270 delinquit,
1255 3191 1335 3234 est
1372 3181 1427 3232 in
1475 3180 1763 3270 seritatipso,
1804 3179 1855 3232 id
1887 3208 1931 3270 C

287 3259 376 3304 est
402 3254 455 3304 in
484 3253 648 3305 libero
679 3248 897 3307 arbitrio
932 3252 1070 3321 ejus,
1100 3248 1304 3307 scilicet
1346 3265 1450 3303 non
1497 3258 1578 3321 est
1604 3248 1741 3311 ,iude
1767 3263 1857 3304 ac-

287 3323 559 3375 cusandus
602 3332 786 3377 auctor
828 3325 909 3377 vel
951 3318 1160 3386 natura,
1192 3322 1284 3376 sed
1332 3322 1445 3388 ipse
1473 3318 1563 3386 qui
1602 3332 1697 3386 per
1726 3321 1857 3372 libe-

289 3406 408 3444 rum
454 3392 728 3446 arbitrium
785 3409 941 3447 suum
990 3394 1055 3445 ad
1106 3392 1427 3460 peccandum
1474 3403 1531 3440 se
1572 3390 1853 3460 disposuit.

286 3460 473 3532 Solent
501 3472 674 3516 autem
702 3465 916 3532 quidam
950 3463 1165 3532 habere,
1190 3472 1243 3514 ut
1265 3478 1365 3513 non
1393 3460 1675 3526 delinquat.
1705 3459 1855 3532 Quod

285 3531 449 3584 etiam
498 3535 574 3588 sic
602 3530 729 3587 dicit
755 3543 964 3603 potest:
1000 3531 1227 3602 lujustus
1276 3534 1429 3596 d.a:it,
1459 3532 1662 3603 ttt__(pro
1691 3530 1855 3595 quod)

287 3617 387 3652 non
421 3602 681 3671 delinquat
716 3599 767 3656 in
798 3599 1083 3670 semetipso,
1115 3605 1164 3655 id
1189 3613 1269 3655 est
1297 3616 1363 3654 ex
1391 3615 1489 3653 suo
1521 3599 1692 3651 libero
1714 3603 1858 3652 arbi-

289 3674 414 3737 trio,
442 3673 548 3726 imo
571 3675 690 3736 quia
720 3676 838 3727 talis
859 3683 1071 3727 creatus
1100 3684 1180 3725 est
1208 3683 1263 3725 ut
1293 3687 1355 3723 ex
1386 3671 1702 3722 necessitate
1735 3686 1857 3737 pee-

282 3752 454 3793 caret.
494 3744 595 3797 Scd
626 3760 721 3798 cur
750 3745 870 3797 talia
900 3744 1071 3798 dicit?
1106 3744 1224 3795 Ideo
1265 3742 1497 3804 scilicet,
1539 3739 1660 3806 quia
1706 3744 1856 3792 timor

286 3809 497 3879 Domini
537 3830 638 3865 non
686 3823 757 3866 est
802 3825 920 3865 ante
957 3813 1129 3867 oculos
1170 3814 1313 3879 ejus,
1361 3812 1481 3876 quia
1536 3826 1638 3860 ttou
1687 3811 1856 3864 credit

283 3878 455 3951 Demn
485 3884 848 3951 judicaturum
891 3884 957 3937 de
1001 3878 1225 3936 terrenis
1270 3884 1467 3933 rebus:
1499 3888 1552 3932 et
1594 3893 1717 3933 vere
1749 3895 1854 3951 non

283 3950 437 4023 timet
469 3950 649 4017 Deum,
696 3955 935 4023 quoniam
976 3955 1149 4006 dolose
1193 3952 1291 4020 egit
1320 3952 1371 4002 in
1408 3958 1673 4023 conspectu
1722 3950 1851 4018 ejus,

280 4020 332 4072 id
360 4032 443 4091 est
470 4025 521 4075 in
552 4019 717 4077 corde
741 4039 859 4090 suo,
891 4024 975 4076 ubi
1010 4024 1120 4091 ipse
1162 4019 1300 4074 Deus
1341 4020 1619 4087 conspicit.
1653 4019 1706 4071 lu
1754 4024 1854 4074 hoc

279 4090 510 4155 scilicet,
551 4096 673 4161 quia
705 4110 825 4149 cum
856 4109 919 4147 ex
958 4090 1349 4160 Scripturarum
1381 4091 1676 4156 praeceptis,
1709 4097 1763 4142 et
1788 4104 1856 4144 ex

283 4163 447 4213 minis
478 4163 776 4231 intelligere
807 4174 984 4230 posset
1023 4163 1145 4231 quid
1190 4162 1492 4231 tenendum,
1526 4161 1648 4228 quid
1680 4162 1853 4213 vitan-

277 4231 407 4283 dum
442 4242 603 4297 esset,
656 4230 954 4287 dissimulat
996 4230 1052 4286 se
1086 4230 1212 4285 illud
1265 4246 1418 4298 pos-e
1464 4230 1771 4296 intelligere,
1802 4239 1855 4284 et

285 4302 390 4353 hoc
423 4302 692 4356 titattduut
722 4316 774 4357 et
817 4305 869 4357 in
901 4314 973 4356 tot
1006 4303 1163 4356 rebus
1205 4299 1348 4365 facit,
1379 4308 1432 4352 ut
1475 4302 1765 4352 inveniatur
1793 4300 1853 4352 ab

279 4372 540 4437 omnibus,
575 4374 624 4425 id
672 4386 773 4435 est,
826 4385 877 4426 ul
924 4374 1259 4426 manifestum
1308 4373 1377 4421 sit
1425 4370 1671 4423 omnibus
1713 4370 1854 4439 quod

280 4441 526 4509 iniquitas
557 4446 667 4506 ejus
692 4445 757 4496 ad
785 4446 953 4496 odium
980 4453 1074 4508 est,
1107 4443 1156 4495 id
1182 4452 1283 4506 est,
1313 4440 1524 4493 odibilis
1548 4440 1705 4494 debet
1733 4455 1855 4494 esse

278 4513 552 4566 Omnibus.

367 4581 529 4635 Verba
558 4584 659 4637 oris
682 4586 813 4654 ejus.
847 4584 978 4638 Vere
1015 4583 1186 4635 dolose
1228 4581 1352 4654 agit,
1380 4579 1517 4654 quia
1559 4581 1709 4654 verba
1749 4582 1851 4633 oris

277 4653 392 4721 ejus
422 4666 549 4706 sunt
591 4652 789 4723 iniqua,
834 4656 882 4707 id
927 4662 1007 4707 est
1046 4656 1213 4716 falsa;
1247 4652 1460 4723 et__idco
1500 4653 1697 4720 iniqua,
1729 4656 1850 4716 quia

280 4720 406 4777 sunt
435 4724 609 4779 dolus.
645 4720 699 4777 In
731 4726 832 4779 hoc
871 4724 1092 4787 scilicet,
1125 4726 1245 4791 quia
1284 4720 1411 4773 dicit
1440 4736 1496 4773 se
1542 4739 1644 4773 non
1696 4737 1852 4789 posse

279 4794 600 4861 intelligere,
631 4812 731 4847 non
762 4797 901 4859 quod
936 4809 1062 4847 vere
1094 4808 1195 4845 nun
1244 4792 1428 4859 pttSsil,
1463 4794 1553 4844 sed
1604 4794 1725 4859 quia
1760 4808 1852 4842 no-

277 4864 371 4935 luit
404 4866 681 4935 intelligere
704 4876 755 4917 ut
785 4868 907 4919 bene
931 4873 1119 4933 ageret.
1151 4864 1216 4935 Et
1240 4878 1342 4935 non
1373 4863 1543 4914 solum
1570 4864 1717 4914 verba
1748 4863 1850 4913 oris

274 4934 391 5001 ejus
431 4932 785 5002 sunt'iuiqua,
828 4936 921 4988 sed
968 4932 1124 4986 etiam
1178 4932 1510 4999 iniquitatem
1556 4943 1752 5000 cogitat
1798 4941 1852 4984 et

274 5014 551 5071 operatur,
586 5008 725 5072 quod
769 5007 850 5058 sic
890 5005 1056 5056 dicit:
1092 5003 1415 5069 lniquttutem
1448 5004 1715 5055 meditatus
1752 5011 1847 5065 est,

274 5085 328 5128 et
358 5084 577 5128 caetera.
609 5075 758 5139 Quod
792 5091 895 5127 non
924 5084 1172 5125 mutatur.

345 5142 587 5209 Domine,
625 5146 678 5197 in
707 5145 830 5197 coelo
876 5144 1223 5196 misericordia
1262 5151 1369 5195 tua.
1404 5140 1561 5207 Quasi
1605 5140 1765 5206 dicat,
1795 5141 1849 5194 ltt

270 5214 385 5277 his,
413 5214 655 5279 Domine,
688 5215 896 5282 injustis
929 5213 1051 5265 talia
1084 5212 1385 5282 agentibus.
1414 5221 1495 5264 est
1524 5211 1599 5263 ira
1627 5218 1719 5282 tua
1756 5228 1766 5261 :
1799 5211 1850 5263 in

271 5285 399 5343 culo
425 5298 600 5340 autem
631 5294 715 5339 est
742 5280 1087 5336 misericordia
1118 5280 1225 5345 tua,
1260 5284 1395 5334 sicut
1424 5282 1588 5348 prius.
1624 5280 1689 5333 Et
1738 5282 1852 5335 lucc

273 5364 365 5407 tua
398 5357 618 5423 judicia,
660 5355 864 5408 scilicet
902 5353 1040 5421 quod
1094 5354 1145 5405 in
1174 5351 1280 5405 illis
1327 5362 1407 5403 est
1458 5353 1532 5403 ira
1566 5358 1675 5415 tua,
1702 5360 1772 5423 et,
1800 5368 1849 5404 tu

272 5421 799 5487 istisimisericordia,
824 5433 949 5477 sunt
970 5423 1181 5491 abyssus
1207 5437 1309 5474 nou
1337 5435 1517 5488 parvi,
1548 5426 1639 5472 sed
1668 5421 1851 5483 multa,

274 5495 327 5545 id
360 5506 442 5547 est
470 5507 595 5549 sunt
644 5496 955 5548 inexhausta
991 5503 1045 5546 et
1076 5493 1461 5545 inscrutabilia.
1488 5491 1644 5543 Juxta
1687 5493 1847 5545 illud:

275 5563 322 5615 0
351 5566 570 5618 altitudo
594 5566 886 5618 divitiarum
914 5564 1174 5632 sapientia:
1200 5574 1244 5615 et
1272 5563 1496 5613 scientia:
1538 5559 1651 5624 Dei,
1681 5572 1853 5632 etre-

274 5634 437 5702 liqua.
466 5636 713 5690 Honrines
738 5647 784 5687 et
829 5630 1070 5702 iumenta.
1105 5634 1193 5687 Sic
1238 5633 1576 5686 continuatur
1606 5649 1616 5682 :
1649 5634 1703 5685 ltt
1746 5630 1853 5686 illis

268 5706 481 5773 quidem
525 5716 606 5759 est
650 5706 725 5759 ira
776 5715 890 5765 tua,
922 5713 976 5757 et
1014 5713 1187 5756 tamen
1236 5704 1392 5756 etiam
1442 5705 1536 5756 bus
1568 5705 1718 5769 tales,
1754 5703 1854 5754 Do-

266 5772 430 5837 Inttte,
465 5794 568 5831 non
603 5777 797 5831 deserit
830 5774 1135 5828 miscricord
1159 5788 1186 5824 a
1233 5784 1340 5835 tua,
1388 5773 1507 5841 quia
1551 5776 1724 5825 salvus
1756 5772 1851 5826 hos

267 5844 509 5904 homines
532 5861 586 5902 ut
614 5850 871 5917 juuacuta,
895 5856 949 5900 ut
977 5846 1141 5914 prius.
1171 5844 1352 5900 Potest
1375 5857 1583 5914 quoque
1614 5844 1846 5911 Domine,

1882 4548 1931 4607 Β

1969 1910 2175 1989 ξῼίηοθι
2219 1922 2269 1965 Cl
2306 1914 2712 1989 pl‘Onltelamm;
2768 1919 2921 1979 tales,
2972 1910 3205 1988 inquam,
3236 1920 3529 1986 sperabunt,

1971 1981 2020 2031 id
2051 1991 2133 2033 est
2180 1998 2283 2035 non
2314 1994 2470 2037 erunt
2501 1985 2583 2038 hit:
2612 1989 2661 2039 in
2693 1993 2934 2053 prtesenti
2969 1992 3016 2042 iu
3045 1981 3128 2052 re,
3159 1981 3453 2043 sed'tamen
3483 1992 3531 2040 in

1969 2064 2096 2115 spe,
2132 2053 2250 2114 quia
2308 2069 2408 2104 non
2461 2056 2862 2109 insectabantur
2913 2061 2996 2111 hic
3050 2060 3181 2112 bona
3233 2061 3532 2112 communia

1967 2120 2389 2195 cumjumeutis,
2425 2125 2517 2195 sed
2542 2129 2810 2189 sperabunt
2841 2141 3035 2181 aeterna
3066 2146 3183 2182 cum
3216 2128 3411 2195 angelis~
3439 2149 3449 2181 :
3482 2142 3536 2182 et

1969 2192 2068 2242 hoc
2098 2194 2147 2241 in
2169 2193 2384 2263 tegmine
2405 2194 2605 2248 alarum
2634 2206 2861 2260 tuarum,
2893 2201 2941 2250 id
2974 2210 3071 2263 est,
3103 2202 3201 2251 sub
3226 2192 3534 2253 defensioue

1969 2262 2316 2325 protectiouis
2348 2273 2483 2326 tuae;
2528 2274 2582 2317 ut
2610 2268 2677 2319 sit
2707 2267 2905 2320 dictum
2936 2271 2999 2322 ad
3028 2262 3195 2321 sciam
3226 2269 3531 2321 Sillliilllldl~

1969 2344 2108 2393 nent,
2154 2332 2273 2397 quia
2319 2344 2385 2409 et_
2422 2335 2612 2400 gallina
2662 2338 2969 2409 pltllttSASIlb
3005 2341 3101 2392 alis
3150 2341 3377 2409 protegit
3406 2356 3416 2390 :
3450 2341 3531 2392 vel

1968 2413 2248 2479 possumus
2278 2402 2520 2479 accipere
2548 2421 2639 2471 per
2664 2407 2936 2479 alasejus,
2963 2402 3273 2462 cltaritatem
3294 2402 3347 2462 et
3378 2409 3537 2462 mise-

1966 2472 2246 2546 r_i_eordiam
2273 2490 2299 2546 _:
2337 2473 2645 2546 cltaritateut
2677 2472 3040 2546 quidem,qua
3089 2480 3151 2530 ad
3192 2492 3286 2530 nos
3311 2481 3535 2531 descen-

1964 2537 2075 2618 άίιξ
2106 2542 2524 2618 "liset‘iCtt_rdiatu
2570 2537 2714 2618 vero,
2756 2563 2856 2616 qua
2890 2537 2984 2601 nos
3028 2550 3236 2600 vocavit
3263 2560 3314 2600 et
3338 2548 3532 2615 justiti-

1965 2613 2104 2687 cavit
2128 2613 2254 2687 {vel
2293 2613 2451 2664 etiam
2486 2613 2888 2679 promissionem
2922 2620 3194 2687 utriusque
3223 2613 3534 2670 Testamen-

1966 2685 2001 2729 tt
2030 2696 2085 2758 ’τ’
2114 2682 2331 2758 alteram
2387 2697 2541 2758 vero“
2577 2687 2645 2740 de
2672 2682 3123 2758 temporalibus,
3172 2689 3391 2740 alteram
3462 2690 3529 2739 de

1963 2750 2340 2826 Epirilurtlthus.
2401 2754 2454 2826 lu
2497 2754 2682 2826 _\’eteri
2733 2750 3115 2822 TeStamento,
3162 2761 3528 2825 quautum_ad

1965 2817 2214 2894 litteram,
2264 2823 2545 2894 promissio
2587 2825 2654 2878 de
2711 2817 3108 2894 temporalibus
3141 2817 3271 2879 la'cta
3312 2839 3427 2889 est,
3479 2827 3531 2879 in

1965 2885 2112 2963 ﬂavo
2176 2885 2301 2944 vero
2337 2893 2725 2963 protttittuutur
2776 2885 3067 2963 spiritualia
3111 2909 3161 2950 et
3200 2885 3424 2951 aeterna.
3474 2899 3537 2948 lit

1962 2956 2219 3037 Dominus
2262 2956 2826 3037 quidetu__c0ttsolatttr
2869 2976 3142 3033 sperantes
3188 2967 3237 3019 in
3268 2980 3347 3030 se,
3398 2982 3536 3037 nunc

1962 3032 2177 3082 interim
2213 3032 2593 3101 temporalibus
2621 3038 2793 3100 bouis,
2823 3032 3030 3089 tandem
3062 3052 3185 3089 vero
3218 3036 3537 3089 beatilicabit

1961 3102 2193 3176 aeternis.
2220 3099 2375 3176 plt't'lti,
2407 3103 2643 3171 inquam,
2672 3099 2936 3159 ltontinant
2960 3107 3249 3176 sperabunt,
3283 3118 3331 3157 et
3365 3109 3414 3159 hi
3449 3118 3529 3158 ta—

1963 3168 2039 3245 les
2070 3171 2448 3245 inebrialguntur
2476 3168 2541 3223 ad
2585 3177 2806 3229 ubertate
2851 3168 3025 3229 domus
3062 3188 3179 3231 tute.
3223 3168 3393 3230 \toluit
3418 3178 3533 3245 qui-

1962 3237 2083 3314 dem
2118 3240 2443 3314 promittere,
2471 3245 2583 3314 sed
2632 3262 2734 3298 non
2780 3251 2944 3312 potuit
2975 3247 3096 3299 illud
3143 3248 3374 3309 edicere,
3412 3237 3532 3314 quia

1961 3310 2277 3384 Verbauon
2326 3313 2503 3364 habuit
2531 3314 2721 3379 quibus
2769 3310 2890 3368 illud
2937 3328 3244 3384 exponeret.
3279 3316 3378 3369 Sed
3411 3310 3528 3383 qui:

1961 3382 2091 3457 vidit
2140 3381 2381 3457 homines
2423 3384 2704 3457 immodice
2745 3381 3088 3449 bibentem—et
3138 3402 3194 3438 se
3233 3388 3366 3439 adeo
3412 3381 3532 3438 vino

1960 3450 2361 3522 ingurgitantes,
2397 3462 2451 3503 ut
2485 3455 2780 3522 humanam
2834 3471 3051 3522 prorsus
3095 3467 3322 3508 tuentem
3365 3472 3531 3508 exce-

1959 3520 2109 3592 dant,
2141 3530 2193 3571 et
2218 3524 2365 3586 quasi
2408 3521 2627 3574 induant
2672 3520 2856 3589 aliam,
2898 3526 3059 3578 Voluit
3093 3541 3183 3592 per
3217 3528 3351 3578 hanc
3380 3527 3530 3578 siuti-

1955 3582 2247 3641 Ιιιιιιιίιιωιιι⁷
2272 3606 2538 3663 expauere
2580 3593 2720 3646 illam
2772 3582 3315 3662 superabundautiam
3341 3612 3530 3663 supcr-

1960 3674 2042 3710 na:
2076 3663 2268 3712 ltetitia:
2300 3677 2350 3713 et
2378 3662 2577 3730 gratiae,
2609 3665 2729 3731 quia
2761 3667 2931 3721 saneti
2968 3670 3056 3719 Dei
3099 3670 3253 3719 etiam
3298 3668 3349 3719 in
3400 3662 3531 3732 pra:-

1958 3732 2092 3781 scnti
2127 3733 2329 3797 repleti,
2367 3735 2444 3784 sic
2475 3733 2868 3800 dementantur,
2904 3748 2959 3788 ut
3005 3738 3233 3788 humana
3273 3747 3447 3789 mente
3479 3738 3527 3789 ιιι

1963 3801 2190 3852 dtvinam
2223 3810 2495 3854 transeunt
2522 3803 2571 3855 itt
2602 3814 2823 3869 tantum,
2853 3816 2907 3857 ut
2936 3807 3074 3857 nulla
3110 3817 3367 3858 tormenta
3397 3808 3532 3857 exti-

1960 3879 2217 3941 inescent,
2261 3887 2358 3924 nec
2406 3876 2564 3925 etiam
2617 3884 2791 3941 patres
2833 3884 3069 3928 astantes
3106 3884 3196 3928 aut
3227 3892 3417 3928 risores
3451 3878 3531 3929 vel

1960 3941 2098 3990 lilius
2127 3940 2313 3993 ﬂentes
2366 3940 2670 4009 reSpiciaut.
2715 3944 2778 3996 Et
2808 3947 2956 4010 diotl,
3002 3946 3071 3997 Ita
3123 3946 3528 4009 inebriabuntur,

1959 4010 2144 4083 idest,
2185 4014 2262 4062 sic
2292 4016 2650 4078 replebtttttnr,
2700 4024 2754 4067 ιιι
2786 4025 2925 4069 velut
2970 4014 3102 4068 ebrii
3138 4029 3366 4069 mentem
3403 4032 3527 4083 pro-

1961 4081 2127 4147 priam
2175 4083 2433 4133 excedant
2479 4083 2541 4134 ab
2578 4085 2821 4148 ubertate,
2870 4087 2919 4138 id
2948 4096 3050 4145 est,
3095 4089 3160 4139 ab
3210 4081 3529 4141 abundantia

1958 4150 2245 4215 spiritualis
2273 4153 2477 4218 gratiae,
2509 4169 2624 4218 qua:
2654 4167 2734 4208 est
2775 4161 2955 4208 domus
2986 4170 3105 4217 tota,
3135 4158 3353 4209 Domine
3381 4174 3391 4207 :
3432 4159 3531 4210 hoc

1959 4228 2062 4290 est,
2092 4236 2207 4284 qua:
2255 4224 2529 4276 discendit
2573 4226 2639 4278 de
2669 4227 2828 4279 domo
2875 4238 2983 4290 ttta,
3036 4228 3084 4279 id
3117 4240 3193 4279 εει
3225 4228 3290 4280 de
3329 4230 3529 4281 caelesti

1961 4288 2495 4366 habitatione.Datne
2516 4295 2648 4345 enim
2678 4296 2854 4348 datum
2879 4288 3121 4366 Optimum
3144 4299 3404 4349 desursum
3435 4307 3526 4349 est.

1960 4359 2027 4434 itit
2071 4376 2195 4412 vere
2225 4360 2623 4427 inebriabuntur,
2672 4370 2793 4433 quia
2849 4359 3126 4434 tu'pombis
3156 4382 3241 4418 eos
3284 4378 3525 4428 tarrente,

1962 4429 2201 4493 Domine,
2235 4436 2500 4484 voluntatis
2552 4429 2767 4497 tutc,'id
2817 4429 3165 4502 est,'tmpetu
3213 4438 3529 4490 abundantis

1959 4506 2141 4574 gratia:
2167 4504 2425 4574 donorum
2456 4514 2685 4569 tuorum,
2710 4522 2823 4572 qua:
2848 4518 2932 4559 tua
2962 4509 3094 4559 dona
3117 4516 3239 4558 sunt
3266 4510 3522 4574 Voluptas,

1960 4573 2010 4621 id
2042 4582 2121 4644 est
2148 4573 2501 4625 delectabtlta.
2536 4574 2766 4626 Torreus
2794 4581 2933 4628 euitn
2962 4581 3154 4630 tiil'lltll‘
3182 4578 3389 4644 proprie
3423 4580 3529 4644 pht-

1956 4642 2104 4716 v‘talts
2133 4657 2266 4716 aqua
2293 4659 2409 4709 qua:
2434 4646 2664 4698 abundat
2688 4655 2742 4699 et
2768 4662 2886 4699 cum
2911 4650 3109 4716 impetu
3135 4642 3356 4700 solet'de
3383 4642 3527 4700 nion-

1955 4712 2093 4763 libus
2130 4712 2279 4764 deem
2296 4730 2432 4767 rere.

2027 4784 2277 4845 Quoniam
2327 4786 2463 4851 apud
2504 4796 2549 4838 te
2587 4796 2657 4837 est
2689 4786 2803 4852 forts
2848 4789 2987 4841 citro.
3022 4787 3207 4841 Merito
3238 4787 3383 4851 dicit,
3417 4786 3525 4839 Po-

1954 4850 2081 4903 tabis
2116 4869 2221 4917 eos,
2276 4871 2521 4920 quautam
2557 4850 2699 4909 tuum
2743 4869 2823 4910 est
2859 4864 2960 4911 hoc
3014 4858 3207 4911 facere.
3239 4858 3367 4909 Nam
3411 4860 3526 4922 fons

1952 4932 2083 4980 vute.
2111 4922 2270 4996 idest
2304 4924 2530 4978 Verbum
2564 4935 2729 4991 tuum,
2765 4943 2792 4979 a
2832 4945 2936 4995 quo
2969 4930 3205 4996 procedit
3238 4943 3358 4980 vera
3391 4938 3518 4991 vrta,

1953 5003 2005 5044 et
2032 4995 2171 5059 quod
2202 4994 2394 5046 dicitur
2437 5000 2573 5062 lous,
2606 4999 2742 5065 quod
2792 4994 3053 5052 Sttieutes
3080 5009 3241 5066 potat,
3271 5007 3323 5051 et
3351 4998 3520 5064 panis,

1953 5078 2073 5129 qnta
2111 5077 2405 5137 esurientes
2436 5068 2623 5131 rclicit,
2655 5078 2705 5121 et
2736 5069 2933 5133 lumen,
2978 5070 3095 5137 quia
3127 5084 3296 5121 caecos
3325 5068 3520 5120 illumtu

1955 5145 2065 5219 nat,
2098 5147 2149 5185 et
2176 5135 2345 5219 inulta
2392 5137 2546 5219 tahai;
2600 5139 2708 5218 ille,
2742 5135 3006 5219 inquam,
3031 5143 3145 5210 fons
3187 5148 3257 5191 cst
3284 5138 3421 5219 apud
3442 5146 3520 5219 te,

1954 5204 2047 5257 lilii
2093 5204 2294 5256 scilicet
2338 5204 2903 5261 consubstantialis'et
2945 5204 3259 5263 coaeternus.
3291 5204 3355 5258 Et
3403 5205 3523 5259 ideo

1955 5272 2232 5326 videbimus
2262 5286 2311 5326 te
2342 5274 2573 5339 Patrem,
2604 5279 2690 5342 qui
2720 5290 2776 5330 es
2805 5278 2973 5331 lumen
3005 5296 3108 5332 non
3137 5280 3202 5333 de
3246 5276 3437 5329 lumine
3465 5276 3519 5328 in

1956 5346 2141 5397 lumme
2170 5354 2273 5407 tuo,
2302 5360 2391 5416 per
2418 5343 2543 5396 illttd
2579 5346 2825 5410 Verbum,
2857 5349 2997 5416 quod
3029 5359 3109 5401 est
3147 5349 3319 5401 lumen
3351 5356 3520 5411 tuum,

1959 5416 2007 5467 id
2041 5423 2140 5477 est,
2173 5415 2462 5481 proccdeus
2501 5422 2567 5469 de
2599 5426 2649 5469 te
2689 5415 2903 5471 lumine.
2938 5422 3001 5470 Et
3033 5418 3303 5471 videamus
3343 5427 3394 5470 te
3426 5431 3520 5483 per

1956 5486 2123 5547 illum,
2151 5483 2315 5556 Mitte,
2344 5485 2574 5548 Domine,
2607 5503 2753 5554 quem
2786 5489 3029 5539 missurus
3058 5504 3131 5551 es,
3154 5486 3357 5540 scilicet
3383 5502 3518 5556 prae-

1955 5559 2098 5607 tende
2140 5555 2286 5621 quasi
2325 5556 2686 5609 defensionem
2729 5557 3126 5609 misericordiam
3155 5569 3311 5618 tuam,
3354 5555 3404 5609 id
3439 5565 3523 5611 est

1957 5625 2145 5679 Filium
2178 5634 2345 5690 tuum,
2368 5627 2455 5693 qui
2481 5642 2583 5678 non
2612 5631 2778 5680 soium
2811 5628 3132 5691 misericors,
3164 5626 3269 5679 imo
3292 5627 3403 5695 ipsa
3436 5628 3520 5679 di-

1955 5698 2152 5750 cendus
2178 5707 2259 5746 est
2286 5696 2670 5749 nusericordia.
2714 5696 3001 5763 l’ra’tcnde,
3036 5702 3268 5765 inquam,
3314 5698 3520 5750 scienti.

1957 5768 2045 5818 bus
2068 5775 2134 5827 te,
2164 5765 2214 5837 id
2237 5775 2337 5825 est,
2371 5768 2663 5821 volentibus
2694 5777 2742 5820 te
2773 5783 2863 5834 per
2886 5768 3056 5837 ipsum
3081 5770 3253 5823 scire:
3286 5779 3329 5821 et
3357 5773 3519 5821 etiaut

1959 5836 2221 5907 praetende
2260 5837 2504 5904 justitimn
2551 5850 2709 5907 luunt,
2745 5841 2794 5894 id
2835 5836 2930 5907 est,
2967 5840 3123 5897 iidem
3155 5850 3293 5896 tuam
3321 5838 3518 5911 justiti-
