3922 6190
276 331 375 384 ΓΠ

948 329 1011 381 IN
1060 329 1479 386 PSALMORH‘I
1522 333 1776 389 LIBRUM
1820 336 2173 391 EXEGESIS.
2224 366 2287 377 »ο
2330 336 2568 391 PSALM.
2617 338 2850 393 XXXVI.

3421 344 3523 398 678

282 450 391 520 imo
419 443 484 498 ad
510 441 1078 520 exaitationem,jtt_xta
1106 443 1852 520 illudg§epticsraditjustus,
1886 452 1929 507 Α
1964 459 2175 502 notatur
2214 465 2305 515 per
2331 460 2487 507 amat.
2521 449 2657 503 inter
2699 451 2816 505 illos
2861 452 2950 520 qui
2996 465 3327 510 murmurant
3370 456 3420 509 in
3453 457 3526 509 fa-

280 517 332 568 id
364 525 447 569 est
490 513 803 585 omnimodo
835 513 1180 567 tribulatione
1215 513 1464 584 afﬂigitur
1492 513 1684 585 justus.
1721 520 1852 582 Sep-

282 586 521 640 tenarius
557 583 717 655 enim
743 586 1293 655 numeruspcrlectus
1344 596 1424 638 est
1450 628 1465 645 ,
1495 583 1552 638 et
1607 589 1725 640 ideo
1758 604 1853 655 per

282 656 487 725 septies
519 654 753 725 plenaria
788 654 1060 725 tribulatio
1090 655 1421 723 intelligitur.
1459 657 1518 708 Et
1553 666 1724 710 tamen
1762 654 1851 710 re-

280 722 472 796 surgit,
497 727 615 792 quia
643 722 912 796 tribulatio
932 736 1126 777 nones:
1153 726 1200 796 ei
1227 722 1290 796 ad
1318 726 1735 796 (ιερτεεςὶυιιξιιη,
1762 727 1854 781 sed

280 799 346 850 ad
376 792 721 849 erectioncm.
754 794 814 845 Et
846 792 966 845 ideo
990 810 1087 846 non
1112 794 1403 857 collidatur,
1445 798 1562 863 quin
1612 795 1857 849 Dominus

280 866 524 934 supponit
556 879 765 915 manum
813 879 978 928 suam,
1030 874 1084 917 et
1132 867 1402 918 ciittlortat
1444 882 1562 918 cum
1611 868 1857 934 exemplo

283 934 550 1006 patientia.-
577 949 711 1006 sum.

355 1006 545 1058 Junior
569 1005 665 1074 fui,
695 1003 877 1056 etenim
910 1003 1074 1057 senui.
1102 1003 1246 1056 Sicut
1279 1004 1328 1057 in
1359 1004 1613 1070 superiori
1649 1007 1855 1074 psalmo

287 1076 540 1142 accepisti
570 1073 851 1143 injustam,
885 1074 950 1126 de
980 1089 1085 1139 quo
1114 1075 1305 1142 agi-bat
1342 1085 1508 1126 totum
1537 1073 1703 1144 genus
1762 1077 1860 1129 ini-

284 1161 538 1215 quorum,
568 1147 637 1197 ita
667 1145 849 1211 accipe
871 1144 1092 1215 indum,
1116 1145 1201 1212 qui
1238 1144 1320 1198 bic
1353 1145 1585 1210 loqttEmr
1614 1161 1708 1212 pro
1737 1163 1857 1199 cor-

286 1214 421 1286 pore
461 1214 722 1284 justoruut
758 1229 772 1264 :
811 1214 931 1286 quia
964 1229 1146 1286 versus
1194 1216 1289 1286 iste
1337 1217 1563 1283 postulat
1618 1218 1737 1277 ltnc,
1771 1218 1857 1285 qtti

286 1283 367 1341 sic
422 1286 757 1339 continuatur
811 1300 825 1335 ε
881 1283 1014 1336 Vere
1064 1283 1312 1337 Dominus
1370 1287 1606 1354 supponit
1653 1283 1860 1339 mnuum

289 1374 439 1411 suam
475 1356 543 1407 illi
590 1370 744 1421 quem
773 1354 975 1419 dirigit,
1012 1354 1060 1405 id
1093 1365 1176 1407 est
1207 1356 1368 1417 justo,
1402 1357 1524 1423 quia
1575 1372 1677 1408 non
1709 1359 1861 1411 di-rc-

286 1426 485 1496 linquit
527 1425 729 1496 justum
773 1439 955 1496 nttttc._
984 1437 1079 1477 nec
1107 1426 1357 1496 etiame!
1388 1440 1491 1492 quo
1522 1429 1747 1492 pritnum
1772 1428 1861 1492 ju-

287 1494 407 1551 stus
438 1496 549 1558 fuit,
571 1510 670 1547 non
703 1494 1002 1558 dereliquit.
1059 1496 1117 1546 Et
1154 1509 1248 1547 nec
1277 1495 1326 1546 itt
1357 1498 1655 1561 juventute.
1687 1512 1781 1550 nec
1811 1497 1859 1549 in

285 1578 568 1621 senectute
619 1580 731 1617 mea
774 1564 879 1615 vidi
912 1566 1114 1632 justum
1144 1564 1451 1629 derelictum,
1496 1568 1617 1633 quia
1651 1582 1747 1632 ego
1786 1569 1862 1633 fui

280 1639 486 1709 junior.
530 1635 678 1700 Quod
718 1634 839 1709 inde
873 1644 1010 1709 patet
1053 1652 1063 1685 :
1102 1633 1297 1709 Etenim
1353 1637 1646 1709 (proquia)
1677 1638 1857 1709 senui.

288 1704 514 1761 Iuvenis
542 1719 762 1764 namque
811 1704 909 1755 iuit
946 1706 1121 1770 justus
1168 1704 1288 1765 istc,
1334 1706 1419 1770 qui
1474 1706 1559 1759 ltic
1604 1707 1710 1774 agit
1769 1722 1862 1771 pro

1959 521 2153 573 ciendo
2186 521 2401 577 bonum.
2435 529 2489 573 et
2518 522 2603 587 qui
2640 538 2740 572 non
2769 532 3118 586 murmurant,
3154 538 3204 577 et
3236 525 3286 577 itt
3322 527 3410 578 illo
3435 528 3526 589 ju.

1955 589 2096 643 dicio
2120 599 2321 641 sanctos
2346 606 2487 651 suos,
2516 590 2721 642 scilicet
2751 592 3003 645 iacientes
3036 595 3230 647 bonum
3256 612 3317 648 ex
3345 597 3526 657 corde,

1957 670 2010 712 et
2042 674 2144 711 non
2175 675 2294 711 cum
2322 676 2610 732 murmure,
2630 676 2736 732 non
2770 663 3103 729 derelinquet,
3143 665 3262 732 quia
3295 667 3345 717 in
3376 680 3527 719 mter-

1954 745 2077 780 num
2110 730 2561 800 conservabuntur.
2627 730 2804 783 Potest
2834 733 3008 785 taliter
3036 730 3245 800 quoque
3277 737 3372 787 iste
3406 752 3529 788 νυτ-

1960 814 2051 850 ειιε
2080 799 2399 871 coutiuuari,
2456 799 2575 871 ideo
2604 800 2724 851 dico
2756 802 2957 853 declina
2986 819 3015 854 a
3046 799 3201 864 malo,
3245 814 3292 856 et
3323 808 3403 871 [ac
3435 808 3527 858 bo-

1959 884 2081 941 num
2116 886 2128 919 :
2159 869 2280 941 quia
2315 868 2563 941 Dominus
2591 878 2725 920 autat
2749 873 2862 941 tale
2896 872 3174 941 judicium,
3206 873 3254 925 id
3288 868 3387 936 est,
3434 878 3529 927 ltit-

1956 937 2191 1005 jusmodi
2224 939 2597 991 discretionem
2620 980 2634 1002 ,
2667 940 2867 992 scilicet
2896 937 2953 992 ut
2994 946 3213 1008 quisque
3242 944 3469 997 declinet
3498 962 3527 997 a

1962 1009 2123 1070 malo,
2151 1018 2206 1060 et
2236 1008 2391 1060 iaciat
2419 1008 2638 1070 bonum,
2669 1018 2714 1060 et
2743 1020 2944 1061 sanctos
2972 1028 3089 1063 suos
3113 1015 3189 1064 sic
3217 1014 3526 1067 discet-nen-

1963 1088 2040 1129 tes
2070 1094 2170 1129 non
2202 1078 2512 1144 derelinquet
2537 1079 2587 1129 in
2620 1088 2885 1131 retentum.
2916 1082 3095 1132 'l‘ertio
3122 1099 3334 1147 quoque
3367 1084 3526 1137 modo

1961 1148 2298 1218 continuatur
2329 1149 2396 1199 ita
2430 1166 2440 1198 :
2475 1147 2685 1200 Declina
2726 1165 2756 1199 α
2802 1150 2958 1213 malo,
2986 1160 3031 1202 et
3062 1152 3143 1218 [ac
3174 1152 3357 1204 bonum
3388 1168 3406 1206 :
3434 1155 3526 1205 sed

1965 1216 2078 1269 lucc
2110 1220 2350 1271 iaciendo
2380 1218 2590 1281 patieris
2619 1220 2777 1270 multa
2808 1216 3069 1277 adversm
3090 1224 3167 1272 'l‘tt
3203 1232 3378 1276 autem
3416 1224 3525 1276 noli

1962 1301 2171 1361 curare,
2221 1287 2326 1361 noli
2362 1288 2559 1361 dolere,
2611 1289 2729 1361 quia
2769 1290 3016 1361 Dominus
3050 1300 3181 1341 amnt
3230 1293 3332 1345 tale
3372 1294 3524 1361 judi-

1964 1359 2095 1429 cium
2132 1358 2243 1409 licri
2301 1358 2350 1409 in
2388 1359 2497 1410 suis
2530 1376 2541 1408 :
2576 1360 2699 1425 quia
2747 1360 2976 1425 ﬂitqi-llat
3014 1363 3187 1413 taliter
3231 1358 3426 1414 omnem
3467 1364 3531 1429 ﬁ-

1964 1426 2093 1500 lium
2114 1444 2259 1500 quem
2295 1429 2504 1500 recipit,
2533 1431 2618 1496 qui
2661 1436 2995 1500 necproprio
3036 1448 3125 1481 suo
3161 1430 3295 1483 Filio
3336 1434 3385 1485 itt
3424 1426 3531 1500 quo

1967 1496 2096 1549 ttiltil
2132 1498 2351 1560 invenit,
2380 1500 2623 1567 pepercit.
2661 1502 2722 1550 lat
2756 1499 2874 1551 licet
2898 1501 3136 1551 videatur
3161 1496 3530 1566 derelinquere

1965 1575 2178 1619 Sanctus
2219 1581 2368 1630 suos,
2404 1584 2497 1638 pi-r
2524 1569 2624 1621 boc
2669 1584 2771 1622 nou
2803 1585 2896 1620 eos
2944 1571 3284 1638 dei-elinqttit,
3333 1573 3424 1623 St°ll
3473 1574 3526 1623 in

1965 1646 2212 1707 retentum
2239 1637 2671 1690 conservobttntur
2691 1680 2705 1703 ,
2731 1639 2911 1707 injusti
2945 1656 3067 1691 vi-ro
3102 1637 3203 1692 ltuit
3248 1655 3531 1693 ('OUSt‘I'Va"

1968 1706 2184 1766 buntur,
2210 1707 2328 1773 quia
2354 1709 2679 1760 mterualiter
2711 1706 3014 1775 punientur;
3043 1721 3095 1763 et
3116 1711 3213 1761 ltoc
3244 1712 3382 1775 ideo,
3408 1713 3529 1777 quia

290 1778 413 1830 aliis
447 1777 495 1827 in
527 1775 788 1853 prioribus
812 1774 987 1855 ju-st'i‘s,
1022 1775 1108 1841 qtti
1147 1775 1294 1841 quasi
1337 1776 1386 1826 in
1419 1778 1691 1837 iuventute
1742 1774 1855 1828 fue-
1894 1796 1936 1852 Β
1965 1791 2132 1855 semen
2180 1777 2460 1855 impiorum
2486 1778 2688 1846 peribit,
2712 1774 2769 1829 id
2802 1793 2904 1840 est,
2935 1780 3053 1846 quia
3100 1796 3261 1846 opera
3294 1774 3526 1845 ipsitrtnn

293 1856 438 1907 runt,
470 1847 591 1912 quia
619 1844 769 1911 primi
813 1845 878 1895 ad
915 1844 1071 1895 lidetn
1105 1855 1444 1897 acceSseruut
1482 1863 1492 1896 :
1540 1860 1700 1897 senex
1733 1861 1864 1899 vero

290 1926 550 1985 quantum
588 1914 660 1985 ad
711 1924 914 1977 tempus
959 1912 1065 1985 jam
1115 1913 1282 1967 factus
1332 1923 1442 1980 est,
1489 1925 1739 1981 quantum
1793 1915 1857 1967 ad

293 1983 419 2041 illos
456 1985 544 2053 qui
586 1983 685 2036 ltuc
740 1983 1018 2050 posteriori
1059 1992 1299 2050 tempore
1353 1985 1631 2038 accedunt.
1686 1987 1749 2038 Et
1779 1993 1860 2038 est

289 2059 475 2110 (Περι-ε
517 2056 637 2122 quia
680 2067 779 2106 nec
820 2053 869 2104 itt
916 2054 1179 2119 prioribus
1229 2068 1327 2107 nec
1377 2054 1427 2107 in
1477 2054 1858 2119 posterioribus

288 2128 449 2193 instis
503 2122 692 2189 aliquis
770 2133 945 2190 potest
1002 2122 1219 2190 reperiri
1281 2138 1434 2190 quem
1466 2125 1719 2176 Dominus
1767 2126 1861 2177 tle-

294 2194 591 2263 reiiquerit,
614 2204 665 2246 et
694 2209 798 2245 non
831 2195 1003 2257 potius
1031 2193 1445 2247 conﬁrmaverit.
1477 2194 1595 2246 Non
1628 2195 1749 2256 vidi,
1777 2197 1858 2246 in-

295 2280 480 2332 quam,
496 2266 694 2334 justum
721 2262 1038 2327 derelictum,
1064 2278 1151 2334 nrc
1178 2263 1279 2315 vidi
1295 2279 1462 2334 semen
1494 2266 1603 2334 ejus
1629 2279 1859 2332 qtitvreus

294 2351 502 2401 partem,
541 2333 590 2385 id
623 2340 705 2386 est
730 2347 999 2398 nunquam
1029 2333 1132 2384 vidi
1164 2333 1302 2400 quod
1353 2333 1647 2387 imitatores
1694 2334 1858 2402 ipsius

291 2406 423 2471 justi
481 2415 662 2456 essent
712 2411 1013 2469 qtizereutes
1045 2416 1256 2469 panem,
1320 2402 1368 2455 id
1428 2415 1505 2456 est
1560 2404 1859 2471 indigentes

300 2490 461 2542 pauc,
489 2488 591 2525 non
625 2486 757 2542 pane
793 2472 1014 2535 ventris,
1044 2474 1136 2525 sed
1188 2487 1322 2539 pane
1354 2473 1522 2537 verbi,
1552 2473 1619 2526 de
1645 2489 1749 2538 quo
1779 2474 1860 2526 di-

294 2541 439 2596 ctum
489 2552 609 2596 est:
640 2541 758 2593 Non
785 2542 837 2593 in
869 2542 978 2594 solo
1010 2557 1140 2609 pane
1172 2544 1287 2594 rivit
1341 2542 1514 2606 homo,
1548 2551 1600 2593 et
1632 2543 1856 2611 reliqua.

299 2614 437 2667 Vere
466 2615 605 2666 enim
632 2611 805 2680 jusms
836 2612 927 2663 illo
959 2627 1091 2679 pane
1124 2626 1225 2663 non
1253 2612 1471 2680 indiget,
1502 2612 1620 2678 qttia
1647 2626 1859 2679 semper

294 2685 457 2736 habet
506 2682 673 2746 ipsum
709 2685 756 2733 itt
788 2684 949 2734 corde
999 2682 1079 2733 vel
1109 2684 1159 2733 itt
1192 2696 1283 2734 Ore
1305 2682 1454 2751 juxta
1502 2682 1627 2735 illttd
1655 2681 1757 2735 :Et
1804 2686 1858 2735 in

288 2754 403 2821 lege
427 2753 541 2822 ejus
572 2751 895 2804 meditabitur
945 2752 1025 2803 die
1049 2766 1116 2822 ac
1140 2762 1305 2804 nocte.
1355 2752 1636 2805 Mauducat
1679 2761 1856 2806 autem

292 2821 673 2894 buncpanem,
704 2823 915 2894 quando
959 2821 1083 2885 legit
1114 2825 1191 2894 vel
1222 2823 1370 2875 audit
1417 2823 1628 2890 aliquod
1656 2837 1857 2894 prazce-

289 2902 504 2960 ptorum
541 2891 671 2954 Dei;
701 2892 929 2943 ruminat
964 2905 1089 2944 vero
1121 2893 1317 2958 ipsum,
1344 2900 1557 2959 quando
1595 2891 1859 2960 recogitat

289 2964 433 3029 quod
478 2961 603 3029 tegit
632 2961 710 3013 vel
755 2961 980 3029 audivit.
1039 2968 1095 3012 ut
1150 2962 1477 3016 t'ruetuosttm
1526 2963 1681 3015 faciat
1732 2961 1855 3015 sibi.

296 3028 451 3085 Unde
476 3028 724 3084 Salomon
752 3028 824 3081 ait
849 3048 859 3081 :
888 3028 1184 3083 Tltesaurus
1210 3031 1557 3084 desiderabitis
1582 3032 1854 3097 requiescit

288 3104 344 3154 in
385 3117 475 3154 ore
515 3102 991 3172 sapientis,jstultus
1039 3115 1154 3153 vero
1208 3102 1517 3172 transglutiit
1543 3101 1690 3154 illud.
1747 3103 1857 3172 lloc

291 3181 474 3225 autem
521 3171 666 3222 stulti
699 3170 914 3222 iaciunt.
949 3173 1124 3235 Quare
1153 3170 1539 3237 corripui-altiles
1583 3179 1707 3224 sunt
1736 3171 1855 3223 ani-

291 3242 519 3294 malibus
548 3254 666 3307 quae
697 3253 801 3291 non
835 3243 1122 3303 ruminatit,
1156 3248 1209 3292 et
1240 3242 1359 3293 ideo
1410 3242 1679 3293 immunda
1710 3248 1853 3294 sunt.

286 3311 479 3365 Justus
507 3325 635 3361 vero
678 3325 794 3375 qua:
852 3310 979 3377 legit
1006 3318 1059 3361 et
1088 3311 1288 3363 audivit
1339 3325 1443 3363 non
1486 3310 1857 3372 obliviscetur,

286 3381 384 3434 sed
416 3379 641 3433 ruminat
675 3396 756 3443 ea,
788 3392 953 3446 quare
1010 3379 1264 3432 mundum
1319 3380 1513 3432 animal
1538 3388 1640 3431 est.
1686 3380 1751 3432 Et.
1793 3382 1861 3432 de

289 3450 403 3571 bubo
443 3450 582 3503 idem
629 3450 882 3503 Salomon
930 3450 1098 3503 dcit:
1132 3449 1192 3502 Et
1239 3449 1476 3520 cogitatio
1522 3459 1699 3502 sancta
1749 3448 1858 3503 sal-

289 3536 349 3571 va
389 3530 424 3571 tt
447 3530 513 3571 te.

285 3530 424 3572 ιιαωι
447 3530 513 3572 te.

364 3588 495 3641 Tota
523 3589 603 3641 die
624 3590 884 3642 miseretur
911 3598 957 3642 et
986 3588 1294 3642 commodat.
1333 3587 1465 3643 Vere
1500 3603 1681 3643 semen
1734 3590 1861 3658 justi

288 3674 399 3711 non
430 3658 629 3726 indiget
658 3673 815 3726 parte,
843 3660 963 3728 quia
998 3670 1102 3712 tota
1133 3661 1235 3725 die,
1270 3658 1321 3712 id
1361 3671 1441 3711 est
1469 3660 1681 3714 assidue
1710 3664 1862 3714 mise-

286 3739 434 3779 retur
478 3733 671 3781 anima:
716 3745 847 3794 suat,
879 3729 1003 3781 dum
1052 3730 1198 3782 ilium
1259 3743 1443 3792 panem
1491 3739 1583 3783 aut
1636 3732 1867 3784 comedit

287 3808 387 3850 aut
418 3799 668 3851 ruminat.
723 3798 787 3851 Et
832 3799 990 3851 etiam
1039 3800 1342 3862 commodat,
1393 3800 1442 3851 id
1498 3808 1580 3852 est
1626 3815 1864 3853 commo-

287 3871 420 3920 dum
453 3869 802 3936 quodcunque
849 3878 1021 3935 potest
1053 3870 1175 3922 lacit
1218 3870 1335 3920 aliis
1380 3869 1542 3921 verbo
1590 3878 1643 3922 et
1689 3872 1866 3925 facto:

286 3949 345 3992 et
375 3937 451 3989 sic
474 3937 629 3989 etiam
657 3940 699 3990 si
730 3952 928 4003 pauper
953 3939 1042 4001 sit,
1074 3940 1221 3991 dives
1248 3947 1423 3991 tamen
1448 3950 1546 3992 est.
1584 3939 1695 3992 Non
1725 3940 1869 3993 enim

285 4008 627 4075 respicienda
645 4018 726 4061 est
753 4008 922 4060 inanis
945 4022 1087 4069 arca,
1105 4010 1195 4062 sed
1221 4010 1542 4062 conscientia
1563 4010 1668 4061 Deo
1692 4010 1867 4077 plena:

290 4091 403 4130 non
435 4080 670 4129 exterior
699 4079 939 4141 l'acultas,
976 4078 1067 4132 sed
1128 4080 1347 4133 interior
1399 4080 1652 4142 Charitas,
1712 4081 1759 4132 id
1787 4090 1871 4133 est

290 4149 434 4199 bona
479 4149 744 4210 Voluntas,
798 4162 916 4215 quae
967 4163 1231 4216 nunquam
1279 4158 1361 4202 est
1406 4152 1597 4212 otiosa,
1654 4152 1772 4216 quia
1823 4152 1867 4203 si

287 4233 401 4269 non
448 4217 538 4270 dat
566 4232 862 4282 nunmtum,
914 4219 1003 4271 dat
1031 4220 1334 4284 consilium,
1374 4219 1463 4271 dat
1510 4218 1761 4271 auxilium
1817 4229 1871 4273 ct

286 4302 351 4341 se
401 4289 614 4354 ipsum,
669 4288 750 4339 vel
801 4288 989 4341 saltem
1063 4292 1259 4341 bonum
1310 4298 1512 4342 votum.
1574 4288 1865 4356 Miseretur,

287 4356 531 4426 inquam,
572 4368 618 4410 et
649 4359 952 4419 commodat,
985 4367 1031 4410 et
1061 4357 1180 4411 ideo
1210 4375 1377 4411 semen
1403 4398 1419 4422 ,
1474 4361 1521 4411 id
1571 4369 1653 4412 est
1706 4374 1865 4426 opera

291 4434 412 4498 ejus
441 4441 595 4482 erunt
629 4430 680 4480 in
709 4429 1073 4493 benedictione,
1109 4429 1158 4481 td
1190 4441 1291 4494 est,
1326 4430 1378 4481 in
1429 4428 1864 4496 multiplicabant:

1887 3136 1935 3199 C

1967 1847 2284 1912 injustorutu
2331 1846 2598 1914 peribunt,
2648 1865 2749 1899 non
2796 1862 3048 1914 quantum
3097 1849 3162 1900 ad
3213 1851 3526 1901 vindicatio-

1967 1931 2111 1977 nem,
2140 1916 2232 1968 sed
2266 1927 2520 1985 quantum
2548 1916 2611 1970 ad
2640 1919 2827 1970 bonam
2862 1920 3364 1971 retttuueratiouem.
3390 1919 3528 1970 Justi

1963 1996 2133 2038 autem
2166 2001 2268 2039 non
2306 1990 2611 2054 punientur,
2638 1988 2727 2038 sed
2758 1987 3241 2049 cooservabttntur,
3290 2000 3343 2040 ttt
3369 2004 3526 2055 supra

1967 2055 2165 2109 dictum
2195 2064 2293 2117 est,
2329 2070 2422 2125 per
2465 2059 2565 2108 ltoc
2613 2057 2817 2109 scilicet
2865 2059 2985 2120 quia
3034 2058 3427 2121 Itrercditabunt,
3477 2057 3530 2111 id

1963 2135 2048 2178 est
2080 2126 2442 2179 luereditatcin
2479 2128 2732 2193 recipient
2783 2137 2989 2186 terram,
3023 2130 3101 2179 vel
3131 2131 3402 2181 caelestem
3446 2127 3535 2181 Je-

1964 2196 2218 2260 rusalem,
2252 2196 2333 2249 vel
2384 2211 2599 2249 carnem
2632 2211 2778 2248 suam
2804 2196 3168 2249 clarilicatam.
3214 2198 3277 2250 Et
3308 2213 3373 2249 ne
3402 2214 3533 2263 pan-

1962 2266 2051 2317 dat
2094 2267 2239 2318 sinns
2279 2266 2584 2331 cupiditatis
2623 2281 2812 2330 avaro,
2846 2268 2933 2335 qui
2972 2270 3148 2319 Statim
3191 2276 3402 2335 putaret
3449 2267 3535 2321 ltic

1966 2335 2205 2400 promitti
2254 2345 2517 2389 terrenam
2548 2337 2933 2399 bmreditatem,
2982 2346 3035 2389 ει
3075 2337 3150 2389 sic
3182 2338 3425 2389 tenderet
3465 2335 3534 2391 ad

1958 2404 2264 2472 justitiam,
2318 2407 2532 2473 exponit
2570 2421 2724 2473 quam
2782 2416 2976 2459 terram
3029 2408 3318 2473 acceperit.
3369 2406 3534 2472 Quasi

1962 2475 2147 2544 dicat:
2181 2476 2253 2527 Ita
2305 2475 2426 2527 dico
2478 2477 2846 2528 hwreditabuut
2894 2484 3102 2541 terram,
3157 2477 3296 2544 quod
3328 2491 3431 2529 non
3465 2476 3536 2530 ad

1964 2542 2171 2606 boram,
2224 2548 2359 2598 sicut
2393 2546 2622 2612 aliquam
2665 2547 3053 2611 possessionem
3100 2542 3386 2607 terrenam,
3440 2545 3537 2599 sed

1959 2612 2316 2666 inhabitabant
2340 2614 2390 2665 in
2415 2616 2660 2666 swculunt
2686 2616 2881 2680 statuti,
2917 2616 2965 2666 id
2996 2624 3096 2677 est,
3120 2614 3445 2669 teternaliter
3483 2615 3535 2667 in

1961 2697 2043 2735 ca.
2082 2683 2146 2735 Et
2193 2686 2265 2735 ita
2296 2693 2351 2735 ut
2381 2687 2489 2736 sint
2518 2699 2668 2753 super
2697 2700 2829 2748 eam,
2874 2683 2924 2735 id
2956 2694 3039 2737 est
3068 2698 3405 2752 possessores
3432 2685 3540 2738 sint

1961 2753 2077 2818 ejus
2110 2761 2286 2805 teme.
2338 2754 2399 2804 Et
2430 2756 2526 2805 Itoc
2549 2764 2801 2820 quantum
2841 2756 2907 2805 ad
2939 2755 3211 2807 cwlestem
3248 2755 3389 2806 illam
3437 2770 3534 2820 pa~

1963 2821 2116 2873 triam
2153 2839 2166 2876 :
2198 2832 2453 2889 quantum
2478 2839 2604 2875 vero
2632 2825 2696 2874 ad
2728 2837 2964 2888 carnem,
2993 2824 3071 2877 sic
3100 2824 3283 2876 dicens
3309 2839 3323 2875 :
3352 2824 3426 2877 lla
3454 2826 3535 2875 in—

1961 2892 2257 2962 habitabant
2280 2901 2336 2944 ut
2357 2892 2464 2944 sint
2497 2908 2647 2962 super
2674 2908 2807 2953 eum,
2839 2893 2887 2945 id
2911 2902 3011 2956 est,
3052 2901 3108 2945 ut
3148 2894 3366 2959 spirints
3396 2907 3538 2946 sem-

1962 2976 2055 3029 per
2082 2961 2147 3014 sit
2182 2961 2251 3015 ibi
2273 2976 2435 3016 carne
2464 2961 2728 3029 superior.
2765 2962 2858 3015 llic
2878 2964 3020 3016 enim
3050 2963 3171 3015 licet
3201 2963 3421 3029 Spiritus
3446 2980 3542 3014 na-

1961 3031 2199 3085 turaliter
2252 3046 2413 3085 carue
2474 3031 2717 3099 superior
2765 3034 2867 3095 sit,
2928 3046 3071 3098 smpe
3125 3043 3301 3085 tamen
3359 3034 3543 3086 subest

1964 3102 2133 3163 carni,
2167 3100 2377 3154 scilicet
2402 3117 2523 3154 cum
2557 3104 2818 3168 decipitur
2848 3103 3047 3154 carnali
3087 3101 3464 3155 delectatione.

2044 3171 2113 3222 Us
2131 3171 2266 3241 justi
2296 3173 2626 3224 meditabitur
2651 3172 2972 3237 sapientiam.
3004 3171 3191 3224 Merito
3214 3171 3343 3239 justi
3374 3173 3542 3225 Intre-

1966 3241 2203 3293 ditabunt
2237 3250 2446 3304 terram,
2475 3243 2596 3308 quia
2627 3256 2839 3305 semper
2867 3250 2920 3294 et
2964 3243 3287 3293 meditantur
3328 3243 3543 3309 sapicn-

1970 3319 2118 3376 tiam,
2153 3320 2207 3363 et
2235 3310 2521 3377 loquuntur
2551 3326 2687 3373 cant,
2722 3320 2773 3362 et
2813 3311 2864 3362 in
2896 3311 3057 3363 corde
3098 3310 3325 3363 retinent
3374 3316 3539 3377 legem

1965 3379 2083 3432 Dei.
2115 3380 2264 3449 Quod
2289 3394 2370 3449 sic
2398 3380 2530 3432 dicit
2562 3397 2578 3446 ε
2610 3380 2681 3432 Us
2698 3379 2832 3449 justi
2861 3379 3182 3433 meditabitur
3209 3381 3541 3448 sapientiam,

1973 3448 2024 3502 id
2051 3457 2132 3502 est
2157 3447 2368 3502 assidue
2410 3451 2641 3516 loquitur
2668 3447 2769 3502 sibi
2821 3450 2917 3515 ipsi
2967 3450 3095 3501 illttd
3128 3447 3278 3516 quod
3313 3452 3543 3517 pertinet

1966 3518 2031 3572 ad
2057 3519 2393 3586 sapientiam,
2426 3518 2475 3571 id
2506 3530 2585 3572 est
2631 3519 2695 3571 ad
2746 3522 2937 3571 bonam
2969 3520 3152 3578 vitam,
3187 3535 3301 3585 quae
3333 3529 3414 3572 est
3439 3518 3548 3574 liti-

1966 3592 2108 3656 gium
2142 3589 2336 3641 habere
2367 3602 2488 3641 cum
2530 3586 2692 3651 vitiis,
2728 3603 2907 3656 pacem
2954 3604 3072 3642 cum
3122 3590 3357 3642 moribus
3404 3591 3545 3656 opti-

1970 3661 2090 3711 tnis.
2123 3658 2188 3710 Et
2215 3658 2390 3724 lingua
2418 3658 2577 3712 etiam
2606 3660 2737 3728 ejus,
2779 3660 2828 3712 id
2860 3670 2936 3711 εει
2986 3659 3136 3725 justi,
3164 3660 3398 3727 loquetur
3426 3662 3545 3712 aliis

1969 3743 2129 3782 omne
2152 3729 2429 3796 judicium,
2466 3729 2515 3781 id
2549 3738 2629 3780 est
2655 3744 2813 3782 omne
2857 3731 2995 3796 quod
3048 3744 3174 3781 Vere
3203 3744 3263 3779 sit
3294 3728 3542 3796 judican-

1969 3800 2095 3851 dttitt
2125 3810 2173 3851 ct
2205 3800 2514 3851 tenendum.
2550 3801 2611 3850 Et
2644 3801 2728 3852 ltic
2762 3801 2878 3850 talis
2926 3814 3030 3851 non
3062 3808 3141 3851 est
3172 3798 3239 3851 de
3270 3798 3370 3850 illis
3402 3802 3542 3851 unde

1971 3868 2172 3921 dictum
2201 3878 2282 3921 est
2312 3886 2324 3919 :
2359 3867 2586 3937 Populus
2624 3868 2707 3921 hic
2735 3869 2882 3921 labiis
2921 3885 3000 3921 me
3029 3868 3266 3931 ltonorat,
3297 3869 3419 3935 quia
3459 3867 3546 3920 lea:

1974 3937 2065 3990 Dei
2101 3954 2202 3989 non
2248 3946 2451 3990 tantum
2499 3948 2580 3990 cst
2630 3940 2679 3989 in
2726 3954 2820 3991 ore
2860 3940 3042 4005 ipsius,
3070 3936 3163 3991 sed
3208 3940 3258 3988 in
3290 3937 3464 3999 corde,
3493 3948 3552 3989 ιιι

1972 4008 2068 4059 ista
2105 4026 2117 4059 :
2154 4007 2303 4072 Quod
2335 4008 2423 4058 tibi
2469 4023 2570 4059 non
2599 4010 2713 4075 ﬁeri
2752 4010 2843 4073 vis,
2878 4009 2967 4060 alii
3007 4024 3069 4060 ne
3099 4010 3296 4075 feceris.
3333 4008 3396 4059 Et
3427 4009 3553 4076 quia

1972 4077 2089 4130 talis
2118 4088 2219 4139 est,
2272 4078 2390 4130 ideo
2434 4092 2636 4145 gressus
2681 4082 2811 4145 eius,
2850 4078 2898 4131 id
2951 4088 3031 4130 est
3081 4077 3388 4130 alTectiones
3426 4078 3544 4145 ejus

1972 4162 2075 4200 non
2121 4152 2533 4214 superabantur,
2567 4152 2687 4215 quia
2740 4164 2839 4202 uec
2867 4148 3029 4202 etiam
3065 4150 3389 4218 Cogitatiotte
3424 4163 3549 4217 pec-

1971 4220 2135 4271 cabit.

2044 4286 2344 4357 Constiterat
2391 4296 2621 4357 peccator
2659 4288 2880 4357 justum.
2931 4288 3087 4353 Quasi
3145 4288 3288 4341 dicat
3337 4307 3349 4340 :
3404 4289 3545 4354 Ergo

1975 4369 2181 4409 maneat
2210 4356 2397 4425 justus
2411 4372 2630 4411 securus
2664 4366 2801 4411 inter
2826 4358 3017 4424 impios
3048 4369 3100 4411 et
3124 4361 3260 4411 inter
3293 4358 3542 4424 injustas.

1976 4426 2110 4491 Quid
2155 4428 2295 4479 enim
2327 4428 2495 4480 oberit
2525 4430 2573 4481 ei
2622 4429 2850 4496 impius?
2878 4428 3015 4479 Nilnl
3059 4431 3258 4495 utique.
3303 4427 3553 4480 Conside-

286 4493 551 4564 q'uantum
599 4499 665 4551 ad
714 4505 1219 4567 remunerationem,
1274 4501 1393 4566 quia
1425 4493 1628 4567 singula
1676 4510 1865 4551 ceutu-
1904 4493 1950 4550 D
1977 4506 2058 4548 rat
2089 4497 2302 4563 quidem
2329 4508 2565 4562 peccator
2586 4493 2809 4566 justum,
2840 4496 3085 4549 Dominus
3118 4493 3283 4548 autem
3325 4512 3427 4548 non
3466 4500 3554 4549 de-

289 4571 501 4636 tuplum
524 4571 769 4635 accipiet.
804 4566 927 4621 Noli
955 4584 1083 4638 ergo
1101 4568 1334 4623 wmulari
1364 4571 1415 4619 iu
1464 4566 1870 4637 mulignanttbus

289 4649 347 4691 tu
384 4639 615 4707 quilibet
647 4648 699 4691 ut
730 4654 897 4691 semen
931 4650 1075 4691 tuum
1134 4641 1204 4692 sit
1252 4641 1306 4691 in
1365 4640 1746 4703 benedictione;
1778 4641 1870 4692 Sed

291 4711 472 4777 potius
505 4709 704 4762 declina
748 4726 778 4761 a
810 4708 966 4773 mulo,
1009 4710 1091 4762 vel
1124 4709 1440 4777 simpliciter
1469 4712 1537 4761 ita
1569 4709 1873 4763 continuari

287 4788 512 4847 potest:
544 4782 675 4846 Quia
696 4781 824 4848 justi
853 4791 1025 4832 tamen
1055 4795 1238 4831 semen
1264 4780 1366 4833 erit
1397 4781 1447 4832 in
1478 4780 1871 4844 benedictione,

285 4865 421 4918 ergo
453 4862 507 4903 tu
540 4852 759 4916 qttilibet
777 4850 1092 4902 desiderans
1129 4851 1271 4903 illam
1305 4850 1749 4910 benedictionem,
1782 4849 1877 4903 de—

286 4922 433 4975 clina
461 4922 530 4975 ab
552 4922 697 4973 onmi
728 4922 866 4973 malo
895 4928 947 4971 ct
979 4920 1060 4972 l'ac
1093 4920 1287 4972 boauui
1316 4920 1672 4987 quodcunque
1700 4934 1872 4987 potes,

287 5001 347 5045 et
398 4994 502 5046 ltoc
552 4994 669 5046 sine
707 4992 1147 5054 murmuratione,
1207 4991 1413 5043 scilicet
1457 4998 1514 5041 ut
1561 5005 1662 5041 non
1723 4998 1876 5056 putes

286 5061 552 5115 damnum
586 5064 635 5114 in
666 5060 861 5124 dando,
896 5062 1002 5112 imo
1027 5059 1077 5112 itt
1110 5060 1424 5118 retinendo;
1457 5059 1580 5125 quia
1612 5068 1751 5126 quod
1780 5062 1875 5111 de—

272 5133 449 5194 ‘disti,
498 5149 603 5186 tton
636 5130 937 5199 perdidisri,
987 5132 1079 5183 sed
1113 5132 1251 5197 quod
1281 5131 1548 5199 *sehasti,
1586 5129 1877 5194 perdidisti.

287 5205 528 5255 Attende
572 5197 695 5270 ergo
721 5201 886 5253 Deum
931 5199 1194 5252 dicentem
1222 5216 1231 5250 :
1269 5197 1444 5251 Facite
1466 5198 1601 5251 vobis
1630 5199 1879 5263 sacculos,

288 5288 396 5324 non
419 5271 877 5342 computrescibiles
900 5310 914 5333 ,
957 5280 1004 5323 et
1041 5273 1318 5342 thesauros
1367 5286 1465 5342 non
1512 5270 1799 5342 deﬁcientes
1829 5271 1883 5342 in

287 5337 550 5411 eaquue
572 5344 655 5412 fur
676 5358 778 5395 non
800 5343 1012 5395 accedit.
1032 5339 1095 5392 Et
1120 5340 1343 5392 inhabita
1360 5340 1410 5391 in
1423 5337 1666 5412 siccatum
1688 5340 1883 5392 swculi.

266 5409 627 5478 'Quasi’dicat
652 5431 666 5465 :
693 5417 737 5466 si
767 5412 1123 5465 declinaveris
1146 5426 1173 5462 a
1203 5412 1363 5473 malo,
1390 5418 1443 5463 et
1465 5409 1628 5462 facies
1662 5412 1883 5471 bonum,

291 5498 423 5537 tunc
460 5483 844 5537 inbabitaveris
889 5496 1174 5549 supernam
1206 5480 1566 5534 hatrcditatein
1609 5478 1663 5531 iu
1713 5494 1886 5534 Stccu—

296 5555 406 5608 lntn
441 5554 644 5613 saeculi.
680 5554 730 5605 id
761 5561 844 5605 est
875 5555 926 5603 in
958 5563 1238 5605 attentum.

370 5626 506 5689 Quia
535 5623 788 5675 Dominus
809 5631 956 5692 rantut
980 5622 1258 5692 judicium.
1286 5618 1411 5692 Ideo
1432 5618 1553 5673 dico
1584 5620 1700 5672 sine
1732 5634 1885 5671 mur-

288 5696 598 5748 muratione
639 5708 759 5745 csse
799 5690 1123 5754 faeteudutn,
1153 5692 1274 5759 quia
1310 5690 1562 5742 Dominus
1607 5701 1745 5743 amat
1786 5692 1885 5760 ju-

289 5770 488 5819 dicium
520 5765 717 5831 facere,
750 5763 798 5817 id
834 5775 936 5829 εει,
967 5764 1190 5832 diligens
1212 5763 1544 5816 examinator
1585 5766 1706 5827 crit,
1744 5761 1885 5829 quod

1975 4566 2214 4634 relinqui
2239 4583 2373 4620 eum.
2412 4568 2592 4620 l’utest
2625 4578 2676 4619 et
2703 4569 2856 4619 aliter
2889 4568 2972 4618 ltic
3011 4581 3197 4618 versus
3224 4568 3550 4630 continuari,

1976 4648 2034 4691 ut
2061 4640 2201 4689 sicut
2229 4637 2369 4704 quod
2402 4640 2693 4703 pra-cessit,
2741 4639 2839 4689 l'uit
2880 4651 3037 4688 cau~a
3070 4637 3133 4687 ad
3164 4634 3367 4702 justus;
3400 4638 3468 4689 ita
3502 4647 3556 4690 et

1974 4708 2117 4761 istud
2146 4722 2305 4759 causa
2338 4708 2407 4759 sit
2436 4707 2502 4758 ad
2552 4708 2797 4773 iujustos.
2828 4704 2987 4770 Quasi
3019 4705 3179 4758 dicat.
3229 4706 3412 4758 Merito
3464 4707 3558 4759 itt-

1971 4777 2100 4846 jttsti
2128 4780 2432 4842 punientur,
2464 4777 2580 4844 quia
2612 4786 2846 4844 peccator
2876 4775 3165 4827 considerat
3190 4776 3389 4843 justum
3425 4776 3552 4830 iusi-

1978 4846 2176 4900 diando
2206 4849 2287 4908 ei;
2319 4858 2366 4898 ct
2397 4847 2495 4899 hoe
2528 4848 2646 4898 ideo
2672 4847 2792 4912 quia
2821 4848 3001 4912 quierit
3033 4848 3363 4913 moiti/icare,
3390 4848 3439 4900 id
3470 4858 3555 4900 est

1980 4915 2189 4985 penitus
2218 4917 2473 4967 devorare
2505 4931 2638 4973 eum.
2676 4930 2814 4968 nunc
2847 4915 3229 4982 fraudulenter,
3266 4932 3403 4969 uuuc
3434 4919 3548 4969 vio-

1982 4992 2171 5039 lenter.
2202 4987 2305 5039 Sed
2333 5001 2449 5052 qua:
2480 5000 2603 5036 cura
2620 4989 2642 5035 ’ί
2673 4985 2846 5048 Nulla,
2880 4985 3117 5052 inquam,
3151 5002 3218 5054 qn
3242 5001 3270 5037 a
3303 4985 3554 5039 Dominus

1983 5072 2084 5109 non
2116 5056 2425 5120 derelinquet
2468 5072 2603 5119 cum,
2630 5054 2830 5123 jttstttat
2878 5058 3102 5117 scilicet,
3149 5058 3248 5109 etsi
3304 5058 3550 5110 traditum

1984 5125 2218 5180 exterius
2249 5126 2299 5179 in
2327 5140 2514 5178 manus
2543 5125 3002 5190 peccatoris.Naitt
3027 5129 3123 5179 etsi
3156 5126 3207 5178 in
3239 5140 3398 5179 carne
3423 5126 3548 5193 jus‘ti

1984 5199 2284 5249 dominetur
2333 5196 2601 5258 inimicus,
2649 5199 2795 5262 juxta
2842 5197 2966 5249 illttd
3012 5198 3147 5250 beati
3195 5195 3296 5250 Job
3343 5212 3355 5247 :
3397 5194 3559 5247 Terra

1987 5267 2174 5318 tradita
2213 5278 2285 5317 est
2313 5267 2364 5317 in
2411 5281 2591 5317 manus
2624 5275 2965 5331 peccatorum,
3006 5276 3172 5319 tamen
3210 5265 3417 5335 spiritus
3450 5268 3559 5333 ejus

1986 5337 2291 5398 salvabttur,
2345 5351 2446 5386 non
2495 5335 2826 5402 derelinquet,
2877 5338 3111 5405 inquam.
3170 5337 3424 5388 Domitius
3473 5341 3558 5401 ju-

1989 5416 2151 5467 stutu,
2186 5422 2274 5457 nec
2304 5406 2564 5458 damnabit
2604 5422 2738 5465 eum.
2772 5410 2879 5459 imo
2909 5406 3160 5459 exaltabit
3191 5419 3312 5457 eum
3344 5419 3460 5457 cum
3506 5405 3559 5458 in

1994 5476 2171 5528 futuro
2190 5478 2528 5547 judicubitur,
2567 5477 2613 5528 id
2659 5487 2741 5528 est
2782 5477 3037 5547 judicium
3070 5475 3426 5547 damnationis
3468 5477 3561 5527 lict

1991 5549 2057 5599 de
2084 5545 2244 5611 impio
2274 5546 2374 5607 illi,
2408 5546 2456 5597 id
2502 5555 2583 5597 est
2614 5550 2677 5597 ad
2712 5550 2966 5597 honorem
3008 5545 3159 5612 justi.
3211 5545 3250 5596 Ε
3291 5555 3563 5599 contrario

1992 5633 2093 5667 non
2125 5618 2382 5669 damnabit
2421 5616 2673 5667 Dominus
2698 5615 2924 5683 justum,
2952 5630 3111 5667 etiam
3143 5623 3267 5667 tunc
3289 5615 3564 5684 rumjudi-

1994 5686 2189 5737 cabitar
2219 5688 2269 5739 itt
2303 5687 2550 5753 praesenti
2582 5685 2681 5738 illi.
2721 5686 2927 5738 scilicet
2952 5685 3114 5751 impio
3143 5686 3208 5738 de
3234 5686 3338 5752 pio,
3362 5695 3412 5737 ct
3444 5700 3562 5737 cum

1996 5757 2100 5812 luci
2138 5771 2233 5825 pro
2266 5759 2530 5813 voluntate
2566 5755 2713 5824 impii
2743 5756 2879 5825 pius.
2910 5758 3042 5810 Nam
3072 5765 3121 5811 et
3152 5760 3196 5813 si
3224 5765 3348 5812 tunc
3380 5756 3562 5811 videa-
