3922 6190
397 315 503 372 679

398 495 522 563 quia
552 491 593 542 si
639 491 830 554 accipit
855 492 922 542 ab
953 488 1402 563 interiorejudice
1433 493 1790 563 sententiain,
1820 491 1958 543 acci-

403 557 509 629 piet
535 574 566 612 a
594 563 853 626 superiori
882 574 1166 629 ﬁrm-onum.
1205 557 1328 610 Ideo
1357 557 1462 629 noli
1491 558 1721 629 (Pulli/ari
1758 559 1810 610 in
1850 575 1962 610 ma-

400 627 762 701 lignantibus._
803 628 902 701 sed
941 630 1128 701 potius
1161 638 1394 691 exspecta
1439 627 1734 701 Dominum.
1794 637 1838 701 e_t
1877 644 1965 701 cu.

399 698 533 753 stodi
574 699 678 750 vias
716 699 845 764 ejus.
877 698 1053 750 Potest
1089 699 1165 750 sic.
1206 712 1414 763 quoque
1443 699 1770 750 continuatio
1798 698 1910 750 ﬁeri
1945 714 1960 750 :

402 770 544 830 Dixi,
594 767 839 818 Dominus
871 784 972 819 non
1003 768 1310 834 derelinquat
1343 768 1560 835 justum,
1609 768 1699 818 sed
1744 767 1964 820 salvabit

399 854 543 892 enm.
592 836 736 889 Hanc
783 847 956 890 autem
1006 841 1347 889 salvatinnetn
1400 847 1451 887 tit
1497 838 1714 901 quilibet
1749 838 1798 888 in
1826 853 1962 902 pra-.-

401 912 537 962 senti
572 923 635 956 ne
664 917 898 970 appetas,
925 910 1172 972 quoniam
1201 907 1373 956 adhuc
1406 916 1611 969 tempus
1635 918 1713 957 est
1746 909 1960 968 laboris,

401 977 636 1030 nondum
667 975 923 1028 mercedis
953 993 966 1027 :
992 986 1044 1028 et
1087 977 1203 1028 ideo
1244 979 1502 1040 patienter
1533 987 1764 1044 exspecta
1796 975 1966 1028 Domi-

401 1063 525 1098 num
575 1047 790 1097 tandem
821 1046 1193 1106 exliilntoretn,
1232 1060 1384 1112 quem
1430 1045 1537 1112 jam
1586 1059 1731 1098 tenes
1761 1046 1964 1098 debito-

403 1132 542 1167 rem.
580 1115 643 1166 Et
670 1130 734 1166 ne
764 1125 1045 1176 exspectes
1086 1117 1324 1167 munibus-
1356 1114 1626 1166 dissolutis
1657 1125 1709 1167 et
1743 1118 1964 1178 genibus

403 1186 710 1245 debilitatis,
743 1185 837 1235 sed
867 1185 1112 1236 custodiri
1137 1185 1270 1236 viam
1295 1186 1427 1245 eius,
1458 1185 1505 1235 id
1548 1197 1627 1235 est
1674 1201 1830 1250 opera
1881 1187 1964 1239 vel

408 1263 667 1321 p'mcepta
700 1253 814 1320 ejus
845 1271 855 1304 :
889 1264 934 1304 et
959 1258 1034 1306 sic
1065 1255 1173 1318 ip.~e
1216 1257 1435 1306 veniens
1477 1254 1718 1306 exaltabit
1767 1265 1814 1306 te
1859 1271 1962 1309 non

403 1325 574 1391 aliqua
607 1324 883 1388 tetnpuaali
914 1321 1185 1386 dignitate,
1229 1323 1320 1375 sed
1366 1325 1433 1374 ita
1477 1334 1530 1374 ut
1579 1335 1628 1375 tu
1659 1325 1831 1387 rapias
1873 1335 1966 1376 ter-

407 1409 521 1448 ram
565 1393 846 1444 viventium
897 1394 1198 1455 lia'reditati,
1250 1394 1298 1445 id
1349 1401 1430 1445 est
1482 1393 1545 1444 ad
1605 1394 1962 1447 Incretlitatetn

407 1477 681 1523 aeternam,
714 1475 765 1513 et
796 1463 926 1514 lianc
957 1471 1147 1516 terram
1181 1463 1384 1515 videbis
1415 1471 1490 1522 tu,
1529 1471 1652 1514 tunc
1701 1477 1818 1515 eum
1869 1479 1964 1529 pe-

407 1532 594 1586 rierint
643 1545 968 1597 peccatores.
1016 1533 1144 1584 Nam
1192 1531 1293 1585 illis
1340 1533 1492 1601 longe
1521 1533 1706 1599 positis
1742 1534 1805 1585 ad
1837 1535 1965 1586 sini-

405 1613 592 1662 3tram,
617 1607 721 1654 eris
752 1613 802 1652 tu
829 1616 947 1653 cum
978 1602 1357 1666 Caeterisjustis
1384 1607 1448 1654 ad
1478 1603 1746 1654 dexteram
1779 1605 1965 1668 quibus

404 1673 607 1726 dicetur
649 1689 660 1723 :
709 1671 897 1732 Venite,
931 1671 1174 1724 benedicti
1207 1672 1376 1723 Patris
1419 1675 1554 1733 mei;
1596 1672 1697 1724 tllis
1738 1681 1912 1726 autem
1951 1691 1961 1724 :

406 1740 433 1793 1
444 1756 507 1806 te,
537 1741 812 1801 maledicti,
842 1751 946 1793 ctt'.

496 1811 610 1864 Vidi
640 1812 871 1874 impium.
907 1812 1038 1880 κίοιτε
1068 1819 1373 1877 peccatores
1403 1811 1668 1878 peribunt,
1709 1809 1828 1877 quia
1861 1825 1959 1880 ego

400 1881 516 1950 jam
548 1881 764 1950 pr‘mvidi
795 1879 1060 1932 interitum
1090 1895 1292 1933 eorum.
1323 1881 1451 1937 Nam
1479 1881 1624 1948 quasi
1653 1880 1794 1950 dicat
1825 1895 1839 1932 :
1875 1881 1959 1932 lu-

411 1947 567 2003 ttoivi
595 1947 705 2017 jam
734 1960 910 2002 mente
937 1952 986 2001 in
1017 1951 1370 2002 sanctuatiutn
1406 1947 1516 2013 Dei,
1557 1959 1611 2002 et
1636 1949 1964 2004 considerari

409 2035 592 2073 eorum
621 2018 930 2072 novissima.
955 2020 1101 2084 Quod
1133 2020 1212 2072 sic
1235 2020 1387 2071 estin
1418 2020 1583 2073 libro:
1611 2019 1744 2082 Vidi,
1778 2021 1828 2074 id
1861 2029 1962 2087 est,
1991 2033 2004 2044 '

400 2088 739 2144 .consideravi
769 2088 979 2156 impium
1023 2089 1073 2141 iu
1107 2088 1207 2141 hoc
1235 2089 1455 2152 mundo,
1506 2096 1560 2141 et
1588 2105 1738 2157 super
1769 2093 1966 2157 multos

405 2160 684 2212 exaltatum
714 2167 767 2209 et
793 2159 952 2210 etiam
1001 2159 1244 2210 eleuatum
1270 2160 1399 2211 sicut
1443 2161 1619 2211 cedras
1660 2156 1864 2225 Libani,
1914 2156 1968 2214 id

407 2235 490 2281 εει
511 2227 575 2279 ad
608 2227 818 2280 modum
851 2227 1220 2281 sublimiorum
1253 2229 1302 2280 in
1331 2229 1475 2281 omni
1504 2229 1667 2295 gloria
1698 2229 1964 2292 εςιειιιιιειιί,

409 2297 498 2365 qui
520 2296 879 2365 signiﬁcantur
902 2313 992 2362 per
1015 2301 1203 2350 cedros
1227 2298 1430 2351 Libani.
1450 2297 1515 2350 Et
1541 2299 1642 2351 lioc
1673 2299 1782 2352 viso
1803 2308 1966 2353 trans-

407 2369 472 2419 ivi
517 2366 638 2437 lta'(_:
666 2367 973 2433 temporalia
1031 2377 1230 2432 mente,
1277 2380 1332 2420 ut
1379 2368 1610 2422 viderem
1641 2369 1756 2437 ejus
1784 2369 1968 2424 novis-

411 2439 564 2488 sima.
593 2433 657 2487 Et
686 2452 794 2488 ecce
820 2453 917 2488 non
941 2445 1046 2488 erat
1072 2437 1288 2504 impius,
1320 2453 1426 2491 non
1450 2437 1588 2506 quod
1620 2433 1838 2506 prorsus
1861 2454 1968 2492 non

413 2514 576 2568 esset,
620 2507 714 2556 sed
740 2506 860 2572 quia
905 2518 1020 2558 erat
1065 2507 1216 2572 quasi
1269 2521 1374 2559 non
1422 2505 1556 2559 erat.
1590 2507 1655 2559 ιιι
1702 2505 1820 2560 ideo
1849 2511 1970 2561 dico

412 2589 519 2627 non
566 2580 704 2639 erat,
759 2574 879 2640 quia
935 2576 1106 2627 locum
1152 2575 1353 2626 nullum
1399 2576 1646 2628 habebat.
1690 2576 1822 2630 Nam
1873 2589 1972 2644 ego

407 2644 610 2712 qua'sivi
659 2653 886 2714 eumpet
909 2659 1010 2714 non
1055 2653 1126 2695 est
1175 2645 1403 2697 inventus
1450 2645 1588 2698 locus
1633 2647 1761 2714 ejus,
1809 2645 1862 2699 id
1890 2654 1972 2699 est

410 2711 535 2767 usus
563 2712 754 2778 aliquis
781 2711 916 2779 ejus.
946 2713 1083 2780 Ergo
1113 2714 1215 2765 noli
1245 2714 1502 2779 aintulari,
1531 2714 1625 2768 sed
1652 2711 1856 2768 custodi
1884 2716 1970 2767 in-

411 2784 713 2835 u:ceutiam.
769 2781 854 2834 Vel
909 2786 978 2834 ita
1027 2785 1201 2849 potest
1244 2783 1557 2850 sitttplitrittr
1601 2785 1898 2838 continuari
1953 2797 1968 2836 :

411 2851 544 2916 Quia
577 2853 765 2922 impius
795 2852 846 2902 in
881 2856 1055 2904 l'uturo
1087 2867 1194 2904 non
1223 2851 1438 2905 habt-bit
1467 2858 1664 2917 locum,
1709 2868 1879 2922 ergo,
1915 2861 1974 2906 ut

412 2922 584 2990 locum
617 2921 834 2985 habeas,
866 2921 1063 2972 custodi
1085 2923 1441 2983 innocentiam,
1475 2922 1527 2974 id
1557 2931 1640 2975 est
1667 2936 1731 2976 ne
1773 2921 1971 2990 rapias.

413 3004 478 3041 ne
504 2989 696 3056 injuste
725 3005 848 3058 agas
880 3000 935 3042 ut
963 2992 1206 3058 acquiras
1233 2991 1532 3057 pecuniam,
1566 3003 1621 3046 ιιι
1651 2989 1862 3044 amittas
1888 2991 1972 3043 in-

413 3059 748 3128 noceutiam;
772 3057 879 3111 imo
910 3057 1100 3127 perdas
1135 3060 1430 3125 pecuniam,
1461 3069 1518 3112 ut
1544 3061 1788 3128 acquiras
1818 3063 1970 3113 inno-

409 3130 658 3181 centiam.
690 3126 756 3182 Et
785 3126 1239 3197 vide’tequitatem,
1273 3129 1323 3181 id
1354 3141 1432 3182 est
1462 3129 1590 3182 illud
1618 3126 1757 3197 quod
1793 3128 1974 3182 videre

415 3199 482 3250 de
513 3208 564 3250 te
590 3212 798 3264 arquum
823 3207 922 3260 est,
950 3199 1001 3249 id
1030 3207 1116 3252 est
1143 3199 1376 3263 intellige
1408 3207 1459 3251 te
1489 3199 1744 3267 quidquid
1775 3199 1976 3267 pateris

406 3267 549 3335 juste
582 3269 724 3336 pati;
759 3269 837 3320 vel
865 3268 976 3320 uide
999 3268 1304 3337 equitatem,
1335 3269 1543 3323 scilicet
1571 3269 1810 3336 iutellige
1837 3282 1977 3322 mute

413 3337 760 3408 labataudum
807 3340 858 3390 in
902 3341 1078 3405 vinea,
1128 3352 1183 3391 ut
1215 3353 1424 3392 tuen-es
1468 3342 1758 3408 accipiatur
1791 3341 1840 3392 in
1885 3353 1977 3391 ve-

410 3421 586 3474 spera.
624 3407 741 3477 Non
769 3408 904 3460 enim
949 3409 1293 3472 coronabitur,
1327 3410 1427 3462 nisi
1454 3410 1538 3477 qui
1570 3407 1789 3476 legitime
1816 3416 1978 3460 certa-

411 3477 651 3546 uerit.“
671 3476 834 3530 debes
861 3479 1132 3530 custodire
1159 3486 1213 3530 et
1239 3477 1437 3544 videre,
1465 3476 1584 3546 quia
1613 3480 1806 3531 nomini
1829 3480 1980 3542 paci-

413 3545 531 3611 ﬁco,
565 3544 615 3598 id
646 3554 729 3599 est
757 3561 858 3598 non
891 3549 1262 3606 murmuranti.
1307 3549 1402 3600 sed
1450 3544 1775 3602 custodienti
1818 3548 1975 3599 inno-

412 3617 639 3666 ccntiam
671 3625 724 3666 et
755 3615 954 3669 videnti
983 3619 1310 3683 aequitatem,
1357 3628 1473 3670 sunt
1523 3621 1768 3684 reliquae,
1817 3618 1864 3668 id
1895 3626 1980 3670 est

411 3685 584 3736 t'ntnra
609 3694 661 3736 et
689 3686 1008 3752 posteriora.
1034 3686 1098 3736 Et
1119 3684 1159 3738 si
1189 3687 1433 3740 videntur
1458 3688 1606 3740 arida
1628 3702 1748 3740 esse
1775 3685 1976 3754 priora,

413 3755 626 3821 pinguia
659 3768 817 3808 eiuut
848 3755 897 3808 ei
931 3757 1245 3820 posteriora.

489 3823 680 3890 Injusti
709 3839 896 3877 autent.
933 3823 1064 3878 Vere
1098 3825 1274 3877 nullus
1303 3823 1452 3879 locus
1492 3825 1594 3878 crit
1639 3825 1824 3894 impio,
1857 3825 1977 3893 quia

415 3891 592 3962 injusti
635 3894 967 3962 disperibttm,
1003 3895 1053 3946 id
1094 3903 1177 3948 est
1219 3896 1374 3948 Valde
1403 3899 1668 3963 peribunt.
1702 3891 1891 3959 Simul,
1927 3896 1978 3948 id

415 3972 570 4015 estet
604 3964 653 4013 in
678 3979 904 4032 corpore
931 3973 985 4016 et
1012 3963 1062 4015 iu
1089 3968 1286 4018 anima.
1320 3966 1381 4017 Et
1414 3967 1531 4019 ideo
1563 3967 1828 4032 peribunt,
1855 3968 1975 4032 quia

415 4033 640 4098 reliquid:
669 4033 962 4099 impiorum,
1012 4034 1061 4085 id
1111 4044 1192 4086 est
1231 4039 1524 4100 p03teriora
1572 4037 1805 4101 ipsorum
1839 4035 1978 4102 inju-

416 4109 642 4163 stOrum,
694 4117 798 4154 non
830 4103 949 4156 dico
980 4117 1085 4154 nou
1117 4113 1292 4168 erunt,
1345 4105 1439 4156 sed
1469 4107 1760 4164 interibunt,
1812 4106 1861 4156 id
1894 4111 1977 4157 est

415 4176 574 4241 erunt
603 4171 752 4235 quasi
780 4185 884 4223 non
911 4171 1048 4234 sint;
1082 4174 1204 4236 quia
1227 4180 1694 4241 quantumcunque
1725 4173 1832 4224 sint
1859 4175 1977 4241 pin-

420 4239 542 4304 guia
572 4252 756 4292 Corum
785 4244 982 4308 priora,
1017 4242 1167 4293 valde
1198 4248 1372 4294 tamen
1413 4246 1557 4295 arida
1602 4239 1759 4296 et'uut
1786 4239 1976 4295 eorum

415 4322 730 4378 posteriora.

497 4377 652 4431 Salus
695 4387 862 4432 autem
895 4381 1174 4450 justorum.
1223 4377 1416 4448 lnjusti
1460 4379 1671 4447 quidem
1722 4381 1971 4446 peribunt,

859 310 1061 366 unum
1106 306 1552 363 VENEttAntLts
1592 307 1738 361 ore.
1786 305 1960 360 PARS
2001 308 2063 360 ιι.
2093 308 2279 361 εισι.
2327 308 2385 360 ιι.
2430 338 2494 346 -
2529 308 2727 362 ouant
2773 308 2856 361 ET
2897 309 3164 364 SPURIA.

398 432 487 478 tur
532 420 812 474 damnatus
856 419 994 486 pius.
1029 435 1134 472 non
1166 427 1341 472 tamen
1375 433 1498 472 vere
1542 427 1624 472 est
1658 419 1956 482 damnatus,
1991 429 2036 480 Λ

3536 313 3644 369 ιιεο

2673 439 2803 476 ΕΧΡΙ,
2817 439 3022 477 ΑΝΛΤΙΟ.

2139 509 2369 562 Dicenda
2414 513 2462 563 in
2486 517 3026 575 commnum-utimurnt,
3059 515 3151 566 hac
3176 513 3316 566 nobis
3345 516 3520 568 titulus
3550 520 3649 574 istc

2066 583 2387 646 pronuntiat,
2423 594 2472 634 ut
2495 584 2614 648 quia
2660 595 2921 651 peccatum
2962 585 3263 636 omnimodis
3291 585 3514 652 eﬁ’ugerc
3539 605 3642 641 non

2063 652 2306 712 valemus,
2336 663 2464 704 cerfe
2495 663 2547 703 ut
2571 654 2630 703 ab
2661 657 2771 719 ejus
2802 656 3081 720 frequentia
3113 663 3466 708 temnereuttts.
3501 674 3639 708 sem-

2066 735 2154 785 per
2176 721 2271 771 hoc
2295 732 2409 772 ante
2438 723 2609 774 oculos
2635 733 2814 775 utenth
2845 726 3133 789 habeamus,
3159 736 3212 774 ut
3241 727 3362 777 alibi
3383 727 3505 778 dicit
3531 741 3550 778 :
3576 728 3644 779 Et

2065 790 2304 860 delictum
2340 808 2502 842 nteum
2535 809 2707 843 coram
2741 810 2814 844 me
2842 803 2914 844 est
2956 810 3170 860 semper.
3205 796 3352 856 Quod
3376 804 3548 847 autem
3583 806 3646 850 tte

2067 857 2294 930 sabbato
2321 863 2605 928 exponitur,
2636 864 2755 929 quia
2785 866 3024 928 pmttitetts
3049 857 3256 930 quilibrt
3279 868 3408 916 inter
3427 881 3644 919 suorum

2063 929 2274 981 vulnera
2301 942 2618 995 peccatorum
2651 943 2851 984 atteram
2871 929 3260 1000 semperquietis
3283 935 3426 986 debet
3454 936 3645 990 habere

2066 1002 2380 1051 memoriam.
2411 1001 2635 1065 Quidam
2667 1005 2799 1053 hunc
2825 1005 3073 1070 psalmum
3100 1004 3168 1053 ad
3195 1005 3323 1055 beati
3352 1003 3450 1055 Job
3480 1008 3646 1057 histo-

2064 1071 2194 1141 riam
2222 1080 2419 1141 aptant,
2446 1072 2533 1123 sed
2569 1071 3101 1141 Iliertmgntoivitletur
3143 1075 3290 1124 illum
3312 1091 3374 1124 e.r
3396 1077 3646 1141 paeniten-

2067 1138 2131 1188 tis
2161 1139 2409 1212 alicujus,
2446 1141 2521 1192 vel
2552 1138 2846 1208 mysticevex
2875 1140 3078 1212 Domini
3112 1138 3646 1212 Saluatoris'persoaa

2067 1209 2316 1273 passionis
2349 1218 2569 1273 tempore
2619 1223 2896 1262 cantatum.
2935 1210 3164 1264 Psalmus
3211 1214 3306 1265 iste
3353 1209 3644 1280 poéaitentis

2065 1281 2388 1341 quadri/aria
2414 1281 2733 1332 distinctione
2760 1281 3022 1332 dividitur.
3058 1280 3119 1332 In
3142 1285 3328 1343 prima,
3355 1285 3646 1335 misericor-

2067 1348 2205 1397 diam
2233 1360 2389 1401 movet
2418 1350 2621 1418 benigni
2663 1349 2861 1402 Judicis
2893 1351 2991 1402 rita
3016 1354 3245 1417 poenalis.
3280 1350 3344 1404 In
3395 1355 3645 1419 secunda,

2065 1434 2211 1467 suum
2237 1431 2282 1469 et
2314 1435 2494 1486 corpus
2526 1421 2719 1471 verbere
2740 1424 2988 1472 sulcatum
3020 1432 3064 1472 et
3092 1423 3314 1472 animum
3343 1425 3467 1474 dicit
3506 1425 3644 1478 anti-

2066 1501 2238 1536 ctirum
2269 1490 2658 1551 exprobratione
2694 1491 2994 1542 sauciatam.
3048 1490 3106 1542 la
3162 1493 3330 1554 tertia,
3388 1494 3644 1546 medicina

2065 1558 2309 1629 salutaris
2358 1559 2679 1624 adiungitur,
2739 1576 2854 1610 cum
2893 1571 3044 1611 totam
3085 1562 3217 1612 inter
3245 1564 3456 1614 adversa
3501 1579 3646 1629 spem

2075 1625 2296 1700 [domina
2342 1631 2749 1700 semini-uitiasse
2794 1639 3006 1682 testatur
3041 1673 3053 1696 ,
3110 1645 3446 1700 paratumque
3493 1625 3551 1684 se
3579 1649 3648 1686 aa

2068 1696 2277 1762 ﬂagella
2306 1707 2349 1749 et
2371 1698 2481 1758 plus
2513 1701 2689 1750 mereri
2709 1716 2858 1767 quam
2889 1706 3079 1763 patitur
3103 1696 3304 1754 astruit.
3339 1701 3400 1754 lu
3432 1717 3643 1766 quarta,

1996 1766 2039 1823 Β
2073 1767 2310 1830 periculis
2333 1767 2563 1820 omnibus
2591 1766 2846 1838 exemptus
2875 1771 3058 1823 salutis
3080 1786 3185 1823 sua:
3224 1771 3384 1825 Deum
3429 1773 3647 1840 profits~

2069 1845 2151 1885 tur
2179 1844 2457 1889 auctorem.

2636 1942 3059 1982 CIIIIMENTARIUS.

2143 2012 2372 2079 Domine,
2399 2030 2459 2066 ne
2488 2015 2539 2067 in
2562 2018 2730 2075 furore
2749 2027 2852 2069 tuo.
2872 2018 3078 2070 Titulus
3108 2018 3227 2072 talis
3243 2026 3325 2072 est
3350 2031 3367 2069 :
3399 2016 3645 2073 Psallam

2069 2083 2163 2152 ipsi
2206 2082 2373 2136 Dauid
2412 2088 2462 2137 in
2488 2087 2836 2139 recordatione
2862 2087 3090 2140 Sabbati.
3133 2088 3419 2143 Sabbatntn
3449 2101 3532 2141 est
3555 2107 3645 2142 re-

2071 2153 2244 2225 quies,
2273 2163 2326 2207 et
2365 2156 2622 2220 accipitur
2651 2157 2771 2208 ideo
2821 2171 2915 2223 pro
2945 2157 3146 2225 requie.
3193 2163 3312 2224 quia
3342 2160 3643 2213 δειιιιι.ιιιιιιι

2071 2224 2268 2294 uit-itur
2315 2225 2526 2290 quando
2577 2240 2675 2276 nos
2728 2241 2756 2277 a
2808 2228 2989 2279 labore
3023 2224 3286 2294 corporali
3337 2242 3642 2282 cessamus.

2073 2292 2346 2359 Siguillcat
2390 2303 2574 2346 autem
2603 2296 2714 2364 lucc
2763 2307 2940 2349 nostra
2993 2292 3203 2364 requies
3253 2299 3393 2350 illam
3457 2313 3640 2351 verum

2075 2363 2310 2435 requiem
2341 2377 2500 2435 quam
2531 2378 2627 2416 nos
2654 2363 2704 2416 in
2738 2365 2910 2431 primo
2932 2363 3099 2419 Adam
3127 2367 3426 2428 habuimus,
3461 2377 3518 2421 et
3550 2383 3643 2435 per

2081 2430 2250 2497 ipsum
2295 2434 2587 2498 amisimus,
2615 2445 2669 2486 et
2694 2449 2850 2501 quam
2904 2451 2994 2501 per
3021 2437 3314 2489 secundum
3345 2430 3561 2500 Adamf
3588 2437 3639 2490 id

2072 2511 2176 2564 cst,
2211 2502 2506 2567 Christum,
2559 2506 2876 2570 recepimus,
2923 2504 2967 2557 si
3021 2506 3252 2557 nondum
3309 2520 3389 2565 re,
3443 2510 3639 2560 saltem

2072 2584 2183 2645 spe.
2213 2571 2317 2636 Spe
2337 2573 2468 2622 enim
2491 2573 2618 2645 salvi
2656 2575 3007 2645 factisumus,
3053 2584 3389 2645 exspectantes
3436 2577 3640 2629 redem-

2075 2640 2298 2711 ptionem
2323 2642 2550 2706 corporis
2577 2644 2754 2694 nostri.
2789 2642 2951 2710 Hujus
2981 2640 3156 2711 itaque
3184 2644 3422 2706 Sabbati,
3455 2646 3508 2697 id
3533 2655 3638 2707 est,

2075 2710 2356 2782 requietis,
2386 2713 2698 2782 recordatur
2719 2715 2928 2780 quidam
2954 2710 3142 2767 dolens
3173 2725 3225 2768 et
3249 2714 3432 2782 lugens
3455 2717 3509 2766 ιιι
3546 2721 3644 2769 hoc

2075 2780 2302 2849 psalmo,
2335 2793 2492 2849 quem
2527 2781 2714 2834 titulus
2765 2791 2920 2835 vocut
2950 2798 3052 2836 non
3100 2780 3410 2849 simpliciter
3453 2785 3640 2845 David.

2073 2848 2174 2920 sed
2212 2846 2386 2920 ipsum
2443 2848 2628 2920 David.
2675 2853 2822 2915 Quod
2879 2853 2996 2905 ideo
3049 2864 3150 2915 est,
3198 2846 3317 2916 quia
3377 2867 3641 2920 nusquam

2075 2917 2302 2988 legimus
2327 2918 2537 2971 beatum
2573 2919 2735 2973 David
2775 2923 3080 2988 prophetam
3114 2925 3447 2975 recordatum
3482 2917 3644 2978 tuisse

2075 2986 2292 3060 §abbati
2338 2989 2628 3060 secundum
2681 2986 3107 3044 observatioiiem
3160 2989 3490 3056 Jttdanttrttnt,
3550 2995 3640 3060 qui

2076 3055 2366 3128 sabbatum
2415 3059 2789 3120 observabant,
2821 3075 2940 3128 quia
2972 3076 3074 3112 non
3107 3055 3522 3124 recordandum,
3546 3055 3639 3116 sed

2078 3125 2466 3197 observandum
2497 3137 2631 3192 erat,
2662 3130 2799 3197 qttnd
2831 3125 2965 3184 inter
2995 3140 3196 3196 septem
3227 3130 3343 3183 dies
3393 3146 3642 3184 necessa-

2079 3194 2160 3267 ri_o
2187 3196 2450 3248 veniebat.
2487 3197 2654 3267 Nemo
2680 3194 2820 3251 enim
2871 3194 3200 3263 I‘tPCtll‘dilllll',
3247 3200 3346 3252 nisi
3395 3203 3540 3267 quod
3590 3203 3640 3256 it:

2080 3262 2320 3317 absentia
2345 3274 2448 3318 est.
2495 3266 2633 3331 Quid
2687 3283 2813 3334 ergo
2862 3269 2959 3322 sibi
3022 3270 3135 3320 vult
3174 3262 3285 3320 haec
3335 3262 3640 3324 recordatio

2079 3334 2317 3394 Sabbati,
2350 3349 2468 3403 qua:
2496 3351 2614 3388 eum
2647 3345 2790 3390 tanto
2833 3337 3038 3395 dolore.
3058 3353 3176 3390 cum
3208 3346 3353 3390 tanto
3383 3354 3638 3400 mmrore,

2080 3407 2630 3476 cutu_tanto_getnitu,
2686 3422 2805 3460 cum
2841 3415 2988 3461 tanto
3034 3409 3157 3460 tletu
3210 3408 3308 3459 tit?
3354 3411 3461 3460 Aut
3516 3412 3644 3476 quid

2082 3474 2296 3544 prodeSt
2324 3474 2346 3524 ?
2389 3474 2629 3536 Multum,
2666 3476 2899 3544 inqu:ttu,
2932 3478 3054 3544 quia
3086 3476 3209 3528 felix
3257 3489 3359 3537 est,
3393 3474 3642 3544 quisquis

2080 3542 2158 3614 sic
2187 3545 2348 3595 miser
2369 3555 2472 3599 est.
2503 3545 2649 3598 Unde
2672 3542 3013 3598 et'Dntninns
3043 3546 3097 3598 in
3139 3542 3427 3609 Evangelia
3473 3542 3643 3614 quos-

2080 3611 2201 3664 dam
2230 3625 2502 3680 gementes
2553 3623 2607 3665 ct
2636 3614 2823 3668 ﬂentes
2865 3617 3047 3668 beatos
3077 3625 3248 3667 vocat.
3298 3611 3645 3682 Accipiamus

2080 3694 2208 3749 ergo
2235 3691 2291 3733 et
2340 3684 2422 3734 hic
2469 3685 2625 3736 talem
2681 3687 2969 3737 Sabbututn
3019 3686 3410 3747 recordantem,
3459 3691 3644 3740 nest-io

2081 3763 2239 3817 quem
2269 3752 2553 3817 lugentem,
2581 3763 2634 3805 et
2662 3756 2858 3806 utinam
2893 3769 2989 3808 nos
3014 3756 3209 3807 simus!
3244 3758 3333 3806 Lst
3363 3759 3510 3808 enim
3557 3758 3642 3810 hic

2080 3821 2292 3885 quidam
2317 3824 2521 3886 dolens,
2553 3823 2757 3891 lugens,
2782 3826 3068 3877 Sabbatum
3094 3825 3398 3876 recordans.
3428 3824 3642 3879 Subba-

2083 3899 2192 3942 tum
2224 3906 2448 3956 namque
2474 3899 2556 3943 est
2584 3894 2811 3960 requies.
2841 3895 2906 3945 Et
2933 3895 3049 3946 sine
3091 3895 3255 3946 dubio
3298 3896 3349 3946 in
3400 3897 3639 3958 quadam

2083 3960 2444 4032 inquietudine
2465 3971 2602 4025 erat,
2634 3964 2720 4029 qni
2743 3964 3028 4015 Sabbatutn
3051 3963 3127 4015 sic
3152 3966 3480 4016 recordatur.
3525 3968 3641 4032 Ipse

2082 4029 2260 4099 itaque
2321 4030 2739 4096 inquietudinem
2788 4047 2944 4099 quam
3000 4034 3295 4099 patiebatur
3324 4029 3562 4098 narral,_
3591 4046 3640 4086 et

2080 4098 2559 4173 Deocotnmendat
2588 4112 2777 4153 tnncus
2810 4098 3013 4155 nescio
3065 4102 3188 4169 quid
3220 4117 3432 4173 gravms
3478 4119 3641 4170 quam

2082 4169 2206 4222 illud
2236 4179 2348 4221 crat
2379 4170 2429 4222 in
2463 4185 2568 4234 quo
2598 4182 2733 4225 erat.
2759 4173 2907 4236 Quod
2937 4173 3077 4224 enim
3109 4173 3158 4224 in
3190 4169 3327 4224 uialo
3357 4173 3426 4224 sit
3451 4169 3645 4238 aperto

2079 4241 2230 4300 σιειι,
2261 4253 2357 4291 nec
2387 4253 2521 4306 Opus
2575 4251 2654 4293 est
2692 4240 3000 4308 interprete,
3044 4251 3135 4293 aut
3176 4241 3496 4308 suspicione,
3553 4255 3643 4294 aut

2079 4311 2400 4374 conjectura.
2454 4310 2506 4359 In
2529 4325 2634 4377 quo
2663 4321 2842 4362 autem
2874 4323 3012 4364 muto
3040 4322 3127 4374 ειι,
3177 4326 3246 4364 ex
3294 4313 3472 4364 verbis
3524 4315 3642 4380 ejus

2081 4393 2183 4430 non
2214 4380 2514 4443 dubitatur;
2546 4395 2642 4432 nec
2665 4395 2798 4448 Opus
2826 4391 2910 4432 est
2953 4389 3012 4432 ut
3064 4382 3410 4448 inquiramus,
3442 4385 3537 4433 sed
3586 4393 3641 4435 ut

412 4447 544 4516 justi
589 4459 763 4500 autem
804 4440 912 4501 nuli
942 4450 1207 4516 petibunt,
1251 4440 1371 4516 quia
1410 4440 1546 4503 sal-us
1593 4440 1845 4504 continua
1874 4440 1976 4504 erit
2003 4440 2053 4500 D
2081 4450 2220 4512 quod
2250 4449 2380 4500 dicit
2410 4440 2786 4516 intelligamus.
2822 4452 2885 4503 Et
2918 4465 3042 4504 vere
3070 4440 3168 4502 ιιιἑὶ
3190 4440 3404 4515 gravius
3438 4457 3638 4503 malum

415 4517 572 4586 justis
596 4533 625 4569 α
659 4519 896 4570 Domino.
929 4520 1079 4583 Quod
1110 4536 1137 4571 a
1165 4520 1401 4588 partibus
1430 4537 1507 4573 Slc
1539 4525 1746 4586 probat,
1771 4520 1892 4587 quia
1924 4531 1979 4574 et

422 4598 644 4654 tempore
663 4590 1020 4658 tribulationis,
1054 4588 1104 4641 id
1133 4598 1213 4641 est
1242 4591 1484 4653 pra-senti
1518 4591 1644 4650 vita,
1675 4606 1792 4657 qua:
1823 4593 1978 4658 plena

419 4665 505 4712 est
533 4657 783 4724 angusdts
811 4669 865 4710 et
914 4659 1360 4722 tribulationibus,
1412 4661 1512 4711 erit
1555 4657 1984 4726 Domtntts’pro-

424 4736 578 4778 tector
606 4744 797 4789 eorum,
833 4727 881 4780 id
929 4737 1009 4780 est
1048 4728 1334 4796 justorum,
1380 4744 1497 4793 quut
1529 4731 1626 4781 erit
1658 4746 1734 4782 eis
1761 4731 1982 4797 clypeus

422 4804 607 4866 contra
658 4797 805 4863 ignea
851 4797 952 4848 tela
1000 4801 1330 4865 nequissimi.
1384 4798 1447 4849 lit
1495 4799 1750 4866 adjuvabit
1793 4814 1877 4851 eos
1927 4802 1979 4852 in

424 4865 750 4929 pet‘licicndo
782 4866 1080 4931 bonorum;
1134 4877 1179 4920 et
1224 4865 1451 4920 liberabit
1508 4865 1590 4919 eos
1638 4872 1704 4922 ab
1753 4868 1979 4935 impedi-

429 4945 628 4998 mento,
659 4949 724 4985 ne
751 4936 1020 4999 deliciam,
1071 4946 1125 4990 et
1153 4941 1222 4989 ita
1254 4936 1516 4997 liberabit,
1543 4939 1682 5002 quod
1722 4947 1859 4990 eruet
1899 4953 1981 4990 eos

425 5017 458 5052 a
485 5005 825 5075 peccatoribus
862 5014 1088 5072 pellitus,
1123 5009 1171 5058 id
1203 5018 1284 5060 est
1333 5010 1398 5058 ab
1441 5010 1585 5059 omni
1635 5013 1984 5075 perplexitate

427 5081 482 5123 et
509 5073 931 5128 coal'ortnattone
955 5090 1318 5142 pectatOrtm,
1345 5086 1398 5129 et
1429 5081 1505 5130 sic
1538 5073 1746 5130 tandem
1772 5077 1997 5131 saluabtt‘

426 5154 509 5192 eos
539 5156 661 5194 vera
692 5154 743 5214 et
769 5151 964 5196 acterna
997 5146 1324 5210 salvatioue;
1358 5156 1408 5198 et
1441 5148 1541 5199 ltoc
1572 5147 1691 5200 ideo
1717 5151 1836 5214 quia
1862 5160 1983 5212 spe-

425 5221 658 5284 raverant
686 5213 736 5263 in
767 5228 844 5276 eo,
881 5217 928 5264 id
960 5226 1061 5276 est,
1107 5218 1226 5284 quia
1257 5219 1351 5284 ipsi
1386 5231 1489 5269 non
1521 5213 1982 5269 murmuruverunt

425 5280 492 5333 de
523 5281 771 5335 lelieitate
803 5285 1086 5348 malorum,
1119 5280 1174 5339 et
1213 5280 1510 5340 maluerunt
1537 5290 1676 5354 apud
1704 5287 1982 5340 Dominum

427 5364 548 5404 esse
578 5368 627 5406 ιιι
657 5369 750 5421 spe
776 5368 934 5422 quam
966 5371 1084 5406 cum
1117 5371 1194 5408 eis
1224 5359 1272 5408 in
1306 5371 1382 5408 re.

857 5424 930 5478 ΙΝ,
959 5425 1267 5479 l'b‘AtJl‘lUM
1302 5424 1560 5478 XXXVII.

499 5489 742 5546 Psaltuus
772 5493 951 5557 Dawd,
985 5496 1034 5547 in
1072 5498 1512 5548 retnetnorutioue
1548 5497 1634 5549 die
1680 5494 1917 5549 Sabbtti.

1025 5579 1397 5629 ΑΙιῦῠΜΕΝΤυᾈ.

499 5629 755 5702 Ezechias
780 5641 1042 5699 a-grotans
1074 5635 1294 5687 Domth
1329 5632 1612 5702 supplicat.
1659 5635 1828 5689 Aliter
1854 5649 1986 5689 con-

427 5696 588 5752 fessio
612 5696 898 5768 patientia—1c,
931 5717 982 5755 et
1014 5711 1178 5758 virtus
1212 5704 1278 5757 ad
1309 5696 1556 5758 salutem.
1593 5708 1728 5774 Lege
1759 5707 1876 5760 Job.

2085 4518 2176 4570 itlo
2206 4518 2255 4568 itt
2287 4533 2388 4582 quo
2409 4522 2524 4570 erat
2566 4529 2794 4580 timeret,
2844 4534 3172 4586 nequaquam
3204 4520 3285 4572 sic
3332 4521 3594 4585 inciperet
3623 4538 3637 4572 :

2086 4588 2320 4652 Domine,
2354 4603 2416 4638 ne
2444 4589 2493 4639 in
2525 4589 2712 4656 furore,
2749 4601 2851 4642 etc.
2884 4590 3167 4642 Sciendum
3200 4601 3282 4641 est
3330 4592 3473 4657 quod
3526 4594 3642 4657 qui.

2083 4662 2204 4710 dum
2233 4673 2282 4709 ιιι
2316 4659 2488 4709 luturo
2518 4674 2549 4710 a
2581 4661 2802 4711 Domano
2829 4667 3139 4726 arguantur,
3173 4661 3383 4727 quidam
3414 4673 3548 4713 vero
3589 4677 3638 4712 tn

2086 4728 2165 4779 ira
2190 4731 2560 4793 currtpientur.
2592 4728 2669 4780 lltt
2717 4731 2859 4782 enim
2887 4745 2936 4781 tn
2969 4730 3146 4782 lurore
3189 4737 3501 4798 urguentur,
3551 4732 3640 4796 qui

2087 4800 2164 4849 vel
2196 4803 2491 4866 cumsuam
2521 4798 2916 4851 lutnlatneutum
2949 4814 3052 4851 non
3082 4801 3398 4862 habuerunt,
3439 4802 3509 4852 de
3536 4816 3641 4866 qun

2087 4866 2411 4933 Apostolus:
2449 4865 2857 4919 Fundamentum
2880 4867 3020 4920 aliud
3061 4883 3206 4919 nemo
3249 4877 3406 4933 potest
3456 4865 3643 4936 ponere

2085 4953 2234 5002 quant
2263 4940 2393 5004 quod
2425 4938 2638 5004 pastum
2667 4950 2759 5001 est,
2785 4942 2834 4989 id
2885 4953 2977 5000 est,
3029 4940 3274 4990 Christus.
3325 4937 3415 4988 Vel
3455 4939 3502 4989 si
3550 4942 3641 4989 b.1-

2087 5013 2354 5069 bnernttt,
2409 5007 2536 5058 uiuit
2595 5009 2714 5058 boni
2766 5011 3338 5074 supertetlilitzaVu-unt.
3395 5015 3638 5074 Argucre

2089 5092 2338 5141 namque,
2371 5088 2452 5128 est
2480 5078 2708 5142 aliquem
2740 5080 3037 5129 accusando
3077 5083 3412 5131 eouvint'ere.
3450 5080 3515 5128 lLl
3557 5080 3639 5130 isti

2088 5161 2234 5212 qttnSt
2267 5162 2568 5213 urguentur,
2599 5161 2714 5197 cum
2745 5150 2822 5198 eis
2852 5164 2880 5198 ιι
2913 5151 3133 5199 Domino
3175 5152 3590 5212 nxprobrabitur
3619 5163 3634 5200 :

2089 5217 2309 5278 Esuravt,
2350 5229 2525 5267 etnon
2572 5218 2778 5268 dedistis
2822 5219 2941 5268 mihi
2988 5222 3308 5277 manducare,
3339 5227 3394 5269 et
3444 5230 3639 5271 ett-tera

2089 5292 2234 5337 talia.
2283 5289 2684 5338 Acettsauonetn
2733 5297 2907 5348 autent
2961 5292 3098 5339 solet
3143 5303 3290 5352 sequi
3339 5290 3635 5340 damnatio.

2089 5355 2342 5409 Slltlililel'
2371 5366 2424 5408 ει
2479 5365 2604 5408 ιειοε
2637 5358 2720 5408 [illi
2753 5358 3087 5410 aecusatione
3115 5370 3389 5410 (εοιικιριιιε
3421 5363 3640 5407 ιΙιιιιιιιιι-

2092 5430 2166 5478 bit
2198 5429 2363 5484 luror,
2389 5428 2439 5478 id
2467 5435 2568 5489 est,
2601 5428 2854 5478 terribilis
2880 5440 2926 5479 et
2955 5433 3074 5478 dist:
3093 5428 3190 5479 icta
3221 5429 3394 5476 divum
3415 5435 3637 5476 senten-

2092 5499 2183 5556 tia,
2213 5511 2331 5548 cum
2357 5512 2433 5548 ets
2460 5496 2701 5546 dicetur:
2735 5494 2837 5558 Ite,
2887 5499 3161 5559 maledicti,
3207 5511 3310 5546 etc.
3347 5497 3468 5545 lta-c
3515 5510 3633 5562 gra-

2094 5571 2238 5617 viora
2272 5566 2461 5618 timetts
2492 5569 2590 5617 iste
2618 5569 2704 5629 qui
2755 5569 2986 5634 loquitur
3035 5570 3115 5619 ltic
3171 5582 3219 5616 tn
3254 5572 3353 5616 hoc
3409 5569 3636 5632 psalmo,

2091 5649 2308 5700 ext-opta
2337 5641 2581 5701 prtlts‘Htt
2615 5643 2740 5699 vua,
2772 5652 2920 5703 cum»
2951 5639 3105 5690 deﬂet
3149 5638 3421 5686 innumera
3468 5637 3631 5701 mala,

2094 5708 2168 5758 sic
2195 5707 2356 5773 genui
2379 5715 2432 5759 et
2456 5713 2590 5758 orat.
2640 5709 2796 5772 Quasi
2827 5709 2962 5762 uieat
2996 5726 3006 5760 :
3069 5708 3340 5771 Futurum,
3383 5705 3628 5773 Dnnunc,
