3922 6190
309 366 407 419 681

952 364 1058 421 -ΙΝ
1097 366 1510 422 PSALMORUM
1555 364 1810 420 LIBRUM
1859 362 2215 422 EXEGESIS.
2260 396 2325 407 -—
2367 365 2607 419 PSALM.
2654 366 2913 422 XXXVII.

3447 368 3550 420 63?.

304 490 392 533 est
414 489 470 532 ιιι
489 479 744 548 quosdam
770 479 820 531 in
843 480 1014 547 furore
1035 489 1118 529 tuo
1146 495 1350 547 arguas.
1380 479 1445 532 Et
1472 480 1590 533 ideo
1612 493 1790 546 qnzvso
1820 496 1880 530 ne
1908 482 1951 537 Α
1990 484 2123 540 tum,
2150 477 2270 545 quia
2326 480 2611 531 multorum
2645 480 2925 532 criminum
2982 480 3152 546 ipsum
3206 482 3369 534 Adam
3422 486 3541 538 fecit

302 566 495 619 arguas
519 568 593 602 me
623 549 675 602 in
700 552 871 613 furore
891 560 993 609 tuo,
1028 549 1075 600 id
1104 560 1205 611 est,
1227 566 1292 603 ne
1320 552 1532 614 patiaris
1565 564 1647 601 me
1676 564 1793 603 esse
1822 550 1871 601 iii

307 636 535 672 numero
576 622 785 673 illorum
835 620 922 685 qni
970 631 1257 684 urguentur
1312 622 1361 672 in
1416 623 1593 673 furore
1650 626 1762 675 tuo.
1818 630 1873 670 tit

303 706 467 755 supra
496 691 694 743 dictum
725 703 828 743 est.
867 690 1117 741 Futurum
1148 705 1356 756 quoque
1404 699 1486 741 est
1546 700 1602 741 nt
1652 689 1867 754 quidam

299 762 665 826 corripiantur
693 761 743 811 in
792 761 869 811 ira
910 770 1014 820 tua,
1071 768 1124 809 et
1174 761 1313 821 ideo,
1351 759 1594 818 Domine,
1630 756 1862 825 ﬂagella,

299 844 450 892 seca,
485 846 600 891 ure,
636 840 913 896 purgatum
966 845 1049 881 me
1083 829 1165 881 liii:
1196 829 1376 890 redde,
1406 839 1460 879 nt
1492 846 1592 881 non
1623 829 1869 892 corripias

302 916 384 951 me
418 910 541 951 tunc
563 902 612 952 in
636 901 713 951 ira
742 912 849 951 tua.
880 899 1247 961 tiorripiuntur
1268 900 1317 951 in
1353 900 1427 951 ira
1464 900 1573 958 Dei,
1600 898 1687 965 qui
1717 900 1868 950 Ultri-

298 980 443 1021 smm
476 970 876 1021 l'nmlamentum
912 970 1125 1031 habent,
1154 969 1245 1023 sed
1271 985 1372 1021 non
1407 979 1607 1020 tantum
1656 984 1894 1034 aurum,

298 1050 626 1105 argentum,
682 1040 882 1098 lapides
936 1039 1197 1101 pretiosos
1243 1038 1666 1104 superaedilicant
1699 1079 1714 1101 ,
1772 1039 1864 1091 sed

296 1121 462 1162 t‘llalll
514 1109 885 1162 intermisceat
929 1109 1091 1173 ligna,
1137 1112 1334 1172 fenum,
1386 1110 1628 1175 stipulas,
1676 1108 1726 1161 id
1759 1119 1863 1171 est,

296 1180 643 1231 committunt
672 1178 911 1244 quaedam
971 1179 1188 1232 venialia
1250 1188 1461 1247 peccata
1509 1179 1755 1247 graviora
1812 1190 1865 1233 ct

298 1251 523 1302 leviora.
558 1250 623 1300 Et
650 1248 767 1302 ideo
794 1262 1011 1300 necesse
1039 1260 1119 1301 est
1149 1262 1204 1300 ιιι
1253 1250 1303 1301 lii
1339 1251 1470 1301 tales
1502 1250 1550 1301 in
1584 1250 1659 1301 ira
1691 1249 1859 1301 corri-

301 1322 539 1381 piantur,
577 1319 623 1370 id
673 1329 781 1380 est,
838 1320 889 1371 iii
936 1320 1241 1384 piirgatorin
1284 1320 1403 1388 igne
1456 1334 1595 1371 nunc
1643 1320 1857 1371 interim

295 1399 427 1441 ante
448 1389 588 1441 diem
616 1388 799 1455 iudicii
834 1399 1114 1453 ponantur,
1154 1399 1348 1457 iitqine
1381 1391 1429 1439 in
1460 1390 1538 1441 eis
1589 1391 1861 1443 immunda

294 1468 445 1517 sunt,
481 1474 572 1521 per
604 1459 749 1510 illum
778 1469 1089 1519 exui-antur,
1113 1467 1167 1511 et
1188 1460 1264 1511 sic
1289 1458 1497 1511 tandem
1525 1459 1700 1511 idonei
1734 1460 1860 1513 esse

293 1542 422 1581 cum
451 1529 531 1581 his
558 1528 645 1594 qui
680 1529 730 1580 in
761 1527 950 1579 ilextra
1010 1530 1297 1581 coronandi
1350 1537 1475 1581 sunt
1503 1529 1856 1582 inveniantur.

296 1598 411 1649 Nec
439 1600 707 1650 immerito
729 1607 928 1650 tantum
960 1596 1112 1650 timet
1136 1601 1234 1651 iete
1265 1601 1399 1651 banc
1448 1600 1857 1663 eoi-rectionem,

294 1669 425 1734 quia
477 1669 697 1720 attendit
738 1684 855 1722 cani
902 1682 1021 1720 esse
1070 1671 1364 1734 graviorem
1415 1684 1571 1736 quam
1604 1669 1855 1737 quidquid

298 1753 536 1805 unquam
570 1738 706 1803 passi
740 1746 863 1789 sunt
886 1738 1137 1801 latrones,
1169 1738 1253 1792 vel
1269 1740 1435 1791 sancti
1467 1750 1746 1807 martyres,
1773 1740 1856 1793 vel

1983 561 2154 599 reum.
2180 548 2463 601 Sciendum
2490 562 2664 603 autem
2689 552 2826 617 quod
2858 566 2955 603 VitX
2987 554 3173 620 capitis
3214 564 3293 603 est
3319 554 3367 605 in
3405 560 3511 620 psttl
3532 586 3545 595 -

1975 632 2083 689 tuo,
2115 634 2255 689 nunc
2308 634 2402 685 pro
2432 635 2508 681 se,
2547 634 2685 672 nunc
2732 636 2825 685 pro
2876 619 3132 672 membris
3156 619 3433 689 loquentis.
3480 628 3543 678 Et

1973 686 2097 738 IiCet
2126 688 2209 740 liic
2241 704 2343 739 non
2368 690 2433 741 sit
2455 690 2723 742 distinctio
2749 706 3114 755 p‘rsonarutn.
3147 686 3429 745 esttamen
3463 696 3543 747 di-

1971 759 2166 809 scretio
2197 758 2535 824 dignitatum.
2571 760 2663 811 Hic
2689 762 2833 812 enim
2873 770 2950 812 est
2985 772 3142 823 caput
3172 763 3307 827 quod
3343 765 3531 829 salvat,

1968 840 2166 894 corpus
2195 829 2333 893 quod
2364 830 2616 889 salvatur,
2644 830 3073 894 caputexliibens
3098 831 3537 894 misericordiam,

1968 909 2163 963 corpus
2182 899 2327 963 quasi
2349 899 2552 953 deflens
2571 898 2835 952 miseriam
2860 918 2872 962 ;
2904 910 3063 965 cupiit
3096 901 3160 951 ad
3183 904 3533 969 purgandum,

1968 980 2164 1031 corpus
2194 969 2257 1019 ad
2281 970 2663 1041 confitendum.
2699 969 2976 1041 Quomodo
3010 984 3136 1035 ergo
3184 973 3290 1033 ille,
3352 974 3400 1025 in
3434 990 3535 1041 quo

1972 1048 2242 1107 peccatum
2275 1054 2378 1091 non
2413 1040 2529 1101 fuit,
2563 1038 2691 1090 dicit
2717 1055 2743 1090 a
2776 1040 2908 1107 facie
2934 1050 3254 1105 peccatorum
3279 1038 3533 1106 meorum,

1968 1104 2067 1158 nisi
2095 1108 2215 1171 quia
2250 1108 2301 1161 in
2332 1124 2558 1174 persona
2591 1104 2953 1161 membrorum
2995 1110 3113 1172 ista,
3168 1111 3305 1163 sicut
3336 1124 3390 1165 et
3438 1104 3539 1166 cie-

1968 1184 2078 1228 tera
2110 1179 2382 1243 praedicta,
2418 1178 2650 1246 loquitur
2678 1180 2700 1231 ἳ
2728 1180 2835 1231 Nec
2868 1180 3076 1242 mirum,
3124 1180 3167 1231 si
3208 1182 3416 1234 illornin
3451 1196 3533 1236 cst

1964 1260 2065 1317 vox
2099 1263 2219 1312 una,
2250 1264 2471 1315 quorum
2524 1258 2605 1301 est
2659 1263 2785 1301 caro
2837 1265 2960 1301 una.
2996 1248 3145 1303 Unde
3204 1254 3485 1317 Apostolus
3520 1272 3533 1305 :

1969 1315 2127 1367 Erunt
2158 1318 2256 1368 duo
2307 1320 2356 1370 in
2386 1336 2535 1370 carne
2586 1336 2703 1370 ima.
2731 1319 3115 1390 Sacramentum
3136 1315 3259 1390 hoc
3296 1339 3533 1390 magnum

1963 1396 2031 1438 est
2078 1428 2092 1449 ,
2134 1404 2226 1455 ego
2270 1397 2439 1440 autem
2480 1390 2593 1440 dico
2622 1390 2674 1441 in
2705 1389 2905 1441 Christo
2953 1390 3081 1442 etin
3114 1389 3360 1443 Ecclesia.
3385 1389 3528 1458 Qua-

1964 1471 2177 1522 propter
2207 1473 2269 1511 ex
2303 1461 2460 1509 nimia
2520 1460 2775 1512 affinitate
2825 1469 2981 1525 caput
3039 1475 3142 1513 non
3176 1471 3391 1528 separat
3448 1464 3532 1514 liic

1961 1542 2151 1588 corpus
2183 1544 2211 1579 ει
2238 1544 2294 1579 se
2320 1529 2561 1580 faciendo
2596 1540 2810 1595 peccata
2844 1530 3208 1582 membrorum
3260 1546 3378 1583 esse
3409 1547 3519 1594 sua,

1963 1611 2186 1661 quorum
2208 1599 2319 1660 ipse
2333 1598 2491 1651 etiam
2519 1601 2781 1665 particeps
2799 1599 2915 1660 fuit,
2938 1609 3192 1667 quantum
3212 1600 3276 1653 ad
3302 1616 3532 1664 pinnam.

1960 1668 2108 1728 Quod
2166 1668 2284 1720 ideo
2314 1668 2454 1739 facit,
2492 1681 2547 1721 ut
2577 1683 2769 1729 corpus
2823 1686 2925 1721 non
2975 1681 3241 1730 separeta
3274 1686 3331 1723 se
3380 1684 3539 1739 caput

1963 1739 2231 1814 passione,
2266 1740 2371 1789 imo
2402 1736 2561 1790 faciat
2582 1753 2705 1792 esse
2735 1753 2883 1790 suam
2919 1740 3219 1805 passionem
3250 1742 3368 1805 ejus
3411 1736 3533 1809 pas-

298 1808 564 1873 quidquid
592 1807 801 1875 gravius
855 1807 1014 1860 liomo
1046 1810 1211 1875 possit
1240 1810 1561 1876 excogitare.
1611 1809 1666 1861 Si
1724 1824 1850 1862 vero

1978 1807 2170 1859 iitttlt‘tll
2183 1845 2197 1858 .

297 1879 382 1930 illi
417 1893 551 1945 quos
571 1893 727 1938 supra
767 1878 1020 1949 diximus,
1055 1889 1256 1931 tantum
1311 1894 1520 1939 aurum,
1552 1886 1852 1949 argentum,

299 1949 512 2016 lapides
536 1952 817 2011 pretiosos,
850 1948 901 2001 id
943 1960 1047 2011 est,
1080 1948 1215 2001 bona
1266 1964 1425 2015 opera
1459 1948 1857 2013 superirdifica-

299 2028 443 2078 rent,
474 2029 597 2070 tunc
620 2033 788 2084 neque
817 2019 961 2071 illum
988 2017 1161 2085 ignem
1189 2019 1459 2081 timerent,
1490 2020 1578 2085 qui
1602 2020 1863 2071 cremabit

295 2087 622 2139 mternaliter
653 2086 864 2153 impios,
894 2102 1063 2155 neque
1112 2088 1260 2141 illum
1287 2089 1377 2155 qui
1420 2087 1674 2152 Corripiet
1721 2087 1859 2156 pios.

297 2158 590 2212 Sciendum
621 2169 797 2210 autem
824 2161 1081 2225 quosdam
1113 2174 1234 2213 esse
1258 2168 1564 2212 sanctorum
1590 2160 1669 2225 (ut
1701 2169 1863 2211 testa—

300 2238 391 2280 tur
426 2228 790 2295 Evaugelium)
819 2228 909 2295 qui
954 2244 1058 2280 non
1086 2233 1301 2281 veniunt
1346 2231 1397 2281 iii
1441 2228 1717 2295 judicium,
1768 2228 1862 2281 sed

298 2307 581 2349 transennt
608 2297 673 2349 de
702 2307 873 2351 mnrle
890 2298 954 2351 ad
989 2300 1169 2360 vitam,
1211 2301 1331 2366 quia
1359 2309 1413 2352 et
1439 2300 1481 2351 si
1511 2298 1713 2365 aliquas
1763 2301 1861 2350 sti-

299 2369 482 2432 pnlas,
506 2368 552 2419 id
576 2377 676 2429 est,
704 2383 859 2434 parva
888 2377 1102 2436 peccata
1131 2369 1578 2436 superaedilicattt,
1610 2369 1744 2421 adeo
1786 2378 1865 2421 ta-

299 2454 429 2489 men
468 2439 603 2491 levia
634 2448 777 2498 sunt,
810 2439 949 2505 qttnd
980 2439 1114 2506 ignis
1144 2440 1499 2491 tribulationis
1550 2453 1709 2502 quem
1765 2454 1860 2505 pa-

300 2509 512 2559 tiuntur
543 2508 651 2571 bic,
686 2508 768 2562 vel
798 2508 958 2561 etiam
992 2523 1147 2577 poena
1176 2510 1363 2563 mortis
1394 2508 1600 2575 penitus
1640 2524 1703 2562 ea
1735 2523 1865 2560 exu-

296 2580 393 2630 rit.
429 2577 492 2629 Et
517 2577 569 2630 hi
600 2578 732 2631 tales
759 2579 883 2645 quia
917 2578 1043 2631 nihil
1075 2580 1125 2631 in
1153 2580 1229 2632 eis
1260 2582 1393 2646 ignis
1436 2593 1587 2631 suum
1640 2579 1862 2638 invenit,

297 2649 489 2700 statim
538 2647 665 2699 iluni
719 2663 749 2700 a
798 2663 1024 2713 corpore
1082 2659 1418 2716 separantur,
1470 2658 1749 2701 transeunt
1798 2649 1866 2701 ad

298 2717 470 2770 vitam
511 2728 787 2781 aeternam,
813 2718 951 2772 sicut
970 2734 1001 2771 e
1027 2729 1211 2772 contra
1236 2719 1450 2788 quidam
1477 2720 1732 2771 malorum
1757 2726 1868 2772 sta-

299 2790 400 2840 tim
434 2801 661 2840 :e'eruas
689 2803 869 2853 pinnas
903 2789 1197 2842 incurrunt.

373 2857 634 2920 Quoniam
651 2860 846 2925 sagitta:
872 2866 990 2911 tute.
1024 2859 1163 2921 Ideo,
1197 2859 1425 2923 Domine,
1451 2874 1578 2927 rogo
1604 2875 1667 2911 ne
1684 2874 1869 2927 arguas

298 2944 380 2980 me
438 2934 518 2981 vel
551 2928 797 2994 corripias
820 2928 870 2980 in
900 2927 1096 2994 futuro,
1128 2930 1376 2997 quoniam
1418 2932 1578 2981 multa
1600 2938 1654 2982 et
1679 2943 1867 2996 magna

298 3006 430 3050 sunt
454 3014 572 3065 qua:
599 2999 649 3049 iii
684 3000 928 3065 praesenti
961 3000 1151 3067 patior.
1202 2997 1371 3063 Unde,
1404 3014 1609 3066 quasso,
1640 2998 1871 3052 sufﬁciat

299 3070 397 3123 tibi
430 3070 499 3120 de
534 3084 617 3121 me
646 3070 939 3135 sumpsisse
966 3070 1246 3137 supplicia.
1299 3071 1362 3121 Et
1408 3070 1593 3134 incipit
1645 3084 1868 3121 enume-

300 3154 425 3192 rare
460 3154 518 3191 ea
547 3140 878 3193 satisfaciens
906 3141 1149 3202 Domino,
1205 3140 1436 3193 offerens
1464 3156 1522 3193 ea
1556 3155 1673 3207 qua:
1727 3142 1865 3205 pati-

299 3220 384 3260 tur
409 3225 479 3261 ne
509 3211 749 3277 graviora
774 3210 1019 3277 patiatur,
1042 3210 1224 3279 dicens
1253 3212 1321 3262 ita
1346 3227 1359 3263 :
1390 3208 1642 3275 Quoniam
1671 3210 1870 3279 sagitta:

298 3288 404 3331 tua
423 3280 601 3344 inﬁma
624 3289 739 3329 sunt
758 3279 902 3333 mihi.
929 3278 1161 3348 Sagittas
1194 3290 1341 3334 vocat
1379 3278 1869 3333 animadversiones

303 3353 399 3407 im:
467 3349 580 3409 Dei.
615 3349 839 3412 scilicet,
868 3363 1054 3403 omnes
1106 3364 1286 3415 pinnas
1342 3359 1395 3403 et
1450 3348 1689 3403 miserias
1739 3365 1872 3415 quas

304 3420 544 3483 patimur
574 3420 799 3471 interius
820 3421 931 3472 sive
976 3425 1229 3473 exterius.
1255 3420 1397 3484 Quas
1424 3421 1636 3485 quidem
1687 3435 1872 3472 omnes

300 3489 554 3542 miserias
581 3504 647 3542 ex
673 3492 1111 3556 praavai-icatione
1135 3490 1287 3557 primi
1324 3492 1555 3557 parentis
1584 3489 1711 3542 Adae
1738 3503 1871 3540 con-

301 3561 595 3612 traximus.
627 3560 751 3612 Inde
770 3573 849 3612 est
873 3559 1011 3627 quod
1040 3560 1264 3613 mortale
1293 3575 1484 3626 corpus
1502 3561 1737 3627 gerimus
1763 3558 1874 3625 ple-

300 3644 433 3681 num
468 3628 843 3683 tentatiunibus
865 3641 917 3682 et
945 3629 1414 3693 sollicitudinibus,
1442 3630 1727 3682 obnoxium
1757 3644 1875 3680 cor-

301 3700 586 3763 poralibus
627 3700 921 3760 doloribus,
975 3715 1168 3753 nexum
1202 3699 1579 3767 indigentibus.
1616 3698 1875 3752 Mutabile

300 3770 612 3835 languidum
636 3784 755 3821 cum
788 3779 866 3821 est
897 3785 1105 3822 sanum.
1134 3768 1283 3824 Unde
1312 3771 1454 3822 enim
1484 3769 1688 3821 diceret
1731 3768 1832 3821 iste
1860 3784 1873 3819 :

304 3836 428 3890 Non
454 3849 525 3890 est
548 3842 740 3892 sanitas
763 3840 813 3891 in
839 3855 989 3892 carne
1019 3856 1149 3904 mea,
1182 3838 1280 3892 nisi
1320 3840 1439 3907 quia
1489 3839 1708 3903 sanitas,
1759 3854 1877 3905 qnzie

300 3910 508 3962 dicitur
540 3911 693 3975 liuius
728 3910 850 3962 vitae
877 3911 1097 3973 sanitas,
1158 3911 1291 3963 bene
1340 3909 1776 3976 intelligentibus,
1825 3918 1879 3961 et

300 3979 597 4031 Sabbatum
630 3980 1055 4042 recordantibus,
1109 3995 1213 4033 non
1274 3989 1415 4033 esset
1472 3995 1597 4032 vera
1654 3980 1874 4041 sanitas,

302 4049 415 4101 imo
440 4066 630 4117 magna
666 4050 967 4103 iitlirmitas.
998 4051 1051 4103 Si
1101 4052 1239 4103 enim
1297 4049 1499 4102 sanitas
1549 4058 1716 4112 esset,
1773 4064 1877 4101 non

302 4129 415 4169 tam
473 4122 627 4172 facile
682 4130 1116 4185 Currumpcretttr
1171 4121 1397 4173 naturali
1447 4121 1656 4181 morbo,
1716 4117 1877 4184 fatue,

304 4204 343 4238 SI
371 4190 541 4251 ilicet,
577 4190 691 4251 siti,
724 4198 778 4242 et
797 4191 1007 4243 caneris
1031 4189 1357 4258 liujiismudi.
1392 4188 1522 4254 Quae
1553 4189 1672 4242 ideo
1726 4200 1881 4241 uatu-

306 4261 438 4309 ralia
472 4260 739 4321 dicuntur,
765 4263 886 4328 quia
914 4260 1051 4327 quod
1085 4263 1135 4312 iii
1160 4260 1326 4312 Adam
1361 4261 1560 4328 peccati
1614 4274 1795 4325 pmna,
1830 4260 1879 4312 iii

307 4328 469 4378 nobis
496 4336 579 4380 est
617 4327 820 4381 natura.
857 4328 1007 4383 Unde
1034 4332 1317 4395 Apostolus
1352 4347 1365 4381 :
1396 4327 1591 4381 Fuistis
1620 4329 1755 4381 enim
1785 4329 1883 4381 ali-

304 4399 519 4464 quando
550 4409 733 4450 natura
774 4400 866 4465 ﬁlii
912 4402 1019 4452 irw.
1053 4400 1200 4451 Nunc
1231 4402 1295 4451 ad
1327 4402 1548 4453 litteram
1582 4400 1879 4452 redeamus.

308 4470 533 4535 Sagitta:
553 4479 675 4532 ture,
703 4471 942 4535 inquam,
975 4484 1077 4522 non
1118 4484 1243 4532 tina,
1274 4470 1367 4522 sed
1412 4470 1589 4521 multa:
1620 4468 1743 4520 milii
1797 4471 1881 4519 in-

308 4539 431 4599 ﬁxa:
459 4549 597 4598 sunt,
624 4549 676 4591 et
701 4538 753 4591 in
779 4540 859 4591 bis
881 4542 1084 4607 sagittis
1112 4539 1427 4607 confirmasti
1466 4555 1616 4607 super
1664 4554 1743 4590 me
1774 4555 1881 4589 ma-

308 4624 435 4659 num
486 4619 644 4671 tuam,
697 4609 748 4660 id
799 4621 900 4672 est,
936 4615 1137 4662 lirmain
1170 4622 1222 4661 et
1270 4610 1535 4661 assiduam
1585 4608 1875 4675 potentiam

309 4693 479 4743 super
508 4694 593 4730 me
622 4679 926 4739 exliibiiisti,
952 4680 1071 4746 quia
1103 4679 1219 4731 sine
1240 4678 1630 4731 intermissione
1665 4693 1875 4744 poenam

310 4765 378 4800 ex
413 4759 634 4811 peccato
670 4746 878 4815 perfero
908 4759 961 4801 et
992 4750 1203 4816 pertuli.
1258 4749 1456 4801 Dicitur
1484 4760 1658 4800 autem
1689 4750 1787 4801 lioc
1811 4750 1876 4800 ad

310 4819 724 4871 similitudinem
785 4819 1011 4887 alicajus
1064 4821 1395 4871 verberantis
1440 4818 1717 4885 magistri,
1788 4821 1876 4884 qui

311 4888 471 4954 quasi
525 4905 737 4939 manum
792 4903 952 4955 super
983 4889 1129 4941 illum
1173 4890 1474 4952 coulirmat,
1525 4902 1681 4956 quem
1739 4896 1881 4943 tenet

311 4960 416 5009 sub
445 4960 653 5010 assidua
689 4961 853 5025 virga.

388 5026 513 5079 Non
534 5038 606 5080 est
622 5030 812 5080 sanitas
837 5029 888 5079 in
920 5044 1070 5081 carne
1097 5044 1228 5080 mea.
1258 5027 1393 5081 Vere
1416 5026 1637 5091 sagittas
1662 5027 1877 5080 inIixisti

312 5098 470 5161 milii,
489 5100 610 5165 quia
630 5100 851 5152 interius
870 5100 1187 5151 etexterius.
1202 5099 1330 5150 Nam
1345 5114 1444 5149 non
1462 5108 1531 5149 est
1552 5112 1671 5148 vera
1689 5099 1881 5151 sanitas

311 5170 367 5221 in
393 5185 546 5220 carne
570 5185 702 5230 mea,
732 5178 786 5220 ut
806 5186 963 5233 supra
986 5174 1179 5221 dictum
1203 5177 1305 5230 est,
1331 5168 1468 5235 quod
1494 5168 1732 5234 procedit
1754 5184 1784 5218 a
1804 5172 1882 5235 [u-

315 5240 415 5299 cie,
445 5240 494 5290 id
513 5250 612 5301 est,
634 5254 662 5290 a
684 5240 961 5305 praesentia
985 5241 1210 5303 iratum,
1229 5240 1349 5303 quia
1376 5252 1468 5305 per
1487 5246 1585 5289 nuc
1600 5253 1884 5301 reprzesen-

319 5311 549 5361 taturira
570 5320 678 5371 tua,
696 5324 850 5372 quam
876 5312 926 5361 iii
950 5322 1339 5377 transgressore
1364 5307 1494 5375 legis
1517 5307 1680 5359 Adam
1701 5308 1883 5361 liabui-

315 5380 410 5431 Sti.
443 5382 504 5429 Et
527 5396 625 5431 non
651 5390 723 5431 est
750 5381 910 5432 etiam
932 5395 1035 5449 pax
1062 5379 1257 5431 ossibus
1282 5379 1425 5442 meis,
1461 5377 1509 5428 id
1540 5384 1641 5449 est,
1675 5393 1779 5430 non
1803 5389 1885 5431 est

317 5452 618 5501 Constantia
652 5451 700 5500 in
749 5447 1052 5513 virtutibus,
1098 5464 1217 5516 qua:
1243 5460 1367 5501 sunt
1392 5463 1536 5511 ossa,
1566 5447 1615 5497 id
1644 5457 1744 5507 est,
1798 5452 1885 5500 lir-

318 5529 586 5571 mamenta
610 5520 800 5571 anima:
825 5536 975 5573 metu.
1000 5520 1148 5585 Quod
1192 5520 1315 5570 item
1346 5529 1425 5570 est
1456 5535 1486 5568 a
1516 5518 1664 5583 facie,
1699 5520 1747 5568 id
1780 5527 1880 5581 est,

318 5601 350 5640 a
384 5590 663 5654 praesentia
692 5604 1008 5657 peccatorum
1036 5604 1281 5651 meorum,
1326 5590 1445 5655 quia
1480 5604 1569 5655 per
1601 5590 1697 5638 lion
1726 5589 1884 5641 etiam

318 5669 735 5725 reprtcsentatur
768 5674 1040 5724 peccatum
1087 5658 1482 5723 iuobedientire,
1530 5660 1669 5724 quod
1717 5662 1883 5711 Adam

321 5731 707 5795 prinCipaliicr,
742 5739 795 5781 et
826 5730 875 5781 in
901 5731 1017 5795 ipso
1044 5730 1218 5783 omnis
1244 5730 1524 5794 posteritas
1543 5733 1881 5795 perpetravit.

323 5798 523 5852 Dicitur
557 5807 731 5851 autem
779 5800 1051 5865 pluraliter
1084 5808 1342 5866 iirmt‘cpta
1374 5803 1470 5852 hoc
1503 5816 1661 5852 unutn
1697 5814 1883 5865 pecca-

606 5893 874 5952 Pnnoc.
922 5893 1138 5955 XCIII.

2034 1899 2289 1962 Quoniam
2321 1899 2608 1963 iniquitates
2659 1915 2797 1954 mete.
2837 1900 3023 1953 Merito
3046 1901 3152 1954 dixi
3189 1902 3537 1957 Peccatoritm

1963 1984 2228 2027 meorum,
2253 1971 2502 2036 quoniam
2533 1985 2631 2037 ego
2659 1986 2775 2023 sum
2813 1971 2864 2023 in
2895 1972 3074 2037 culpa,
3112 1988 3215 2023 non
3244 1983 3319 2033 tn,
3357 1972 3506 2026 Domi
3528 2008 3539 2015 -

1964 2054 2049 2099 ne,
2085 2054 2185 2090 non
2219 2039 2437 2099 fictum,
2473 2055 2574 2091 non
2604 2041 2766 2103 aliud,
2819 2042 2939 2108 quia
2986 2043 3277 2107 iniquitates
3308 2059 3450 2105 meae,
3488 2044 3537 2097 id

1962 2119 2068 2181 est,
2103 2108 2157 2181 in
2183 2109 2466 2181 diedientia
2497 2120 2549 2162 et
2584 2110 3045 2181 prinvaricationes
3078 2128 3230 2173 iiteze,
3278 2128 3412 2181 quas
3444 2117 3547 2167 sci-

1966 2176 2086 2251 Iici-l
2120 2180 2169 2230 iit
2193 2179 2356 2231 Adam
2374 2180 2645 2251 commisi,
2672 2197 3010 2251 supergressa!
3031 2193 3150 2233 sunt
3177 2176 3328 2248 caput
3353 2200 3541 2248 meum,

1968 2249 2017 2301 id
2053 2255 2154 2309 est,
2189 2250 2580 2316 prati-aluerunt
2611 2249 2771 2313 capiti
2811 2249 2951 2311 meo,
2999 2262 3052 2303 et
3082 2253 3252 2319 ipsum
3304 2253 3544 2306 involve-

1965 2328 2113 2372 runt.
2150 2320 2257 2387 Ego
2285 2320 2433 2390 enim
2467 2330 2626 2390 caput
2658 2335 2832 2371 meum
2857 2336 2887 2373 c
2912 2333 3040 2372 intra
3076 2332 3125 2371 te
3158 2326 3323 2384 eri-xi,
3355 2326 3545 2390 iniqui-

1969 2400 2049 2441 tas
2072 2400 2247 2443 autem
2283 2388 2411 2441 illud
2444 2389 2657 2457 dejecit.
2689 2390 2839 2443 Unde
2872 2392 2992 2443 alibi
3026 2393 3224 2444 dii-tuin
3256 2404 3340 2444 est
3370 2410 3382 2445 :
3413 2388 3545 2446 Con-

1966 2470 2184 2510 vcrtetur
2210 2459 2355 2510 dolor
2386 2462 2495 2528 ejus
2534 2459 2585 2510 in
2616 2471 2769 2526 caput
2791 2460 2921 2527 ejus,
2960 2470 3005 2513 et
3048 2462 3100 2513 in
3132 2462 3365 2514 verticem
3388 2465 3548 2526 ipsius

1967 2529 2209 2596 iniquitas
2236 2532 2347 2598 ejus
2372 2530 2657 2582 descendet.
2695 2531 2760 2582 Et
2814 2533 3075 2597 accipitur
3124 2532 3206 2584 bic
3262 2541 3418 2599 caput
3451 2550 3544 2597 pro

1968 2598 2192 2667 digni’ori
2225 2611 2391 2663 parte,
2426 2614 2520 2666 pro
2549 2601 2725 2653 anima
2753 2600 2977 2666 scilicet,
3001 2616 3118 2668 qua:
3153 2616 3277 2654 vere
3312 2598 3402 2667 per
3432 2605 3547 2655 ino-

1973 2670 2292 2721 bedientiam
2326 2670 2576 2732 depressa
2609 2669 2723 2732 fuit,
2752 2671 2872 2737 quia
2922 2671 3280 2738 cognitionem
3313 2674 3420 2726 veri
3461 2676 3543 2725 Iu-

1974 2740 2129 2791 niinis
2156 2738 2352 2791 amisit.
2385 2738 2712 2804 Iniquitates,
2735 2741 2973 2805 inquam,
3004 2756 3368 2809 supergressa:
3395 2756 3539 2801 sunt,

1972 2818 2020 2860 et
2048 2819 2167 2860 sunt
2193 2818 2413 2876 gravata:
2459 2826 2611 2874 super
2659 2828 2760 2872 me,
2813 2810 2861 2862 id
2914 2820 2994 2864 est
3053 2812 3119 2863 ita
3164 2824 3549 2879 oppresserunt.

1974 2881 2141 2944 ipsam
2175 2890 2408 2932 mentem
2442 2895 2635 2951 meam,
2668 2882 2796 2933 sicut
2827 2896 2952 2932 onus
2982 2897 3133 2951 grave
3162 2883 3414 2948 opprimit
3445 2884 3545 2936 :ili-

1973 2964 2156 3017 quem,
2180 2951 2299 3015 quia
2325 2951 2461 3001 sicut
2493 2950 2581 3002 ille
2612 2965 2670 3003 se
2698 2952 2905 3017 erigere
2928 2950 3033 3003 non
3084 2961 3279 3019 potest,
3335 2953 3405 3005 ita
3452 2970 3549 3007 nec

1977 3034 2128 3071 mens
2161 3034 2278 3072 mea
2301 3020 2365 3071 ad
2400 3034 2588 3086 purum
2621 3021 2915 3073 contuitnm
2957 3022 3193 3074 veritatis
3239 3023 3445 3086 erigere
3490 3042 3549 3076 se

1978 3090 2138 3143 valet.
2164 3090 2295 3155 Quae
2326 3092 2505 3143 omnia
2555 3091 2619 3144 ad
2654 3096 2892 3145 membra
2925 3094 3250 3157 referuntur,
3310 3097 3446 3147 sient
3499 3106 3553 3148 et

1897 3171 1943 3232 ρ
1976 3176 2095 3229 quin
2121 3170 2434 3228 sequuntur.

2046 3252 2360 3307 Putrueruut
2390 3262 2436 3305 el
2485 3261 2739 3317 corrupta!
2783 3261 2899 3305 sunt
2951 3253 3204 3305 cicatrices
3234 3271 3377 3307 mete.
3411 3254 3549 3307 (ἔναυ

1974 3333 2099 3377 rata:
2130 3335 2269 3383 sunt,
2306 3325 2539 3389 inquam,
2588 3324 2873 3387 iniquitates
2918 3341 3069 3389 super
3112 3339 3208 3385 me,
3267 3334 3313 3375 et
3367 3342 3555 3387 super-

1975 3409 2157 3465 gressa:
2185 3403 2302 3445 sunt
2336 3394 2637 3455 iniquitates
2664 3406 2851 3465 caput;
2883 3403 2933 3445 et
2983 3394 3102 3445 ideo
3134 3395 3395 3446 cicatrices
3424 3411 3549 3447 uteie

1976 3463 2134 3516 etiam
2159 3472 2274 3516 sunt
2299 3470 2573 3531 corruptae,
2619 3472 2672 3515 et
2696 3463 2828 3514 adeo
2877 3473 3159 3531 corruptae,
3189 3467 3328 3530 quod
3385 3466 3542 3517 etiam

1975 3542 2299 3604 putruerunt,
2323 3533 2371 3584 id
2392 3543 2492 3595 est,
2519 3533 2739 3595 putrida:
2761 3533 2911 3604 facne
2934 3543 3075 3585 sunt.
3106 3533 3196 3585 Vel
3222 3544 3546 3599 putruerunt,

1980 3602 2029 3656 id
2054 3614 2157 3665 est,
2192 3606 2412 3656 Ietoreiu
2435 3602 2913 3670 etiiiscrunl,jitxta
2939 3605 3095 3655 aliain
3118 3605 3541 3658 ιτειιειειιίυιιειιι.

1979 3674 2268 3726 Cicatrices
2326 3688 2550 3736 namque
2601 3673 2734 3726 finiit
2762 3687 2827 3726 ex
2857 3672 3056 3725 sanatis
3102 3673 3443 3737 vulneribus,
3496 3687 3550 3729 et

1981 3744 2031 3796 in
2058 3743 2211 3796 nobis
2242 3743 2454 3795 vulnera
2489 3742 2703 3796 fuerunt
2733 3758 2796 3795 ex
2844 3744 3280 3808 prievaricatione
3322 3746 3473 3806 Atlas,
3496 3756 3552 3799 et

1981 3829 2043 3867 ex
2077 3814 2270 3867 nostris
2304 3812 2620 3866 actualibns.
2643 3816 2770 3877 Quae
2803 3814 3019 3865 vulnera
3074 3824 3258 3867 sanata
3303 3823 3447 3880 sunt,
3495 3827 3549 3867 et

1982 3887 2126 3936 velut
2154 3885 2435 3935 cicatrices
2468 3882 2711 3936 fecerunt
2739 3898 2832 3950 per
2859 3881 3015 3934 fidem
3047 3895 3099 3935 et
3122 3886 3341 3951 gratiam
3375 3884 3550 3952 bapti-

1948 3955 2104 4016 'smi,
2130 3953 2223 4005 sed
2243 3967 2309 4005 ex
2337 3952 2643 4005 infirmitate
2671 3964 2848 4005 nostra
2877 3952 2932 4005 lit
2964 3951 3062 4005 lioc
3092 3960 3229 4021 quod
3258 3955 3432 4006 nullus
3451 3951 3544 4007 εει

1983 4024 2053 4075 ita
2090 4024 2377 4089 perfectus,
2407 4022 2531 4089 quin
2562 4022 2849 4091 aliquando
2876 4037 2967 4089 per
2994 4023 3137 4075 aliud
3170 4025 3378 4077 actualc
3405 4024 3549 4077 laba-

1984 4105 2066 4145 tur
2090 4094 2140 4147 in
2172 4102 2469 4161 peccatum.
2498 4095 2559 4144 Et
2593 4094 2710 4145 ideo
2738 4093 3016 4145 cicatrices
3046 4109 3165 4161 quae
3216 4096 3358 4160 prius
3406 4111 3549 4147 sanat

1985 4174 2158 4226 erant,
2187 4172 2603 4225 corrumpuntur
2630 4172 2683 4215 et
2716 4163 2899 4226 fetent,
2934 4164 3013 4214 vel
3064 4174 3394 4230 putrescunt,
3428 4170 3548 4232 quia

1985 4247 2038 4286 et
2066 4233 2110 4285 si
2140 4234 2291 4285 valde
2324 4234 2453 4285 levia
2485 4243 2610 4285 sunt
2637 4248 2755 4302 quie
2789 4233 3007 4300 perfecti
3043 4236 3136 4287 viri
3187 4237 3547 4295 committunt,

1985 4305 2072 4371 qui
2104 4305 2449 4356 recordamur
2505 4305 2871 4356 deleCtaliilem
2921 4304 3141 4357 odorem
3174 4304 3409 4366 Sabbati,
3467 4308 3547 4357 eis

1989 4382 2161 4425 tamen
2197 4372 2351 4426 fetida
2383 4382 2433 4425 et
2461 4372 2833 4425 abominabilia
2868 4373 3131 4427 videntur.
3182 4374 3366 4425 Nullus
3403 4378 3543 4425 enim

1988 4443 2235 4510 intelligit
2260 4457 2418 4511 quam
2443 4444 2512 4496 sit
2541 4444 2868 4511 delectabilis
2896 4444 3027 4511 odor
3055 4442 3295 4505 Sabbati,
3337 4443 3437 4496 nisi
3462 4445 3548 4496 cui

1912 4533 1961 4592 ι)
1989 4510 2370 4592 abominabilis
2416 4522 2492 4565 est
2547 4510 2685 4592 fetor
2716 4510 3233 4592 peccziti._Corruptw
3279 4522 3417 4574 sunt,
3470 4514 3550 4565 in-

1988 4599 2165 4651 quam,
2197 4584 2474 4645 cicatrices,
2502 4592 2554 4635 et
2586 4586 2686 4635 hoc
2703 4593 2781 4635 est
2801 4599 2831 4633 α
2860 4582 3010 4649 facie,
3043 4582 3089 4634 id
3114 4594 3216 4643 est,
3250 4598 3277 4632 a
3313 4596 3550 4651 prteseti-

1983 4656 2050 4705 tia
2081 4654 2387 4711 insipientia:
2411 4668 2549 4708 mere.
2581 4656 2702 4721 quia
2733 4670 2824 4719 per
2857 4655 2955 4703 lioc
2981 4662 3389 4717 i‘eprasseiitatur
3421 4652 3550 4705 insi-

1983 4726 2179 4789 pientia
2211 4738 2348 4775 mea.
2382 4723 2457 4773 'I‘n
2484 4721 2625 4774 enini
2655 4738 2736 4773 me
2758 4722 3053 4787 sapientein
3084 4736 3203 4775 esse
3234 4722 3472 4783 voluisti,
3496 4734 3549 4777 et

1983 4809 2159 4845 veram
2212 4791 2524 4860 sapientiam
2573 4808 2658 4844 tne
2704 4792 2951 4855 docuisti,
3010 4792 3242 4844 dicens:
3288 4790 3365 4845 De
3412 4797 3551 4845 omni

1981 4864 2122 4929 [gito
2149 4865 2373 4925 paradisi
2399 4864 2650 4921 comedas,
2684 4863 2746 4912 de
2774 4864 2941 4931 [ructu
2963 4873 3127 4915 autem
3169 4864 3395 4915 scientia:
3437 4864 3554 4915 boni

1981 4946 2024 4985 et
2054 4933 2175 4983 muli
2223 4950 2283 4984 ue
2321 4934 2578 4985 comedas.
2616 4934 2723 5000 Ego
2756 4947 2881 4985 vero
2932 4948 3014 4983 me
3062 4932 3394 5001 insipientem
3429 4933 3551 4995 feci,

1982 5006 2287 5071 quiamagis
2321 5004 2553 5069 serpenti
2585 5017 2743 5069 quam
2771 5004 2861 5055 tibi
2884 5005 3155 5057 consensi.

2056 5092 2213 5145 Miser
2261 5096 2422 5160 factus
2470 5109 2600 5145 sum.
2656 5093 2814 5157 Quasi
2858 5094 2998 5145 dicat
3041 5108 3055 5146 :
3111 5094 3241 5160 Quia
3291 5093 3552 5147 cicatrices

1982 5165 2142 5216 etiam
2167 5177 2420 5230 c»rrup:at
2446 5172 2585 5227 sunt,
2614 5164 2730 5215 ideo
2760 5165 2922 5228 [actus
2975 5179 3086 5215 sum
3128 5166 3297 5227 miser,
3349 5163 3396 5214 id
3441 5172 3544 5226 est,

1983 5235 2171 5302 plenus
2189 5234 2367 5286 multis
2384 5235 2627 5285 miseriis.
2648 5233 2709 5285 Et
2728 5238 2813 5301 qui
2835 5235 2978 5286 erexi
3002 5249 3085 5286 me
3107 5249 3198 5301 per
3218 5232 3541 5298 superbiam.

1985 5321 2099 5355 sum
2134 5306 2443 5365 incurvatus,
2474 5303 2524 5354 id
2546 5312 2648 5368 est,
2682 5304 2987 5355 humiliatus
3036 5320 3128 5370 per
3160 5302 3465 5363 vindictam,
3495 5318 3547 5355 ci

1988 5375 2088 5427 hoc
2120 5390 2275 5441 usque
2330 5374 2382 5425 in
2434 5374 2957 5439 ﬁnemcurvationis,
3015 5373 3064 5424 id
3095 5382 3195 5428 est,
3246 5373 3548 5441 munimnda

1985 5440 2311 5497 eiuratione.
2343 5442 2435 5496 Vel
2470 5446 2537 5496 ita
2563 5460 2674 5496 sum
2717 5451 2976 5507 curvatus,
3001 5443 3139 5508 quod
3168 5440 3407 5494 curvatio
3431 5456 3547 5496 mea

1987 5516 2384 5581 durabitusque
2433 5514 2485 5564 in
2542 5515 2710 5576 linem,
2760 5513 2808 5563 id
2854 5521 2956 5571 est,
3005 5515 3173 5563 donec
3208 5514 3546 5577 perveniatur

1987 5587 2049 5637 ad
2080 5584 2387 5637 Sabbatum.
2426 5583 2591 5646 Unde,
2615 5585 2835 5644 scdicct,
2868 5582 3017 5632 miser
3043 5582 3208 5647 [actus
3233 5598 3342 5633 sunt
3364 5594 3407 5634 et
3430 5597 3547 5633 cur-

1987 5666 2150 5716 vatus,
2200 5663 2301 5705 tota
2340 5656 2439 5716 die,
2488 5653 2537 5706 id
2565 5663 2666 5718 ε-ι,
2698 5652 2912 5705 assidite
2961 5651 3280 5720 ingrediebar
3307 5663 3359 5703 et
3399 5668 3551 5719 egre-

1988 5727 2194 5783 diebar,
2222 5725 2269 5776 id
2294 5733 2396 5791 est,
2426 5725 2780 5777 conversabor
2810 5722 2863 5774 in
2890 5723 2985 5774 liae
3014 5723 3258 5789 praesenti
3280 5722 3405 5785 vita,
3432 5737 3550 5790 quu-

1988 5808 2063 5850 est
2099 5798 2367 5864 ingressus
2396 5796 2460 5849 ad
2514 5795 2761 5859 futuram;
2803 5803 3148 5854 contristatus,
3182 5794 3231 5846 id
3264 5803 3366 5856 est,
3398 5793 3551 5845 simul

3043 5886 3120 5945 2'2
