3922 6190
393 323 492 375 US?)

854 323 1052 378 BENE
1098 321 1539 377 VENERABlLIS
1578 321 1726 376 OPP.
1771 321 1944 377 PARS
1984 322 2044 375 ll.
2095 320 2285 376 SECT.
2331 322 2393 378 ll.
2435 354 2502 365 ——
2536 324 2735 379 DUBIA
2783 327 2868 381 ET
2906 327 3176 384 Sl‘Ultl.\.

3531 332 3631 388 68$

398 441 620 494 interius
649 448 704 495 et
732 442 967 515 exterius
997 439 1254 515 tristatus,
1287 437 1567 515 sabbatum
1622 438 1835 507 quidem
1871 457 1957 493 re—
1988 440 2035 495 Δ
2067 436 2117 488 in
2142 439 2385 515 umbram
2418 440 2664 515 revenit.
2709 453 2761 495 et
2819 443 2959 497 inter
3005 446 3143 509 litum
3197 446 3433 515 paradisi
3467 450 3634 508 latuit.

395 512 689 573 i-Ordando,
720 522 769 564 et
805 512 1036 563 noutlum
1067 509 1379 562 obtinendo.
1436 571 1443 577 _

465 584 714 649 Quoniam
736 580 892 634 lumbi
920 582 1035 644 mei,
1068 590 1173 631 etc.
1207 578 1392 632 Merito
1415 594 1520 629 nnn
1572 578 1729 631 modo
1772 582 1959 644 tristis,

394 656 484 706 sed
517 656 671 706 etiam
700 652 1026 703 contristatus
1049 663 1188 709 sum,
1221 650 1337 714 quia
1372 665 1474 699 non
1504 659 1585 700 ost
1616 650 1739 700 mihi
1768 651 1961 704 bonum

394 724 635 783 interius,
666 723 746 773 Vel
777 722 1029 773 exterius.
1060 720 1187 773 Nam
1216 720 1370 771 lumbi
1390 720 1482 771 mei
1500 719 1963 784 impletisuntilln-

394 794 639 855 .xionibus,
673 792 850 853 idest,
877 792 1049 843 anima
1076 806 1189 842 mea
1242 790 1435 851 repleta
1488 799 1563 840 est
1616 791 1957 843 vanitatibus.

396 864 579 915 Lumbi
612 863 750 914 enim
778 877 871 921 pro
911 861 1355 914 delectationibus
1402 858 1759 925 :lCl‘ipiU'lltll‘.
1805 860 1963 914 Dele-

394 933 652 984 ctationes
686 947 813 984 vero
843 932 1125 984 interiores
1151 940 1298 984 sunt.
1356 929 1412 981 Et
1452 927 1571 981 ideo
1621 945 1716 997 per
1750 931 1962 984 lumbos

396 1004 593 1066 anima,
620 1016 738 1067 qum
772 1003 991 1054 interior
1022 1011 1122 1063 est,
1166 998 1492 1066 designatur.
1530 999 1806 1052 lllusiones
1836 1016 1962 1053 vero

397 1085 549 1123 vocat
581 1073 837 1124 vanitates
865 1072 981 1123 illas
1002 1080 1055 1123 et
1086 1073 1472 1138 phantasmata,
1503 1085 1618 1135 quae
1648 1070 1800 1122 nobis
1830 1083 1882 1123 et
1912 1073 1960 1123 in

396 1142 682 1207 cogitando
704 1151 753 1192 et
787 1143 836 1192 in
867 1142 1071 1192 orando
1097 1140 1310 1195 assidue
1343 1142 1723 1192 intercurrunt.
1758 1139 1960 1201 Lumbi,

397 1215 632 1281 inquam,
674 1211 991 1263 illusiottibus
1042 1211 1177 1277 pleni
1213 1220 1351 1273 sunt,
1386 1219 1431 1262 et
1453 1225 1584 1281 vera
1621 1212 1813 1263 sanitas
1860 1229 1961 1264 non

400 1280 547 1334 estin
578 1298 729 1335 carne
774 1298 905 1339 mea,
937 1291 993 1332 nt
1018 1296 1179 1349 supra
1212 1282 1409 1332 dictum
1434 1290 1533 1333 est.
1567 1280 1959 1334 Etestdit‘ere:

402 1351 516 1405 Non
550 1355 739 1404 mirum
767 1353 809 1404 si
846 1352 943 1404 iste
985 1351 1349 1411 contristatns,
1394 1350 1513 1416 quia
1545 1365 1608 1402 ex
1639 1351 1779 1402 nulla
1816 1363 1963 1417 parte

398 1431 479 1475 est
506 1423 552 1475 ei
589 1421 787 1475 lmtitia.
813 1421 941 1473 Nam
973 1437 1091 1473 cum
1125 1428 1264 1473 totus
1290 1421 1450 1471 homo
1475 1422 1546 1473 sit
1592 1427 1794 1473 tantum
1838 1437 1964 1473 caro

399 1502 451 1545 et
481 1493 678 1556 anima,
706 1493 754 1543 in
789 1492 905 1558 ejus
936 1494 1111 1544 anima
1142 1500 1223 1545 est
1246 1488 1470 1554 vanitas,
1502 1502 1555 1541 et
1585 1491 1636 1542 in
1669 1506 1831 1543 carne
1884 1491 1963 1544 iu-

401 1564 642 1615 tirtuitas.
705 1564 766 1615 Et
815 1563 935 1614 ideo
982 1561 1171 1614 merito
1220 1560 1569 1612 contristatns
1620 1559 1960 1629 ingreditur,

400 1646 679 1698 quousque
735 1634 911 1684 anima
950 1641 1117 1684 exuat
1164 1632 1472 1694 vanitatem,
1516 1641 1570 1682 et
1607 1645 1734 1683 caro
1784 1631 1966 1685 induat

399 1701 701 1755 sanitatem.
730 1702 915 1755 Anima
941 1717 1068 1754 vero
1096 1716 1198 1752 non
1230 1709 1390 1753 exuet
1420 1700 1731 1764 vanitatem,
1762 1715 1965 1768 quous-

2068 508 2188 574 quia
2220 509 2391 561 lucem
2420 512 2662 579 adquam
2692 516 2837 581 prius
2867 508 3132 581 gaudebat
3163 508 3266 569 non
3293 519 3501 574 habuit.
3536 522 3637 574 Istc

2068 588 2246 631 autem
2284 596 2377 653 pro
2418 597 2523 648 quo
2553 594 2709 649 caput
2740 584 2871 653 agit,
2896 584 3007 652 jam
3050 586 3358 653 redemptus
3388 600 3444 643 et
3472 594 3639 643 conli-

2070 656 2206 711 Iens,
2231 658 2289 701 et
2317 651 2365 701 in
2399 651 2848 725 corporerrisn
2883 651 3086 725 positus
3124 651 3272 719 dicit,
3305 660 3428 725 quia
3456 663 3637 715 lmnee

2072 732 2174 797 non
2207 729 2297 797 est.
2316 734 2529 797 secum,
2556 722 2712 797 liabet
2739 724 3108 797 tamenlnmen
3143 722 3445 797 lidei,jnxta
3468 730 3635 785 illud:

2067 786 2390 868 Clittrissimi,
2433 791 2653 868 ﬁlii__Qei
2686 808 2882 868 sumus.
2909 794 3045 868 illud
3077 811 3201 868 vero
3233 786 3406 851 Ionico
3438 800 3508 854 de
3534 817 3643 868 quo

2064 860 2453 937 subsequenter
2507 862 2700 914 dicitur
2743 880 2753 913 :
2812 863 2917 937 Sed
2970 867 3197 937 nondum
3241 883 3453 937 apparet
3499 860 3638 937 quod

2064 929 2275 1007 eri-nius,
2299 946 2410 980 cum
2441 941 2607 982 autem
2638 936 2967 1007 apparuerit,
2996 936 3187 990 similes
3213 941 3256 989 ei
3276 929 3483 1001 erimus,
3512 929 3641 1007 quin

2064 997 2340 1070 ridebimus
2372 1016 2485 1051 eum
2514 997 2678 1054 sicuti
2708 1014 2815 1067 cst;
2844 997 2995 1067 illud,
3027 1008 3259 1070 inquam,
3296 997 3480 1063 lumen
3500 997 3642 1062 non-

2064 1066 2188 1144 dum
2216 1070 2396 1144 habet,
2428 1071 2547 1137 quia
2578 1082 2660 1124 est
2710 1066 2803 1125 hic
2844 1090 2943 1127 Vox
2993 1066 3463 1144 pertigritiatitittttt,
3500 1096 3637 1133 non-

2064 1136 2188 1188 dum
2219 1137 2268 1189 in
2306 1136 2485 1212 patria
2517 1143 2923 1196 constitutorum
2950 1185 2964 1207 ,
2993 1136 3289 1200 'dumvenim
3318 1150 3369 1200 in
3419 1136 3640 1212 corpore

2066 1222 2260 1277 sumus,
2291 1211 2674 1277 prregrinamur
2694 1229 2725 1263 η
2751 1212 2990 1277 Domino,
3017 1227 3067 1266 et
3095 1220 3271 1268 taudin
3299 1219 3421 1270 illml
3448 1211 3638 1273 verum

2070 1268 2258 1329 lumen
2278 1268 2380 1331 non
2408 1268 2661 1333 liabetnns
2687 1298 2700 1345 ;
2733 1284 2944 1335 tandem
2977 1268 3101 1337 vero
3134 1288 3177 1338 si
3207 1268 3637 1343 Christomhiiic

2065 1348 2354 1423 diligimus,
2386 1351 2510 1401 illud
2544 1366 2665 1423 vere
2698 1353 3032 1423 habebimus.
3058 1354 3173 1423 Ipse
3191 1358 3332 1409 enim
3356 1358 3483 1411 dicit
3516 1373 3532 1413 :
3569 1360 3633 1413 Si

2064 1416 2173 1479 quis
2204 1418 2370 1487 diligit
2402 1435 2498 1500 me,
2531 1421 2774 1500 (li-ligetur
2800 1422 3016 1500 af’atre
3051 1416 3181 1487 meo,
3224 1437 3269 1479 et
3298 1444 3389 1495 ego
3418 1430 3636 1500 diligant

2066 1501 2201 1547 tum,
2235 1497 2281 1538 et
2306 1490 2640 1555 manifestabo
2667 1493 2710 1543 ei
2740 1508 2816 1543 me
2844 1493 3029 1557 ipsum.

2135 1558 2297 1634 Amici
2340 1561 2459 1634 mei,
2505 1570 2550 1611 et
2580 1563 2795 1625 proximi
2825 1564 2944 1617 mei.
2997 1567 3103 1617 lluc
3132 1580 3297 1632 usque
3327 1578 3486 1634 caput
3533 1585 3634 1634 pro

2068 1627 2327 1703 membris
2358 1630 2714 1703 locununest,
2741 1647 2880 1685 nunc
2910 1648 3034 1685 \ero
3059 1627 3289 1700 loquitur
3329 1627 3424 1703 pro
3566 1639 3633 1691 Et

2067 1709 2188 1762 qum
2220 1697 2476 1752 hactenus
2503 1699 2653 1771 dixit,
2687 1706 2883 1767 patitur
2932 1697 3157 1771 quisque
3198 1721 3226 1757 a
3256 1697 3476 1767 se'ipso
3529 1725 3629 1771 per

401 1787 507 1836 que
538 1773 746 1825 tandem
778 1771 1141 1837 apprehendat
1165 1771 1485 1844 veritatem}
1540 1784 1710 1835 neque
1732 1784 1858 1844 caro
1886 1771 1966 1844 ing
2000 1782 2044 1841 Β
2073 1779 2281 1844 pmttatn
2316 1770 2515 1835 peccati
2536 1786 2549 1827 ;
2574 1785 2690 1836 qua:
2713 1787 2838 1844 vero
2865 1770 3178 1838 sequuntur,
3223 1776 3417 1842 patitur
3443 1778 3510 1828 ab
3532 1770 3630 1829 bis

404 1841 533 1895 tluet
558 1844 862 1901 sanitatem,
896 1855 1174 1907 quousque
1204 1850 1363 1893 exuat
1398 1839 1784 1892 inﬁrmitatem.
1814 1842 1964 1907 Quod

405 1921 528 1964 tunc
559 1912 787 1979 denique
818 1912 938 1973 erit,
972 1912 1176 1977 quando
1202 1909 1297 1962 hoc
1325 1910 1534 1961 mortale
1558 1910 1731 1962 induet
1760 1912 1967 1964 immor-

401 1981 665 2042 talitatem.
717 1990 763 2035 et
812 1983 1136 2047 corruptibile
1164 1980 1611 2043 inconuptionem.

473 2053 713 2119 Afﬂirtus
754 2068 864 2104 sum
906 2060 951 2104 et
994 2049 1315 2103 humiliatus.
1372 2049 1583 2113 Repetit
1625 2050 1762 2117 quod
1808 2067 1964 2113 suiira

400 2121 551 2185 dixit,
575 2122 798 2185 scilicet,
830 2120 971 2186 quod
1001 2122 1148 2172 miser
1165 2121 1331 2183 [actus
1379 2136 1511 2184 sum,
1543 2121 1681 2173 sicut
1712 2131 1963 2185 tanquam

401 2205 495 2255 per
523 2207 709 2245 causas
730 2190 1000 2260 appositas
1021 2191 1394 2243 certilieatum.
1419 2191 1580 2253 Quasi
1610 2191 1750 2243 dicat
1786 2206 1799 2243 :
1828 2194 1962 2257 Quia

404 2262 453 2312 in
485 2262 659 2315 anima
692 2276 807 2314 mea
864 2272 945 2313 est
974 2261 1203 2324 vanitas,
1255 2271 1303 2313 et
1339 2260 1391 2311 in
1444 2276 1603 2313 carne
1662 2260 1964 2325 iulirmitas,

403 2329 522 2401 ideo
552 2348 662 2383 sunt
701 2332 935 2401 afﬂictus,
970 2331 1021 2383 id
1054 2339 1153 2391 est,
1190 2329 1416 2382 miseriis
1448 2331 1669 2401 plenus:
1718 2328 1787 2381 Et
1818 2331 1966 2384 nimis

399 2400 873 2467 humiliatus,un
899 2416 1003 2453 non
1029 2406 1091 2452 ait
1119 2406 1325 2462 horam,
1369 2400 1461 2452 sed
1507 2416 1663 2467 usque
1709 2402 1776 2451 ad
1814 2402 1965 2466 ﬁnem

397 2485 509 2523 sum
542 2472 869 2532 humiliatus,
923 2481 979 2522 ut
1009 2484 1167 2537 supra
1199 2470 1400 2522 dictum
1438 2480 1542 2523 est.
1594 2469 1738 2523 Hanc
1785 2482 1962 2525 autem

404 2541 619 2593 nimiam
655 2539 1073 2593 humiliation-ni
1102 2554 1259 2592 nvmo
1290 2539 1551 2603 intelligit,
1579 2540 1678 2592 nisi
1719 2537 1807 2607 qui
1833 2540 1966 2594 Sab-

403 2607 509 2662 bati
542 2610 852 2663 immensam
884 2609 1256 2661 celsitudinem
1285 2609 1528 2661 attendit.
1558 2608 1794 2662 Alliictus
1820 2623 1962 2677 sum,

400 2681 635 2747 inquam,
673 2690 725 2733 et
754 2679 909 2733 mntis
934 2678 1254 2739 humiliatus,
1286 2680 1425 2732 unde
1447 2680 1702 2747 rugiebam
1726 2694 1961 2749 semper,

402 2749 456 2819 id
486 2758 584 2808 est.
616 2750 846 2819 rugitum
869 2750 1205 2802 validissimae
1227 2750 1535 2801 intentionis
1561 2749 1865 2819 emittebant
1895 2752 1961 2804 ad

402 2816 703 2886 Dominum,
734 2820 1107 2888 procedentem
1130 2836 1161 2870 (ι
1183 2820 1367 2888 gemitu
1391 2820 1559 2872 cordis
1583 2822 1697 2873 inci.
1724 2817 1963 2876 Gemitus

399 2889 541 2942 enim
564 2890 698 2942 alios
719 2890 917 2951 carnis,
947 2890 1083 2941 alius
1109 2891 1305 2942 cordis.
1338 2888 1580 2943 Gemitus
1629 2891 1808 2944 carnis
1853 2902 1960 2958 est,

398 2960 485 3019 qui
536 2961 914 3025 temporalibus
967 2960 1125 3029 rebus
1156 2958 1237 3029 ﬁt.
1264 2959 1328 3011 Et
1360 2958 1443 3011 hic
1487 2960 1811 3021 hominibus,
1837 2962 1959 3029 quia

397 3030 713 3082 exteriorem
738 3029 1041 3082 iunotcscit.
1077 3027 1318 3081 (ietnitus
1350 3043 1474 3081 vero
1505 3031 1681 3082 cordis
1730 3041 1812 3083 est
1844 3027 1955 3094 ille,

398 3113 502 3164 quo
530 3100 694 3152 sancti
726 3100 821 3151 viri
853 3099 1075 3151 interius
1098 3099 1522 3164 interpellant,et
1544 3100 1627 3151 hic
1657 3100 1957 3153 hominibus

397 3176 478 3220 cst
505 3170 772 3232 occultus;
805 3169 902 3224 soli
935 3184 1062 3221 vero
1086 3169 1191 3221 Deo
1214 3169 1297 3220 cui
1320 3170 1491 3221 omnis
1523 3170 1744 3221 intentio
1771 3170 1960 3224 animae

401 3246 565 3302 patet,
593 3246 649 3291 et
677 3253 837 3293 omne
867 3252 961 3291 cor
989 3237 1243 3305 loquitur,
1277 3247 1357 3290 est
1383 3238 1713 3291 "ianilesltts.
1748 3240 1811 3291 Et
1840 3241 1961 3306 quia

396 3309 493 3360 soli
527 3308 634 3362 Deo
664 3310 926 3378 cognitus,
956 3309 1074 3363 ideo
1099 3308 1273 3360 subdit
1310 3325 1320 3359 :
1376 3308 1613 3371 Domine,
1652 3326 1798 3362 omne
1826 3312 1963 3362 desi-

396 3380 592 3429 derium
637 3394 824 3440 meum,
862 3379 912 3432 id
942 3389 1044 3441 est,
1079 3378 1205 3446 quid
1253 3378 1549 3431 desiderem
1600 3382 1778 3432 taliter
1820 3380 1963 3448 inge-

397 3448 690 3517 inisrendo.
723 3460 806 3503 est
833 3458 951 3502 ante
988 3459 1054 3513 te,
1084 3462 1187 3501 non
1218 3459 1342 3501 ante
1367 3448 1608 3502 homines
1632 3451 1719 3517 qui
1743 3464 1836 3501 cor
1857 3467 1962 3504 non

396 3516 595 3570 vident.
627 3519 689 3570 Et.
722 3518 841 3572 ideo
873 3529 924 3571 tu
956 3517 1234 3585 cognoscis
1264 3518 1609 3582 desiderium,
1652 3516 1776 3588 quia
1807 3522 1965 3588 gemi-

395 3596 475 3638 tus
502 3603 659 3651 meus,
686 3590 773 3655 qui
826 3588 1131 3642 hominibus
1171 3597 1255 3641 est
1311 3590 1574 3652 occultus,
1608 3606 1639 3641 α
1688 3601 1733 3641 te
1762 3606 1862 3643 non
1893 3602 1966 3644 est

395 3656 745 3723 absconditus,
774 3658 878 3712 imo
910 3659 1000 3711 tibi
1027 3667 1112 3712 est
1142 3661 1473 3710 tnauil'estns.
1522 3659 1850 3712 ltesiderittm
1881 3672 1965 3714 est

398 3738 664 3789 nostrum,
697 3731 870 3782 oratio
899 3738 1101 3782 nostra.
1134 3730 1258 3780 Etsi
1291 3732 1597 3782 continuum
1640 3730 1960 3783 desiderimn

394 3798 643 3849 continua
666 3808 748 3852 est
767 3800 958 3859 oratio,
983 3799 1025 3850 si
1044 3813 1146 3852 non
1172 3798 1476 3851 intermittis
1505 3798 1828 3862 desiderare,
1859 3815 1961 3853 non

397 3868 699 3921 intermittis
722 3883 894 3932 orare;
918 3868 1228 3923 continuum
1252 3870 1391 3923 enim
1414 3868 1737 3922 desiderium
1757 3879 1839 3922 est
1863 3885 1963 3924 Vox

396 3940 667 3990 continua.
699 3938 922 3993 Tacebis
951 3940 995 3992 si
1028 3953 1210 3991 amare
1235 3938 1526 3991 destiteris.
1575 3938 1726 3994 Unde
1779 3940 1964 3993 Domi-

402 4023 500 4056 nus
530 4007 596 4059 dc
626 4007 936 4074 quibusdam
959 4010 1258 4063 tacentibus
1286 4009 1409 4061 dicit
1445 4024 1460 4037 ·
1488 4010 1617 4072 Quia
1645 4012 1964 4075 superabun-

395 4075 536 4147 dabit
558 4076 816 4147 iniquitas,
850 4081 1139 4146 refrigescet
1156 4079 1398 4131 cltaritns.
1432 4078 1617 4147 Frigus
1647 4079 1789 4131 enini
1837 4084 1962 4130 cha-

399 4144 569 4198 ritatis
624 4155 705 4199 est
733 4144 1001 4199 silentium
1030 4148 1231 4208 contis,
1266 4144 1542 4213 ﬂagrantia
1573 4150 1852 4201 cbaritatis
1880 4159 1962 4203 est

396 4216 597 4267 t'latnor
622 4217 816 4268 cordis.
872 4216 928 4270 Si
972 4231 1185 4283 semper
1212 4225 1394 4269 manet
1446 4218 1700 4277 charitas,
1750 4234 1963 4284 semper

395 4286 596 4337 clamas
633 4302 646 4349 ;
693 4287 737 4339 si
779 4298 994 4353 Semper
1041 4287 1263 4348 clamas,
1314 4301 1526 4351 semper
1571 4287 1881 4351 desideras;
1916 4289 1961 4343 si

395 4372 436 4404 si
458 4369 608 4422 mper
636 4354 932 4422 desideras,
964 4356 1253 4411 Sabbstutn
1280 4356 1616 4421 recordaris;
1648 4367 1701 4409 et
1730 4357 1776 4409 si
1829 4360 1962 4411 Sab-

397 4425 573 4498 batum
604 4427 921 4491 recordaris,
943 4427 1154 4498 gemitus
1185 4435 1303 4480 tuus
1330 4440 1360 4478 a
1390 4427 1613 4479 Domino
1636 4444 1735 4479 non
1762 4436 1833 4480 est
1864 4431 1957 4479 ab-

396 4496 677 4548 sconditus.

466 4564 564 4617 Cor
584 4582 747 4619 meum
770 4566 1127 4619 conturbatum
1148 4574 1241 4620 est.
1268 4565 1427 4632 Quasi
1454 4565 1645 4633 aliquis
1666 4577 1965 4633 quaereret:

400 4634 548 4688 Unde
580 4635 663 4689 hic
684 4638 909 4704 gemitus
929 4637 1108 4690 ducit?
1136 4638 1277 4698 inde,
1302 4638 1527 4697 scilicet,
1550 4639 1669 4705 quia
1691 4652 1777 4687 cor
1800 4653 1968 4690 meum

398 4705 746 4757 conturbatum
767 4716 862 4769 est,
890 4706 940 4759 id
967 4715 1071 4773 est,
1106 4717 1272 4759 totum
1292 4706 1582 4759 turbatum.
1603 4709 1770 4772 Quam
1801 4708 1963 4759 multa

403 4783 457 4845 et
499 4789 656 4840 quam
691 4790 848 4842 parva
897 4786 1017 4829 sunt
1067 4792 1186 4845 qua:
1237 4778 1451 4828 turbant
1499 4791 1593 4828 cor
1650 4780 1961 4831 humanum.

402 4844 631 4896 Frendet
660 4848 801 4897 enim
849 4846 953 4913 leo,
988 4847 1211 4899 incurrit
1264 4848 1419 4909 latro,
1474 4847 1656 4898 tremit
1709 4856 1871 4910 terra,
1908 4848 1966 4901 lit

401 4915 577 4966 cordis
598 4915 951 4985 conturbatio,
970 4916 1091 4983 quia
1116 4917 1345 4985 undique
1361 4915 1962 4981 incutitur-sollicitudo;

401 4996 453 5036 et
482 4984 582 5035 hoc
612 4983 749 5045 ideo,
777 4983 898 5052 quia
927 4989 1115 5046 virtus,
1166 4987 1215 5038 id
1247 4983 1348 5049 est,
1381 4997 1683 5041 constantia
1716 5002 1873 5053 quam
1906 4990 1959 5041 in

402 5056 573 5121 pritno
598 5065 815 5118 parente
848 5056 1149 5122 habuimus,
1181 5057 1304 5109 dum
1332 5058 1382 5109 in
1431 5058 1762 5124 plenitudine
1796 5056 1963 5110 virtu-

398 5140 505 5176 tum
535 5123 750 5187 mansit,
781 5126 1100 5192 dereliuquit
1136 5142 1234 5177 nos
1259 5123 1444 5180 eodem
1479 5127 1875 5191 prievaricante.
1906 5129 1961 5182 Si

394 5196 536 5246 cuitu
564 5200 846 5246 virtusttos
871 5209 971 5246 non
998 5196 1390 5261 dereliquisset,
1418 5196 1667 5263 qtmlquitl
1691 5198 1958 5249 insolitum

397 5266 755 5332 contingeret,
793 5281 885 5316 cor
915 5278 1151 5317 nostrum
1186 5282 1286 5316 non
1346 5276 1577 5321 timeret.
1627 5266 1774 5320 Unde
1820 5281 1887 5318 rc.-
1912 5277 1960 5320 te

397 5336 479 5388 hic
506 5337 703 5387 dicitur
738 5352 750 5388 :
797 5334 898 5385 Cor
925 5351 1090 5387 meum
1132 5339 1484 5387 conturbatum
1528 5346 1621 5401 est,
1652 5338 1770 5401 quia
1802 5341 1959 5388 virtus

395 5421 502 5457 mea
524 5405 822 5472 derelinquit
854 5421 949 5458 me.
978 5406 1042 5456 let
1069 5408 1189 5472 quia
1212 5407 1378 5457 lumen
1408 5407 1668 5458 oculorum
1707 5421 1954 5469 meorum,

397 5478 706 5526 interiorum
738 5476 959 5541 setiicet,
993 5492 1091 5528 non
1119 5488 1189 5528 cst
1222 5491 1433 5539 mecum,
1465 5487 1517 5528 et
1546 5476 1664 5528 ideo
1704 5477 1824 5529 dico
1856 5492 1955 5528 non

394 5552 465 5594 est
498 5560 710 5607 mecum,
735 5547 851 5611 quia
884 5546 1073 5609 ipsum,
1102 5549 1151 5599 id
1183 5554 1285 5609 est,
1319 5562 1497 5599 verum
1529 5555 1583 5598 et
1610 5547 1824 5613 dignum
1869 5548 1956 5598 lu-

398 5627 541 5685 meo.
575 5623 766 5665 nonest
798 5630 1012 5668 mecum.
1043 5617 1241 5669 Ltnnen
1293 5631 1519 5683 namque
1549 5628 1788 5668 nostrum
1842 5617 1953 5685 ipse

396 5690 479 5754 est
504 5681 661 5754 Deus,
690 5694 743 5735 ct
777 5685 865 5735 Dei
915 5700 1176 5751 sapientia
1206 5688 1269 5737 ad
1318 5681 1474 5754 quain
1526 5688 1692 5739 Adam
1726 5681 1874 5738 dnm'
1903 5690 1953 5739 in

396 5751 696 5803 ubedicutia
721 5754 930 5816 mansit,
956 5762 1187 5820 gaudete
1213 5751 1451 5821 solebat;
1484 5756 1797 5811 offendendo
1828 5773 1950 5811 vero

2074 1842 2211 1888 inter
2240 1853 2372 1910 quos
2400 1849 2766 1910 conversatur.
2805 1842 2867 1893 Et
2897 1844 3202 1910 sicutcapnt
3227 1863 3327 1898 non
3359 1860 3419 1898 se
3443 1848 3628 1900 divisit

2069 1920 2099 1957 a
2131 1907 2384 1979 membris
2415 1909 2465 1960 in
2512 1909 2591 1961 liis
2632 1926 2749 1976 qua)
2778 1914 2917 1978 apud
2965 1926 3025 1966 se
3076 1907 3363 1979 patiuntur,
3414 1915 3484 1967 ita
3532 1933 3634 1970 nec

2071 1977 2307 2029 membra
2334 1990 2673 2051 seseparent
2700 1995 2728 2031 a
2764 1977 2941 2049 capite
2972 1982 3021 2034 in
3053 1977 3135 2035 his
3170 1999 3289 2051 quin
3319 1977 3563 2039 exterius
3599 2006 3627 2039 ει

2072 2048 2497 2112 persecutoribus
2527 2050 2758 2116 patitur;
2785 2052 2876 2103 sed
2907 2052 3045 2105 sicut
3078 2048 3199 2119 ipse
3241 2054 3365 2107 iecit
3420 2067 3633 2121 pecrata

2070 2124 2247 2168 nostra
2279 2132 2401 2171 esse
2424 2132 2542 2189 sua,
2577 2121 2650 2171 ita
2674 2129 2727 2172 et
2760 2134 2854 2173 nos
2902 2123 3202 2189 passionem
3233 2125 3348 2188 ejus
3378 2125 3637 2178 larianms

2068 2200 2187 2239 esse
2210 2200 2465 2263 noetram.
2496 2188 2849 2263 Contiuuatur
2878 2188 3053 2244 autem
3076 2195 3153 2246 sic
3187 2233 3199 2245 .
3234 2194 3351 2247 Dixi
3396 2196 3515 2263 quia
3550 2199 3638 2248 lu-

2069 2272 2179 2309 men
2224 2258 2534 2310 iuteriormn
2567 2260 2827 2311 oculorum
2872 2278 2973 2313 non
3012 2275 3085 2314 est
3132 2279 3324 2315 mecum
3374 2258 3429 2317 iii
3474 2270 3632 2319 meis.

2072 2325 2135 2400 Et
2158 2340 2251 2400 pro
2282 2327 2383 2380 hoc
2413 2328 2613 2400 lumine
2645 2331 2975 2400 restituendo
3025 2335 3193 2400 factus
3219 2348 3336 2386 sum
3388 2335 3636 2388 obediens

2070 2393 2214 2449 Patri
2241 2412 2398 2469 usque
2435 2398 2502 2469 ad
2524 2408 2749 2469 mortem.
2786 2399 2840 2453 In
2871 2415 2971 2469 qua
3006 2393 3305 2456 obedientia
3343 2406 3497 2456 amici
3538 2406 3638 2457 mei

2068 2479 2174 2538 non
2197 2466 2329 2538 veri,
2353 2468 2450 2538 sed
2474 2469 2560 2532 qui
2582 2468 2830 2522 simulant
2854 2466 2912 2524 se
2934 2471 3077 2538 prius
3103 2474 3321 2530 amicos.
3343 2475 3584 2528 dicentes
3616 2494 3631 2529 :

2068 2533 2486 2613 Magisterbane,
2512 2540 2700 2613 scimus
2723 2541 2844 2613 quia
2867 2557 2899 2591 a
2926 2533 3033 2593 Deo
3058 2543 3257 2595 venisti.
3304 2542 3367 2596 Et
3408 2546 3635 2613 proximi

2068 2610 2196 2680 mei,
2237 2606 2406 2660 Judaei
2442 2608 2671 2680 scilicet,
2705 2609 2795 2680 de_
2818 2625 3040 2677 quorum
3069 2613 3280 2664 renibus
3306 2606 3468 2666 exivi.
3495 2615 3633 2680 Quid

2066 2678 2152 2745 isti
2176 2676 2456 2730 iecerunt?
2483 2677 2644 2730 Amici
2673 2676 2887 2745 quidem
2917 2691 3157 2733 steterunt
3182 2682 3448 2735 adversum
3471 2676 3551 2737 me
3580 2687 3635 2737 in

2064 2744 2427 2812 damnatione,
2458 2748 2676 2820 proximi
2696 2744 2823 2801 rem
2852 2752 3386 2820 appmpinquaverunt
3413 2754 3633 2820 quidem

2067 2830 2311 2891 corpore,
2345 2830 2465 2869 cum
2495 2816 2648 2885 longe
2671 2827 2850 2872 essent
2872 2816 3070 2875 mente.
3098 2816 3240 2875 Satis
3267 2824 3410 2874 enim
3430 2816 3630 2891 appro-

2066 2884 2478 2952 pinquaverunt,
2503 2884 2622 2939 cum
2675 2903 2795 2941 eum
2848 2895 2898 2942 in
2930 2905 3140 2945 crucem
3182 2884 3537 2945 sustuleruiti.
3571 2894 3638 2946 I‘lt

2066 2970 2169 3028 non
2197 2955 2368 3028 solum
2401 2956 2553 3009 amici
2581 2966 2629 3009 et
2665 2958 2885 3024 proximi
2913 2970 3090 3012 contra
3131 2976 3211 3013 me
3237 2972 3506 3028 steterunt,
3538 2965 3635 3017 sed

2064 3024 2223 3100 etiam
2253 3027 2340 3093 qui
2367 3028 2511 3100 prius
2538 3039 2681 3079 erant
2695 3031 2851 3097 juxta
2870 3044 2971 3100 me,
3005 3031 3054 3082 id
3072 3042 3173 3094 est,
3205 3046 3338 3100 quos
3362 3047 3461 3100 ego
3485 3024 3634 3097 prius

2067 3094 2346 3165 docebam,
2367 3107 2420 3149 et
2449 3096 2588 3149 circa
2621 3094 2709 3149 me
2727 3099 3007 3162 habebam,
3036 3094 3263 3165 apostoli
3296 3094 3526 3165 scilicet,
3573 3104 3640 3155 de

2070 3164 2513 3238 longesteterunt,
2544 3168 2689 3238 quia,
2704 3167 2907 3238 relicto
2949 3183 3035 3233 eo,
3067 3164 3336 3238 fugerunt.
3385 3169 3454 3222 Et
3495 3164 3639 3227 inter

2068 3234 2182 3288 hate
2210 3235 2458 3303 faciebant
2486 3238 2583 3288 vim
2621 3235 2775 3300 mibi,
2808 3252 2914 3291 non
2949 3234 3206 3307 quantum
3236 3241 3301 3292 ad
3331 3241 3636 3307 veritatem,

2066 3307 2534 3380 sedlqnautumﬂad
2562 3322 2747 3380 eorum
2780 3307 3107 3380 Opinionem,
3128 3310 3252 3363 dum
3278 3325 3362 3364 me
3382 3324 3641 3380 caperent

2065 3382 2120 3425 et
2149 3374 2391 3441 ligarem,
2420 3375 2499 3428 illi
2540 3377 2628 3443 qui
2666 3378 2959 3445 quwrebant
2997 3381 3224 3431 animant
3267 3374 3464 3433 meam.-
3492 3383 3641 3435 Alibi

2071 3445 2325 3498 Dominus
2374 3448 2647 3516 redarguit
2691 3463 2794 3499 non
2825 3459 3130 3516 quaerentes
3184 3450 3414 3502 animum
3445 3466 3635 3516 suam,

2065 3527 2188 3566 eunt
2219 3516 2347 3569 dicit
2381 3532 2392 3566 :
2425 3515 2544 3567 Non
2565 3527 2636 3567 e.-t
2661 3517 2747 3581 qui
2790 3518 3014 3586 requirat
3056 3521 3279 3571 animum
3326 3535 3514 3583 meum,
3550 3523 3639 3575 hic

2070 3597 2197 3658 vero
2218 3586 2839 3658 quiereutesredarguit,
2870 3589 3009 3656 quod
3042 3604 3201 3643 nemo
3224 3604 3531 3658 repugnans
3556 3592 3639 3644 in-

2067 3654 2288 3721 telligat.
2323 3654 2436 3727 Illic
2457 3657 2599 3708 cuitu
2633 3654 2903 3725 redarguit
2932 3674 3035 3709 non
3056 3654 3382 3727 quaerentes
3413 3660 3481 3712 ad
3512 3659 3639 3714 imi-

2068 3727 2344 3787 tationem,
2388 3725 2473 3779 bic
2506 3740 2630 3778 vero
2660 3736 2962 3793 quaerentes
3000 3725 3523 3781 ad'damnatinuem.
3575 3730 3645 3784 Et

2064 3798 2150 3859 qui
2184 3796 2502 3863 inquirebant
2533 3800 2689 3849 mula.
2724 3794 3033 3861 Facieuant,
3064 3801 3299 3865 inquam,
3328 3798 3427 3850 vim
3475 3799 3636 3855 mihi.

2064 3878 2113 3935 et
2147 3877 2199 3917 ut
2228 3874 2525 3933 opportune
2558 3868 2797 3918 lacerent.
2853 3867 2925 3919 illi
2976 3868 3067 3935 qui
3099 3869 3251 3931 mihi,
3304 3870 3355 3921 id
3401 3879 3508 3935 est,
3564 3876 3637 3923 ad

2064 3934 2459 4007 damnationem
2502 3950 2692 3996 meam,
2720 3938 2858 3988 mala
2898 3934 3014 4004 quae
3059 3938 3379 4004 objicereut,
3406 3934 3643 4007 inquire-

2066 4006 2205 4069 bant,
2269 4006 2390 4072 quia
2447 4020 2550 4058 non
2596 4020 2658 4058 ea
2701 4006 3076 4067 inveniebant;
3109 4008 3265 4059 locu.i
3309 4019 3424 4059 sunt
3457 4006 3646 4073 plures

2065 4085 2288 4126 mortem
2319 4090 2439 4128 cum
2476 4085 2741 4127 tentantes
2770 4076 2818 4127 ei
2863 4078 3103 4129 dicerent
3138 4094 3150 4129 :
3206 4079 3409 4131 Scimus
3448 4094 3575 4144 quia
3607 4098 3641 4130 ιι

2068 4144 2128 4195 Di
2144 4160 2173 4196 ο
2195 4144 2392 4209 venisti,
2416 4147 2675 4213 magister,
2702 4154 2756 4198 et
2786 4146 2836 4197 in
2870 4146 2983 4213 ipsa
3004 4157 3164 4199 etiam
3184 4160 3355 4201 morte
3380 4164 3501 4201 cum
3526 4165 3638 4201 ιιιιο

2066 4215 2187 4266 lites
2220 4223 2274 4265 ut
2303 4213 2419 4283 ejus
2449 4218 2897 4269 resurrectionem
2939 4219 3371 4281 dissimularent,
3394 4233 3645 4271 currunt-

2064 4299 2224 4351 peren
2235 4295 2273 4336 t.

2139 4354 2251 4421 ligo
2297 4363 2488 4406 autent.
2529 4353 2655 4420 Ipsi,
2706 4354 2941 4421 inquam,
2987 4355 3145 4407 locuti
3176 4365 3290 4408 sunt
3335 4367 3519 4410 contra
3554 4375 3648 4411 tne

2071 4429 2360 4486 vanitatem,
2404 4438 2496 4492 ego
2522 4433 2691 4476 autem
2736 4435 2974 4491 umquam
3010 4431 3197 4478 surdus
3241 4427 3484 4490 existens,
3536 4445 3645 4481 non

2074 4494 2361 4556 audiebam,
2386 4510 2491 4546 non
2516 4495 2655 4561 quod
2686 4508 2810 4547 vere
2837 4510 2938 4547 non
2959 4496 3189 4559 audiret,
3216 4496 3309 4548 Sed
3339 4498 3460 4564 quia
3498 4499 3643 4551 nihil

2072 4564 2150 4615 eis
2182 4565 2552 4632 respondebat,
2583 4565 2733 4631 quasi
2784 4580 2886 4616 non
2930 4568 3161 4619 audiret.
3212 4567 3278 4618 Et
3315 4579 3460 4619 erant
3508 4570 3643 4619 sicut

2071 4643 2237 4685 mutus
2261 4634 2350 4700 qui
2395 4649 2495 4685 non
2542 4644 2626 4685 est
2672 4636 2907 4698 aperiens
2951 4650 3007 4687 os
3033 4650 3203 4695 suum.
3235 4635 3365 4687 nihil
3395 4654 3424 4689 e
3452 4648 3645 4690 cuntra

2070 4704 2351 4769 loquendo.
2386 4702 2533 4757 Unde
2559 4705 2757 4757 dictum
2788 4712 2871 4757 est
2896 4722 2908 4756 :
2933 4706 3081 4760 Sicut
3108 4721 3213 4758 om
3240 4708 3307 4757 ad
3340 4706 3647 4759 occisionem

2068 4774 2268 4834 ductus,
2300 4784 2403 4826 etc.

2138 4840 2205 4893 Et
2242 4844 2405 4911 factus
2450 4858 2562 4894 sum
2615 4843 2746 4895 sicut
2796 4842 2969 4896 homo.
3028 4844 3170 4897 Istud
3224 4845 3505 4912 repetitum
3558 4859 3646 4898 est

2066 4923 2282 4978 promer
2309 4913 2433 4965 illud
2464 4913 2604 4980 quod
2631 4914 2799 4977 addit,
2830 4916 3057 4974 scnlicet.
3085 4927 3129 4967 et
3153 4917 3321 4980 {uetus
3347 4930 3460 4966 sum
3484 4931 3644 4981 quasi

2065 4983 2154 5053 ille
2180 4984 2265 5049 qui
2294 4998 2398 5037 non
2430 4996 2513 5037 est
2548 4985 2738 5036 habens
2768 4986 2820 5035 in
2846 4999 2933 5036 ore
2969 5000 3061 5038 suo
3087 4986 3496 5053 redargutiones,
3529 5000 3642 5038 non

2064 5052 2182 5120 quia
2214 5054 2378 5105 multa
2419 5055 2635 5105 haberet
2664 5068 2785 5121 qum
2813 5056 3223 5120 contradiceret,
3248 5052 3306 5107 et
3332 5059 3385 5107 iu
3409 5071 3513 5121 quo
3540 5070 3645 5107 eos

2065 5127 2426 5192 redargueret,
2456 5124 2544 5191 qui
2577 5132 2683 5176 tam
2713 5124 2907 5176 acriter
2939 5133 2994 5178 et
3026 5124 3181 5178 toties
3211 5140 3306 5178 eos
3348 5140 3494 5191 prius
3542 5139 3643 5180 re—

2063 5196 2367 5260 dargueret,
2415 5197 2507 5247 sed
2558 5194 2679 5246 ideo
2712 5193 2880 5245 noluit
2918 5196 3305 5255 contradicere.
3337 5195 3505 5247 uoluit
3556 5210 3648 5249 re—

2062 5264 2344 5330 darguere,
2375 5264 2495 5329 quia
2529 5276 2747 5315 venerat
2775 5278 2896 5315 cum
2946 5279 3135 5331 magna
3178 5264 3474 5317 humiutate
3496 5264 3648 5331 judi-

2062 5338 2294 5404 candus,
2348 5332 2910 5404 quiiventutusuerat
2960 5350 3081 5387 cum
3124 5349 3314 5404 magna
3366 5338 3652 5400 majestate

2060 5402 2419 5469 iudicaturus.
2455 5403 2520 5455 lit
2550 5405 2697 5468 quasi
2727 5402 2917 5469 aliquis
2958 5404 3103 5457 dicat
3129 5421 3142 5456 :
3174 5402 3346 5468 Quare
3375 5420 3480 5456 non
3510 5421 3649 5456 cono

2066 5473 2374 5534 tradicebat,
2406 5488 2570 5540 quare
2617 5489 2720 5524 non
2772 5472 3155 5539 redarguebat?
3182 5475 3357 5527 subdit
3399 5489 3646 5531 causam.

2060 5544 2208 5607 quasi
2236 5542 2380 5612 dicat
2406 5558 2418 5594 :
2449 5543 2572 5595 ldco
2609 5542 2931 5610 redatguere
2962 5544 3127 5607 nolui,
3160 5545 3300 5612 quin,
3332 5561 3363 5596 ο
3394 5543 3642 5603 Domine,

2060 5614 2274 5679 speravi,
2327 5611 2377 5663 id
2406 5622 2507 5671 est,
2552 5628 2762 5663 omnem
2806 5626 2955 5677 Spem
2996 5611 3179 5666 meam
3218 5616 3267 5665 in
3310 5625 3359 5667 te
3406 5612 3645 5681 conject,

2062 5684 2302 5747 eligendo
2332 5693 2382 5734 te
2409 5686 2581 5735 solum
2615 5686 2837 5734 ultorem
2886 5693 2939 5734 ct
2984 5698 3461 5746 remuneratorem,
3494 5700 3647 5748 ιιιςιιι

2063 5754 2187 5807 illud
2216 5770 2227 5805 :
2254 5750 2307 5803 .il
2333 5754 2383 5805 lii
2407 5753 2678 5805 vindictam
2706 5763 2749 5805 et
2772 5767 2860 5820 ego
2891 5753 3185 5820 retribuam,
3217 5758 3335 5807 Δια-ιι
3372 5758 3648 5807 Dominus.
