3922 6190
308 387 406 442 δδδ

926 386 990 441 IN
1032 386 1445 443 PSALMURUM
1487 389 1737 445 LIBRUM
1783 389 2134 444 EXEGESIS.
2176 419 2242 428 —
2285 390 2528 446 PSALNI.
2572 389 2857 444 XXXVlll.

3432 392 3535 447 686

307 506 368 557 Et
392 502 512 571 quia
557 499 611 552 in
645 509 698 571 te
728 501 946 571 speravi,
973 497 1090 552 ideo
1137 508 1210 561 tu,
1266 499 1480 556 Domine
1531 503 1664 556 Deus
1708 519 1868 564 meus,
1899 508 1946 562 Α
1978 511 2196 569 peccato
2221 502 2590 571 cogitabimus,
2619 502 2813 554 inimici
2840 510 3005 554 autem
3038 501 3154 566 mei,
3185 510 3237 556 et
3278 517 3536 567 nieorum,

306 567 593 628 voluntate.
615 569 701 633 qtti
729 567 962 621 omnium
994 584 1050 620 es
1083 581 1363 637 potestate,
1398 578 1638 626 exaudies
1670 590 1748 625 me
1774 575 1872 624 ini-

311 643 475 696 mit-os
506 640 818 692 excterando
844 677 859 700 ,
907 645 960 690 et
1003 653 1087 690 me
1140 643 1523 694 resusritando.
1578 645 1672 696 l'lic
1716 651 1878 706 caput

307 723 474 773 tuum,
507 708 819 773 Christiane,
855 717 905 761 te
950 719 1131 762 monet
1175 721 1230 762 et
1279 713 1491 765 instruit
1542 722 1613 773 te,
1663 713 1800 773 qttod
1831 713 1874 764 si

307 779 517 847 quando
555 779 808 846 ingruerit
853 777 1143 840 tribulatio,
1178 789 1230 831 et
1257 796 1464 847 quaeras
1487 783 1875 840 defensionem,

306 861 358 903 et
387 850 561 901 nullus
591 848 833 909 accipiat,
866 863 931 898 tte
953 849 1298 914 perturberis,
1330 866 1460 903 neve
1489 867 1700 905 causam
1733 861 1874 903 tuam

311 918 625 983 perdideris,
665 917 758 969 sed
809 931 989 969 serves
1033 917 1176 972 intus
1216 920 1544 985 patientiam,
1581 923 1668 974 tibi
1702 922 1876 984 nullus

305 990 558 1055 opprimit
589 1000 802 1038 causam
831 996 997 1049 tuam,
1029 988 1147 1051 quia
1177 999 1230 1040 et
1252 990 1294 1040 si
1326 993 1461 1056 apud
1501 994 1742 1044 homines
1771 990 1871 1040 lal-

310 1074 428 1111 sum
464 1057 818 1129 testimonium
853 1059 1100 1120 prtevalet
1123 1059 1402 1112 adversum
1434 1070 1505 1124 t-,
1539 1064 1676 1129 apud
1707 1060 1871 1111 Deum

310 1144 417 1180 non
448 1128 610 1188 valet,
643 1127 727 1178 ubi
758 1139 913 1177 causa
943 1139 1025 1177 tua
1057 1129 1255 1194 agenda
1286 1142 1386 1183 ρει.
1437 1131 1501 1183 Et
1543 1127 1660 1182 ideo
1693 1144 1875 1195 puram

313 1210 602 1268 conserves
653 1197 1073 1268 conscientian't‘,
1123 1206 1179 1268 ut
1227 1199 1383 1264 digne
1433 1202 1604 1268 possis
1653 1201 1877 1253 dicere:

314 1266 568 1332 Quoniam
592 1267 786 1327 sperari
824 1266 878 1316 in
909 1277 976 1328 tr,
1006 1264 1238 1318 Domine.
1269 1269 1345 1321 Ne
1376 1264 1562 1323 linteas
1609 1268 1769 1322 falsos
1796 1279 1878 1321 te—

312 1348 444 1394 stes,
479 1351 544 1387 ne
576 1334 783 1386 refellas
815 1349 1005 1398 pravos
1035 1345 1396 1390 accusatores.

388 1406 523 1470 Quia
555 1405 692 1476 dixi.
721 1405 860 1466 Ideo,
907 1405 1156 1464 Domine,
1188 1409 1426 1462 exaudiet
1469 1424 1568 1469 me,
1617 1408 1736 1476 quia
1782 1423 1882 1470 ego

314 1474 577 1544 proposui
594 1488 829 1544 semper,
855 1483 904 1544 et
929 1476 1230 1544 patientiam
1259 1481 1474 1540 habere,
1499 1489 1552 1530 et
1574 1474 1878 1544 patientiam

312 1546 532 1597 docere.
566 1542 801 1611 Namque
829 1543 961 1607 dixi,
1005 1543 1055 1596 id
1104 1557 1204 1609 est,
1251 1547 1412 1600 statui
1453 1550 1503 1601 itt
1552 1542 1711 1599 corde
1762 1563 1880 1599 mro

314 1631 405 1666 me
446 1623 777 1684 servaturum
836 1613 1183 1678 patientiam,
1234 1627 1288 1669 et
1342 1620 1409 1670 ita
1465 1633 1582 1669 meo
1633 1618 1880 1684 exemplo

317 1698 468 1738 meos
494 1682 925 1735 conﬁrmaturum
957 1684 1006 1734 itt
1041 1683 1315 1750 patientia,
1345 1702 1406 1738 ne
1446 1687 1637 1738 inimici
1680 1682 1807 1748 mei,
1832 1687 1880 1738 id

313 1766 424 1816 εει,
456 1767 719 1816 meorum,
749 1754 977 1824 quando,
1013 1768 1106 1819 pro
1132 1754 1436 1824 aliquando,
1463 1755 1792 1824 gaudebant,
1829 1756 1877 1808 id

317 1834 428 1884 est,
486 1825 716 1891 gaudere
767 1823 971 1888 ptiSsittt
1017 1825 1082 1873 de
1132 1823 1711 1890 impatientiaeorum,
1762 1827 1881 1878 lacti

315 1892 734 1961 super-gaudeant
783 1893 914 1963 mihi
950 1893 1162 1953 inimici,
1197 1895 1244 1945 td
1278 1904 1381 1957 est,
1417 1895 1539 1949 facti
1581 1897 1888 1963 superiores

321 1965 460 2017 meis
489 1971 706 2029 propter
746 1962 1080 2015 occasionem
1111 1963 1340 2016 oblatam
1386 1980 1480 2018 eos
1528 1962 1885 2030 vituperandi.

321 2036 382 2086 Et
418 2048 485 2085 ne
516 2031 798 2100 aliquando
825 2032 981 2084 locuti
1008 2049 1191 2101 magna
1215 2049 1370 2101 super
1393 2051 1488 2097 me,
1515 2035 1566 2086 id
1596 2047 1696 2095 est,
1729 2050 1890 2102 super

319 2117 495 2164 meos,
528 2104 652 2154 dum
696 2103 948 2154 commoti
981 2102 1176 2155 fuerint
1207 2119 1300 2169 per
1329 2105 1708 2169 impatie-nttam
1739 2108 1889 2170 pedes

318 2173 443 2244 anei,
474 2174 526 2244 id
559 2179 660 2234 est,
689 2170 998 2244 aﬂ'cctiones
1040 2187 1300 2237 meorum,
1351 2178 1488 2244 sicut
1530 2175 1654 2228 olim
1703 2190 1890 2244 magna

318 2242 481 2293 locuti
513 2251 650 2304 sunt,
682 2242 1262 2312 dum_commoverentur
1286 2243 1436 2312 pedes
1482 2246 1578 2309 ipsi
1625 2242 1886 2310 meorum,

321 2323 376 2364 ut
396 2321 542 2382 tunc
562 2311 771 2378 quando
805 2309 992 2364 Petrus
1019 2313 1083 2362 ad
1121 2309 1303 2366 vocem
1333 2314 1538 2366 ancillae
1580 2315 1809 2382 negavit,
1838 2323 1891 2366 et

324 2381 476 2446 prius
508 2382 777 2434 multoties
805 2397 988 2448 magna
1017 2382 1171 2434 locuti
1201 2394 1336 2436 sunt.
1393 2383 1528 2438 Ecce
1578 2383 1660 2436 hic
1707 2398 1890 2437 rursus

326 2452 470 2504 redit
502 2463 660 2514 caput
688 2451 752 2503 ad
785 2451 1141 2504 infirmitatem
1187 2455 1458 2519 temporis,
1491 2465 1544 2506 et
1573 2453 1787 2520 respicit
1823 2455 1888 2506 ad

323 2522 492 2586 pedes
527 2536 652 2574 suos
675 2536 797 2574 cum
829 2521 955 2574 dicit
983 2539 994 2573 :
1026 2521 1106 2575 Ne
1148 2525 1556 2591 supergaudeant
1599 2524 1740 2588 milii,
1781 2533 1886 2577 etc.

323 2592 630 2658 Aliquando
677 2592 841 2652 enim,
893 2602 949 2644 ut
989 2599 1072 2646 est
1121 2592 1226 2644 vita
1269 2603 1473 2656 nostra,
1522 2593 1681 2659 pedes
1723 2593 1889 2646 nOstri

323 2669 628 2722 moventur,
660 2669 713 2713 et
742 2661 792 2712 itt
808 2662 1032 2728 aliquod
1065 2673 1337 2728 peccatum
1369 2664 1652 2727 illabitnur,
1683 2673 1735 2716 et
1767 2663 1892 2717 inde

323 2731 578 2804 ittaligua:
605 2732 828 2804 linguai
845 2746 1026 2785 c--mra
1057 2732 1462 2804 nosiusurgnut
1480 2744 1638 2800 atque
1660 2736 1892 2804 gaudent

323 2800 452 2853 inde
480 2800 752 2854 insultare.
791 2800 938 2854 Unde
965 2804 1011 2855 si
1050 2803 1170 2856 boni
1201 2800 1400 2867 essent,
1431 2800 1688 2858 deberent
1717 2802 1891 2872 potius

318 2872 647 2941 condolere;
688 2873 778 2923 sed
811 2880 936 2924 sunt
965 2879 1031 2928 de
1062 2873 1163 2927 illis
1191 2873 1260 2926 de
1285 2873 1478 2941 quibus
1518 2874 1720 2927 dictum
1765 2883 1886 2927 est:

324 2940 431 3005 Qui
461 2939 724 3003 tribulam,
755 2953 858 2993 etc.

395 3010 657 3074 Quoniam
696 3026 785 3078 ego
813 3013 864 3064 in
892 3011 1102 3082 ﬂagella
1133 3022 1338 3079 paratus
1366 3028 1500 3067 sum.
1534 3013 1660 3067 Dico
1701 3028 1763 3066 ne
1799 3029 1892 3065 su-

318 3082 687 3152 pct'gaudettnl,
717 3089 768 3132 et
799 3097 864 3133 ne
897 3083 1054 3135 locuti
1096 3083 1203 3136 sint
1249 3097 1473 3152 magna;
1504 3093 1559 3136 et
1605 3098 1730 3138 vere
1784 3099 1890 3136 non

319 3151 814 3222 supergandctiunt,
864 3167 1030 3222 neque
1079 3168 1265 3221 magna
1317 3151 1614 3221 loquentur,
1646 3154 1885 3222 quoniam

322 3237 420 3291 ego
471 3234 526 3271 et
577 3220 626 3270 in
668 3235 752 3270 tne
786 3231 838 3272 et
888 3220 938 3272 in
983 3223 1113 3275 meis
1138 3220 1348 3291 paratus
1387 3220 1511 3275 sum
1556 3224 1609 3275 in
1658 3220 1884 3291 ﬂagella,

323 3289 374 3362 id
406 3299 513 3351 est,
549 3302 728 3362 egoet
753 3292 853 3362 tnei
877 3293 996 3362 Anati
1023 3289 1209 3362 sumus
1234 3293 1298 3344 ad
1328 3294 1634 3346 sustinenda
1660 3289 1886 3362 ﬂagella.

326 3360 558 3426 Oportet
582 3359 720 3410 enim
752 3372 817 3432 ut_
838 3359 921 3413 hic
955 3361 1304 3431 ﬂagellentur,
1347 3363 1537 3431 quibus
1566 3359 1889 3432 sempiterna

327 3432 436 3480 vita
467 3438 702 3495 paratur,
733 3428 852 3494 quia
882 3445 1002 3483 vera
1029 3428 1111 3484 est
1137 3428 1398 3485 sententia
1433 3433 1517 3486 illa
1546 3428 1736 3486 divinEe
1764 3448 1890 3488 sen-

326 3497 598 3570 tentizciu
643 3499 965 3554 Salomone:
1002 3499 1129 3562 Fili,
1171 3517 1231 3554 ne
1273 3503 1524 3568 despicias
1569 3503 1893 3570 disciplinam

326 3564 764 3641 Dontini,_it_eq_ne
811 3572 1039 3641 [aligeris
1066 3587 1180 3622 cunt
1201 3564 1408 3641 abripso
1446 3564 1709 3641 argueris;
1733 3576 1893 3633 Quem

325 3638 468 3688 enim
497 3635 662 3710 diligit
690 3635 939 3710 Dominus
959 3641 1189 3708 corripit.
1219 3635 1477 3710 Flagellat
1507 3635 1704 3695 omnem
1733 3641 1895 3707 ﬁlium

323 3721 482 3780 quem
506 3707 704 3772 recipit.
733 3709 794 3760 Et
828 3709 948 3780 ideo
978 3726 1079 3762 non
1100 3707 1540 3778 'superga'udeant,
1585 3726 1752 3780 neque
1778 3729 1892 3764 uta-

328 3790 437 3843 gna
470 3775 787 3847 loquantur;
818 3779 860 3829 si
892 3778 1030 3831 lilius
1081 3775 1395 3846 ﬂagellatur,
1433 3775 1804 3847 patrimonium
1844 3787 1891 3836 ei

327 3854 574 3920 paratur.
601 3845 660 3920 _Et
689 3847 740 3920 in
771 3845 1218 3920 tantumquisque
1249 3851 1386 3903 lilius
1404 3845 1484 3903 est
1514 3852 1596 3903 hic
1624 3850 1860 3920 ﬂagellato
1883 3881 1894 3890 -

327 3919 454 3986 dus,
473 3916 614 3986 quod
636 3917 794 3986 etiam
817 3915 1022 3986 praprio
1043 3915 1181 3972 Filio
1205 3935 1298 3971 suo
1319 3936 1419 3972 non
1449 3915 1767 3986 pepercit,‘m
1795 3939 1897 3986 quo

328 3984 534 4058 nullam
561 3983 750 4058 ﬂagelli
772 3983 991 4058 Causam
1014 3988 1241 4054 invenit;
1269 3983 1478 4058 paratus
1504 3983 1634 4053 sum,
1662 3983 1892 4058 inquam,

326 4056 383 4123 in
413 4053 647 4122 ﬂagella,
681 4058 730 4107 itt
764 4070 848 4110 me
886 4065 940 4109 et
983 4057 1034 4110 itt
1065 4053 1234 4112 meis.
1268 4053 1332 4112 Et
1372 4065 1530 4113 etiam
1562 4062 1708 4112 dolor
1735 4053 1896 4123 utens,

332 4122 384 4198 id
408 4131 518 4186 est,
537 4138 811 4198 ineorum,
842 4141 1036 4193 semper
1061 4139 1142 4198 est
1164 4131 1222 4198 in
1267 4141 1533 4198 conspectu
1561 4145 1692 4195 utea,
1716 4131 1767 4182 id
1795 4122 1896 4191 est,

328 4193 585 4267 incorde
612 4209 892 4267 nieorum,
943 4198 1030 4249 ubi
1080 4195 1178 4263 ipsi
1225 4193 1498 4252 veritatem
1543 4193 1898 4267 conspiciunt,

329 4263 516 4328 dolor,
548 4262 773 4334 scilicet,
806 4280 910 4317 non
938 4267 1004 4319 de
1047 4262 1326 4329 medicina,
1360 4270 1453 4322 sed
1484 4269 1550 4321 de
1581 4262 1817 4334 vulnere,
1850 4262 1900 4324 id

329 4344 437 4407 est,
472 4347 580 4384 tton
609 4333 674 4385 de
717 4332 943 4400 ﬂagello,
978 4338 1069 4389 sed
1115 4338 1182 4392 de
1212 4355 1370 4392 causa
1413 4339 1624 4407 ﬂagelli,
1676 4332 1900 4405 scilicet,

329 4405 403 4456 de
448 4411 859 4475 peccato,_qut_a
907 4421 1063 4458 otuue
1093 4407 1356 4475 ﬂagellum
1412 4405 1674 4462 medicina
1708 4421 1792 4464 est
1835 4417 1901 4463 ad

332 4487 670 4547 peccaiutn._
689 4473 937 4547 Homines
968 4473 1194 4542 namque
1234 4480 1412 4531 dolent
1439 4480 1508 4532 de
1538 4481 1765 4547 ﬂagello,
1798 4496 1900 4533 non

332 4539 599 4618 accensa
641 4542 831 4611 ﬂagelli
864 4559 880 4606 ;
911 4547 1008 4598 iste
1037 4539 1162 4598 vero
1211 4549 1299 4614 qui
1331 4547 1416 4601 hic
1446 4539 1692 4616 loquitur,
1725 4539 1776 4602 et
1810 4565 1905 4618 pro
1935 4539 1984 4598 D

330 4615 548 4688 quibus
580 4615 829 4678 IOqttttttr,
863 4630 964 4666 uoti
995 4626 1117 4669 sunt
1151 4618 1302 4682 tales,
1329 4620 1468 4688 quod
1515 4615 1906 4688 subsequenter

329 4680 580 4735 ostendit
607 4693 836 4734 subdens
861 4699 875 4736 :

412 4751 674 4825 Quoniam
700 4754 1018 4825 iniquitatem
1047 4771 1247 4825 nteant.
1278 4754 1435 4821 Quasi
1483 4757 1669 4825 aliquis
1699 4774 1906 4825 quazre-

334 4832 420 4874 ret
453 4838 466 4873 :
507 4821 657 4895 Unde
704 4823 796 4875 tibi
827 4826 1010 4895 dolor?
1040 4824 1152 4878 Non
1183 4826 1250 4878 de
1281 4828 1507 4895 ﬂagello,
1542 4821 1633 4880 scd
1676 4821 1742 4880 de
1786 4831 1903 4882 vul-

334 4905 499 4956 tiete,
535 4893 582 4942 id
608 4901 709 4954 est,
741 4895 809 4964 de
841 4894 1131 4960 iniquitate.
1163 4899 1312 4962 Quod
1354 4893 1446 4964 per
1479 4899 1617 4950 hunc
1660 4900 1903 4952 allectum

331 4973 590 5035 apparet,
619 4962 876 5035 quoniam
917 4978 1016 5032 ego
1064 4962 1375 5018 annuntiabo
1421 4967 1734 5035 iniquitatem
1787 4984 1905 5022 esse

331 5046 532 5095 meam,
579 5031 628 5082 id
666 5043 777 5103 est,
807 5035 934 5103 mei
964 5031 1372 5088 autmutiabnut
1415 5031 1742 5103 iniquitatem
1790 5052 1908 5091 esse

331 5116 524 5163 suam,
554 5100 856 5153 conﬁtendo
899 5115 1190 5170 peccatuut.
1239 5107 1302 5158 Et
1333 5121 1436 5158 tton
1476 5100 1644 5158 solum
1695 5121 1904 5160 annuu-

334 5171 492 5223 tiabo
520 5173 842 5234 conlitendo,
876 5172 969 5226 sed
1013 5176 1173 5226 etiam
1212 5175 1472 5228 sollicitus
1502 5191 1596 5228 ero
1644 5175 1696 5227 itt
1748 5177 1904 5239 meis,

331 5256 441 5308 pro
469 5251 686 5307 peccato
709 5244 867 5312 digne
897 5245 1221 5308 paettitendo,
1253 5246 1374 5312 quia
1404 5245 1629 5312 cogitabo
1653 5262 1747 5312 pro
1779 5262 1900 5312 pec-

332 5322 462 5384 cato
505 5311 736 5384 ηιρυηίιί
781 5321 885 5375 est,
927 5313 1114 5366 faciam
1163 5311 1490 5384 (tu-arentique
1522 5311 1754 5368 lacieuda
1782 5311 1908 5369 sunt

330 5381 406 5432 ad
449 5381 765 5434 abolendum
799 5394 1090 5448 peccatum.
1125 5381 1219 5437 llic
1245 5381 1485 5438 docet'ut
1514 5388 1689 5437 nullus
1718 5387 1789 5438 sit
1815 5402 1904 5439 se-

331 5463 507 5524 curus
537 5462 978 5524 peceattttautum
1010 5455 1336 5518 confitendo,
1388 5455 1487 5506 ttisi
1536 5455 1693 5507 etiam
1748 5459 1907 5524 digne

332 5519 677 5589 paenitendo.
723 5522 846 5575 llaec
877 5535 1051 5576 autem
1101 5525 1340 5577 facienda
1390 5534 1515 5576 sunt
1546 5540 1638 5591 pro
1671 5519 1903 5592 pechto.

338 5599 543 5642 t-lttaut
594 5593 869 5662 lacrymae,
925 5596 1054 5646 liattt
1108 5595 1341 5656 lttanize,
1399 5595 1678 5662 impleatur
1721 5611 1907 5646 manus

333 5661 654 5726 indigentis.
707 5664 945 5716 tiaudeat
985 5667 1070 5717 ille
1108 5665 1175 5716 de
1207 5676 1295 5717 tuo
1327 5661 1481 5728 dato,
1506 5673 1560 5715 ut
1601 5675 1652 5716 tu
1676 5671 1907 5732 gaudeas

331 5735 407 5784 tle
438 5732 528 5781 Dei
559 5734 716 5783 dono.

417 5797 624 5850 Inimici
653 5812 818 5854 autent
849 5805 946 5858 mei
975 5804 1160 5856 vivunt.
1196 5804 1304 5873 Ego
1348 5802 1556 5873 quidem
1589 5812 1642 5857 et
1677 5804 1779 5856 mei
1813 5820 1904 5872 pro

1982 586 2074 638 pro
2098 581 2312 637 peccato
2337 588 2434 625 nec
2456 573 2710 639 cogitant,
2731 587 2828 625 nec
2853 572 3173 638 cogitabant,
3199 575 3318 640 quia
3347 575 3536 639 vivum,

1978 641 2030 693 id
2060 651 2161 699 est,
2195 642 2386 693 ﬂorent
2416 650 2469 695 et
2499 644 2726 707 gaudent
2755 643 2806 694 in
2837 641 3086 700 terrenis,
3120 641 3170 694 in
3221 645 3410 709 quibus
3445 660 3533 696 vc-

1979 725 2089 763 ram
2123 711 2220 762 sibi
2253 711 2412 762 vitam
2446 721 2722 775 reputant;
2777 722 2830 764 et
2865 710 2984 778 quia
3031 713 3110 764 sic
3158 709 3369 774 ﬂorent,
3417 712 3539 766 idco

1976 780 2268 851 con/innati
2294 781 2697 851 et__corroborati
2725 790 2842 832 sunt
2874 796 3027 851 super
3059 797 3136 832 me
3165 790 3217 832 ut
3263 797 3410 834 IIIC'IS
3437 799 3535 851 op-

1981 849 2302 917 primendos.
2328 848 2391 901 Et
2422 849 2746 918 multiplicati
2771 861 2886 901 sunt
2911 849 3044 900 mala
3077 848 3535 916 multiplicatione,

1977 919 2202 981 scilicet,
2236 934 2339 971 non
2368 919 2505 970 sicut
2529 921 2698 971 Stellae
2728 919 2874 980 cieli,
2909 920 3044 985 quod
3081 921 3308 984 pertinet
3336 930 3534 974 tan-tum

1983 990 2046 1039 ad
2084 990 2272 1048 bonos,
2317 988 2404 1054 qui
2446 989 2723 1054 perliciuut
2754 990 2803 1040 iu
2836 989 3094 1052 claritate,
3126 989 3216 1041 sed
3249 999 3373 1042 sunt
3404 996 3541 1043 mul—

1986 1058 2202 1125 tiplicati
2235 1057 2372 1109 sicut
2401 1072 2561 1110 arena
2614 1058 2792 1117 maris,
2825 1057 3051 1115 scilicet,
3101 1068 3158 1108 ut
3196 1059 3302 1110 siut
3333 1062 3540 1113 steriles

1979 1138 2030 1180 et
2077 1128 2381 1179 infructuosi
2411 1126 2546 1178 sicut
2573 1141 2730 1179 arena
2764 1127 2948 1180 miris.
2983 1127 3055 1178 llli
3087 1129 3171 1189 qtti
3219 1128 3433 1180 oderunt
3465 1148 3542 1182 mc

1979 1207 2034 1250 et
2062 1210 2206 1248 meos
2233 1198 2424 1262 inique,
2451 1197 2500 1247 id
2524 1206 2624 1257 est,
2652 1197 2740 1264 qui
2777 1198 3010 1264 iniquum
3038 1197 3216 1248 odium
3248 1199 3545 1252 habuerunt

1981 1277 2163 1318 et-mtra
2210 1281 2294 1318 me
2329 1275 2384 1317 et
2429 1276 2612 1318 contra
2663 1282 2827 1320 meos.
2864 1268 3099 1334 Iniquum
3141 1275 3315 1320 autem
3361 1270 3542 1323 odium

1986 1346 2071 1388 est
2102 1335 2236 1387 velle
2265 1337 2398 1388 mala
2447 1336 2640 1388 volenti
2674 1337 2773 1389 sibi
2808 1338 2964 1387 bona.
2999 1335 3089 1388 Est
3117 1339 3256 1389 enim
3281 1339 3543 1405 ingratus,

1983 1408 2068 1472 qui
2102 1422 2203 1456 non
2255 1406 2434 1458 reddit
2483 1406 2678 1458 bonum
2731 1421 2822 1472 pro
2857 1409 3013 1456 bono.
3063 1406 3171 1456 Non
3223 1406 3390 1459 bonus
3421 1425 3545 1460 vero

1981 1485 2082 1538 est,
2116 1474 2204 1542 qui
2230 1475 2421 1527 malum
2465 1476 2638 1526 reddit
2666 1491 2758 1542 pro
2785 1476 2943 1529 malo.
2977 1475 3190 1543 Iniquus
3235 1485 3408 1529 autem
3443 1491 3541 1539 est,

1983 1545 2072 1613 qui
2104 1545 2298 1596 malum
2334 1560 2429 1610 pro
2463 1545 2620 1597 bono.

2059 1614 2522 1678 Quiretribttcbant
2571 1613 2723 1666 mala.
2773 1614 3004 1679 EXponit
3051 1611 3289 1681 iniquum
3344 1615 3544 1668 odium.

1985 1681 2144 1748 Quasi
2175 1683 2315 1735 dicat
2342 1701 2353 1734 :
2382 1684 2490 1735 lloc
2535 1686 2691 1736 modo
2720 1685 2891 1747 inique
2931 1684 3145 1736 oderunt
3187 1701 3281 1749 me,
3315 1687 3432 1752 quia
3464 1703 3544 1739 re-

1987 1754 2266 1805 tt'ibnebant
2297 1753 2416 1804 mihi
2458 1761 2511 1805 et
2557 1755 2690 1805 meis
2731 1755 2866 1805 mala
2892 1769 2983 1819 pro
3014 1754 3176 1816 bonis,
3209 1756 3549 1808 detrahentes

1920 1849 1964 1907 Β
1993 1824 2144 1907 nobis
2171 1823 2760 1907 quasipeunasquibus
2787 1823 2836 1901 iu
2868 1822 3388 1907 alttttttlereltatnur':
3415 1826 3548 1878 mihi

1991 1893 2203 1958 quidem
2251 1894 2504 1944 unitatem
2542 1893 2830 1944 divinitatis
2858 1907 2976 1945 cum
3020 1892 3252 1946 dicerent
3281 1911 3294 1944 :
3328 1893 3446 1946 Non
3475 1906 3550 1947 est

1991 1963 2074 2013 hic
2104 1966 2249 2013 homo
2278 1978 2308 2012 α
2341 1962 2463 2022 Deo,
2495 1971 2551 2015 et
2579 1962 2769 2014 similia
2795 1978 2810 2025 ;
2845 1965 2978 2015 meis
3023 1977 3148 2014 vero
3182 1964 3422 2026 virtutes,
3458 1981 3552 2016 vo-

1991 2042 2174 2084 cantes
2202 2047 2294 2084 eos
2323 2031 2594 2084 maleﬁcos
2623 2045 2672 2082 et
2704 2047 2905 2098 magos.
2942 2033 3132 2084 Et'ltuc
3163 2033 3280 2085 ideo
3326 2042 3549 2096 tantum,

1988 2104 2228 2168 quoniam
2254 2102 2494 2169 sequebar
2523 2100 2578 2154 in
2623 2115 2710 2154 me
2755 2111 2808 2153 et
2837 2102 2888 2155 itt
2930 2101 3081 2162 meis,
3116 2103 3164 2154 id
3203 2114 3306 2162 est,
3338 2103 3562 2157 insistc-.

1989 2171 2108 2226 bam
2138 2172 2433 2232 bonitatem,
2468 2171 2518 2222 id
2567 2180 2671 2233 est,
2716 2186 2896 2224 veram
2940 2173 3319 2233 obedientiam,
3363 2185 3433 2228 ut.
3459 2187 3555 2225 nec

1991 2241 2262 2294 voluntate
2293 2255 2321 2291 ιι
2356 2239 2581 2292 Domino
2611 2251 2990 2307 apostatarem,
3025 2255 3118 2308 per
3147 2242 3285 2310 quod
3332 2257 3417 2299 tne
3445 2259 3556 2296 suis

1991 2311 2243 2378 operibus
2269 2312 2594 2362 contrarium
2629 2323 2808 2376 reputa
2820 2311 2966 2362 bant.

2063 2378 2184 2432 Non
2217 2380 2538 2447 derelinquas
2567 2394 2663 2430 me.
2697 2381 2894 2431 Inimici
2937 2378 3149 2445 quidem
3199 2380 3427 2433 oderunt
3473 2397 3556 2434 me

1991 2457 2044 2502 et
2074 2465 2243 2513 meos,
2276 2458 2327 2501 tu
2359 2459 2560 2507 autem,
2592 2449 2808 2501 Domine
2843 2449 2978 2501 Deus
3026 2466 3182 2511 meus,
3216 2460 3269 2501 et
3311 2465 3546 2503 nieorum

1993 2519 2260 2572 voluntate
2296 2534 2396 2570 non
2427 2518 2746 2588 derelinquas
2773 2535 2853 2570 me
2881 2527 3060 2585 caput,
3095 2519 3150 2588 id
3177 2529 3278 2584 est,
3326 2535 3428 2572 non
3456 2520 3555 2574 des

1991 2598 2232 2643 sanctum
2265 2597 2408 2640 tmttn
2440 2586 3063 2654 videre'corruptiunem.
3101 2586 3210 2639 Nec
3253 2589 3487 2641 discedas
3525 2606 3557 2640 a

1991 2674 2089 2722 me,
2123 2660 2173 2712 id
2195 2667 2296 2726 est,
2320 2673 2348 2711 a
2377 2660 2530 2723 meis,
2563 2659 2810 2721 patiendo
2835 2675 2927 2712 eos
2956 2659 3225 2721 devocari,
3257 2662 3348 2712 sed
3381 2664 3555 2726 potius

1991 2729 2194 2781 intende
2231 2729 2284 2780 in
2317 2727 2624 2796 adjutorium
2667 2743 2830 2780 nteum
2859 2736 2912 2780 et
2944 2743 3204 2789 meorum,
3247 2730 3470 2790 scilicet,
3503 2741 3558 2780 tit

1992 2813 2079 2853 me
2108 2800 2416 2864 resuscites,
2445 2807 2500 2850 et
2527 2798 2670 2864 ipsus
2714 2800 2968 2862 perducas
2996 2797 3059 2850 ad
3112 2797 3432 2859 Subbatum;
3483 2806 3556 2858 tu,

1992 2869 2130 2931 dico,
2176 2868 2410 2932 Domine,
2449 2865 2635 2935 quies
2685 2865 2825 2920 Deus
2874 2877 3059 2920 auctor
3103 2871 3285 2920 salutis
3337 2883 3462 2921 mea:
3508 2881 3560 2923 et

1993 2951 2254 2992 nieorum.
2407 3005 2472 3061 IN
2511 3005 2830 3063 PSALMUM
2871 3003 3152 3061 xxxvm.

2185 3100 2245 3155 lu
2274 3097 2432 3154 linem
2464 3114 2562 3168 pro
2594 3099 2829 3161 ldithun,
2862 3099 3125 3154 canticum
3161 3098 3348 3153 David.

2584 3206 2964 3246 ARGUMENTUII.

2060 3281 2394 3350 Augentibus
2423 3283 2522 3336 sub
2565 3283 2726 3338 Saule
2758 3282 3094 3341 tnmroribns.
3133 3281 3271 3333 hunc
3305 3283 3562 3346 psalmum

1991 3355 2204 3413 cecinit,
2236 3353 2326 3421 qui
2357 3354 2474 3419 plus
2504 3353 2894 3406 exhortationis
2925 3367 3017 3418 pro
3061 3351 3384 3404 audientium
3439 3368 3563 3418 pro-

1995 3421 2160 3484 l'ectu,
2190 3437 2347 3490 quam
2401 3436 2496 3488 pro
2535 3438 2596 3476 se
2641 3422 3033 3488 deprecationis
3083 3422 3321 3475 haberet.
3372 3423 3564 3485 Aliter,

1996 3491 2256 3560 propheta
2307 3493 2547 3559 increpat
2595 3507 2688 3546 eos
2717 3492 2804 3560 qui
2835 3492 3047 3545 divitias
3094 3491 3307 3555 habent,
3365 3501 3420 3545 et
3469 3509 3564 3546 ne-

1994 3563 2170 3616 sciunt
2198 3561 2283 3616 cui
2313 3562 2582 3615 dimittant
2609 3576 2718 3615 eas.

2602 3664 2953 3704 EXPLANATIO.

2068 3741 2270 3795 Nomen
2299 3742 2513 3795 Idithun
2550 3742 2824 3811 signiﬁcat,
2857 3742 2994 3810 quod
3032 3744 3283 3804 canticum
3316 3747 3409 3798 hoc
3449 3745 3568 3796 clio-

1995 3829 2082 3865 rus
2107 3815 2270 3880 ipsius
2297 3823 2522 3877 caneret;
2556 3824 2601 3865 et
2630 3814 2747 3880 quia
2770 3811 2984 3864 lditnun
3010 3814 3371 3878 interpretatur
3398 3824 3568 3867 trans-

2000 3887 2152 3936 ilieus
2175 3897 2286 3946 eos,
2314 3884 2572 3952 signiﬁcat
2598 3899 2712 3952 eunt
2735 3883 2820 3950 qui
2845 3892 3009 3934 mente
3034 3893 3231 3936 terrena
3255 3888 3568 3936 transcendit

1999 3953 2316 4020 transilitque
2363 3951 2448 4005 cos
2486 3953 2574 4021 qui
2617 3951 2921 4004 iit/iterantes
2965 3953 3136 4017 humo,
3187 3962 3234 4006 et
3277 3958 3473 4007 curvati
3516 3955 3568 4005 in

1999 4034 2153 4086 terra,
2195 4039 2251 4092 ea
2284 4037 2408 4092 qua:
2461 4023 2566 4075 ima
2617 4032 2732 4074 sunt
2780 4022 3023 4090 cogitant,
3069 4032 3218 4092 atque
3265 4024 3322 4076 in
3371 4025 3568 4077 excelso

2001 4094 2176 4144 mentis
2203 4090 2459 4158 habitans,
2491 4094 2554 4144 de
2578 4092 2798 4144 vanitate
2823 4095 2996 4143 saeculi
3027 4090 3184 4145 libero
3213 4099 3433 4146 carmine
3457 4095 3570 4160 phi-

2000 4162 2330 4230 losophatur;
2359 4173 2405 4214 et
2432 4179 2493 4215 ne
2518 4175 2719 4232 putares
2750 4163 2885 4213 hunc
2905 4177 3122 4232 quoque,
3151 4165 3270 4231 quia
3299 4181 3569 4232 pressura-

2001 4248 2116 4284 rum
2138 4234 2381 4303 meminit,
2405 4249 2510 4303 esse
2537 4234 2840 4300 paenitentiw
2861 4232 3135 4300 psalmum,
3163 4233 3425 4303 subjunxit
3451 4249 3572 4287 eatto

2005 4309 2162 4355 ticum
2196 4302 2374 4355 David.
2409 4302 2630 4356 Cantare
2668 4303 2798 4354 enim
2841 4306 3062 4354 (tetanos
3102 4313 3196 4367 est,
3245 4302 3496 4355 interdum
3523 4315 3570 4355 et

2003 4372 2241 4436 dolentis,
2271 4388 2527 4441 nunquam
2552 4387 2665 4424 vero
2696 4373 3002 4438 ptenitentis.
3028 4371 3428 4441 Notandum‘que
3449 4376 3570 4441 quia

2003 4442 2188 4510 psalmi
2219 4444 2301 4510 qui
2328 4446 2584 4494 canticum
2622 4443 2674 4492 in
2705 4445 2850 4493 titulo
2880 4442 3080 4506 habent,
3128 4443 3351 4494 victoria:
3377 4459 3572 4510 semper

2008 4514 2253 4579 gaudium
2284 4513 2413 4565 inter
2441 4515 2650 4564 adversa
2672 4515 2958 4563 decantent.
2989 4511 3249 4563 Canticum
3279 4524 3447 4564 autem
3478 4523 3569 4575 est,

2009 4591 2258 4650 quantum
2286 4583 2354 4632 ad
2381 4584 2601 4634 ntusicas
2631 4590 2765 4633 artes
2795 4583 3024 4647 pertinet,
3055 4595 3171 4632 cum
3208 4581 3389 4632 chorus
3415 4580 3570 4635 liber-

2011 4662 2111 4704 tate
2139 4667 2230 4700 sua
2263 4659 2424 4713 utens,
2458 4667 2614 4718 neque
2637 4651 2688 4702 in
2733 4665 3009 4701 consonum
3051 4650 3228 4718 organi
3259 4652 3326 4701 ad
3378 4651 3572 4718 {ructus

2009 4721 2299 4787 obsequium
2327 4721 2514 4788 hymno
2543 4737 2720 4773 canere
2749 4728 2947 4770 tantum
2977 4723 3108 4770 vocis
3139 4727 3381 4773 exsultat.
3415 4720 3570 4773 Psal-

2009 4805 2120 4842 mus
2146 4805 2258 4841 vero
2291 4803 2384 4852 est,
2412 4807 2546 4853 cum,
2578 4803 2803 4841 cessante
2831 4804 2948 4840 voce
2975 4790 3216 4853 humana,
3249 4797 3426 4856 pulsus
3455 4804 3570 4842 tan-

2011 4870 2115 4910 tum
2160 4873 2336 4927 Organt
2367 4863 2577 4912 auditur
2607 4860 2950 4922 concinentis;
2981 4869 3028 4910 et
3055 4859 3170 4911 ideo
3196 4862 3405 4928 mystice
3431 4861 3573 4928 psal-

2011 4944 2122 4979 mus
2151 4943 2315 4979 actum
2347 4931 2674 4996 operationis,
2709 4930 2960 4980 canticunt
2989 4943 3101 4980 vero
3130 4931 3358 4982 lwtittant
3389 4935 3572 4983 utentis

2009 5000 2247 5050 ostendit.
2298 4997 2514 5070 [ditauit
2562 5002 2654 5051 iste
2703 5000 2936 5070 uitiorum
2994 5002 3301 5062 transilitor,
3352 5002 3570 5070 formant

2009 5070 2149 5118 nobis
2178 5069 2305 5140 iusti
2333 5068 2556 5140 hominis
2595 5069 2841 5140 prtebens.
2887 5067 2964 5140 In
2996 5073 3158 5134 prima
3202 5067 3361 5140 parte
3386 5072 3570 5139 psalmi

2008 5149 2182 5188 contra
2211 5139 2508 5190 insidiantes
2542 5139 2770 5190 inimicos
2794 5155 2845 5191 se
2875 5138 3134 5191 utilissime
3163 5138 3299 5193 tacui
3324 5138 3393 5192 se
3412 5151 3567 5190 testa-

2010 5218 2114 5272 tur,
2145 5216 2318 5277 petens
2345 5211 2454 5260 vita'
2479 5223 2584 5259 sua:
2625 5209 2775 5272 liuent
2804 5224 3128 5277 cognoscere,
3152 5212 3195 5261 si
3225 5213 3352 5272 forte
3377 5207 3566 5260 lucar-

2008 5280 2264 5328 nationcm
2297 5276 2499 5328 Domini
2526 5279 2675 5330 etiam
2701 5276 2881 5330 carnis
2900 5278 3058 5330 oculis
3086 5294 3334 5330 ntereazur
3355 5281 3564 5328 iuuert.

2010 5347 2248 5399 Secundo
2274 5363 2456 5398 vanum
2499 5352 2672 5412 probat
2708 5351 2936 5399 timorem
2966 5362 3072 5399 esse
3101 5349 3410 5407 mortalium,
3436 5363 3565 5412 quo-

2007 5431 2145 5468 niam
2171 5427 2286 5468 sunt
2308 5434 2478 5468 omnia
2509 5420 2560 5469 in
2600 5427 2844 5485 potestate
2875 5417 3080 5468 Domini
3107 5419 3404 5469 constituta.
3437 5415 3565 5467 Ter-

2008 5487 2078 5536 tio
2103 5495 2248 5552 rogat
2278 5499 2328 5538 ut
2355 5489 2399 5538 ei
2421 5488 2605 5539 delicta
2638 5488 2791 5537 noxia
2819 5487 3158 5548 dimittuntur,
3191 5497 3440 5552 quatenus
3467 5491 3569 5538 vita

2007 5557 2119 5625 ejus
2145 5571 2384 5624 prospero
2407 5557 2510 5623 ﬁne
2536 5557 2822 5607 claudatur.

2583 5658 3004 5700 COMMENTARIUS.

2083 5732 2203 5787 Dixi
2227 5739 2542 5788 :custodiam
2565 5739 2668 5789 vias
2704 5751 2861 5788 meas.
2885 5735 3087 5788 Titulus
3117 5745 3194 5790 cst
3226 5737 3342 5790 talis
3369 5754 3382 5790 :
3417 5734 3482 5791 In
3510 5739 3572 5804 [i-

2013 5822 2124 5858 nent
2154 5823 2246 5872 pro
2277 5806 2489 5859 lditltutt
2531 5808 2781 5859 canticum
2808 5808 2902 5876 ipsi
2947 5805 3135 5859 David.
3168 5809 3402 5879 ldtlhun,
3434 5818 3492 5862 ιιι
3519 5824 3571 5859 ttt
