3922 6190
303 381 408 436 693

977 380 1039 435 ΙΝ
1081 378 1495 434 PSALMORUM
1539 381 1792 434 LIBRUM
1839 379 1846 433 Ι

1953 380 2188 434 Ξειεειε.
2232 411 2298 420 -
2342 379 2582 436 [’SALM.
2627 379 2870 434 XXXIX.

3437 384 3541 440 (i9!

306 501 676 562 perceperunt,
705 492 899 556 statuit,
946 492 1004 562 id
1051 501 1156 554 est,
1185 493 1400 547 stabiles
1423 503 1478 548 et
1521 495 1700 549 firmos
1740 496 1861 550 fecit
1890 497 1938 554 Α
1967 496 2185 556 ιίοιιιιιη,
2212 504 2264 546 ει
2295 492 2482 545 ﬂuctus
2515 493 2932 556 tribulationum,
2965 504 3016 548 et
3049 501 3387 562 tempestates
3419 508 3534 551 tcu-

305 560 507 631 positos
530 579 687 626 supra
717 575 926 628 petram,
960 560 1008 615 id
1037 571 1138 623 est,
1169 563 1218 615 iu
1251 565 1401 615 lirmo
1421 574 1472 616 et
1499 574 1610 618 tuto
1637 567 1772 626 loco,
1814 568 1864 622 iii

303 632 699 702 ecclesiasticis,
730 633 1269 702 scllicettiusdttitis.
1307 633 1417 694 Vel,
1461 649 1616 702 supra
1650 651 1735 688 iue
1772 653 1865 702 pe-

309 714 466 755 tram.
486 700 638 754 Petra
656 704 789 753 enim
813 710 916 754 erat
939 701 1188 755 Christus.
1213 703 1472 756 Stabilim
1492 700 1606 766 eos,
1623 705 1742 769 quia
1774 700 1870 770 per

305 787 394 824 uie
417 783 720 826 constantes
743 786 838 825 eos
877 770 1019 835 fecit,
1064 781 1111 842 et
1140 772 1218 825 sic
1256 774 1442 826 direxit
1483 789 1684 842 gressus
1709 793 1864 839 meos,

310 844 362 895 id
393 851 494 906 est,
520 857 681 913 opera
709 855 985 913 ineorum,
1003 841 1086 894 vel
1118 843 1235 895 illos
1275 858 1367 909 per
1397 841 1528 912 quas
1557 861 1868 913 egressurus

305 926 454 966 eram
485 913 549 962 ad
577 910 818 964 notitiam
847 911 1102 979 gentium.

379 980 445 1033 Et
464 981 668 1033 immisit
692 982 744 1034 in
763 997 819 1033 os
845 996 1032 1034 meum.
1059 980 1272 1040 Statuit,
1295 980 1527 1049 inquam,
1553 984 1704 1049 pedes
1721 1000 1867 1038 meo-

305 1066 448 1112 rum,
478 1061 526 1103 et
555 1051 740 1104 direxit
768 1067 968 1120 gressus
993 1065 1211 1114 eorum;
1242 1058 1288 1102 et
1317 1051 1416 1104 hoc
1453 1053 1612 1106 modo
1655 1055 1866 1108 immisit

303 1127 360 1172 in
387 1136 443 1173 os
473 1135 660 1182 meum,
685 1121 734 1172 id
762 1119 864 1184 est,
899 1135 1157 1183 nieorum,
1182 1119 1402 1182 scilicet,
1434 1131 1489 1174 et
1517 1123 1566 1175 in
1596 1139 1658 1178 os
1687 1126 1864 1179 cordis

301 1199 360 1242 et
403 1191 458 1242 iii
497 1203 558 1241 os
601 1190 838 1257 corporis
887 1190 1141 1242 canticum
1183 1205 1385 1248 novum.
1429 1190 1480 1245 id
1524 1201 1626 1257 est,
1671 1209 1862 1248 iiovaiii

300 1259 618 1312 t-liaritatem
645 1268 699 1312 et
729 1258 1102 1313 humilitatem.
1133 1259 1282 1313 Sicut
1307 1261 1448 1313 enim
1495 1273 1646 1316 vetus
1688 1268 1863 1317 cauti-

301 1345 426 1381 cum
471 1337 555 1383 est
591 1338 743 1383 vetus
787 1330 1102 1384 animositas
1145 1340 1199 1383 et
1243 1331 1513 1394 superbia,
1559 1333 1630 1385 ita
1680 1349 1865 1388 novum

299 1399 557 1451 canticum
583 1407 664 1451 est
689 1400 919 1453 cliaritas
951 1412 1086 1451 nova
1111 1407 1166 1451 et
1189 1399 1454 1453 humilitas
1475 1416 1633 1455 nova.
1659 1402 1863 1459 Novum

299 1470 559 1521 canticum
601 1468 744 1534 dico,
786 1467 927 1538 quod
965 1479 1049 1522 est
1095 1485 1317 1531 carmen,
1351 1469 1400 1522 id
1447 1480 1551 1534 est,
1581 1472 1696 1526 laus
1727 1473 1864 1538 Deo;

298 1539 391 1606 qui
437 1553 556 1592 cum
585 1543 657 1592 sit
699 1537 935 1592 omnium
979 1539 1118 1592 Deus
1165 1553 1259 1607 per
1286 1547 1549 1605 naturam,
1579 1551 1779 1608 noster,
1813 1545 1864 1598 id

298 1618 416 1668 ost,
461 1622 612 1661 meus
648 1617 705 1662 et
751 1624 989 1663 meorum
1017 1617 1102 1663 est
1143 1623 1236 1675 per
1278 1609 1522 1676 gratiam.
1559 1611 1683 1665 llaec
1721 1617 1860 1666 enim

297 1687 426 1730 sunt
470 1686 827 1748 piopterqute
869 1679 1011 1733 Deus
1052 1679 1290 1732 maxime
1327 1679 1391 1730 ad
1440 1694 1537 1732 nos
1564 1681 1861 1748 descendit,

297 1747 526 1807 scilicet,
569 1747 803 1803 charitas
831 1758 885 1802 et
916 1748 1204 1812 humilitas,
1237 1758 1291 1802 et
1331 1749 1450 1802 ideo
1481 1764 1574 1816 per
1606 1751 1720 1805 haec
1751 1747 1862 1806 ina;

299 1817 444 1870 sime
474 1817 732 1872 laudatur.

384 1885 631 1939 Vidi'bunl
662 1887 827 1941 multi.
856 1886 1017 1953 Quasi
1061 1887 1243 1941 dicat:
1277 1888 1394 1954 Quo
1443 1887 1616 1943 fructu
1661 1891 1854 1946 factum

294 1967 384 2011 est
413 1957 532 2020 hoc,
563 1958 700 2020 quod
732 1973 880 2012 meos
904 1957 1134 2011 eduxisti
1163 1959 1226 2012 de
1253 1957 1370 2011 lacu
1406 1961 1641 2023 miserita,
1671 1972 1724 2015 et
1759 1964 1854 2015 iiii-

293 2026 489 2080 misisti
513 2027 564 2078 in
591 2044 648 2080 os
691 2043 873 2082 eorum
899 2029 1152 2080 canticum
1196 2031 1420 2082 nouum?
1457 2028 1584 2094 lloc,
1628 2033 1849 2094 scilicet,

298 2107 360 2147 ut
393 2097 540 2148 inulti
574 2097 785 2150 videant
812 2097 931 2162 hoc,
964 2109 1018 2150 et
1047 2099 1287 2160 timeant,
1318 2101 1454 2152 sicut
1489 2115 1670 2154 revera
1707 2104 1854 2156 multi

290 2165 534 2218 videbunt
564 2176 612 2220 et
654 2168 912 2222 timebunt.
947 2167 1059 2220 Duo
1089 2169 1230 2222 enim
1257 2168 1473 2223 ordines
1502 2179 1627 2223 sunt
1668 2171 1717 2224 iu
1752 2174 1852 2227 Ec-

291 2237 460 2307 clesia
505 2252 520 2288 :
573 2237 664 2290 alii
707 2238 1088 2305 praicedentes,
1135 2240 1222 2291 alii
1269 2238 1670 2307 subsequeiites.
1710 2242 1847 2297 Prai-

292 2304 551 2360 cedentes
575 2304 820 2374 exemplo
845 2316 970 2361 sunt
997 2304 1463 2374 subsequentibus,
1495 2319 1552 2362 ut
1593 2327 1687 2365 eos
1734 2314 1852 2366 imi-

292 2386 498 2450 tentur,
541 2377 922 2450 subsequentes
967 2393 1094 2450 vero
1144 2379 1436 2450 imitatores
1481 2390 1603 2433 sunt
1651 2396 1852 2450 praece-

286 2445 551 2518 dentium.
581 2447 646 2500 Et
673 2449 793 2502 ideo
818 2447 983 2501 dicit:
1021 2447 1175 2518 Multi
1212 2448 1445 2502 videbunt
1492 2451 1611 2503 illos
1653 2445 1849 2518 praece-

287 2515 503 2578 dentes,
532 2526 586 2570 et
627 2528 825 2571 arctam
865 2519 1004 2571 viam
1047 2517 1374 2581 insistentes,
1406 2531 1452 2573 et
1495 2515 1732 2577 videntes
1780 2523 1848 2576 ti-

287 2585 525 2658 mebunt,
573 2599 787 2656 prepter
814 2588 937 2651 lioc,
964 2588 1189 2658 scilicet,
1221 2588 1340 2658 quia
1377 2606 1468 2655 per
1509 2591 1666 2644 latam
1711 2592 1848 2647 tiam

288 2654 567 2728 incedunt,
595 2654 715 2728 quia
750 2670 901 2728 pareta
940 2666 1022 2711 est
1062 2657 1113 2711 in
1145 2654 1268 2724 line,
1299 2669 1353 2714 et
1380 2654 1496 2714 uou
1529 2661 1702 2728 potius
1732 2663 1850 2717 illos

285 2724 586 2796 imitantur.
632 2725 697 2778 Et
743 2727 862 2782 ideo
903 2728 1195 2796 sperabunt,
1240 2731 1288 2782 id
1336 2740 1446 2795 est,
1494 2724 1642 2796 spem
1695 2748 1844 2787 suam

283 2793 577 2868 conjicieut
606 2797 859 2851 imitando
889 2793 1007 2852 illos
1033 2813 1135 2852 non
1167 2801 1216 2852 iii
1252 2801 1375 2860 illis,
1400 2793 1490 2854 seil
1524 2793 1578 2852 in
1603 2800 1844 2868 Domino,

284 2878 447 2936 quem
495 2865 840 2922 imitabantur
876 2870 924 2921 iii
960 2870 1107 2936 ipsis.
1147 2869 1302 2924 Juxta
1353 2871 1517 2923 illud:
1552 2865 1848 2927 liiiitatores

283 2935 385 3010 mei
429 2945 609 3010 estote,
636 2935 1104 3010 cliarissimi,sicnt
1145 2948 1192 2992 et
1231 2956 1329 3010 ego,
1367 2941 1578 2996 Christi.
1623 2941 1685 2995 Et
1727 2943 1848 2998 ideo

281 3002 450 3079 etiam
471 3021 573 3059 non
600 3008 650 3059 in
678 3009 780 3061 illis
799 3009 1092 3070 sperabunt,
1116 3011 1207 3064 sed
1230 3002 1283 3062 in
1307 3009 1544 3076 Domino,
1575 3013 1697 3079 quia
1727 3028 1846 3066 om-

285 3075 371 3147 nis
401 3073 572 3147 virtus
601 3088 654 3130 ει
681 3079 937 3132 auxilium
963 3094 1146 3133 eorum
1179 3073 1538 3147 principaliter
1559 3073 1657 3135 erit
1682 3097 1713 3136 a
1739 3082 1839 3135 l)o-

285 3144 459 3219 initio,
501 3146 652 3219 juxta
697 3149 820 3202 illud
849 3166 864 3196 :
897 3149 1080 3202 Levavi
1130 3144 1304 3203 oculos
1348 3144 1482 3203 meos
1523 3152 1576 3204 in
1625 3161 1842 3219 montes,

281 3216 422 3292 unde
448 3217 611 3292 veniat
639 3219 908 3292 auxilium.
932 3220 1200 3274 Auxilium
1225 3229 1426 3286 autem,
1449 3221 1674 3287 scilicet,
1705 3216 1844 3292 prin-

278 3283 454 3351 cipzile
477 3301 507 3339 a
536 3287 778 3341 Domitio.

353 3351 548 3432 [lentus
597 3359 692 3413 vir.
735 3359 918 3412 Merito
964 3360 1238 3432 sperabunt
1283 3361 1336 3413 in
1385 3361 1514 3422 Deo,
1556 3362 1676 3429 quia
1723 3363 1852 3418 inde

283 3423 668 3497 beatitudinem
711 3423 1080 3497 assequentur.
1122 3430 1248 3483 Nam
1290 3432 1462 3485 omnis
1502 3423 1586 3482 vir"
1627 3433 1713 3486 ille
1754 3445 1844 3487 est

281 3492 649 3571 featus,__cujus
677 3514 788 3571 spes
817 3492 887 3551 est
926 3515 1106 3552 nomen
1148 3499 1354 3554 Domini
1401 3502 1500 3565 sui,
1535 3501 1588 3571 id
1621 3512 1724 3566 est,
1754 3503 1844 3571 qui

277 3561 427 3638 lacit_
448 3565 546 3638 sibi
560 3561 724 3638 'siien'i
774 3568 873 3622 hoc
903 3584 1090 3623 nomen
1120 3572 1259 3638 quod
1287 3581 1364 3624 est
1397 3561 1672 3633 Dominus,
1703 3561 1845 3637 quod

277 3633 461 3686 ouiuis
491 3635 581 3691 ille
610 3637 730 3690 facit
767 3638 1007 3706 quisquis
1035 3654 1094 3694 se
1117 3633 1332 3694 exhibet
1363 3640 1572 3695 ﬁdelem
1621 3633 1845 3696 Domitio

279 3715 500 3776 servum
527 3717 581 3759 et
623 3717 992 3776 spontaneum.
1025 3708 1089 3763 Et
1127 3711 1193 3762 ita
1231 3711 1352 3764 dico
1393 3727 1512 3765 eum
1553 3726 1676 3765 esse
1719 3713 1845 3767 bea-

279 3781 419 3835 tum,
441 3774 488 3826 si
517 3791 619 3828 non
645 3774 882 3844 respiciat
905 3779 958 3830 in
987 3781 1248 3843 vanitates,
1282 3780 1330 3833 id
1357 3790 1459 3844 est,
1490 3781 1540 3834 in
1566 3781 1678 3835 haec
1697 3798 1846 3837 mun-

278 3843 446 3904 claua,
473 3859 592 3909 qua:
621 3862 750 3900 vana
779 3856 902 3900 sunt
927 3847 1220 3902 aliectandu
1248 3865 1330 3903 ea.
1363 3843 1528 3903 Nemo
1556 3853 1688 3903 enim
1729 3855 1847 3906 mil-

277 3920 391 3964 teus
422 3918 704 3989 manualia
733 3927 982 3989 aratrum,
1003 3928 1053 3971 el
1090 3920 1359 3986 respiciens
1389 3931 1544 3984 retro,
1575 3932 1721 3989 aptus
1749 3927 1840 3976 erit

276 3996 442 4058 regno
475 3982 588 4040 Dei.
621 3986 842 4058 Ecquia
873 3989 1022 4041 multi
1053 3982 1182 4042 sunt
1216 3990 1306 4057 qui
1339 3982 1842 4058 parum—respiciunt

277 4053 369 4128 ad_
397 4067 556 4128 vana,
601 4055 826 4118 scilicet,
870 4058 934 4109 ad
977 4073 1182 4121 aurum,
1226 4053 1523 4128 argentum,
1554 4069 1610 4113 et
1641 4053 1842 4116 caetera

277 4119 431 4185 talia,
458 4125 579 4190 quia
619 4141 722 4179 non
753 4135 942 4201 curant
976 4142 1070 4201 ea;
1098 4119 1190 4182 sed
1224 4119 1405 4201 tamen
1430 4119 1534 4184 non
1568 4145 1689 4186 vere
1722 4147 1841 4201 per-

271 4203 762 4266 severaiitesisunt,
794 4196 916 4263 quia
955 4197 1284 4251 delectantur
1310 4199 1361 4252 iii
1387 4196 1835 4266 jucularibiis're-

277 4261 402 4333 bus,
434 4261 572 4333 sicut
601 4265 653 4317 in
696 4261 890 4333 aurigis
916 4275 971 4319 et
1010 4270 1346 4332 ltinanibulis,
1378 4261 1597 4324 canibus
1635 4283 1688 4324 et
1729 4275 1843 4325 avi-

276 4331 414 4408 bus;
443 4331 563 4408 ideo
591 4334 769 4408 subdit
793 4331 972 4408 {Etsi
1004 4353 1102 4390 non
1143 4331 1376 4408 respiciat
1403 4341 1560 4393 etiam
1591 4343 1659 4393 ad
1694 4342 1840 4395 insa-

273 4399 391 4480 nias
425 4402 607 4480 falsas,
639 4402 691 4457 id
733 4415 832 4469 est,
861 4405 938 4480 ad
952 4399 1288 4480 joctilaria'et
1329 4410 1547 4473 ludicra,
1579 4426 1698 4478 quae
1723 4413 1841 4480 qui-

273 4470 404 4540 dem
439 4471 656 4526 insanias
683 4484 826 4538 sunt,
852 4470 972 4540 quia
1004 4477 1270 4531 hominem
1311 4470 1666 4533 abalienatum
1718 4470 1839 4535 red-

1975 567 2253 628 talionum,
2288 574 2339 615 et
2387 563 2628 615 Itttmitti's
2677 578 2771 627 per
2799 564 3181 617 deti-actionem
3225 580 3284 618 se
3314 566 3536 622 illVlCt‘lll

1971 635 2304 692 devoraiites,
2347 632 2485 684 sicut
2516 633 2567 684 iii
2601 632 2728 684 mari
2775 635 2964 696 pisces.
3003 635 3103 686 hoc
3135 648 3300 695 mare,
3345 635 3395 689 id
3428 650 3534 696 est,

1972 703 2251 766 iiiiiiiduni,
2298 703 2457 756 debet
2499 701 2722 768 quisque
2764 705 3157 756 ciiiiteiiiueiido
3205 705 3432 766 Calcare,
3481 721 3536 760 et

1969 786 2129 838 super
2159 772 2328 830 ipsum
2357 771 2657 825 ambulare:
2687 774 2780 824 sed
2813 783 2984 826 tamen
3016 790 3117 826 non
3149 775 3397 838 calcabis,
3426 792 3531 830 non

1969 841 2449 910 superabuiidabis.
2484 841 2580 893 nisi
2617 840 2702 894 ille
2737 841 2959 907 jusserit
2986 843 3074 910 qui
3109 842 3255 909 prior
3289 845 3532 900 calcavit.

1968 909 2203 979 Namque
2232 910 2275 964 si
2303 911 2388 964 ille
2413 909 2633 979 jusserit
2665 923 2715 963 te
2738 913 2800 963 ad
2826 928 2883 964 se
2914 909 3114 971 venire.
3149 929 3251 964 iioii
3298 914 3438 967 siuet
3483 927 3533 968 te

1972 978 2163 1046 perire.
2190 980 2291 1045 Tu,
2321 981 2554 1049 inquam,
2589 978 2824 1043 Domine,
2857 981 3021 1049 fecisti
3050 982 3328 1047 mirabilia,
3353 996 3397 1035 et
3430 983 3530 1036 hoc

1968 1049 2021 1105 in
2052 1051 2185 1104 solis
2213 1048 2768 1119 cogitationibus_tuis,
2802 1048 2863 1103 id
2889 1061 2989 1112 εει,
3030 1067 3124 1119 per
3162 1062 3211 1104 te
3254 1053 3368 1106 sine
3407 1069 3531 1106 cou-

1970 1120 2090 1174 silio
2120 1117 2428 1192 veljiijxilio
2472 1117 2715 1192 alicujus,
2759 1119 2905 1192 juxta
2954 1117 3076 1192 illud
3104 1137 3118 1174 :
3155 1121 3274 1186 Quis
3304 1126 3534 1192 cngiiovit

1967 1205 2169 1261 sensum
2205 1189 2434 1252 Domini,
2460 1198 2549 1261 aut
2578 1191 2690 1256 quis
2715 1190 3054 1261 consiliarius
3074 1192 3184 1261 ejus
3209 1189 3424 1261 fitit?ct
3453 1209 3530 1244 re-

1970 1260 2132 1327 liqua.
2163 1261 2361 1326 Quare,
2392 1260 2512 1327 quia
2545 1273 2640 1326 per
2684 1268 2732 1310 te
2758 1261 2929 1314 solum
2961 1259 3162 1320 iecisti,
3194 1259 3295 1312 iioii
3331 1272 3413 1315 cst
3442 1265 3531 1326 qui

1967 1331 2346 1384 assimilaudiis
2374 1329 2444 1381 sit
2476 1328 2594 1389 tibi,
2627 1327 2820 1381 nedum
2856 1329 3235 1397 praeferendus.
3269 1331 3415 1396 Quod
3451 1344 3528 1385 ia-

1969 1415 2088 1469 nieii
2119 1400 2191 1454 illi
2223 1398 2446 1464 faciunt,
2477 1397 2704 1461 scilicet,
2737 1400 2836 1450 alia
2869 1399 2959 1453 tibi
2995 1400 3300 1466 prarl'erum.
3330 1404 3416 1469 qui
3449 1418 3532 1454 re-

1965 1468 2087 1522 licia
2140 1470 2376 1522 Ecclesia
2407 1478 2625 1522 currunt
2653 1469 2717 1520 ad
2764 1469 3109 1536 joculatoria,
3143 1468 3376 1524 maxime
3407 1488 3531 1523 vero

1966 1537 2044 1592 illi
2090 1539 2396 1599 idololatrze.
2428 1539 2516 1608 qui
2561 1547 2859 1593 creaturam
2901 1540 3104 1603 colunt,
3131 1553 3184 1596 et
3216 1543 3524 1595 Creatorem

1968 1620 2081 1675 post
2092 1620 2311 1674 ponunt.

2036 1677 2339 1732 Annuiitiavi
2381 1687 2428 1731 ct
2472 1679 2666 1732 locutus
2702 1693 2835 1731 sum.
2877 1677 2967 1734 Sic
3012 1680 3388 1733 continuatur:
3427 1681 3532 1734 Ex-

1965 1759 2201 1814 spectaiis
2223 1749 2506 1816 exspectavi
2537 1746 2830 1800 Dominum.
2859 1749 2921 1800 Et
2947 1752 3303 1814 exsiicctando
3330 1767 3528 1803 annun-

1893 1835 1939 1894 Β
1969 1819 2106 1894 tiuvi,
2140 1817 2279 1894 quod
2309 1817 2727 1894 aniiuntiandum
2756 1817 3074 1894 luituupere;
3098 1831 3143 1894 et
3168 1820 3367 1873 locutus
3394 1837 3527 1886 sum,

1967 1889 2106 1952 quod
2153 1888 2471 1955 loquendum
2523 1887 2620 1940 l'iiit
2659 1887 3022 1957 _ore.‘l’olest
3070 1889 3149 1941 sic
3205 1905 3415 1957 quoque
3460 1895 3524 1942 ad

1957 1954 2259 2023 proximmii
2288 1958 2586 2010 continuari
2614 1973 2627 2008 :
2656 1954 2753 2017 Tu,
2789 1954 3026 2020 Domine,
3059 1954 3233 2027 fecisti
3253 1954 3525 2024 mirabilia,

1955 2035 2010 2080 et
2041 2028 2126 2080 illa
2158 2027 2417 2080 mirabilia
2464 2027 2776 2096 annuntiavi
2792 2043 2891 2094 ego
2931 2038 2985 2080 et
3025 2029 3126 2080 tiiei
3157 2044 3337 2096 opt-rc,
3371 2039 3416 2081 et
3447 2031 3525 2082 lo-

1953 2105 2098 2149 cutus
2125 2113 2239 2150 sum
2262 2111 2360 2163 ego
2382 2105 2437 2150 et
2466 2099 2566 2150 inci
2595 2111 2706 2149 ore.
2734 2094 2849 2149 Non
2881 2098 3055 2151 solum
3087 2094 3228 2150 enim
3259 2100 3524 2163 ultristiis,

1953 2166 2047 2220 sed
2083 2166 2310 2236 apostoli
2341 2180 2552 2234 quoque
2593 2175 2668 2236 et_
2692 2167 2859 2219 sancti
2900 2181 3197 2236 prtecmies,
3231 2169 3526 2222 docuerunt

1953 2234 2130 2292 verbo
2155 2245 2210 2291 et
2238 2237 2480 2305 exemplo
2511 2234 2762 2288 mundum
2795 2235 3131 2302 calcaiiduui,
3173 2247 3228 2292 et
3274 2244 3514 2292 carnales

1951 2308 2409 2373 conetipisceiitias
2438 2305 2802 2360 refrenandas.
2831 2307 2891 2357 Et.
2925 2307 3070 2372 prius
3100 2307 3222 2360 fecit
3248 2309 3512 2370 Christus,

1951 2377 2141 2430 deinde
2171 2378 2327 2439 dixit,
2356 2376 2506 2444 juxta
2536 2375 2662 2431 illud
2688 2392 2702 2430 ε
2734 2374 2968 2430 Primum
3001 2378 3201 2442 quidem
3238 2395 3518 2432 sermonem

1952 2447 2051 2519 feci
2075 2447 2139 2500 de
2167 2449 2418 2519 omnibus,
2452 2462 2482 2498 o
2513 2445 2812 2519 TltcOpltile,
2836 2462 2950 2516 quo:
2977 2451 3125 2515 capit
3151 2447 3301 2503 Jesus
3331 2451 3520 2519 facere,

1951 2526 1998 2570 et
2019 2517 2202 2580 dicere,
2225 2516 2347 2585 quia
2367 2525 2492 2570 tunc
2513 2516 2727 2570 demum
2749 2528 2892 2572 recta
2919 2526 3001 2571 est
3024 2519 3285 2581 doctrina,
3310 2516 3521 2586 quando

1951 2587 2185 2642 doctoris
2214 2603 2316 2640 nou
2358 2586 2666 2654 discrepant
2710 2585 2844 2640 l'acta
2889 2595 2946 2642 et
2988 2587 3148 2641 dicta.
3185 2592 3515 2654 Anuuntiavi,

1953 2656 2196 2726 inquam,
2231 2667 2277 2711 et
2323 2657 2519 2710 locutus
2548 2671 2692 2719 sum,
2732 2665 2786 2710 et
2833 2672 2919 2712 me
2958 2660 3304 2713 annimtiante
3334 2670 3387 2715 et
3436 2663 3514 2714 lo-

1949 2738 2166 2796 quente,
2213 2726 2537 2797 multiplicati
2567 2735 2684 2778 sunt
2734 2728 3012 2782 credentes
3042 2745 3196 2796 super
3225 2747 3506 2791 numerum,

1951 2797 2002 2869 id
2060 2808 2176 2869 est,
2235 2798 2412 2869 plures
2463 2805 2806 2869 accesserunt
2863 2813 3024 2866 quam
3083 2800 3405 2869 pertinerent
3449 2803 3514 2853 ad

1953 2866 2254 2938 Dominum.
2287 2867 2378 2938 Est
2404 2866 2563 2938 _etiiiu
2595 2875 2771 2920 certus
2815 2882 3071 2922 numerus
3103 2868 3334 2923 fidelium
3389 2887 3512 2938 per-

1952 2937 2231 2992 tiiieiitium
2282 2937 2348 2992 ad
2393 2935 2692 2993 Jerusalem
2737 2949 3040 3004 supernam.
3092 2939 3154 2992 lli
3211 2955 3336 2994 vero
3389 2935 3513 2994 suat

1949 3020 2216 3061 amatores
2267 3021 2320 3061 et
2380 3007 2754 3061 observatores
2814 3019 3195 3074 praeceptorum
3265 3010 3393 3074 Dei,
3446 3013 3515 3065 de

1948 3079 2141 3145 quibus
2171 3079 2368 3133 dictum
2399 3089 2514 3149 est:
2551 3075 2706 3129 Novit
2737 3074 2984 3149 Dominus
3005 3081 3091 3149 qui
3119 3088 3238 3132 sunt
3267 3083 3396 3149 ejus,
3426 3083 3514 3148 qui

1949 3161 2126 3203 autem
2182 3150 2410 3214 parietes
2454 3147 2706 3201 Ecclesia:
2752 3147 2984 3214 faciunt,
3018 3147 3079 3202 et
3118 3147 3376 3216 praacepta
3424 3147 3512 3203 Dei

1953 3229 2319 3290 contemnunt,
2347 3217 2397 3270 hi
2427 3217 2642 3286 quidem
2665 3216 2741 3290 ad,
2759 3228 3088 3272 sacramenta
3116 3220 3366 3273 Ecclesia:
3398 3235 3511 3290 per-

1957 3289 2124 3343 tinent
2173 3297 2376 3340 tantum
2435 3302 2527 3355 per
2574 3289 2936 3354 vocationem,
2977 3291 3071 3342 sed
3120 3305 3222 3342 non
3271 3289 3403 3342 sunt
3441 3292 3510 3344 de

1953 3371 2175 3412 iiuiiiero
2215 3359 2307 3412 illo
2343 3360 2409 3412 de
2449 3356 2640 3426 quibus
2677 3359 2874 3411 dictum
2919 3368 3038 3412 est:
3073 3356 3227 3412 Multi
3267 3370 3383 3412 sunt
3425 3376 3513 3414 vo-

1951 3429 2071 3493 cati,
2100 3440 2203 3482 etc.

2019 3498 2346 3565 Sacriﬁcium
2382 3505 2426 3548 et
2461 3496 2763 3551 oblationem
2805 3499 3036 3552 noluisti.
3069 3499 3395 3565 Annuutfavi,
3429 3501 3511 3556 in-

1949 3584 2128 3635 quam,
2158 3577 2204 3620 et
2235 3569 2430 3620 locutus
2457 3584 2590 3632 sum,
2624 3578 2678 3621 et
2708 3583 2925 3639 necesse
2980 3569 3075 3622 iuit
3113 3580 3167 3623 ut
3213 3585 3311 3639 ego
3355 3575 3504 3625 veni-

1947 3654 2060 3694 rem
2107 3647 2162 3691 et
2207 3639 2576 3690 aiiiiuiitiarem
2622 3640 2743 3706 quia
2788 3649 2870 3701 tu,
2919 3638 3157 3704 Domine,
3201 3638 3264 3694 ad
3317 3643 3497 3695 lioraiii

1949 3718 2152 3763 tantum
2185 3708 2373 3776 legalis
2417 3709 2674 3761 sacrilicia
2706 3709 3045 3771 constituisti,
3079 3724 3127 3762 et
3169 3711 3393 3776 amplius
3435 3728 3498 3768 ea

1945 3795 2068 3834 esse
2119 3779 2359 3833 noluisti.
2408 3779 2592 3832 Potest
2632 3781 2710 3831 sic
2748 3794 2959 3846 quoque
3002 3778 3294 3833 Cuntiuunt‘i
3334 3797 3346 3834 :
3394 3781 3496 3845 Tu,

1947 3849 2179 3911 Domine,
2209 3849 2372 3912 fecisti
2399 3848 2653 3920 mirabilia
2682 3849 2735 3900 in
2765 3851 3149 3920 cogitationibus
3172 3851 3292 3913 tuis,
3343 3862 3396 3905 et
3435 3868 3500 3904 ex

1946 3921 2053 3973 illis
2094 3921 2420 3987 cogitarunt;
2450 3929 2532 3972 est
2574 3919 2682 3970 li.ec
2729 3919 2851 3980 una,
2879 3919 2997 3986 quia
3031 3929 3084 3972 tu
3129 3921 3339 3974 noluisti
3382 3938 3498 3974 am-

1947 3992 2080 4055 ptius
2122 3988 2432 4047 sacri/icium
2463 4002 2581 4041 esse
2612 3988 2798 4054 legale,
2829 3998 2874 4040 et
2901 3988 3022 4042 olila
3042 3991 3204 4043 ionem
3252 3992 3498 4059 legalem.

1944 4061 2074 4114 Cum
2101 4060 2241 4114 enim
2275 4059 2503 4110 timidum
2528 4069 2670 4111 esset
2699 4068 2902 4125 tempus
2934 4059 3074 4113 illius
3097 4061 3205 4113 veni
3231 4063 3496 4126 sacrilicii,

1943 4130 2081 4197 quod
2115 4138 2312 4183 norunt
2351 4128 2554 4200 lideles,
2586 4130 2808 4191 scilicet,
2837 4143 3119 4199 antequam
3152 4145 3306 4186 verus
3330 4147 3496 4200 agnus

1943 4200 2188 4253 Christus
2228 4212 2347 4251 sese
2388 4199 2438 4251 iii
2471 4212 2560 4252 ara
2603 4199 2777 4252 crucis
2826 4215 2921 4268 pro
2972 4201 3122 4254 nobis
3169 4199 3490 4268 immolaret,

1945 4269 2361 4340 priesigiiabatur
2391 4269 2555 4340 variis
2602 4269 2780 4338 ﬁguris
2811 4280 2864 4322 et
2913 4270 3179 4338 mysteriis
3206 4287 3234 4322 a
3276 4273 3502 4340 quibus»

1942 4339 2063 4392 dam
2089 4339 2199 4409 jaui
2243 4355 2336 4406 per
2380 4339 2632 4404 Spiritum
2661 4351 2901 4393 sanctum
2935 4339 3334 4405 [ll‘iBSCielllil’llS
3364 4343 3489 4397 illud

1942 4408 2204 4473 futurum,
2243 4419 2297 4462 et
2343 4424 2369 4460 a
2421 4408 2732 4476 quibusdam
2779 4410 3159 4465 nescientibus.
3206 4412 3489 4479 Postquam

1944 4495 2071 4534 vero
2105 4480 2319 4533 advenit
2366 4490 2572 4547 tempus
2600 4479 2740 4532 illius
2770 4479 2878 4533 veri
2926 4481 3194 4543 sacrilicii,
3227 4493 3488 4534 venerunt

273 4539 563 4618 dii-utased
594 4553 766 4618 tamen
793 4539 912 4612 quia
942 4561 1046 4618 non
1077 4549 1281 4612 penitus
1307 4560 1535 4602 tuentem
1567 4551 1837 4617 auferunt,
1867 4547 1920 4606 D
1943 4552 2101 4603 verba
2132 4539 2548 4615 completiva,'et
2594 4549 2762 4601 ablata
2797 4558 2923 4602 sunt
2948 4549 3118 4618 verba
3151 4539 3483 4618 pi'otiiissiva.

274 4607 429 4691 [alam
457 4607 964 4691 insaniai‘dicuntur.
987 4607 1119 4691 Vere
1143 4632 1317 4691 antem
1345 4619 1546 4671 insania
1566 4630 1711 4691 sunt,
1737 4607 1837 4691 ira,

275 4679 455 4800 233:,
479 4688 533 4800 (ξι
558 4682 775 4749 similia,
806 4700 922 4751 qua:
949 4687 1154 4752 penitus
1182 4688 1534 4742 abalienatum
1565 4679 1833 4745 hominem

415 4766 482 4798 II"
513 4786 528 4800 ο

272 4758 528 4800 reddunt.

277 4886 288 4896 .
348 4815 526 4897 Multa
551 4821 720 4897 fecisti
739 4831 815 4897 tu,
841 4821 1072 4878 Domine.
1116 4823 1243 4878 Dico
1272 4825 1314 4878 si
1355 4841 1457 4879 non
1495 4829 1729 4897 respiciat
1769 4832 1839 4882 ad

270 4893 510 4963 insanias
537 4893 716 4963 falsas,
746 4894 812 4944 ad
853 4909 985 4960 quas
1025 4909 1128 4948 non
1155 4903 1238 4947 est
1265 4893 1672 4963 resiiieieiiduiii,
1715 4914 1834 4952 cuiu

272 4956 422 5008 nulla
463 4956 621 5028 surgat
661 4956 1008 5029 inopia-quia
1037 4973 1111 5026 tu,
1151 4956 1367 5017 Domine
1408 4966 1543 5019 Deus
1583 4956 1744 5032 meus,
1781 4981 1836 5024 et

273 5040 544 5104 ineorum,
577 5046 670 5098 per
697 5034 940 5104 gratiam,
971 5034 1133 5102 fecisti
1159 5033 1320 5087 multa
1348 5035 1619 5100 mirabilia,
1651 5040 1700 5091 id
1729 5051 1831 5104 est,

269 5102 577 5173 spectacula
610 5111 717 5175 tua,
752 5103 800 5154 id
829 5105 1038 5175 est,_a_d
1067 5115 1116 5156 te
1147 5106 1480 5169 pertinentia,
1512 5116 1566 5159 et
1591 5107 1710 5160 ideo
1741 5102 1834 5175 po;

270 5168 380 5245 tius
407 5171 866 5245 spectaii_duiitcst
890 5172 954 5224 ad
985 5172 1091 5245 illa,
1119 5168 1274 5238 quam
1305 5177 1372 5226 ad
1400 5177 1624 5228 insanius
1650 5168 1829 5245 falsas.

267 5237 327 5312 ει
357 5251 519 5304 quem
551 5241 704 5312 enim
737 5241 964 5296 delectat
1011 5237 1188 5296 videre
1228 5245 1489 5312 aurigam,
1525 5237 1696 5312 potius
1733 5248 1830 5300 de-

270 5308 439 5358 lectet
467 5323 588 5360 eum
625 5311 805 5364 videre
835 5312 1187 5366 reireoantem
1216 5308 1494 5376 luxuriam,
1519 5308 1602 5368 vel
1629 5317 1758 5368 iram
1778 5327 1831 5370 el.

263 5376 496 5452 similia,
521 5383 645 5452 quia
687 5381 842 5450 longe
875 5382 1085 5450 dignius
1125 5385 1233 5452 agit
1272 5386 1359 5451 qui
1404 5400 1570 5450 equos
1592 5387 1830 5440 .luxuriaa

269 5447 356 5497 vel
387 5448 628 5520 avaritiae
659 5447 1001 5517 raptautes'iii
1035 5447 1382 5520 praecipitium
1415 5447 1549 5508 bene
1576 5458 1834 5520 refrenat,

265 5530 434 5591 quam
458 5519 562 5591 qui
578 5533 736 5588 gyros
750 5521 814 5591 _iii
845 5523 1090 5575 curribus
1118 5527 1196 5576 vel
1240 5527 1446 5590 equites
1473 5525 1654 5591 agitat.
1701 5519 1826 5578 lteui

263 5600 314 5636 si
342 5586 466 5652 quis
493 5586 715 5660 miratur
739 5589 1126 5655 fuiiaiiibuluin,
1161 5586 1335 5660 potius
1365 5586 1583 5647 iniretur
1615 5595 1826 5648 Petrum

267 5658 708 5733 iiiariaiubuluui1
732 5671 785 5714 et
811 5677 931 5714 eum
959 5658 1191 5716 imitetur
1219 5664 1470 5716 calcando
1491 5680 1662 5733 mare,
1688 5665 1827 5733 quod

269 5726 364 5776 ille
389 5729 629 5780 calcavit.
664 5729 805 5784 Marc
830 5737 970 5785 enim
1002 5741 1083 5785 est
1112 5734 1357 5797 mundus,
1389 5743 1444 5786 ut
1469 5726 1656 5786 divina
1687 5726 1828 5788 Scri-

269 5806 432 5862 ptura
463 5808 700 5866 testatur,
730 5800 781 5856 iu
813 5817 916 5870 quo
945 5812 1027 5858 est
1069 5803 1223 5857 noxia
1271 5803 1564 5858 amaritudo
1593 5805 1823 5860 delecta-

1942 4620 2054 4673 lloc
2100 4631 2199 4681 εει,
2243 4625 2581 4673 recesserunt
2609 4618 2754 4685 signa
2790 4617 3168 4685 promitteiitia,
3210 4631 3484 4688 postquam

1940 4690 2176 4742 exhibita
2201 4697 2283 4742 est
2314 4689 2508 4741 vei-itas
2537 4689 2815 4756 promissa,
2836 4697 2891 4742 et
2922 4689 3022 4741 lioc
3043 4699 3126 4742 est
3153 4691 3293 4755 quod
3320 4691 3482 4744 dicit:

1941 4759 2188 4824 Noluisti,
2222 4768 2498 4827 postquam
2527 4759 2844 4812 sacriliciuin
2891 4773 3069 4812 verum
3114 4757 3299 4822 animt,
3328 4766 3492 4814 sacri-

1939 4831 2112 4896 ﬁcium
2149 4839 2198 4881 ct
2241 4828 2564 4888 oblationem,
2595 4844 2712 4894 qua:
2759 4837 2912 4880 erant
2957 4841 3107 4896 Signa
3154 4831 3483 4898 prouiissiva.

1938 4899 2072 4963 Quid
2104 4906 2280 4950 autem
2312 4898 2560 4950 voluisu?
2579 4913 2750 4959 aures,
2772 4898 2993 4959 scilicet,
3019 4900 3066 4949 id
3095 4912 3195 4963 est,
3226 4900 3488 4966 perfectos

1935 4968 2232 5022 obeditores
2257 4981 2376 5020 esse
2404 4967 2630 5031 Voluisti,
2662 4977 2715 5019 et
2744 4967 2862 5038 ideo
2891 4970 3139 5036 perfecisti
3168 4970 3289 5022 mihi
3316 4988 3484 5038 aures,

1937 5039 1986 5092 id
2035 5047 2144 5104 est,
2191 5039 2478 5108 perlectam
2523 5037 2879 5090 obedientiam
2927 5039 3055 5092 milii
3104 5040 3170 5092 ad
3218 5037 3488 5108 exciiipla-P

1934 5112 2155 5163 aliorum
2183 5106 2482 5167 contulisti,
2512 5116 2564 5160 et
2593 5108 2748 5159 etiam
2784 5109 2914 5161 meis
2945 5124 3043 5162 suo
3071 5110 3248 5162 modo.
3282 5106 3387 5163 Nec
3417 5113 3484 5163 iii-

1933 5193 2168 5247 congrue
2214 5190 2370 5227 aures
2415 5183 2570 5248 vocat.
2603 5177 2982 5243 obedientiam;
3033 5196 3127 5248 per
3157 5195 3312 5235 aures
3338 5185 3490 5234 enim

1935 5245 2192 5314 praecepta
2225 5245 2652 5317 intromittuntur
2677 5248 2741 5298 ad
2770 5245 3170 5317 atiiiiiaiii,'qua:
3202 5251 3367 5313 ipsam
3399 5251 3480 5302 do.

1930 5327 2085 5370 ceaut
2105 5316 2482 5370 obedientiam.
2501 5315 2563 5367 Et
2592 5318 2709 5369 ideo
2734 5318 2942 5384 ponitur
2964 5319 3048 5372 hic
3071 5315 3478 5373 instrumentum

1929 5387 2241 5441 obedieiitite
2269 5401 2361 5453 pro
2391 5385 2500 5450 ipsa
2523 5385 2838 5439 obedientia.

2000 5457 2370 5510 llolocaustum
2419 5463 2606 5506 autent.
2653 5456 3041 5521 Ubedientiani,
3095 5458 3326 5525 inquam,
3377 5475 3482 5511 vu-

1931 5527 2090 5580 luisti.
2119 5526 2248 5580 llliid
2276 5537 2450 5578 autem
2484 5525 2650 5593 legale
2674 5526 3015 5588 sacriﬁcium,
3039 5531 3175 5594 quod
3204 5529 3479 5584 dicebatur

1928 5596 2296 5656 holocaustum,
2340 5595 2389 5666 id
2438 5601 2536 5656 est,
2573 5605 2736 5666 totum
2781 5596 3073 5658 incensum,
3103 5598 3168 5650 de
3201 5613 3305 5666 quo
3341 5601 3474 5653 nihil

1926 5668 2256 5726 servabatur,
2287 5665 2381 5717 sed
2413 5673 2576 5716 totum
2606 5664 2656 5717 iii
2689 5680 2778 5716 ara
2803 5664 3233 5732 eomburebatur,
3257 5678 3311 5722 et
3345 5671 3478 5724 illud

1927 5738 2066 5790 aliud
2095 5735 2244 5809 quod
2278 5736 2558 5809 vocabatur
2573 5734 2758 5809 “hostia
2783 5749 2876 5809 pro
2910 5747 3133 5809 peccato,
3171 5754 3270 5790 non
3296 5751 3475 5809 postu‘

1927 5808 2064 5870 lusli,
2094 5807 2144 5861 id
2173 5814 2277 5874 est,
2310 5803 2535 5874 amplius
2566 5804 2680 5859 lieri
2710 5803 2940 5861 uoluisti.
2973 5805 3095 5863 ll.ec
3121 5803 3264 5863 enim
3291 5803 3474 5866 oiuiiia
