3922 6190
468 347 569 403 695

929 345 1133 400 ΒΕυίΕ
1180 346 1627 423 νΕΝΕιιᾼιιιιιε
1666 347 1813 403 ΟΡΡ.
1860 349 2001 402 PAR!

2118 387 2131 400 .
2159 348 2348 402 SECT.
2389 348 2453 402 ll.
2493 374 2563 389 -
2597 350 2800 405 DUBIA
2846 350 2931 404 ET
2967 351 3236 406 SPURIA.

3595 360 3692 416 696

469 469 518 516 in
562 464 810 520 legalibus
857 462 1057 515 diversa
1110 470 1288 536 erant,
1336 471 1389 514 et
1430 473 1575 526 tunc,
1615 463 1848 521 scilicet.
1891 478 2018 536 cum
2054 466 2094 514 A
2129 457 2408 536 belguntnr,
2435 459 2552 526 quia
2586 469 2670 536 tu,
2710 459 2943 536 Domine,
2975 461 3141 524 scisti,
3188 462 3236 515 id
3269 467 3615 536 est.relegi3Ii
3644 482 3690 526 et

467 534 772 601 sacriﬁcium
803 533 1007 585 noluisti
1037 543 1085 583 et
1119 532 1469 601 holocaustum
1509 541 1554 583 et
1591 550 1690 585 non
1733 534 2018 598 postulasti,

470 604 577 654 diri
603 600 709 669 ego
754 605 802 653 in
849 601 1106 653 evidentia
1146 600 1260 651 rei:
1299 601 1430 653 Ecce
1470 603 1635 660 venio.
1665 606 1810 669 quasi
1844 605 2021 655 dicat:

472 675 604 724 licce
651 686 792 724 tinttc
834 680 1039 736 tempus
1088 681 1165 721 est
1214 682 1268 721 ut
1315 673 1549 734 veniam,
1582 688 1697 738 qua:
1746 677 2021 737 prmuitte-

470 744 678 799 bantur.
720 750 771 791 et
816 756 932 805 quae
986 740 1177 805 promit
1202 742 1359 792 ebant
1410 741 1733 793 auferantur.
1790 744 1853 794 Et
1902 743 2021 796 ideo

466 811 622 862 Venio
651 823 768 873 ego,
802 824 833 859 ο
866 810 1103 869 Domine,
1143 818 1200 860 ut
1247 809 1430 862 faciam
1482 812 1802 863 voluntatem
1853 821 2016 874 tuam,

466 880 518 932 itl
564 890 665 941 est,
698 892 751 931 ut
796 879 883 930 tibi
937 879 1180 946 impleam
1229 895 1405 931 veram
1453 880 1831 939 obedientiam.
1880 885 2017 948 quod

464 948 627 1001 debes
658 950 852 1008 lat-ere,
884 950 1003 1014 quia
1051 950 1135 1011 qui
1179 963 1236 999 es
1286 950 1420 1001 licus
1450 951 1682 1001 omnium
1726 966 1819 1015 per
1867 963 2017 1003 natu-

463 1028 597 1079 ram.
630 1034 769 1070 meus
802 1018 934 1070 Dens
961 1033 1016 1069 t-s
1043 1033 1134 1079 per
1162 1019 1403 1085 gratiam.
1434 1030 1484 1071 et
1516 1020 1633 1071 ideo
1660 1024 1819 1072 etiam
1848 1021 2019 1075 debeo

466 1090 637 1141 facere
678 1094 982 1139 voluntatem
1014 1097 1180 1146 luant,
1217 1089 1334 1153 quia
1378 1104 1476 1148 ego
1512 1103 1721 1157 semper
1766 1092 1922 1152 volui,
1968 1092 2017 1143 id

465 1167 575 1223 est,
620 1158 778 1211 dilexi
823 1173 960 1219 eam,
995 1158 1216 1217 scilicet,
1263 1158 1583 1211 voluntatem
1630 1170 1769 1210 tuam
1822 1162 2015 1224 facere,

464 1244 568 1280 non
602 1243 794 1282 meam.
828 1228 889 1279 Et
918 1228 1036 1295 qttia
1069 1226 1225 1279 etiam
1258 1229 1390 1279 volui
1433 1230 1590 1295 legem
1636 1239 1791 1292 luant,
1822 1232 1870 1281 id
1901 1242 2013 1293 est,

462 1296 605 1350 illam
634 1300 955 1350 voluntatem
990 1308 1151 1357 tuam,
1180 1312 1297 1362 (IIIIB
1326 1308 1407 1350 est
1441 1301 1519 1351 lex
1554 1301 1772 1364 scripta,
1796 1301 1931 1352 volui
1964 1304 2015 1354 in

458 1369 624 1419 medio
652 1368 819 1419 cordis
842 1368 960 1428 mei,
991 1368 1039 1418 id
1076 1377 1175 1429 est,
1205 1366 1352 1419 firma
1378 1379 1424 1420 et
1460 1369 1693 1433 plenaria
1722 1372 2011 1424 voluntate.

456 1439 605 1501 Quod
643 1438 781 1490 enim
816 1438 1043 1489 medium
1078 1437 1127 1488 in
1162 1438 1393 1496 qualibet
1442 1454 1499 1491 re
1545 1448 1656 1503 est,
1707 1437 1910 1493 lit-mins
1963 1451 2016 1493 ιιι

458 1509 657 1560 certius
682 1517 783 1560 est.
831 1507 895 1559 Et
938 1506 1058 1559 ideo
1102 1506 1146 1558 si
1188 1508 1252 1558 ad
1286 1508 1452 1565 ipsum
1489 1518 1645 1576 caput
1695 1512 2006 1574 reteramus,

460 1592 553 1643 per
584 1577 811 1629 medium
839 1576 1014 1629 cordis
1048 1577 1252 1628 tirmam
1283 1578 1609 1630 voluntatem
1654 1580 1829 1632 cordis
1872 1585 2013 1633 acci-

466 1649 687 1711 piemus.
720 1647 1006 1699 Possumus
1051 1662 1261 1713 quoque
1292 1662 1383 1712 per
1410 1664 1502 1700 cor
1532 1649 1723 1700 Christi
1772 1651 2014 1715 accipere

456 1730 643 1769 omnes
672 1717 965 1768 concordes
993 1727 1045 1768 et
1071 1727 1482 1783 concorporatos
1504 1718 1626 1780 sibi,
1660 1733 1753 1785 per
1783 1722 2011 1773 medium

456 1800 582 1860 vero
615 1785 874 1837 lirmiores
924 1786 1243 1860 interdum.
1277 1786 1433 1860 Juxta
1464 1791 1600 1854 quod
1649 1791 1726 1839 sic
1765 1788 2006 1860 dicetur:
2050 1802 2088 1860 Β

457 1855 567 1906 Non
595 1861 762 1906 solum
788 1870 886 1927 ego
914 1856 1046 1906 nolui
1077 1855 1139 1927 ἱιιΔ
1160 1871 1243 1908 me
1272 1857 1578 1927 voluntatem
1607 1865 1746 1907 tuam
1777 1866 1821 1908 et
1852 1858 2009 1927 legem

458 1933 617 1984 tuam,
647 1926 736 1977 sed
768 1925 924 1977 etiam
957 1927 1007 1976 in
1042 1924 1202 1984 meis;
1231 1925 1327 1977 etsi
1374 1942 1479 1978 nun
1526 1927 1577 1978 in
1608 1928 1873 1983 omnibus.
1902 1924 2012 1981 scil-

458 2005 559 2045 tetn
606 1997 656 2046 in
705 1997 866 2047 medio
908 1995 1073 2046 cordis
1123 1996 1238 2054 mei,
1272 1996 1320 2047 id
1368 2006 1467 2058 est,
1512 1997 1562 2048 in
1616 1998 1927 2050 lirmioribus
1957 2009 2010 2053 et

460 2063 875 2130 perfectioribus.
912 2065 1074 2117 llabet
1101 2066 1197 2116 alia
1224 2064 1522 2119 Translatio
1548 2083 1559 2117 :
1593 2066 1657 2118 In
1687 2068 1851 2119 medio
1893 2085 2011 2119 ven-

455 2134 545 2185 tris
590 2135 706 2194 mei,
748 2134 894 2201 juxta
941 2135 1080 2200 quod
1127 2137 1367 2202 probatio
1410 2145 1490 2187 est
1536 2151 1563 2187 a
1614 2138 1834 2200 ntinori,
1868 2141 2006 2201 quod

448 2218 572 2256 vere
602 2204 652 2255 in
700 2210 805 2257 suis
850 2206 1075 2257 Voluerit
1120 2208 1476 2268 voluntatem,
1510 2216 1563 2258 et
1612 2208 1836 2272 legitur:
1871 2209 2006 2273 Quia

454 2275 612 2327 etiam
644 2275 694 2326 in
727 2276 889 2327 medio
932 2276 1135 2339 ventris,
1171 2277 1217 2327 id
1251 2288 1350 2341 est,
1385 2277 1433 2330 in
1466 2277 1627 2330 cerde
1678 2279 2002 2331 inﬁrmorum

451 2358 567 2395 eam
596 2345 777 2398 voluit.
804 2345 902 2398 l’er
928 2356 1164 2398 ventrem
1190 2346 1354 2408 enim,
1379 2348 1465 2413 qui
1496 2348 1667 2400 mollis
1690 2358 1788 2408 est.
1822 2349 2006 2403 molles

449 2426 503 2465 et
547 2413 740 2466 inlirtni
788 2415 1169 2481 s’gnilicautnr.
1214 2416 1385 2477 Venio,
1434 2421 1676 2479 inquam,
1722 2428 1773 2469 ut
1818 2419 2005 2484 faciam

451 2484 753 2534 voluntatem
782 2494 938 2541 tuam.
964 2499 1009 2535 et
1040 2485 1175 2535 volui
1201 2491 1355 2552 legem
1388 2499 1547 2538 luant.
1576 2488 1637 2539 Et
1668 2488 1764 2538 hoc
1792 2489 1998 2553 merito,

450 2553 568 2616 quia
597 2554 648 2603 in
674 2555 835 2613 capite
863 2555 977 2605 libri
1004 2555 1247 2619 scriptum
1279 2564 1349 2605 est
1375 2557 1436 2605 de
1467 2573 1561 2619 me,
1595 2571 1645 2608 ut
1679 2558 1892 2622 facerem
1920 2576 2002 2610 vo-

452 2626 693 2675 luntatem
723 2635 880 2674 tuam.
918 2623 1061 2694 Dicit
1082 2624 1365 2694 Apostolus
1394 2642 1406 2675 :
1437 2627 1567 2687 Quia
1598 2627 1821 2679 mulieris
1853 2639 2003 2694 caput

451 2701 521 2765 est
567 2694 660 2758 vir,
692 2695 781 2745 t'iri
824 2704 975 2765 caput
1006 2693 1254 2756 Christus,
1290 2693 1482 2747 Christi
1512 2712 1624 2748 vero
1664 2709 1813 2765 caput
1846 2697 2001 2752 Deus.

456 2760 678 2814 Verbum
718 2776 895 2815 autem
944 2764 1112 2816 l’atris
1163 2765 1485 2816 incarnatum
1532 2765 1627 2817 fuit
1671 2760 1824 2819 n;ibis
1870 2769 2002 2822 liber

454 2834 745 2904 tirottiisstts
777 2844 828 2884 et
859 2842 1158 2899 proposdns
1187 2836 1249 2884 ad
1295 2836 1723 2900 exetnplandnni,
1753 2838 1815 2889 ad
1844 2854 1998 2904 quem

451 2901 653 2953 scilicet
696 2904 1174 2964 conscriberentur,
1204 2913 1256 2955 et
1300 2907 1382 2956 cui
1423 2901 1901 2961 t-ottlormaremur.
1940 2910 2003 2962 Et

446 2970 496 3019 in
529 2972 693 3036 capite
724 2972 877 3040 hujus
904 2974 1040 3034 libri,
1075 2973 1121 3023 id
1150 2982 1249 3035 est,
1285 2975 1334 3025 in
1372 2976 1476 3026 Deo
1525 2976 1678 3028 Patre
1728 2977 1824 3029 fuit
1874 2982 1999 3030 scri-

446 3049 602 3105 ptum.
634 3043 680 3093 id
711 3056 810 3103 εει,
845 3044 1062 3095 lirmiter
1091 3044 1403 3104 diSpositttn
1436 3055 1557 3097 ante
1587 3048 1760 3097 omnia
1807 3050 1997 3101 saecula

447 3110 513 3180 de
557 3110 785 3175 Christo,
819 3117 956 3180 quod
993 3128 1085 3179 pro
1120 3115 1269 3164 nobis
1302 3115 1621 3168 redimendis
1666 3132 1846 3169 veram
1892 3118 1999 3171 Deo

452 3177 593 3252 Patri
642 3177 1005 3233 obedientiam
1037 3183 1259 3234 deberet
1303 3185 1587 3247 exlnln-re,
1627 3187 1772 3252 juxta
1830 3187 1997 3242 illud:

446 3248 613 3317 Elegit
656 3267 747 3303 nos
776 3253 825 3303 in
870 3252 980 3318 ipso
1011 3264 1128 3304 ante
1170 3254 1572 3307 constitutionem
1618 3248 1814 3310 mundi.
1857 3256 2004 3313 Unde

444 3321 605 3373 dicit:
640 3319 702 3372 In
728 3323 889 3382 capite
916 3323 1050 3385 libri,
1078 3333 1179 3376 etc.

516 3391 819 3462 Anaurttiavi
844 3393 1098 3459 justitiam
1129 3402 1287 3445 tuam.
1320 3394 1459 3457 Dixi,
1491 3394 1725 3462 inquam,
1760 3399 1916 3450 venio
1937 3401 2002 3451 ad

442 3460 754 3531 solvendum
784 3476 958 3514 ieram
983 3464 1361 3516 obedientiam.
1393 3466 1455 3516 ιςι
1486 3460 1702 3517 νειιίριιδ
1734 3468 2000 3531 patiendo,

448 3530 739 3589 moriendo,
786 3533 1128 3600 resurgendo,
1178 3536 1476 3585 annttntiavi
1518 3536 1569 3587 in
1619 3530 1879 3588 evidentia
1928 3530 2000 3590 rei

442 3599 684 3663 iustitiam
710 3610 868 3661 tuam,
895 3604 941 3652 id
971 3612 1071 3653 est.
1104 3603 1257 3654 tidem
1283 3614 1423 3655 tuam
1450 3604 1849 3669 jttstilicantem.
1880 3608 2002 3661 Inde

442 3670 580 3721 enim
603 3672 763 3735 ctnpit
787 3674 914 3725 lides
942 3683 1117 3725 nostra
1144 3688 1241 3739 qua
1267 3673 1641 3738 jnstilicamur,
1668 3676 1807 3738 juxta
1838 3677 1996 3730 illud:

445 3739 677 3791 Mortuus
707 3752 777 3793 est
805 3753 1007 3810 pt'Opler
1042 3744 1223 3793 delicta
1255 3753 1444 3805 nostra,
1475 3757 1520 3794 et
1563 3747 1836 3795 resurrexit
1883 3763 2001 3811 pro-

440 3822 551 3873 pter
574 3812 989 3877 justt/irationem
1013 3824 1255 3865 nostrain.
1280 3814 1610 3883 danuntiavi,
1637 3816 1868 3881 inquam,
1906 3832 1999 3883 per

443 3896 525 3931 me
546 3892 598 3932 et
625 3896 769 3933 meos
787 3882 1039 3948 justitiam
1066 3893 1205 3934 luant
1230 3886 1280 3934 in
1300 3881 1548 3943 Ecclesia,
1572 3901 1674 3935 non
1707 3900 1883 3951 parva,
1906 3881 1996 3939 Sed

442 3966 647 4014 magna,
682 3951 730 4001 id
779 3961 877 4012 est,
911 3954 1101 4017 ubique
1135 3964 1392 4005 terrarum
1436 3955 1648 4008 ditlusa.
1680 3956 1770 4007 Vel
1814 3957 1864 4006 in
1898 3956 1998 4007 Ec-

441 4016 594 4089 etesia
623 4036 726 4070 non
770 4019 877 4085 jam
926 4016 1157 4081 inlirma,
1188 4024 1278 4073 sed
1328 4038 1532 4089 magna,
1568 4024 1615 4074 id
1647 4034 1747 4086 est,
1779 4024 1896 4078 {oili
1946 4037 1998 4079 et

444 4088 614 4140 lirtna.
651 4089 800 4140 Prius
827 4088 965 4140 enim
998 4108 1117 4141 cum
1160 4090 1333 4143 adhuc
1365 4088 1669 4144 dubitarent
1704 4097 1768 4145 de
1812 4110 1991 4148 resut‘o

442 4158 697 4219 reetione,
729 4159 965 4210 Ecclesia
989 4162 1193 4211 inlirma
1223 4161 1338 4212 fuit.
1367 4163 1529 4228 Cujus
1555 4164 1774 4214 formant
1809 4164 1995 4218 Petrus

441 4229 622 4294 gessit,
654 4228 864 4295 quando
892 4231 955 4279 ad
990 4244 1167 4281 vocem
1209 4232 1411 4303 ancillae
1444 4232 1721 4283 Dominum
1761 4246 1990 4303 negavit.

444 4300 721 4365 Postquam
770 4313 893 4350 vero
942 4310 1253 4366 resurgente
1284 4299 1504 4353 Domino
1533 4302 1662 4353 certi
1703 4303 1769 4354 de
1815 4299 1992 4355 r'esnr-

443 4368 677 4421 reCIione
725 4367 893 4438 l'ntnra
945 4371 1061 4420 tacti
1107 4380 1258 4433 sunt,
1308 4381 1431 4422 tunc
1479 4372 1705 4438 primum
1756 4372 1992 4427 Ecclesaa

439 4439 589 4490 l'ortis
623 4439 736 4492 l'uit.
760 4437 923 4506 Cujus
945 4440 1102 4491 etiam
1136 4451 1311 4510 typum
1346 4440 1481 4492 idem
1515 4443 1697 4493 Petrus
1723 4444 1770 4493 ιιι
1796 4456 1853 4495 se
1876 4443 1989 4510 ipso

439 4498 856 4574 repraesentavit:
879 4526 997 4561 cum
1029 4498 1204 4562 corain
1239 4509 1557 4576 principibus
1580 4511 1708 4563 dixit
1735 4529 1745 4563 :
1777 4498 1992 4566 Ubetiire
2026 4498 2071 4556 ο

440 4576 542 4629 υεο
568 4580 728 4651 magis
757 4588 952 4644 oportet
995 4596 1142 4647 quant
1189 4581 1343 4632 vobis.
1376 4582 1719 4648 Aunutttiavi,
1752 4584 1986 4651 inquam,

433 4658 484 4699 ct
513 4648 850 4700 annuntiabo.

510 4715 641 4770 Ecce
672 4719 804 4770 labia
834 4736 964 4772 mea.
992 4721 1149 4783 Quasi
1177 4719 1315 4771 dieat
1343 4737 1356 4771 :
1385 4721 1519 4775 Ecce
1553 4736 1674 4786 puta
1699 4722 1838 4790 quod
1873 4738 1994 4777 vere

438 4790 781 4857 amntntiabo,
812 4806 931 4851 quia
980 4806 1079 4840 non
1124 4790 1415 4857 prohibebo,
1447 4792 1495 4842 id
1534 4801 1636 4855 est,
1671 4809 1772 4845 non
1821 4793 1991 4846 sinam

440 4854 725 4922 prohiberi,
759 4859 893 4909 labia
937 4875 1067 4923 mea,
1122 4854 1169 4912 id
1215 4873 1325 4923 est,
1373 4876 1643 4926 prtecmtes
1694 4878 1865 4926 meos,
1901 4880 1993 4928 per

440 4941 573 4990 quos
615 4929 754 4978 velut
793 4944 887 4998 per
928 4930 1059 4980 labia
1094 4932 1298 4994 loquar,
1333 4938 1398 4983 ab
1438 4934 1857 4985 annuntiatione.
1902 4933 1991 4986 Vel

439 5011 717 5062 possumus
747 5012 985 5063 aceipeie
1027 5014 1117 5064 per
1145 4998 1279 5051 labia
1311 5014 1428 5065 qua:
1460 5002 1641 5053 mollia
1671 5013 1812 5064 sunt,
1845 5005 1990 5056 solos

438 5066 710 5119 molliores
740 5076 794 5118 ct
824 5068 1139 5121 inﬁrmiores
1162 5068 1298 5121 inter
1330 5086 1618 5137 j‘iraecctttes.
1654 5084 1708 5123 ut
1745 5073 1812 5123 sit
1844 5074 1989 5123 locus

436 5151 465 5188 ει
499 5137 703 5204 majori,
736 5138 881 5201 juxta
920 5138 1042 5189 illud
1079 5138 1213 5191 beati
1259 5139 1397 5191 Job:
1437 5138 1681 5192 ﬂere/icta
1710 5153 1828 5194 sunt
1858 5144 1991 5194 labia

433 5209 569 5259 circa
594 5209 764 5258 dentes
791 5223 943 5278 meos.
973 5208 1073 5259 Per
1101 5210 1286 5262 dentes
1310 5212 1472 5278 enim,
1503 5212 1591 5278 qui
1622 5211 1821 5264 lirtnius
1846 5229 1907 5263 os
1940 5216 1989 5264 in

439 5293 662 5344 corpore
690 5286 834 5337 sunt,
876 5276 1029 5330 fortis
1068 5280 1359 5331 constantia
1399 5276 1593 5335 Christi
1643 5282 1692 5332 iu
1748 5282 1991 5345 passione

438 5346 739 5418 accipienda
781 5356 880 5409 est,
909 5364 1062 5413 quem
1102 5364 1243 5409 ossa,
1275 5350 1325 5401 id
1352 5360 1453 5412 est,
1486 5351 1744 5417 Apostoli,
1776 5352 1862 5418 qui
1899 5367 1986 5403 ro-

438 5417 702 5471 bustiores
741 5426 891 5470 erant
938 5418 1076 5473 inter
1104 5429 1348 5486 caeteros,
1381 5421 1429 5471 in
1479 5424 1719 5486 passione
1750 5436 1854 5472 nou
1885 5420 1992 5471 cir-

437 5496 858 5557 cumsteterunt,
901 5491 1045 5555 quia,
1080 5489 1267 5540 relicto
1314 5506 1400 5552 eo,
1452 5488 1715 5557 fugerunt,
1750 5491 1839 5541 sed
1876 5492 1987 5541 sola

440 5556 599 5619 labia,
648 5555 695 5607 id
746 5567 859 5618 est,
904 5563 1167 5621 "mlieres,
1205 5574 1319 5626 qua:
1365 5555 1579 5625 propter
1620 5563 1891 5612 mollitiem
1938 5569 1992 5609 et

434 5626 467 5674 [ι
484 5628 765 5691 agilitatem
790 5643 943 5679 sexus
970 5644 1057 5691 per
1082 5629 1214 5680 labia
1241 5630 1602 5695 designantur,
1627 5638 1824 5681 tinuum
1849 5630 1987 5680 circa

435 5709 553 5744 ιιιιιιι
586 5704 869 5759 steterunt,
899 5698 1043 5761 juxta
1077 5699 1212 5762 quod
1250 5698 1300 5750 in
1335 5701 1574 5764 passione
1602 5702 1795 5767 legztnr
1823 5717 1833 5751 :
1872 5698 1989 5749 Non

429 5764 611 5823 statim,
650 5764 881 5833 inquam,
915 5768 1045 5817 labia
1084 5768 1358 5835 prohibtri,
1395 5778 1446 5821 et
1497 5770 1613 5823 ideo
1658 5764 1766 5823 non
1812 5774 1987 5839 prohi-

2130 528 2297 603 leci‘sti
2327 545 2418 603 eos
2444 543 2565 603 esse
2597 531 2745 591 tales,
2777 532 2865 596 qtti
2898 546 2998 583 non
3047 542 3262 597 possent
3309 534 3464 589 facile
3498 528 3691 603 prohi-

2126 596 2259 659 beri,
2291 601 2413 665 quia
2444 600 2548 650 scis
2580 614 2670 651 eos
2715 602 2909 653 habt-re
2940 604 2989 653 in
3023 596 3204 664 corde,
3236 606 3374 670 quod
3416 596 3613 662 sonant
3645 614 3690 666 in

2122 682 2238 740 ore.
2271 669 2332 719 lat
2354 670 2651 736 quicunque
2680 672 2956 740 veritatem
2991 672 3187 724 lmbent
3217 669 3270 725 in
3299 675 3480 740 corde,
3517 680 3549 729 ii
3584 697 3685 736 nam

2124 737 2277 790 facile
2326 749 2546 805 possunt
2604 739 2908 806 prohiberi,
2967 740 3097 808 quin
3142 756 3259 795 eam
3315 737 3603 813 loquantur
3644 754 3690 806 iu

2124 820 2242 860 ore.

2188 874 2802 956 JustitiamltuamaYere
2833 895 2932 929 non
2957 880 3389 956 prohibebolabia
3414 902 3547 951 mea,
3573 888 3689 956 quia

2121 960 2221 995 non
2251 947 2490 1019 abscondi
2525 948 2785 1015 justitiam
2837 958 2974 999 tuam
3018 954 3071 1001 in
3117 953 3271 1004 corde
3315 970 3445 1015 meo.
3486 947 3544 1009 id
3589 947 3687 1019 est,

2124 1029 2386 1079 meorum,
2418 1017 2467 1066 id
2498 1029 2609 1076 est.
2644 1032 2744 1069 non
2776 1019 2946 1071 sinam
2990 1029 3047 1071 ut
3091 1022 3192 1074 tnei
3242 1023 3579 1080 abscondant
3630 1017 3687 1081 lié

2121 1082 2240 1136 dem
2274 1095 2411 1136 tuam
2462 1085 2837 1150 jnstiticantetn
2873 1090 2921 1138 in
2967 1090 3126 1142 corde
3155 1105 3272 1151 suo,
3319 1094 3422 1145 imo
3448 1098 3513 1147 ad
3551 1099 3687 1151 utili-

2123 1163 2283 1230 tatem
2318 1157 2679 1230 prosilueritin
2711 1159 3047 1230 aunttntient.
3077 1158 3173 1211 Est
3198 1162 3337 1214 enim
3362 1162 3568 1230 justilia
3599 1168 3685 1220 Dei

2122 1222 2173 1274 in
2208 1226 2370 1277 corde
2399 1224 2794 1288 abscondenda,
2820 1237 2872 1279 et
2904 1244 3006 1279 non
3037 1240 3119 1282 est
3151 1222 3553 1288 abscondenda.
3587 1240 3690 1291 Ab-

2118 1293 2422 1369 scontlettda
2446 1308 2523 1347 est
2554 1298 2604 1348 in
2627 1298 2807 1361 corde,
2838 1297 3015 1369 idest,
3050 1300 3358 1353 meumriter
3381 1305 3683 1369 retinenda,

2124 1379 2188 1413 ne
2230 1366 2349 1429 quis
2380 1376 2579 1415 temere
2611 1376 2812 1432 peccet.
2846 1366 2994 1419 Unde
3027 1369 3147 1419 alibi
3181 1370 3409 1424 dicitur:
3444 1370 3511 1424 In
3539 1366 3689 1429 corde

2120 1448 2226 1484 meo
2247 1435 2483 1484 abscondi
2510 1436 2709 1503 eloquia
2739 1444 2848 1499 tua,
2885 1446 2941 1487 ut
2963 1453 3059 1489 non
3090 1454 3286 1504 peccem
3318 1442 3422 1492 tibi.
3459 1444 3573 1495 Non
3609 1458 3688 1498 est

2119 1511 2293 1555 autem
2339 1506 2733 1566 abscondenda,
2768 1506 2818 1558 id
2857 1516 2958 1569 est,
2991 1511 3349 1563 annuntiamla
3383 1512 3449 1563 ad
3486 1516 3683 1568 utilita~

2120 1582 2225 1652 tem
2258 1574 2508 1647 proximi.
2541 1574 2689 1653 Unde
2721 1574 2805 1627 hic
2847 1577 3075 1653 dicitur:
3109 1577 3228 1629 Non
3256 1580 3506 1653 abscondi
3528 1586 3687 1653 justi-

2120 1642 2239 1719 tiam
2276 1652 2416 1693 tuam
2463 1642 2533 1719 in_
2560 1645 2711 1719 corde
2745 1661 2891 1719 ineo.
2922 1646 2986 1719 Et
3027 1657 3107 1719 est
3137 1649 3433 1719 repetitum
3474 1642 3687 1719 prbpter

2121 1712 2245 1762 illud
2286 1715 2423 1779 quod
2471 1714 2636 1776 addit,
2683 1715 2902 1776 scilicet,
2932 1716 3063 1775 disi.
3098 1717 3146 1768 id
3178 1728 3279 1780 est,
3315 1712 3504 1772 iaciam
3540 1712 3685 1776 aneos

2120 1782 2298 1859 dicere
2320 1795 2370 1835 et
2398 1796 2713 1837 annunttare
2732 1787 2981 1839 veritates
3010 1796 3124 1841 tuas
3145 1804 3261 1855 qua:
3286 1803 3688 1859 consequuntur

2119 1851 2205 1901 illa
2240 1863 2523 1916 prarcepta.

2184 1920 2305 1973 Non
2329 1922 2567 2001 abscondi
2590 1924 2845 2001 ceritatem
2872 1934 3033 1977 tuam.
3050 1926 3114 2001 ‘ld
3138 1936 3240 2001 est,
3262 1942 3386 1981 vera
3418 1942 3685 2001 praecepta

2116 1996 2221 2052 tua,
2257 2004 2300 2042 et
2328 1994 2550 2044 salutare
2580 2003 2741 2057 tuum,
2768 1993 2816 2045 id
2848 2004 2951 2060 est,
2983 1996 3334 2051 salvationem
3360 2014 3387 2050 a
3419 1993 3475 2053 te
3506 1993 3685 2055 datam

2114 2073 2205 2124 per
2235 2077 2318 2114 me
2349 2064 2435 2129 qui
2467 2076 2581 2115 sum
2611 2064 2841 2117 salutare
2874 2073 3042 2126 tuum,
3072 2066 3122 2117 id
3156 2075 3261 2129 est,
3291 2069 3423 2121 dans
3454 2072 3686 2126 salutem

2113 2131 2343 2182 lmmano
2374 2138 2577 2199 generi.
2607 2133 2669 2185 Et
2696 2148 2819 2185 vere
2845 2132 3021 2187 dicent
3052 2137 3153 2188 mei
3184 2138 3445 2191 veritatem
3473 2152 3620 2193 tuam
3640 2154 3683 2194 et

2108 2201 2351 2259 salutare,
2384 2204 2502 2269 quia
2530 2219 2623 2270 ego
2652 2218 2754 2255 non
2798 2204 3069 2266 abscondi,
3116 2206 3166 2257 id
3212 2216 3312 2271 est,
3357 2224 3463 2261 non
3510 2212 3684 2263 sinam

2111 2284 2259 2321 meos
2306 2272 2634 2325 abscondere
2685 2274 3081 2326 misericordiam
3133 2285 3271 2327 tuam
3314 2287 3361 2328 et
3419 2282 3683 2334 ueritath

2109 2348 2268 2393 tuam.
2304 2342 2715 2394 Misericordiam
2760 2344 2995 2409 quidem,
3038 2359 3137 2412 qua
3170 2361 3330 2399 vocas
3367 2358 3418 2400 et
3460 2360 3682 2415 peccat.

2106 2415 2401 2481 condonas,
2435 2414 2710 2465 veritatem
2756 2428 2901 2475 vero,
2932 2430 3031 2481 qua
3065 2416 3251 2467 merita
3285 2414 3605 2472 retnuneras
3634 2435 3683 2473 et

2108 2479 2299 2545 imples
2330 2484 2588 2548 promissa
2618 2484 2775 2534 etiam
2808 2500 2838 2533 a
2866 2479 3079 2536 concilio
3110 2488 3288 2548 multo,
3323 2487 3372 2539 id
3400 2499 3506 2550 est,
3558 2492 3683 2543 licet

2108 2552 2389 2604 multitudo
2424 2568 2607 2621 tmtgna
2636 2552 3061 2606 adversariorum
3106 2558 3410 2620 conveniat,
3441 2573 3549 2610 non
3602 2570 3678 2611 ta-

2108 2636 2226 2671 men
2276 2623 2465 2674 titnore
2493 2639 2676 2675 eorum
2710 2623 2979 2676 dimittent
3026 2624 3129 2677 mei
3159 2628 3476 2680 annuntiare
3508 2632 3675 2682 mise-

2106 2690 2390 2765 ricordiam
2422 2699 2475 2744 et
2515 2696 2820 2754 veritatem,
2857 2695 3003 2765 juxta
3053 2694 3222 2747 illud:
3255 2694 3406 2749 Ibant
3448 2702 3682 2765 apostoli

2104 2763 2381 2825 gaudentes
2422 2778 2453 2812 a
2498 2774 2767 2836 conspectu
2796 2764 3027 2836 concilii,
3057 2767 3297 2836 quoniam
3335 2763 3492 2836 digni
3519 2770 3682 2821 habiti

2104 2840 2221 2903 sunt
2254 2847 2344 2895 pro
2370 2833 2711 2903 nomineJesu
2732 2835 3087 2903 contumeliam
3119 2835 3246 2903 pati.

2182 2899 2261 2977 'I'u_
2296 2912 2492 2966 autem,
2538 2901 2773 2977 Domine.
2826 2901 2923 2955 llic
2971 2899 3155 2977 incipit
3204 2920 3359 2977 orare
3401 2916 3457 2960 ut
3506 2910 3680 2977 gratia

2106 2969 2262 3035 priori
2316 2976 2506 3037 populo
2537 2973 2794 3038 promissa
2823 2985 2877 3025 et
2907 2969 3104 3040 pariter
3130 2975 3388 3039 exhibita,
3419 2969 3683 3031 exhibea-

2108 3049 2190 3111 tur
2221 3040 2379 3093 etiam
2410 3042 2513 3093 illis
2556 3044 2674 3094 aliis
2710 3043 2919 3105 ovibus,
2949 3046 3015 3096 de
3055 3048 3318 3111 gentibus.
3349 3049 3583 3100 scilicet.
3620 3050 3684 3101 Et

2109 3110 2187 3161 sic
2219 3113 2557 3164 continuatur
2583 3128 2594 3162 :
2622 3111 2721 3165 Mei
2754 3114 2948 3164 lactent
2975 3110 3112 3179 quod
3145 3131 3297 3167 suum
3326 3120 3445 3169 erit.
3474 3116 3553 3168 Tn
3586 3135 3683 3168 au-

2106 3190 2235 3241 tem,
2279 3179 2514 3253 Domine,
2564 3197 2650 3249 qut
2698 3197 2757 3234 es
2809 3182 2941 3234 Deus
2989 3185 3053 3235 de
3100 3186 3273 3253 longe,
3318 3196 3373 3239 et
3420 3187 3561 3239 Deus
3613 3191 3682 3241 de

2106 3264 2267 3322 prope
2296 3266 2311 3322 ξ
2339 3252 2417 3322 de
2438 3252 2613 3322 longe
2660 3253 2870 3322 quidem
2907 3252 3269 3318 peccatoribus
3314 3269 3363 3308 et
3395 3258 3675 3322 superbis.

2103 3320 2241 3393 sicut
2295 3319 2563 3393 Phariszco
2610 3320 2793 3393 merita
2827 3337 2917 3373 sua
2956 3324 3199 3387 jactunti,
3230 3326 3295 3377 de
3344 3319 3507 3393 prope
3546 3343 3681 3380 vero

2104 3390 2256 3442 bonis
2281 3401 2332 3441 et
2362 3391 2669 3453 humilibus,
2700 3391 2834 3444 sicut
2862 3392 3149 3445 Publicano
3174 3405 3394 3459 peccata
3422 3390 3516 3448 sua
3540 3411 3679 3449 con-

2104 3462 2302 3520 litenti;
2339 3469 2415 3521 tu,
2458 3461 2691 3525 inquam,
2729 3466 2808 3513 lac
2838 3464 2979 3529 quod
3014 3476 3159 3515 tuum
3204 3475 3308 3527 est,
3349 3465 3580 3530 scilicet,
3619 3486 3682 3522 ne

2101 3530 2251 3593 longe
2295 3530 2455 3597 [arias
2504 3532 2846 3582 miserationes
2891 3543 3025 3591 tuas,
3061 3533 3111 3584 id
3157 3545 3266 3594 est,
3311 3536 3681 3591 exhibitiones

2101 3603 2285 3663 gratia:
2338 3610 2438 3650 tua:
2468 3617 2499 3650 a
2531 3617 2627 3662 nte,
2673 3602 2723 3652 id
2755 3611 2855 3665 est,
2887 3606 2953 3653 ab
2984 3601 3066 3653 his
3104 3605 3189 3670 qui
3228 3604 3388 3657 futuri
3436 3618 3564 3658 sunt
3611 3610 3681 3662 de

2102 3670 2218 3741 aliis
2241 3671 2447 3731 ovibus,
2476 3672 2522 3721 id
2555 3680 2655 3732 est,
2682 3670 2745 3741 da
2777 3680 2832 3723 ut
2863 3686 3134 3736 praecones
3164 3678 3266 3725 mei
3305 3684 3519 3741 paratos
3542 3679 3680 3731 obe-

2100 3738 2298 3790 ditores
2332 3741 2597 3791 inveniam
2629 3742 2680 3791 in
2728 3740 2832 3791 illis
2876 3741 2992 3794 aliis
3041 3744 3246 3796 ovibus.
3282 3738 3345 3795 Et
3394 3760 3518 3798 vere
3570 3764 3677 3798 non

2100 3808 2248 3875 longe
2278 3810 2454 3876 facias,
2491 3813 2610 3874 quia
2644 3809 2991 3862 misericordia
3023 3821 3067 3862 et
3099 3815 3282 3865 veritas
3312 3824 3423 3875 tua,
3455 3818 3677 3869 miscri-

2099 3880 2277 3930 cordia
2326 3881 2536 3944 quidem
2586 3894 2686 3945 qna
2736 3889 2947 3945 peccata
2980 3884 3271 3944 condonas,
3307 3887 3503 3937 veritas
3537 3902 3675 3939 vero

2098 3962 2198 4015 qua
2240 3951 2427 4000 merita
2484 3964 2812 4010 temuneras,
2861 3966 3053 4018 semper
3094 3963 3422 4018 susceperunt
3470 3970 3575 4016 me,
3622 3957 3673 4007 id

2098 4028 2201 4080 est,
2234 4035 2398 4069 meos.
2456 4018 2563 4071 lloc
2606 4029 2708 4082 est,
2759 4034 3026 4086 nunquam
3076 4022 3360 4075 defuerunt
3411 4029 3547 4077 meis
3602 4026 3674 4077 dt:

2098 4086 2258 4152 priori
2294 4088 2507 4154 populo,
2538 4089 2629 4140 sed
2679 4104 2893 4154 semper
2934 4094 3207 4145 consolata
3238 4103 3363 4145 sunt
3393 4108 3508 4147 eos.
3554 4094 3676 4147 Non

2098 4158 2259 4219 enim,
2290 4158 2439 4222 quasi
2467 4159 2624 4220 dicat,
2664 4162 2923 4211 auderent
2951 4162 3211 4221 converti,
3255 4163 3355 4215 nisi
3400 4166 3577 4216 secnri
3610 4165 3681 4218 de

2098 4226 2446 4288 remissione;
2480 4242 2575 4278 nec
2611 4240 3032 4293 perseverarent,
3064 4231 3163 4283 nisi
3191 4231 3367 4285 securi
3396 4235 3463 4285 de
3496 4250 3681 4287 rentu-

2098 4298 2393 4347 neratione.
2430 4297 2491 4347 tit
2535 4300 2669 4349 sicut
2700 4313 2914 4363 semper
2943 4313 3291 4364 susceperunt
3320 4318 3404 4354 me
3433 4302 3488 4354 in
3535 4304 3676 4363 illis,

2098 4367 2164 4441 ita
2194 4366 2489 4441 suscipient
2521 4383 2604 4441 me
2630 4369 2679 4418 in
2714 4370 2827 4441 istis
2848 4369 2983 4421 aliis.
3014 4370 3286 4423 Exhibitio
3308 4387 3448 4425 ennn
3481 4384 3678 4441 ptime-

2097 4437 2317 4487 riturum
2346 4438 2606 4489 certitudo
2635 4448 2716 4489 est
2743 4438 3060 4492 futurorum.

2172 4507 2429 4568 Quoniam
2457 4508 2892 4559 circumdederunt
2916 4525 3011 4582 me.
3038 4512 3181 4575 Upus
3201 4519 3283 4563 est
3308 4520 3485 4563 utnon
3515 4513 3675 4582 longe

2098 4578 2259 4643 facias
2290 4578 2630 4629 miserationes
2661 4588 2792 4639 tuas,
2830 4581 3069 4644 quoniam
3112 4583 3554 4633 circumdederunt
3593 4578 3677 4635 me

2101 4648 2353 4712 nudique,
2390 4648 2437 4698 id
2483 4658 2584 4711 est,
2616 4662 2782 4705 meos.
2816 4650 2867 4699 in
2914 4648 3018 4701 illis
3057 4652 3248 4702 ovibus
3282 4655 3437 4711 mata,
3482 4653 3532 4704 id
3561 4665 3673 4711 est.

2098 4731 2311 4783 peccata
2338 4727 2433 4780 tot,
2461 4733 2671 4779 quorum
2700 4733 2800 4768 non
2825 4727 2894 4768 est
2921 4734 3182 4772 numerus.
3206 4721 3334 4784 Quis
3356 4722 3498 4773 enim
3526 4722 3676 4774 scire

2097 4787 2294 4838 snl'ticit
2319 4802 2602 4857 numerum
2629 4787 2836 4839 illorum
2862 4790 3143 4851 malorum,
3172 4806 3265 4856 pro
3287 4791 3479 4857 quibus
3501 4793 3678 4857 gemit

2105 4858 2194 4909 ille
2223 4862 2311 4923 qui
2343 4856 2505 4907 dicit:
2540 4855 2613 4906 Ab
2644 4860 2855 4908 occultis
2888 4859 3009 4909 meis
3041 4855 3232 4910 munita
3262 4855 3357 4921 me,
3382 4871 3431 4913 et
3454 4855 3521 4911 ab
3538 4862 3675 4911 alie-

2102 4929 2179 4977 nis
2212 4943 2362 4991 parce
2392 4943 2531 4977 servo
2561 4935 2667 4976 tuo.
2700 4926 2769 4977 Et
2814 4941 2914 4978 neu
2960 4934 3130 4980 solum
3182 4931 3378 4983 leviora
3426 4943 3674 4995 peccata,

2102 5006 2155 5047 ut
2184 4997 2448 5059 ventalta,
2481 4996 2919 5047 circumdederunt
2948 5013 3026 5049 me
3062 4997 3114 5050 in
3147 5000 3299 5063 meis,
3328 5002 3420 5052 sed
3466 5001 3675 5067 iniqui-

2096 5074 2221 5118 tales
2269 5080 2409 5127 mete,
2451 5067 2498 5116 id
2529 5078 2630 5127 «Si,
2661 5067 2904 5132 graviora
2936 5079 3173 5132 peccata,
3204 5068 3254 5121 id
3295 5082 3397 5131 εει,
3430 5069 3672 5122 idolola-

2098 5140 2194 5188 tria
2224 5147 2277 5187 et
2326 5134 2618 5188 criminalia
2677 5135 2928 5197 quaslibet
2972 5138 3184 5189 illorum
3230 5141 3319 5205 qui
3351 5139 3507 5190 futuri
3538 5151 3672 5191 sum

2097 5208 2197 5257 mei
2225 5223 2272 5256 ιιι
2297 5207 2397 5257 illis
2421 5207 2536 5256 aliis
2554 5204 2758 5264 ovibus;
2778 5218 2830 5256 ει
2851 5221 2969 5269 qua:
2988 5222 3087 5273 ego
3111 5222 3175 5259 ex
3195 5204 3353 5259 nimia
3379 5208 3673 5261 aliectione

2096 5276 2233 5327 iacio
2261 5291 2397 5338 Illeu,
2423 5278 2909 5335 comprehenderunt
2938 5291 3036 5338 me,
3069 5278 3117 5328 id
3149 5286 3254 5338 est,
3294 5277 3413 5331 illos
3456 5281 3675 5329 luturos

2095 5361 2260 5397 tneos.
2294 5344 2360 5395 Et
2393 5349 2493 5397 hoc
2522 5346 2575 5397 in
2609 5352 2834 5408 tantum,
2858 5345 2998 5409 quod
3030 5362 3132 5398 non
3160 5347 3302 5414 potui
3334 5359 3385 5398 ut
3412 5346 3671 5408 viderem.

2094 5414 2144 5466 id
2176 5427 2286 5471 est.
2317 5416 2455 5481 quod
2498 5415 2815 5480 impotentes
2859 5425 2981 5467 sunt
3027 5414 3101 5468 illi
3148 5418 3251 5469 mei
3293 5418 3478 5470 videre
3524 5422 3678 5483 quod

2097 5484 2377 5537 videndum
2404 5495 2504 5537 est.
2539 5482 2735 5537 Oculus
2764 5483 2904 5536 enim
2952 5499 3138 5538 eorum
3170 5486 3376 5539 deliciis
3404 5482 3674 5547 caecatos,

2095 5564 2150 5605 et
2194 5554 2422 5620 peccatis
2472 5555 2847 5607 obtenebratus
2887 5568 2994 5606 non
3043 5563 3215 5621 potest
3260 5556 3441 5609 videre
3472 5556 3666 5609 lumen

2099 5628 2348 5688 veritatis,
2393 5623 2490 5676 nisi
2544 5624 2685 5692 prius
2725 5634 2991 5691 purgatus,
3019 5624 3162 5693 quod
3192 5641 3220 5677 a
3268 5628 3398 5679 solis
3443 5630 3671 5680 mundis

2097 5695 2343 5745 cordibus
2374 5696 2603 5750 videtur.

2171 5762 2223 5815 Μ
2234 5764 2497 5832 ultiplicati
2525 5775 2660 5818 sunt.
2693 5763 2826 5818 Vere
2860 5764 3146 5832 iniquilalcs
3172 5763 3678 5833 comprehenderunt
