3922 6190
308 393 412 447 691

1052 395 1113 448 IN
1157 396 1571 452 [ιδΑιΑιυῐιυιι
1612 395 1864 451 LIBRUM
1910 395 2263 451 EXEGESIS.
2308 425 2376 437 -ο
2411 398 2656 454 ΡΞΑΙΛΙ.
2699 397 2812 453 XL.

3451 402 3553 456 698

304 525 474 583 meos,
512 510 632 579 quia
682 510 1038 583 multiplicium
1078 521 1195 563 sunt
1242 529 1391 581 super
1418 514 1635 581 capillos
1683 514 1864 573 capitis
1898 512 1940 566 Α
1974 511 2021 583 id
2047 520 2131 583 est
2153 551 2186 583 ,Α
2211 528 2326 565 sum
2356 513 2727 574 comparabils
2758 513 3020 567 mendico.
3064 512 3161 577 Qui
3191 523 3244 566 et
3274 515 3315 567 si
3348 515 3546 583 aliquid

305 583 423 645 mei,
457 582 505 632 id
535 589 636 641 est,
668 596 922 639 nieorum,
956 580 1073 648 quia
1106 596 1224 633 eum
1256 583 1430 648 capilli
1470 586 1518 633 in
1550 583 1865 647 quibusdam

300 656 409 704 sint
454 651 831 713 numerabiles,
878 651 1003 713 ips:e
1048 652 1348 716 iniquitates
1398 661 1522 704 sunt
1567 654 1867 705 innumera-

306 725 461 775 lnles.
492 720 639 773 Ltcet
674 721 817 772 enim
861 720 1051 786 aliquis
1082 722 1179 773 sibi
1212 731 1393 772 caveat
1436 738 1462 773 a
1510 723 1647 773 mole
1680 738 1868 789 pecca-

303 803 501 853 torum,
537 790 584 841 id
616 799 717 852 est,
752 805 781 841 a
807 791 1189 849 criminalibus,
1227 799 1303 843 tot
1326 801 1497 843 tatneu
1530 805 1650 843 sunt
1680 795 1862 844 venia-

305 865 370 913 lia
407 877 523 926 qua:
557 860 839 912 committit
869 864 1029 911 et'atn
1064 860 1214 911 unius
1258 859 1384 922 dici,
1411 865 1549 928 quod
1585 877 1863 913 nmnerum

302 932 587 985 excedunt.
625 929 716 982 Vel
749 945 841 995 per
866 930 1083 997 capillos
1115 931 1298 996 capitis
1325 929 1440 997 ejus
1473 946 1749 995 possumus
1779 948 1867 983 ac-

298 1016 479 1068 cipere
510 1014 781 1064 praecones
807 998 923 1066 ejus
950 998 1129 1057 Verbi,
1154 1001 1240 1064 qui
1271 1012 1428 1065 caput
1458 1010 1562 1063 est,
1594 1003 1662 1053 ita
1684 1002 1865 1053 adlue-

302 1084 479 1123 rentes
522 1078 576 1123 et
618 1086 739 1121 emn
778 1080 1047 1132 oruantes,
1078 1071 1215 1121 sicut
1260 1070 1430 1135 capilli
1465 1070 1741 1123 adbterent
1773 1085 1862 1122 cae

302 1142 418 1201 υἰιί,
446 1151 493 1193 et
529 1148 721 1190 ornant
752 1138 897 1199 illud,
924 1137 1071 1205 juxta
1103 1138 1239 1203 quod
1273 1140 1347 1190 sic
1387 1138 1630 1192 dicetur:
1664 1141 1717 1191 In
1750 1152 1866 1191 tan-
1926 1178 1929 1181 ν

301 1223 410 1261 ιιιιιι
452 1209 805 1275 ηιιιίιῑριςείιιω
830 1219 943 1260 sunt
964 1209 1539 1278 iniquitatesmeorum,
1572 1211 1712 1278 quod
1742 1222 1863 1261 sunt

295 1296 449 1343 super
480 1279 713 1345 capillos,
747 1280 793 1330 id
835 1287 935 1337 est,
979 1279 1118 1345 quod
1150 1277 1415 1330 excedunt
1449 1280 1565 1330 illos
1611 1280 1699 1347 qui
1743 1290 1865 1331 sunt

302 1352 432 1401 mihi
464 1349 621 1413 capiti
671 1348 1003 1400 adharentes
1049 1358 1104 1399 ιιι
1134 1348 1335 1412 Capilli,
1370 1349 1416 1400 id
1457 1360 1560 1411 est,
1593 1350 1866 1402 excellunt

294 1432 485 1471 omnes
528 1432 798 1485 prmcoztes
844 1433 1010 1479 mens,
1054 1417 1279 1479 scilicet,
1312 1418 1449 1485 quod
1486 1435 1575 1484 per
1616 1434 1707 1472 eos
1759 1436 1863 1472 non

296 1499 518 1555 possunt
559 1488 697 1539 ablui
742 1496 795 1540 et
825 1486 990 1539 deleri
1022 1486 1136 1539 sine
1165 1501 1355 1553 magno
1386 1497 1475 1540 tuo
1505 1498 1553 1539 et
1586 1488 1863 1541 tllaltilns‘lt)

292 1560 515 1611 auxilio.
549 1558 721 1624 Quare
750 1571 970 1609 necesse
1000 1566 1082 1609 est
1112 1566 1167 1608 ιιι
1196 1573 1298 1608 non
1347 1558 1494 1623 longe
1522 1558 1681 1624 facias
1712 1560 1863 1611 mise-

290 1631 521 1682 rationes
568 1644 696 1690 tuas,
744 1637 796 1679 ει
840 1626 957 1679 ideo
1002 1628 1052 1678 iu
1104 1636 1303 1678 tantum
1352 1629 1701 1690 multiplicntte
1747 1639 1863 1680 sunt

290 1700 608 1763 iniquitates,
642 1697 761 1763 quia
802 1713 888 1749 cor
916 1712 1108 1756 meum,
1144 1696 1193 1748 id
1241 1706 1343 1758 est,
1381 1712 1639 1756 ineorum,
1681 1700 1864 1751 dereli-

288 1773 404 1838 quit
436 1786 533 1826 me,
569 1770 616 1820 id
649 1777 751 1831 est,
786 1782 953 1819 meos.
986 1766 1311 1838 Nectnirum
1356 1770 1396 1817 si
1437 1767 1717 1835 tle-reliquit
1746 1784 1858 1832 eos,

1973 581 2126 633 habet
2157 581 2220 633 de
2248 598 2324 643 se,
2361 599 2542 647 parum
2578 594 2749 635 tamen
2780 592 2877 634 est.
2929 584 2987 634 Et
3031 584 3148 635 ideo
3182 586 3302 648 petit
3337 586 3401 635 ab
3432 581 3547 639 aliis

1968 652 2105 722 quod
2142 652 2237 701 sibi
2269 653 2438 704 deest.
2489 654 2552 704 Et
2597 670 2711 704 sum
2745 653 3117 717 comparabilis
3153 656 3407 718 pauperi,
3456 658 3546 722 qui

1970 720 2097 771 nihil
2126 735 2340 785 prorsus
2366 738 2456 786 per
2479 739 2534 774 se
2560 723 2737 778 habet.
2767 724 2883 788 quia
2912 723 3038 772 nihil
3064 726 3127 775 de
3152 739 3235 774 me
3259 720 3541 788 praesumo,

1970 790 2098 841 nihil
2127 804 2153 839 a
2190 806 2272 842 me
2306 793 2498 843 habere
2529 804 2651 858 puto
2682 810 2695 853 ;
2749 800 2804 843 et
2854 792 2971 843 ideo
3021 792 3265 843 Dominus
3294 795 3543 847 sollicitus

1966 868 2039 910 est
2074 862 2187 921 mei,
2224 860 2273 911 id
2303 871 2403 920 est.
2434 877 2612 913 curam
2646 862 2799 913 habet
2831 861 2895 912 de
2924 876 3024 913 me.
3059 864 3154 926 Qui
3186 863 3329 913 enim
3358 879 3539 916 Curam

1969 927 2149 979 lubuit
2178 929 2242 980 de
2272 940 2340 992 te,
2372 945 2491 981 cum
2525 947 2625 982 nou
2656 946 2825 993 esses,
2868 942 2921 981 ut
2952 944 3119 987 esses,
3154 947 3325 983 nonne
3356 948 3535 985 curam

1969 997 2180 1067 habebit
2206 999 2272 1051 de
2302 1009 2372 1061 te,
2406 1015 2523 1051 cum
2550 1000 2657 1066 jam
2690 1001 2761 1052 sis
2786 1002 2922 1067 quod
2958 1002 3118 1051 voluit
3142 1011 3196 1050 ut
3223 1004 3407 1053 esses?
3440 1002 3541 1053 Ila-

1968 1065 2113 1119 behit
2140 1068 2339 1133 utique,
2371 1070 2489 1137 quia
2521 1065 2681 1122 omnis
2714 1065 2873 1136 qui—se
2900 1069 3111 1129 exultat,
3146 1070 3516 1123 liumiliabitur.

2039 1136 2260 1206 Adjutor
2288 1136 2444 1190 meus.
2476 1139 2748 1192 Convertit
2789 1154 2844 1191 se
2879 1140 2976 1190 iste
3011 1138 3314 1191 humiliatus
3344 1142 3407 1193 ad
3438 1141 3543 1193 Do-

1967 1207 2166 1259 minum
2218 1207 2566 1260 lamiliariter.
2614 1210 2771 1271 Quasi
2821 1209 2996 1260 dicat:
3052 1208 3180 1261 Vere
3224 1209 3402 1263 dicunt
3448 1226 3545 1265 cu-

1968 1292 2077 1328 ram
2108 1277 2267 1329 babos
2295 1277 2360 1329 de
2389 1293 2493 1339 me,
2522 1278 2643 1344 quia
2675 1290 2725 1330 tu
2759 1279 2891 1331 Deus
2920 1279 3154 1329 onmium
3188 1293 3279 1343 per
3303 1290 3543 1332 naturain

1965 1362 2016 1398 es
2044 1347 2255 1415 adjutor
2278 1363 2417 1399 meus
2451 1350 2498 1400 in
2534 1349 2672 1399 bono
2698 1348 3035 1413 perﬁciendo,
3064 1358 3108 1399 et
3129 1358 3383 1414 protector
3410 1366 3546 1403 meus

1969 1415 2021 1467 in
2050 1417 2191 1468 malo
2214 1416 2496 1469 devitanda
2521 1435 2534 1481 ;
2566 1425 2620 1469 et
2648 1418 2764 1471 ideo
2795 1434 2855 1470 ne
2884 1419 3159 1470 tardaveris
3183 1457 3198 1480 ,
3240 1418 3287 1470 id
3314 1428 3396 1472 est
3420 1458 3436 1483 ,
3482 1435 3547 1472 ne

1964 1485 2177 1539 differas
2236 1488 2548 1552 promissam
2605 1487 2982 1540 beatitudinem
3041 1496 3095 1539 et
3154 1487 3545 1543 Itaércditatem.

1970 1555 2193 1607 Possunt
2226 1566 2279 1608 et
2306 1557 2459 1609 aliter
2485 1557 2536 1609 lii
2568 1556 2672 1608 duo
2702 1572 2885 1611 versus
2920 1557 3041 1625 legi,
3067 1558 3287 1622 scilicet,
3308 1568 3363 1609 ut
3388 1570 3545 1626 caput

1969 1626 2068 1677 hoc
2111 1626 2255 1677 dicat
2300 1626 2349 1676 in
2396 1641 2617 1693 persona
2650 1627 2750 1678 sui.
2781 1626 2936 1679 Juxta
2986 1627 3122 1694 quod
3176 1628 3250 1680 sic
3294 1628 3496 1681 dicetur
3532 1646 3547 1685 :

1967 1694 2093 1747 Dico
2123 1695 2355 1761 Optanda
2386 1706 2449 1765 ut
2470 1697 2639 1747 dicant
2684 1695 3039 1765 Magniﬁcetur
3072 1695 3319 1747 Dominus
3344 1736 3357 1759 ,
3399 1708 3453 1751 et
3484 1710 3541 1751 ut

1968 1779 2026 1817 se
2064 1764 2361 1817 ltumilient.
2417 1764 2483 1817 Ut
2529 1775 2703 1817 autem
2756 1764 2855 1817 hoc
2900 1766 3126 1827 faciant,
3158 1766 3276 1818 dedi
3324 1767 3402 1820 eis
3457 1785 3541 1820 tne

288 1834 417 1901 quia
464 1840 608 1905 prius
649 1838 930 1903 dereliquit
971 1848 1043 1911 te.
1086 1836 1139 1889 Si
1172 1836 1313 1887 enim
1360 1834 1739 1911 Cognoscerent
1786 1850 1861 1902 te,
1900 1853 1946 1911 Β
1972 1836 2288 1911 exetnpltnu.
2319 1834 2449 1897 Quia
2495 1851 2583 1904 ego
2614 1850 2941 1911 cumessetn
2967 1835 3279 1911 divesapud
3310 1838 3544 1911 Patrem,

288 1919 680 1979 cognoscerent
708 1914 761 1959 et
788 1922 877 1967 se;
907 1917 959 1960 et
1002 1908 1045 1959 si
1085 1923 1146 1979 se
1190 1917 1591 1979 cognoscerent,
1626 1918 1677 1960 tu
1723 1910 1865 1977 igno-

289 1976 502 2032 sceres.
540 1980 688 2029 llltuu
743 1992 835 2029 cor
865 1992 1016 2028 suum
1067 1976 1404 2043 derelinquit,
1434 1976 1520 2043 qui
1553 1979 1619 2029 de
1648 1995 1705 2029 se
1737 1976 1869 2045 pra:-

286 2054 481 2109 snmit,
511 2059 566 2101 et
601 2048 967 2099 iulirmitatem
1015 2062 1161 2100 suam
1214 2061 1315 2097 non
1368 2050 1721 2114 recognoscit,
1772 2066 1870 2104 nec

287 2130 510 2185 peccata
541 2131 634 2170 sua
664 2118 914 2170 attendit.
953 2118 1165 2169 Petrum
1197 2131 1425 2181 namque
1464 2132 1554 2168 cor
1583 2132 1737 2170 suum
1780 2121 1873 2171 de-

284 2189 525 2254 reliquit,
564 2204 682 2241 cutn
713 2188 779 2240 de
805 2201 863 2239 se
895 2186 1229 2252 prmsmnpsit
1257 2186 1441 2239 dicens
1466 2202 1481 2240 :
1514 2186 1751 2251 Domine,
1780 2191 1873 2241 etsi

283 2259 569 2325 oportuerit
599 2274 675 2309 me
704 2258 832 2309 mori
868 2266 1054 2320 tecum,
1100 2273 1200 2308 non
1232 2266 1278 2308 te
1308 2258 1517 2325 negabo.
1548 2258 1698 2321 Quod
1734 2269 1865 2313 S;ll!8

288 2344 391 2397 per
419 2328 669 2381 cﬂ'ectum
700 2327 962 2391 apparuit.

360 2398 685 2465 Complaceat
715 2399 822 2461 tibi,
854 2397 1083 2449 Domine.
1135 2395 1194 2448 Et
1225 2397 1346 2463 quia
1386 2395 1436 2448 in
1468 2403 1666 2449 tantum
1696 2400 1869 2451 multi-

284 2470 494 2537 plicata:
514 2478 629 2521 sunt
653 2467 949 2533 iniquitatec
972 2482 1231 2530 meorum,
1248 2466 1365 2518 ideo
1389 2466 1604 2530 placuit,
1630 2471 1868 2531 Domine,

285 2536 440 2597 mihi.
475 2549 531 2591 nt
557 2548 890 2600 eruerentur,
915 2547 990 2601 et,
1024 2552 1233 2601 qtiaaso,
1277 2536 1587 2602 complaceat
1627 2539 1731 2595 tibi.
1768 2539 1877 2594 Do-

286 2613 445 2673 mine,
468 2610 625 2663 etiam
657 2619 706 2659 ut
733 2624 882 2659 eruas
911 2624 1006 2669 me,
1033 2606 1083 2659 id
1113 2618 1211 2669 εει,
1236 2620 1382 2659 meos
1404 2606 1469 2659 ab
1494 2607 1871 2675 iniquitatibus.

290 2680 386 2733 Vel
419 2681 728 2737 comptaceat
771 2678 889 2733 tibi.
937 2678 985 2729 id
1016 2686 1096 2729 est
1124 2717 1138 2739 ,
1181 2681 1317 2730 sicut
1346 2678 1663 2743 complacuit
1694 2680 1787 2734 tibi
1819 2690 1873 2734 ut

289 2766 569 2815 pr.t'(:otit's
600 2764 811 2800 erneres
833 2788 846 2807 ,
889 2747 957 2799 ita
990 2749 1189 2812 placeat
1220 2761 1271 2799 Ut
1301 2757 1353 2798 et
1383 2749 1509 2799 istos
1540 2763 1691 2802 eruas
1719 2766 1731 2812 ;
1768 2750 1870 2803 Do-

286 2821 444 2880 mine,
475 2820 665 2883 respice
691 2820 757 2868 ad
784 2819 1131 2886 adjuvandum
1162 2834 1255 2879 me,
1287 2818 1334 2869 id
1365 2824 1445 2871 est
1466 2858 1480 2879 ,
1514 2833 1679 2871 meos.
1712 2821 1871 2884 Quasi

284 2892 459 2943 dicat:
498 2889 785 2949 llestexisti
818 2903 964 2939 meos
1009 2887 1180 2951 prius,
1234 2896 1287 2940 ct
1328 2886 1654 2941 debilitatum
1698 2901 1777 2942 est
1820 2894 1871 2945 in

292 2963 429 3012 nn-is
477 2961 698 3013 Lberdm
742 2960 1061 3023 arbitrium,
1106 2957 1196 3009 sed
1239 2957 1411 3010 adhuc
1450 2956 1673 3011 scintilla
1719 2960 1768 3012 in
1796 2966 1873 3015 eis

288 3030 541 3082 temausit
571 3071 586 3093 ,
638 3045 735 3097 qua
781 3029 1171 3095 qutnlamtnodo
1218 3037 1432 3092 possunt
1466 3036 1514 3078 te
1543 3029 1720 3083 videre
1744 3072 1761 3097 ,
1806 3032 1871 3084 ad

290 3115 453 3166 quam
479 3101 829 3164 adjuvandntn
862 3114 915 3149 ιιι
938 3098 1172 3164 pleuaric
1198 3108 1247 3151 te
1272 3100 1500 3162 videant,
1525 3107 1601 3165 tu,
1629 3100 1870 3167 Domine,

289 3174 379 3237 qui
414 3171 555 3235 prius
583 3170 892 3234 deSpexisti,
922 3169 1143 3231 respice.

366 3238 777 3305 Cou'undantur.
813 3240 968 3303 Quasi
1000 3240 1176 3291 dicat:
1228 3237 1298 3290 Ita
1344 3239 1462 3293 dico
1502 3248 1558 3292 ut
1596 3241 1871 3307 reSpicias,

288 3322 351 3363 ut
380 3312 780 3377 confundantur,
809 3310 857 3360 id
881 3318 984 3374 est,
1015 3319 1069 3361 ut
1098 3309 1439 3362 conlusibiles
1471 3323 1870 3377 recognoscant,

287 3391 336 3433 et
364 3382 515 3432 simul
538 3390 878 3443 rerereantur,
913 3379 963 3431 id
993 3390 1095 3437 est.
1131 3379 1483 3433 extimescant
1513 3392 1724 3446 peccata
1755 3396 1872 3443 sua,

288 3454 375 3503 vel
408 3466 679 3517 pra-canes
710 3464 854 3502 meos
880 3491 894 3514 ,
929 3450 998 3502 illi
1043 3451 1129 3517 qui
1168 3450 1325 3501 modo
1372 3460 1603 3517 quierunt
1646 3453 1872 3504 animum

293 3538 458 3573 meam
488 3532 538 3573 ct
569 3536 826 3581 Illt'Ol’lIIlI,
853 3531 901 3571 ut
926 3521 1159 3587 auferunt
1182 3535 1314 3583 eam,
1334 3519 1382 3571 id
1412 3528 1512 3581 est,
1541 3529 1595 3572 ιιι
1623 3522 1875 3575 damnent

288 3608 413 3643 eam
443 3631 457 3654 ,
502 3592 831 3657 postmodum
878 3600 1115 3658 qumrant
1156 3604 1271 3640 eam
1315 3599 1370 3641 ιιι
1416 3588 1685 3641 imitentur
1730 3607 1869 3643 eam.

287 3661 661 3713 Convertuntur
682 3698 695 3723 ,
740 3661 858 3711 dico
879 3701 892 3723 ,
943 3661 1009 3713 de
1040 3660 1178 3711 malo
1214 3662 1277 3710 ad
1306 3660 1497 3711 boutnn
1525 3700 1538 3718 ,
1585 3660 1653 3712 ita
1687 3670 1740 3713 ιιι
1769 3664 1874 3715 sint

285 3740 585 3790 retrorsum,
613 3731 661 3782 id
684 3740 781 3794 est,
806 3740 859 3782 ut
884 3745 985 3783 non
1012 3731 1331 3797 princedant,
1349 3730 1439 3780 sed
1463 3730 1868 3799 subsequantur,

287 3810 349 3854 et
375 3816 451 3853 sic
480 3813 819 3863 retereantur,
855 3801 901 3851 id
932 3811 1031 3863 est,
1066 3800 1301 3866 plenarie
1331 3800 1678 3853 extimescant
1703 3842 1716 3864 ,
1766 3818 1870 3853 non

283 3871 466 3923 sidunt
496 3872 580 3939 qui
608 3872 821 3934 Iacmnt,
848 3872 937 3921 sed
970 3872 1125 3922 etiam
1162 3870 1231 3921 illi
1256 3871 1339 3935 qui
1369 3870 1524 3921 modo
1553 3872 1723 3923 volunt
1749 3873 1872 3925 nti/ti

282 3953 347 3994 et
382 3943 507 3993 ntei~
544 3943 698 3997 mala.
732 3951 787 3991 ιιι
814 3944 1147 4007 postmodum
1177 3940 1338 3991 velint
1371 3940 1494 3991 Inibi
1523 3939 1678 3993 bona.

375 4011 559 4063 Ferant
584 4011 864 4079 confestim.
899 4010 1026 4061 Illud
1055 4008 1243 4061 dicitur
1266 4010 1331 4061 de
1357 4010 1701 4065 l'raudulentis
1731 4020 1781 4064 ct
1806 4014 1871 4066 de

286 4082 679 4143 adulatOribus,
710 4096 805 4133 nec
833 4088 913 4133 est
941 4080 1325 4132 malevolentia:
1353 4088 1553 4141 votmn,
1583 4082 1673 4134 sed
1703 4096 1869 4135 ennu-

288 4154 447 4205 tiatto
509 4166 677 4219 postia:
723 4150 951 4202 illorunt.
1008 4150 1168 4213 Quasi
1215 4151 1390 4202 dicat:
1450 4149 1690 4205 \t'nlentcs
1740 4154 1867 4206 mihi

285 4222 456 4283 mala,
504 4233 557 4272 et
603 4237 659 4273 se
709 4232 1082 4288 cognoscentes
1113 4231 1505 4273 convertantur.
1559 4219 1636 4273 Illi
1691 4232 1867 4276 autem

284 4296 457 4358 [erant
488 4292 827 4357 confusioncnt
858 4306 1023 4354 suam,
1051 4307 1206 4357 quam
1232 4303 1532 4343 meruerunt
1568 4308 1669 4344 non
1696 4295 1864 4345 solum

288 4364 350 4416 in
383 4364 575 4424 lnturo,
598 4364 686 4413 sed
706 4361 1006 4421 Confestim,
1036 4363 1084 4412 id
1110 4362 1443 4424 estindilate,
1471 4364 1626 4413 etiam
1652 4365 1702 4414 in
1731 4380 1859 4425 pra:-

284 4432 453 4493 senti,
488 4442 545 4483 ut
572 4430 833 4498 duplicem
866 4432 1235 4483 contritionem
1269 4434 1553 4499 patiantur,
1586 4433 1673 4499 qui
1694 4434 1867 4484 dicunt

285 4504 421 4555 mihi
449 4511 501 4556 ει
532 4504 659 4554 meis
686 4520 697 4554 :
743 4504 901 4571 Euge,
932 4518 1086 4569 euge;
1118 4500 1242 4553 mihi
1282 4498 1491 4567 quidem
1539 4505 1771 4554 Its-tantes
1802 4503 1867 4554 de

289 4581 468 4626 tnorte
496 4588 647 4634 mea;
680 4574 811 4626 meis
842 4586 966 4624 vero
1003 4574 1162 4623 etiam
1208 4574 1343 4623 male
1386 4572 1661 4637 agentibus
1688 4572 1870 4626 dicunt

286 4658 507 4711 quoque
531 4641 693 4707 Euge,
726 4658 866 4711 euge,
892 4642 939 4693 id
967 4651 1066 4705 est,
1094 4644 1246 4699 bene,
1275 4646 1406 4694 bene
1428 4652 1509 4693 est
1536 4642 1672 4708 quod
1695 4642 1868 4707 agitis,

290 4710 356 4765 ιιι
378 4715 457 4765 sic
477 4728 569 4765 eos
594 4710 879 4780 decipiant.
906 4713 1115 4777 LitlgtLL'
1143 4713 1283 4761 enim
1307 4710 1631 4762 adulantium
1655 4712 1873 4774 alligant

285 4784 500 4836 animus
530 4782 580 4833 in
610 4783 853 4849 peceatis.
886 4783 959 4833 Ex
988 4782 1229 4847 opposito
1250 4790 1423 4830 autem
1456 4784 1699 4831 exsultent
1724 4792 1871 4833 exte-

291 4854 431 4917 rius,
465 4852 694 4903 lwteutur
724 4852 965 4915 interius,
992 4852 1039 4902 id
1072 4861 1173 4914 est,
1202 4850 1488 4915 plenartatn
1522 4851 1755 4901 laetitiam
1780 4851 1872 4902 ha-

289 4927 457 4975 beant
488 4922 572 4974 hic
599 4932 651 4974 et
681 4921 730 4973 in
763 4925 936 4973 luturo
984 4919 1158 4987 positi,
1198 4934 1355 4986 super
1389 4928 1438 4971 te
1471 4920 1724 4971 habentes
1755 4919 1872 4971 fun-

284 5000 625 5053 damentum,
658 5001 728 5054 te,
760 5008 863 5043 non
893 5005 974 5052 se,
1007 5006 1177 5042 omnes
1209 5002 1485 5058 qtta’rt‘tttes
1518 5002 1564 5040 te
1594 4987 1871 5042 Dominum

287 5078 392 5131 per
434 5077 517 5113 tne
554 5062 914 5114 Mediatorem.
960 5062 1025 5113 Et
1063 5071 1119 5111 ut
1157 5060 1298 5125 digni
1334 5060 1437 5111 sint
1477 5058 1828 5131 t'tnta_l_:etitia
1856 5100 1871 5122 ,

287 5126 429 5185 iiihil
459 5133 524 5182 de
554 5148 611 5182 se
644 5138 963 5198 praesumant
985 5172 999 5193 ,
1032 5134 1123 5181 Sed
1154 5144 1348 5195 semper
1374 5131 1542 5178 dicunt
1568 5142 1586 5180 :
1621 5126 1875 5198 Magni/i-

288 5217 438 5253 cetur
480 5196 729 5252 Daminus
754 5242 769 5265 ,
803 5216 1070 5266 nunquam
1102 5214 1310 5252 servus.
1355 5199 1409 5251 Si
1446 5198 1584 5249 enim
1618 5196 1873 5251 Dominus

286 5279 364 5325 de
393 5272 554 5334 impio
584 5269 710 5322 facit
735 5273 899 5337 pimn,
939 5270 1005 5322 de
1028 5284 1187 5321 servo
1225 5270 1409 5330 lilium,
1441 5278 1493 5318 et
1522 5268 1598 5319 sic
1630 5275 1783 5319 vol-at
1807 5271 1871 5319 ad

285 5343 519 5408 gloriam
546 5381 562 5404 ,
608 5342 957 5409 ntagniﬁcctur
988 5339 1268 5409 Dominus;
1310 5340 1351 5387 si
1386 5348 1871 5409 )elUAPCCCDIOI‘BIII

289 5406 450 5463 vocat
478 5412 541 5462 ad
576 5406 972 5478 indulgentiam,
997 5407 1350 5476 mugiit/icetur
1375 5406 1642 5478 Dominus.
1669 5406 1873 5460 llnrsus

290 5486 336 5535 si
368 5479 570 5551 justum
604 5476 754 5532 vocat
781 5482 845 5531 ad
877 5495 1168 5551 coronam‘,
1218 5477 1564 5551 niagni/icetur
1606 5476 1871 5551 Dominus,

288 5563 349 5605 et
371 5546 459 5603 ’διε
488 5566 699 5614 semper
729 5551 1079 5616 niagni/icctur
1120 5547 1383 5598 Dominus.
1412 5548 1558 5609 Quod
1589 5546 1772 5598 dicunt
1801 5546 1873 5598 illi

288 5622 385 5688 qui
413 5621 633 5688 diligunt
661 5622 883 5672 salutare
910 5632 1072 5679 tuum,
1104 5634 1205 5669 non
1237 5632 1413 5688 suum,
1450 5616 1499 5667 id
1531 5625 1631 5677 est,
1658 5616 1744 5680 qui
1771 5632 1873 5668 non

292 5687 365 5745 ex
394 5687 756 5753 suismeritis,
791 5690 883 5742 Sed
923 5705 983 5741 ex
1017 5700 1099 5740 ttta
1131 5687 1292 5753 gratia
1322 5696 1628 5753 exspectant
1659 5687 1870 5739 salvari.

372 5761 481 5827 Ego
506 5773 694 5811 autem.
729 5762 852 5813 Illud
886 5770 1057 5811 autem
1090 5760 1269 5810 dicunt
1299 5758 1361 5810 de
1394 5766 1441 5808 te
1466 5756 1579 5827 ,qde
1609 5772 1666 5807 se
1700 5766 1873 5809 autem

290 5819 473 5887 dnaiit
500 5846 720 5900 quisque
752 5846 845 5899 pro
877 5846 933 5885 se
967 5846 979 5881 :
1010 5828 1115 5897 ligo
1144 5844 1253 5880 sunt
1279 5822 1532 5881 mendicus
1562 5836 1605 5879 et
1636 5842 1825 5895 ptttlpt’r
1857 5866 1871 5892 ,

1898 4548 1946 4605 D

1973 1920 2085 1956 sum
2114 1906 2373 1956 mendicus
2398 1914 2443 1955 et
2473 1920 2683 1973 pauper,
2714 1906 2767 1957 id
2794 1914 2896 1969 est,
2930 1906 2979 1957 in
3015 1904 3196 1956 habitu
3240 1907 3463 1958 mendici
3495 1912 3549 1960 et

1977 1975 2221 2041 pauperis
2242 1978 2305 2025 ad
2334 1975 2643 2026 humilitatis
2669 1976 2969 2038 exemplum
3002 1989 3084 2026 me
3109 1974 3278 2041 ipsum
3301 1976 3539 2029 exhibui.

1973 2044 2037 2097 Et
2067 2045 2186 2111 quia
2214 2058 2311 2110 ego
2343 2060 2427 2096 me
2470 2044 2759 2107 humiliavi,
2792 2045 2913 2098 ideo
2944 2042 3190 2097 Dominus
3223 2045 3379 2097 Pater
3406 2047 3551 2098 solli-

1972 2115 2101 2165 citus
2127 2125 2198 2165 est
2222 2114 2338 2177 mei,
2366 2114 2487 2181 quia
2521 2113 2719 2166 divitiis
2745 2116 2853 2167 suis
2879 2123 3237 2181 paupertatem
3267 2130 3436 2167 meam
3464 2130 3547 2167 re-

1974 2182 2179 2242 stituet,
2222 2183 2398 2236 dando
2428 2185 2555 2235 mihi
2590 2184 3036 2237 immortalitatem
3064 2191 3119 2235 et
3148 2183 3547 2249 impassibilita—

1976 2262 2102 2306 tem.
2135 2254 2197 2304 Et
2227 2268 2351 2305 vere
2383 2262 2434 2304 tu
2462 2293 2476 2316 ,
2528 2253 2746 2305 Domine
2770 2295 2783 2316 ,
2816 2254 3060 2306 sollicitus
3086 2269 3136 2305 es
3166 2256 3261 2304 mei
3286 2294 3299 2315 ,
3345 2256 3466 2321 quia
3497 2265 3551 2307 tu

1975 2323 2115 2375 Deus
2149 2337 2315 2383 meus,
2350 2332 2403 2375 et
2431 2338 2692 2385 meorum,
2724 2340 2814 2389 per
2835 2327 3077 2392 gratiam,
3104 2338 3161 2375 es
3182 2324 3390 2386 adiutor
3412 2340 3550 2376 meus

1976 2393 2027 2446 in
2059 2392 2378 2462 perliciendo
2423 2393 2813 2455 obedientiam,
2848 2402 2899 2445 et
2929 2403 3181 2462 protector
3202 2408 3342 2446 meus
3372 2408 3401 2445 a
3427 2409 3552 2447 seu-

1976 2464 2137 2516 tentia
2166 2461 2499 2514 inimicorum
2533 2478 2726 2516 nomen
2762 2474 2905 2515 tuum
2930 2461 3113 2516 delere
3147 2467 3452 2515 volentium.
3482 2463 3547 2516 Et

1977 2534 2115 2594 ideo,
2151 2531 2393 2593 Domine,
2426 2548 2488 2584 ne
2516 2534 2814 2597 tardaveris,
2839 2532 2891 2585 id
2917 2540 3021 2597 est,
3052 2548 3117 2586 ne
3145 2531 3357 2587 differas
3384 2550 3467 2587 me
3495 2537 3548 2586 iu

1975 2616 2311 2656 communem
2341 2606 2809 2656 resurrectionem.

2479 2713 2539 2767 IN
2582 2713 2894 2767 PSALMUM
2940 2713 3050 2767 XL.

2334 2829 2387 2882 lu
2421 2829 2576 2883 linem
2611 2829 2845 2895 psalmus
2876 2828 2974 2896 ipsi
3009 2828 3191 2881 David.

2570 2937 2943 2977 ABGUMENTUM.

2046 3014 2326 3069 Iulii-initas
2357 3024 2411 3069 et
2439 3016 2639 3069 curatio
2670 3015 2974 3083 praedicitur
3008 3015 3285 3077 Ezechite,
3328 3024 3381 3069 et
3411 3016 3551 3085 quod

1976 3088 2257 3140 occasione
2302 3086 2569 3156 languoris
2608 3087 2827 3139 latentes
2871 3087 3067 3139 inimici
3094 3086 3288 3139 detecti
3319 3097 3443 3139 sunt
3472 3088 3550 3140 in-

1976 3156 2242 3218 sultando,
2278 3163 2524 3223 quodque
2554 3156 2665 3222 ipsa
2695 3156 2973 3224 aegrotatio
2996 3156 3048 3207 in
3077 3156 3410 3209 devotionem
3435 3156 3551 3221 ejus

1978 3226 2280 3291 profecerit.
2332 3226 2457 3280 Item
2487 3241 2585 3277 vox
2616 3225 2809 3278 Christi
2850 3226 2917 3278 de
2967 3228 3216 3294 passione
3256 3240 3350 3278 sua
3395 3236 3447 3276 et
3484 3225 3555 3278 de

1975 3294 2107 3347 Juda
2153 3297 2427 3349 traditore.
2477 3294 2753 3363 Legendus
2780 3297 2843 3346 ad
2877 3295 3083 3347 Isaiam.
3133 3297 3301 3348 Aliter
3330 3295 3553 3361 quilibet

1974 3364 2308 3419 Christianus
2337 3374 2517 3418 contra
2550 3364 2880 3417 immundum
2912 3364 3155 3431 spiritum
3183 3373 3237 3417 et
3276 3365 3543 3419 hominem

1974 3432 2121 3488 {secis
2151 3450 2280 3500 suas,
2316 3437 2366 3488 id
2398 3447 2501 3499 εει,
2535 3450 2775 3498 carnem,
2807 3437 3062 3502 profatur.

2581 3538 2932 3578 EXPLANA'I‘IO.

2052 3614 2215 3668 Verba
2244 3616 2342 3669 ista
2377 3617 2624 3684 frequenti
2646 3632 2740 3668 usu
2766 3615 2907 3669 nobis
2929 3618 3032 3681 iam
3056 3614 3231 3667 debent
3260 3630 3366 3667 esse
3394 3615 3553 3668 notis-

1973 3686 2121 3749 sima,
2154 3689 2242 3739 sed
2266 3697 2317 3739 ut
2344 3687 2555 3740 breviter
2583 3688 2718 3738 dicta
2740 3694 3029 3754 tangamus,
3059 3685 3230 3738 omnia
3256 3686 3549 3754 diriguntur

1973 3759 2041 3809 art
2066 3756 2341 3809 Dominum
2381 3757 2655 3809 Christum.
2702 3755 3000 3825 Magni/icui
3036 3765 3206 3807 autem
3239 3755 3374 3806 hunc
3412 3756 3551 3825 psal-

1974 3843 2130 3889 mum,
2162 3830 2295 3893 quod
2326 3828 2377 3879 in
2405 3822 2814 3897 quadragenario
2837 3842 3045 3897 numero
3076 3825 3300 3897 noscitur
3327 3822 3546 3875 collocu-

1974 3907 2074 3956 tus.
2098 3900 2181 3962 qui
2203 3898 2427 3948 calculus
2450 3897 2795 3950 emundationi
2824 3905 2870 3947 et
2901 3896 3243 3960 puriﬁcationi
3266 3896 3548 3962 frequenter

1972 3976 2198 4035 aptatur.
2254 3964 2428 4018 Primo
2474 3966 2701 4034 ingressu
2748 3964 3007 4030 Propheta
3049 3966 3302 4033 loquitur,
3350 3965 3548 4016 beatum

1973 4037 2256 4104 pnrdicans
2278 4037 2603 4107 elcemosynw
2631 4036 2947 4107 largitorem,
2974 4035 3243 4105 multiplici
3258 4051 3373 4107 eu_m
3400 4035 3550 4107 benc-

1973 4106 2193 4158 dictione
2244 4104 2616 4159 concelebraris.
2674 4104 2912 4160 Secundo
2969 4104 3244 4175 gloriasam
3301 4104 3550 4158 Dominus

1972 4193 2118 4228 suum
2165 4188 2410 4229 memorat
2456 4179 2762 4243 passionem.
2817 4175 2992 4230 Tertio
3033 4181 3099 4229 ad
3144 4177 3549 4241 conﬁrmandam

1970 4263 2111 4311 spem
2138 4247 2364 4313 ﬁdelium
2384 4290 2398 4315 ,
2440 4264 2583 4301 suam
2621 4248 2952 4301 nihilominus
2977 4248 3391 4300 resurrectionem
3417 4260 3553 4315 prat-
3604 4280 3607 4285 -

1972 4318 2112 4369 dicit.

2552 4425 2967 4465 COMMENTARIUS.

2045 4502 2236 4557 Beatus
2256 4504 2342 4572 qui
2368 4504 2622 4573 intelligit.
2647 4503 2853 4573 Titulus
2880 4503 3018 4556 idem
3042 4508 3125 4573 est
3148 4499 3198 4573 in
3225 4496 3323 4549 hoc
3349 4494 3551 4573 psalmo

1976 4575 2061 4641 qui
2097 4567 2366 4638 praecessit
2393 4573 2444 4625 in
2470 4567 2729 4641 proximo,
2761 4571 2998 4636 scilicet,
3035 4570 3098 4621 In
3128 4570 3281 4641 finem
3320 4567 3545 4635 psalmus

1985 4640 2166 4694 David.
2198 4644 2421 4695 Intentio
2447 4638 2686 4709 personae
2711 4643 2993 4709 loquentis,
3019 4650 3071 4693 et
3092 4638 3307 4691 materia
3334 4652 3546 4709 quoque

1978 4712 2060 4764 hic
2084 4713 2267 4765 eadem
2291 4722 2389 4777 est,
2420 4706 2535 4777 qua:
2557 4724 2611 4764 et
2631 4706 2893 4778 superius.
2919 4710 2982 4763 Et
3009 4709 3347 4764 continuatur
3369 4706 3545 4778 taliter

1969 4781 2116 4847 juxta
2154 4776 2445 4847 proximam
2474 4784 2665 4834 dictam
2694 4776 3008 4834 Sententiatn
3036 4778 3293 4846 superiori
3319 4776 3544 4847 psalmo.

1974 4844 2131 4915 Quasi
2155 4844 2322 4903 dicat:
2351 4852 2459 4921 Ego
2484 4851 2692 4917 quidem
2718 4851 2935 4902 medicus
2957 4866 3069 4901 sum
3093 4844 3136 4901 et
3166 4862 3374 4921 pauper,
3405 4844 3547 4921 aliud

1978 4930 2149 4972 tamen
2183 4929 2374 4986 prseter
2397 4915 2625 4973 I'ortitatn
2657 4920 2881 4972 mendici
2909 4930 2961 4971 et
2992 4932 3176 4986 pauper
3191 4918 3234 4969 is
3270 4916 3323 4968 in
3354 4929 3438 4967 me
3468 4915 3549 4967 in-

1977 4991 2063 5042 tell
2086 4992 2312 5057 gendum
2344 5028 2358 5051 ,
2401 4990 2648 5057 quoniam
2678 4989 2763 5062 qui
2792 4988 3023 5059 intelligit
3051 5005 3201 5062 super
3228 5000 3549 5062 meegenum

1974 5068 2019 5112 et
2051 5056 2342 5125 pauperem,
2374 5056 2545 5111 beatus
2586 5069 2676 5123 est.
2721 5058 2899 5112 Potest
2924 5056 3133 5126 quoque
3159 5056 3439 5123 singularis
3470 5056 3551 5126 iu-

1977 5130 2138 5181 tentio
2167 5133 2277 5181 dari
2311 5132 2361 5182 in
2390 5129 2491 5181 hoc
2522 5131 2723 5195 psalmo
2746 5169 2761 5191 ,
2810 5130 2924 5183 lucc
2945 5125 3149 5181 isciltcet
3176 5147 3187 5179 :
3225 5127 3333 5179 Vox
3361 5125 3548 5191 capitis

1975 5212 2052 5251 es:
2080 5200 2129 5251 in
2160 5200 2259 5251 hoc
2282 5202 2485 5267 psalmo
2510 5200 2837 5252 esbortautis
2861 5214 2978 5259 nos.
3006 5210 3062 5251 ut
3089 5198 3226 5251 sicut
3246 5210 3427 5249 verum
3453 5195 3548 5244 lio-

1970 5270 2171 5331 ininem
2203 5284 2321 5321 eum
2348 5271 2707 5335 intelligimus,
2736 5278 2803 5321 ita
2831 5271 2992 5323 etiam
3023 5284 3201 5321 verum
3237 5267 3398 5317 Deum
3430 5277 3550 5316 esse

1982 5339 2355 5407 intelligamus.
2403 5340 2464 5390 Et
2505 5342 2601 5391 hoc
2634 5340 2791 5406 ideo,
2836 5344 2955 5407 quia
3005 5339 3089 5391 hic
3134 5336 3433 5389 intellectus
3472 5341 3554 5384 est

1975 5412 2140 5474 gratia
2184 5410 2271 5461 illa
2313 5425 2412 5476 qua
2456 5409 2826 5477 juslilicamur,
2874 5421 2927 5461 et
2964 5408 3093 5460 Ildes
3132 5419 3255 5457 vera
3281 5418 3548 5477 perquam

1980 5482 2106 5530 νινιι
2151 5474 2471 5534 arternaliter
2509 5480 2705 5546 justus.
2755 5481 2910 5532 Juxta
2953 5478 3091 5544 quod
3133 5474 3394 5546 snperiori
3445 5486 3548 5523 non

1977 5551 2369 5601 continuabitur
2396 5590 2410 5613 ,
2461 5543 2553 5601 sed
2598 5558 2681 5601 est
2724 5551 2873 5615 quasi
2904 5543 3071 5600 dieat:
3115 5546 3225 5614 Ego
3257 5543 3468 5615 quidem
3518 5557 3547 5593 a

1980 5619 2290 5684 patriarcbis
2323 5619 2611 5685 promissus
2634 5656 2649 5680 ,
2689 5634 2717 5671 a
2743 5612 3022 5685 pmphetis
3054 5612 3334 5682 prmdictus
3362 5612 3547 5685 adsum

1978 5688 2027 5739 in
2058 5688 2224 5740 I‘ortna
2254 5684 2575 5755 paupertatis
2606 5702 2659 5742 et
2693 5684 3020 5741 humilitatis.
3051 5688 3113 5737 Et
3142 5685 3311 5737 beatus
3337 5684 3421 5751 qui
3446 5698 3545 5755 non

1979 5759 2125 5822 fuerit
2156 5753 2532 5810 scandalizatus
2566 5759 2617 5810 in
2644 5776 2741 5814 me.
2789 5759 2850 5810 Et
2881 5758 2981 5811 hoc
3005 5766 3085 5811 est
3110 5756 3246 5824 qUod
3274 5754 3424 5807 dicm
3462 5753 3550 5804 Ille

1979 5830 2060 5895 qut
2091 5829 2320 5898 intelligit
2355 5830 2405 5882 in
2437 5846 2517 5883 inc
2550 5846 2653 5885 non
2685 5840 2886 5885 tantum
2910 5843 3134 5899 egenum
3157 5838 3208 5881 et
3239 5836 3542 5895 pauperem.
