3922 6190
256 380 357 433 701

1006 377 1069 431 ΙΝ
1109 376 1520 433 PSALMORUM
1563 378 1759 433 11111111]
1770 379 1816 432 Μ

1930 381 2224 437 (EGESIS.
2265 413 2335 423 —
2376 382 2617 438 PSALM.
2665 385 2797 439 XLI.

3398 394 3499 447 70‘2

260 494 372 542 lum
401 504 504 570 non
536 488 741 569 negasti,
772 487 823 540 in
849 504 948 568 quo
973 488 1131 568 etiam
1160 491 1384 570 sperari.
1407 492 1681 573 (“lito-inqu
1724 505 1816 573 au—
1847 493 1891 546 A
1920 508 2043 573 sum,
2069 493 2370 573 dicensemn
2402 494 2452 545 in
2474 494 2567 573 [ioc
2589 498 2772 547 smrnlo
2794 514 2892 548 non
2929 500 3104 550 debere
3134 504 3349 568 turbari,
3372 506 3490 573 quin

260 574 369 611 teni
404 558 491 627 qui
520 574 612 611 cur
641 558 755 624 ejus
787 560 951 621 nevit,
994 559 1044 609 in
1086 575 1150 609 eo
1184 562 1453 626 speravit?
1499 560 1607 612 ll'ue
1636 562 1815 620 modo,

254 631 386 694 quia
433 629 595 682 .luilas
624 646 742 679 cum
785 632 991 680 «steteris
1019 633 1270 693 apostolzs
1318 630 1381 680 ad
1428 630 1815 696 praadieandum

257 716 484 763 regnum
519 699 606 750 Dei
637 698 830 749 missus
856 698 978 761 fuit;
1011 705 1063 749 et
1105 699 1221 749 ideo
1252 699 1399 750 inulti
1432 701 1498 751 ab
1536 714 1599 751 en
1625 700 1818 750 instru-

253 771 326 820 cti
362 770 411 820 in
446 771 560 833 ipso
588 776 957 833 speraverant,
1008 770 1057 817 iii
1088 770 1277 833 quibus
1322 769 1656 833 sperantibus
1683 767 1819 819 sicut

253 848 310 889 et
345 839 398 889 in
449 838 801 891 esurientibus
829 847 930 897 est,
981 836 1074 888 luit
1118 838 1392 891 Dominus.
1430 840 1493 890 Et
1531 839 1616 905 qui
1642 839 1815 890 edebat

253 923 417 975 panes
446 925 600 965 meos,
636 906 717 960 vel
751 908 1091 959 liistorialiter
1122 908 1201 959 vel
1232 910 1392 959 etiam
1449 906 1815 973 spiritualner.

252 976 379 1041 quia
413 994 515 1028 non
544 977 715 1029 solum
736 977 966 1029 carnalia
993 979 1247 1034 instituta.
1271 978 1363 1029 sed
1388 978 1545 1029 etiam
1571 979 1820 1043 spiritua-

254 1047 322 1100 lia
373 1062 493 1114 qua:
522 1048 587 1097 ab
618 1047 732 1113 ipso
764 1055 1073 1114 percrperat
1125 1047 1346 1109 edebat;
1394 1049 1514 1111 iste,
1562 1050 1773 1112 inquam
1801 1086 1817 1110 ,

254 1118 441 1179 liuiuu,
472 1117 539 1169 de
581 1132 687 1185 quo
731 1117 903 1167 minus
955 1115 1255 1177 videretur,
1307 1117 1648 1185 magni/ienuit
1696 1133 1821 1178 sup-

254 1188 646 1249 plantationent,
672 1184 745 1255 id?
770 1196 868 1247 t‘Sl,
916 1186 1183 1250 ampliavit
1226 1184 1625 1240 slibversioueni
1667 1202 1821 1255 super

255 1272 359 1313 me.
387 1273 504 1321 qma
530 1256 659 1306 alius
687 1254 750 1305 ad
783 1255 881 1306 hoc
910 1256 1165 1307 incitavit.

331 1325 411 1378 Tu
455 1338 642 1387 autem,
693 1323 927 1377 Domine.
953 1325 1027 1376 Illi
1058 1324 1269 1389 quidem
1310 1324 1678 1377 constimrrunt
1722 1326 1819 1376 ini-

251 1411 414 1460 quum
439 1395 639 1447 verbum
670 1404 843 1445 contra
866 1411 959 1455 me,
991 1405 1043 1444 tit
1073 1404 1239 1446 autem
1260 1436 1274 1457 ,
1322 1393 1550 1454 Domine,
1586 1397 1821 1447 miserere

254 1466 381 1529 inci,
415 1476 467 1515 et
499 1478 769 1523 nieorum;
798 1473 851 1515 et
882 1465 949 1515 ita
998 1464 1115 1515 dicit
1144 1466 1418 1526 misi-rere,
1446 1478 1691 1516 resuscna
1718 1482 1813 1527 me,

254 1535 489 1596 scilicet,
518 1533 569 1586 in
611 1534 861 1587 exteriori
908 1544 959 1586 et
991 1547 1157 1586 ineos.
1195 1536 1341 1586 Nunc
1382 1535 1614 1586 interiori
1665 1551 1815 1587 resu~

255 1605 418 1661 Scita.
444 1614 503 1656 ut
525 1602 735 1655 taiiili-iu
760 1605 1043 1655 resuscites
1070 1619 1164 1656 eos
1193 1605 1240 1655 iu
1267 1603 1529 1663 interiori,
1568 1615 1614 1655 et
1640 1602 1718 1656 sic
1742 1620 1819 1655 re-

257 1675 481 1726 tribuam
524 1688 624 1739 ego
649 1673 740 1733 eis,
790 1673 842 1725 id
869 1685 969 1735 est,
997 1675 1224 1726 inimicis
1256 1675 1389 1725 meis
1428 1675 1644 1735 malum,
1678 1675 1813 1735 quod

254 1745 650 1795 rouStitueruut
696 1754 880 1795 contra
931 1759 1047 1803 ine,
1102 1746 1393 1796 retribuent
1443 1751 1497 1795 et
1523 1744 1645 1795 mei.
1703 1744 1818 1809 Ipse

255 1815 416 1885 enim
438 1813 678 1865 Christus
709 1812 760 1864 in
792 1815 889 1864 bne
918 1814 1293 1885 eisgi'etrilinit,
1322 1814 1439 1885 quia
1471 1812 1819 1885 perinissione
1855 1828 1897 1885 Β

254 1883 378 1948 i-jiis
407 1883 581 1935 locum
604 1893 657 1935 et
683 1893 892 1950 gentem
915 1883 1227 1935 amiserunt.
1260 1883 1327 1933 ιςι
1356 1884 1469 1949 ipso
1494 1882 1703 1935 Vulente
1724 1885 1821 1937 Ec-

254 1954 423 2006 clesia
459 1952 526 2004 ibi
559 1954 787 2019 planiata
837 1962 936 2010 est.
969 1954 1109 2004 unde
1138 1953 1400 2005 eradicata
1431 1962 1511 2005 est
1535 1966 1823 2021 synagoga.

256 2023 356 2075 Sui
386 2036 516 2075 vero
545 2021 595 2073 in
626 2024 724 2073 ltoc
747 2025 824 2073 eis
852 2022 1233 2087 retribuerunt,
1269 2022 1390 2088 quia
1417 2021 1653 2075 locerunt
1675 2038 1825 2087 quos-

253 2094 382 2144 dam
414 2108 481 2144 ex
528 2092 633 2146 illis
680 2105 964 2144 conversos
991 2094 1231 2158 subesse,
1266 2093 1355 2159 qui
1387 2098 1530 2160 prius
1575 2093 1825 2147 volebant

256 2175 512 2228 prresse.

329 2229 400 2283 In
427 2234 521 2283 hoc
539 2231 765 2300 cognovi.
796 2229 933 2285 Vere
963 2230 1301 2284 misereberis
1334 2232 1433 2284 niei
1475 2238 1528 2283 ct
1557 2246 1820 2299 meorum,

252 2303 383 2363 quia
414 2302 647 2354 inimicus
678 2317 819 2353 meus
847 2304 933 2369 qtti
961 2303 1177 2367 gavisus
1205 2309 1287 2352 est
1338 2317 1498 2367 super
1524 2316 1609 2353 me
1629 2301 1788 2356 delun
1807 2334 1823 2345 -

253 2381 366 2435 i-tu,
400 2388 500 2423 non
520 2372 760 2440 gaudebit
779 2388 929 2439 super
953 2387 1032 2424 me
1055 2387 1159 2423 non
1192 2374 1526 2424 resuscitato.
1550 2372 1700 2438 Quod
1724 2389 1823 2439 ego

257 2442 559 2506 ineviileus
587 2441 808 2509 Cognovi
841 2445 890 2493 in
941 2444 1062 2502 lioc,
1100 2442 1337 2508 quoniam
1379 2442 1495 2494 volu
1518 2453 1579 2493 stt
1611 2458 1725 2505 me,
1771 2444 1823 2496 id

254 2524 359 2574 i-st,
390 2522 597 2581 gratuiti
630 2512 728 2565 fuit
758 2510 851 2565 tibi
875 2512 1194 2565 sacrilicium
1225 2526 1401 2565 incum
1440 2526 1493 2565 et
1521 2512 1822 2567 obedientia

255 2599 402 2634 Iﬂﬂﬂ.

328 2651 419 2705 Me
464 2659 651 2703 autem.
704 2650 951 2704 Inimicos
979 2651 1194 2717 quidem
1224 2658 1440 2717 proiiter
1486 2647 1820 2719 iniquitatem

253 2738 413 2774 suam
462 2722 723 2789 repulisti,
754 2731 809 2774 et
857 2721 973 2774 ideo
1005 2736 1108 2774 non
1137 2723 1457 2786 gaudebunt.
1508 2721 1617 2787 Ego
1643 2731 1821 2776 autem

252 2791 523 2854 gaudebo,
555 2793 673 2856 quia
704 2793 965 2858 suscepisti
996 2806 1072 2843 me
1114 2792 1165 2843 in
1190 2792 1411 2859 giatiain
1445 2799 1585 2843 tuam
1616 2804 1824 2859 promer

253 2864 603 2915 innocentiam
629 2877 811 2925 meam,
842 2876 960 2928 qu:e
990 2862 1204 2926 quidem
1238 2862 1533 2915 inuoceulia
1565 2872 1645 2914 e‘t
1679 2864 1813 2915 iuteo

253 2935 428 2999 grttas
460 2940 580 2984 vita:
609 2932 725 2984 sine
751 2943 987 2998 peccato,
1013 2932 1239 2983 redditio
1265 2932 1380 2985 sine
1407 2931 1608 2997 debito,
1642 2930 1823 2999 ﬂagel-

256 3006 369 3053 tuui
402 3002 519 3054 sine
549 3004 757 3055 merito.
789 3000 1067 3069 Suscepisti
1087 3018 1183 3064 me,
1215 3002 1449 3065 inquam,
1476 3012 1527 3052 et
1550 3001 1672 3054 ideo
1702 3003 1820 3055 etsi

252 3072 325 3123 ad
375 3076 583 3133 noram,
627 3080 683 3122 ut
713 3072 1021 3137 videbatur,
1058 3084 1267 3137 propter
1297 3073 1499 3139 ﬂagella
1534 3086 1619 3123 me
1669 3071 1819 3125 111111⁸-

1924 561 2057 613 Deus
2077 574 2147 615 est
2169 564 2329 628 ipsius
2352 566 2454 628 fixa
2474 565 2829 619 deliberatione
2851 568 3145 638 suffugium.

2493 691 2916 733 COMMENTARHH.

1995 761 2430 823 Quemadmodum
2459 767 2708 817 desiderat
2739 784 2932 822 cervus.
2973 769 3178 824 Titulus
3218 782 3294 825 est
3326 774 3482 826 talis:

1924 829 1984 882 In
2008 831 2158 897 ﬁnem
2192 836 2241 885 in
2270 834 2577 886 intellectam
2613 837 2734 903 ﬁliis
2764 837 2891 890 Core
2929 843 3173 903 psalmus.
3219 842 3356 895 Core
3387 844 3484 896 fuit

1922 917 2055 971 unus
2083 904 2147 954 de
2177 905 2480 955 cantoribus
2525 920 2658 971 quos
2692 906 2853 958 David
2907 910 2956 959 in
3008 912 3305 963 reducenda
3355 927 3477 966 arca

1924 969 2128 1022 Domini
2160 973 2336 1037 elegit.
2377 974 2473 1037 0111
2509 969 2681 1039 plures
2723 978 2858 1029 illius
2886 978 3087 1039 habuit,
3124 981 3215 1033 sed
3253 981 3319 1033 de
3370 983 3480 1034 illis

1924 1040 2005 1090 liic
2028 1056 2127 1092 non
2158 1043 2348 1109 agitur.
2383 1044 2496 1095 Non
2527 1044 2667 1096 enim
2700 1046 2798 1097 liue
2829 1062 3017 1099 nomen
3041 1047 3179 1101 Core
3208 1051 3270 1101 ad
3305 1051 3472 1103 histo-

1922 1111 2073 1169 riam,
2107 1112 2197 1189 sed
2238 1112 2655 1189 ad__iiiysteriii_iii
2699 1118 2927 1181 punitur.
2984 1118 3310 1189 Inquiramus
3342 1136 3475 1189 ergo

1921 1181 2250 1257 mysterium.
2277 1181 2467 1257 ⁵Μῃηί
2519 1185 2692 1257 11111111-Δ
2714 1187 3029 1239 sacramenti
3062 1181 3161 1239 'res
3202 1200 3303 1249 est,
3334 1181 3476 1257 quod

1919 1247 2226 1313 Christiani,
2276 1250 2325 1302 il
2357 1247 2461 1310 est.
2513 1252 2603 1303 11111
2635 1253 2854 1315 Christi,
2889 1258 2975 1308 lilii
3022 1259 3156 1309 (lore
3205 1247 3477 1312 dicuntur.

1919 1316 2058 1372 Core
2104 1335 2329 1386 namque
2374 1322 2748 1386 interpretatur
2796 1329 2966 1377 calvus
3012 1328 3087 1380 vel
3119 1330 3363 1380 calvaria.
3418 1329 3484 1379 Et

1920 1388 2159 1464 Christus
2188 1392 2382 1464 dicitur
2420 1392 2586 1454 Core,
2622 1392 2671 1464 id
2702 1402 2813 1455 est,
2846 1397 3025 1447 calvus
3048 1437 3062 1459 ,
3098 1399 3180 1449 vt-l
3214 1398 3335 1464 quia
3366 1399 3478 1448 soli

1922 1458 2173 1520 perlectiu
2219 1461 2335 1511 sine
2384 1461 2746 1517 superﬂuitate
2796 1465 2846 1516 in
2892 1480 2958 1517 eo
3004 1466 3118 1517 luit.
3149 1458 3287 1517 Niliil
3327 1468 3471 1519 enim

1922 1527 2098 1579 minus
2126 1542 2286 1595 quam
2314 1530 2488 1595 capilli
2522 1531 2681 1583 ablati
2710 1531 2956 1587 videmur
2995 1537 3055 1586 ad
3092 1536 3473 1595 perfectionem

1918 1601 2109 1650 obesse
2136 1598 2187 1651 111
2215 1599 2444 1651 liuinmu
2472 1614 2726 1665 corpore;
2767 1604 3014 1657 similiter
3046 1606 3203 1657 homo
3232 1605 3284 1658 in
3314 1606 3481 1657 abun-

1920 1667 2096 1718 dantia
2129 1669 2381 1720 viitutnm
2412 1670 2612 1735 positus
2663 1672 2925 1735 perlecfus
2976 1674 3089 1726 fuit.
3127 1675 3259 1727 Vitia
3305 1686 3479 1727 autem

1921 1740 2187 1795 superﬂua
2215 1749 2355 1798 sunt,
2382 1739 2501 1802 quia
2533 1754 2691 1805 super
2718 1743 3094 1807 perfectionem
3126 1746 3301 1797 addita
3332 1754 3478 1799 sunt.

1925 1808 2035 1867 Qua
2077 1807 2443 1872 superﬂuitate
2484 1809 2725 1861 vitiorum
2774 1811 3014 1865 Christus
3042 1816 3231 1875 caruit,
3263 1824 3318 1867 et
3363 1815 3484 1867 ideo

1928 1876 2118 1947 merito
2145 1877 2324 1929 calvus
2348 1877 2562 1929 dicitur.
2596 1876 2686 1931 Vel
2721 1880 2838 1933 ideo
2864 1882 3026 1935 etiam
3055 1884 3235 1935 calvus
3270 1885 3480 1947 dicitur,

1925 1945 2046 2009 quia
2099 1960 2191 2017 per
2224 1947 2459 2017 _culvu:n
2517 1947 2746 2000 Eliseum
2818 1953 3161 2017 praisignatus
3218 1953 3353 2017 luit,
3401 1945 3481 2006 cui

1923 2015 2233 2084 ascendenti
2288 2015 2337 2067 in
2379 2028 2612 2068 montem
2649 2021 2795 2084 pueri
2822 2015 3156 2074 insultantes
3203 2015 3480 2075 dixerunt:

1922 2083 2168 2155 Ascende,
2194 2085 2350 2147 calve,
2393 2087 2623 2148 ascende,
2651 2083 2807 2141 Calve.
2846 2091 3037 2155 Quibus
3075 2096 3181 2154 ipse
3225 2108 3489 2144 conversus

1923 2153 2206 2228 maledicit,
2249 2163 2292 2207 ct
2315 2156 2485 2228 statim
2529 2158 2631 2208 duo
2667 2160 2775 2209 ursi
2809 2153 3024 2212 desilvit
3063 2153 3247 2228 egressi
3268 2164 3486 2226 quadra—

1923 2222 2065 2291 ginta
2086 2224 2212 2296 duos
2234 2240 2295 2296 ea:
2319 2225 2457 2296 ipsis
2471 2239 2906 2291 consumpserunt.
2942 2222 3197 2282 Similiter
3229 2222 3397 2296 pueri,
3430 2231 3481 2283 id

1923 2300 2024 2355 est,
2057 2295 2202 2347 stulti
2233 2294 2397 2347 Judaei
2423 2294 2636 2348 Clu-isto
2665 2298 2988 2351 ascendente
3039 2300 3089 2350 in
3140 2294 3393 2359 montem.
3428 2302 3476 2352 id

1923 2372 2027 2423 est,
2053 2363 2103 2415 in
2129 2378 2363 2429 crucem,
2399 2364 2635 2423 pluribus
2666 2368 2834 2419 modis
2863 2368 3265 2430 insultaveruut,
3295 2370 3479 2421 dicen-

1927 2440 2043 2485 tes:
2068 2433 2187 2497 Ave,
2231 2432 2343 2505 Rea;
2380 2431 2700 2505 Judteorum,
2730 2443 2784 2489 et
2810 2447 2998 2490 caztera
3043 2439 3196 2501 talia;
3252 2454 3347 2505 pro
3375 2454 3479 2504 quo

1924 2510 2164 2567 peccato,
2208 2502 2552 2570 quadraginta
2581 2506 2758 2575 anuis
2801 2508 3099 2568 transactis,
3132 2523 3223 2575 per
3254 2502 3476 2560 totidem

1924 2585 2119 2637 pueros
2141 2582 2483 2642 consumptos
2517 2573 2657 2638 prius
2684 2573 2992 2642 designatis,
3021 2573 3143 2630 duo
3172 2578 3301 2639 ursi,
3333 2578 3475 2630 scili-

1923 2651 2027 2713 eet,
2057 2642 2205 2694 'l‘itus
2231 2651 2285 2695 et
2317 2640 2673 2707 Vespasianus
2694 2683 2707 2704 ,
2736 2640 2815 2698 de
2848 2648 3001 2709 silva,
3036 2647 3084 2698 id
3122 2658 3222 2709 eet,
3253 2648 3319 2700 de
3346 2662 3473 2713 gen—

1926 2710 2113 2785 t_ilitat_e
2141 2727 2259 2779 qua:
2309 2713 2501 2785 inculta
2534 2722 2647 2765 erat
2675 2713 2811 2785 sicut
2839 2716 2967 2768 silva
2997 2756 3012 2778 ,
3042 2717 3162 2785 quia
3210 2710 3473 2769 vomerem

1924 2779 2182 2834 doctrina:
2214 2783 2517 2847 apostolica:
2547 2798 2615 2835 no
2640 2783 2779 2837 idum
2805 2779 3073 2850 seuserati
3119 2789 3211 2848 illi,
3244 2788 3451 2852 inquam
3472 2825 3488 2848 ,

1923 2853 2121 2921 egressi
2173 2862 2619 2918 consumpserunt
2670 2870 2782 2907 eos.
2839 2856 2961 2908 Ideo
3001 2873 3209 2921 quoque
3238 2856 3478 2909 Cliristui

1927 2918 2118 3000 dicitur
2160 2922 2364 2986 calvus,
2396 2924 2516 3000 quia
2548 2924 2745 3000 inloco
2774 2918 3030 3000 Gali-ariae
3061 2918 3136 2977 est
3170 2927 3479 3000 crncilixus.

1926 2988 2045 3063 Filii
2092 2991 2265 3059 itaque
2291 2988 2545 3057 passionis
2589 2992 2704 3061 ejus
2756 2998 3012 3061 redempti
3044 3012 3136 3057 per
3172 2998 3481 3063 sanguinein

1926 3059 2113 3133 ipsus,
2145 3070 2199 3115 et
2228 3073 2500 3128 portantes
2547 3059 2804 3117 1111101118
2835 3059 2974 3133 quod
3026 3066 3221 3118 inimici
3254 3059 3483 3119 iiseiunt

255 3140 449 3193 titubas
478 3130 657 3194 coram
714 3130 1397 3207 hominibus,'con/irmast‘i
1422 3156 1501 3193 me
1542 3150 1715 3193 tamen
1766 3144 1819 3196 in

1930 3130 1977 3182 111
2043 3131 2492 3207 locowlf'alvuriin,
2546 3144 2689 3207 recte
2748 3130 2994 3207 dicuntur
3043 3136 3134 3189 lilii
3181 3136 3352 3207 Core;
3407 3137 3487 3188 his

254 3222 530 3273 (sternam,
562 3211 612 3263 id
661 3220 761 3274 est,
812 3212 1136 3263 δίκη-1111111111·
1184 3212 1406 3276 positum
1458 3211 1510 3261 in
1551 3224 1822 3280 conspectu

255 3290 371 3343 tuo,
400 3281 451 3332 id
481 3290 582 3343 est,
614 3280 808 3332 factum
843 3282 1192 3333 immortalem
1221 3292 1273 3334 et
1297 3282 1673 3347 iaipassibileni
1712 3285 1823 3349 jam

252 3351 610 3417 dispositione
634 3361 738 3403 tua.
764 3350 990 3403 Christus
1008 3351 1139 3421 enim
1161 3367 1425 3419 resurgens
1445 3368 1476 3403 a
1499 3355 1705 3404 mortuis
1710 3355 1826 3421 jam

257 3437 363 3493 non
391 3423 624 3483 moritur,
656 3433 707 3493 ei
735 3423 955 3493 reliqua.
990 3420 1158 3487 Unde,
1184 3423 1407 3484 scilicet,
1440 3424 1565 3490 quia
1588 3420 1823 3493 suscepi-

256 3491 331 3542 sti
363 3505 460 3548 me,
485 3498 532 3541 rt
563 3492 877 3558 conﬁrmasti
899 3507 993 3543 me.

333 3560 659 3613 Benedictus.
691 3562 744 3613 id
784 3569 895 3624 est,
940 3571 1311 3629 augineutatus
1350 3571 1404 3615 et
1454 3561 1713 3614 exaltatus
1760 3562 1829 3616 sit

258 3630 530 3695 Dominus,
548 3631 637 3698 qui
658 3644 777 3684 eum
794 3631 864 3683 sit
886 3632 1023 3684 Deus
1041 3632 1275 3685 omnium
1298 3647 1388 3700 per
1412 3642 1671 3696 naturain,
1695 3633 1830 3686 Deus

258 3700 458 3763 Israel,
493 3702 543 3753 id
575 3711 693 3767 est,
727 3704 1039 3770 posterioris
1091 3704 1287 3768 populi,
1329 3702 1415 3755 cui
1455 3702 1621 3768 major
1668 3705 1829 3755 servit

258 3786 360 3835 per
399 3772 655 3838 gratiam,
704 3772 991 3824 benedictus
1036 3772 1125 3836 sit,
1179 3772 1412 3839 inquam,
1465 3772 1832 3826 benedictione

257 3841 553 3909 incipiente
582 3856 613 3892 a
645 3842 892 3907 prtesenti
936 3842 1145 3907 sarculo,
1186 3851 1241 3894 et
1267 3846 1566 3895 continuata
1597 3859 1750 3909 usque
1778 3844 1833 3895 in

256 3911 499 3962 t'uturuin
528 3912 791 3965 suculam.
828 3909 949 3964 Fiat
976 3913 1279 3965 benedictio
1326 3928 1376 3966 in
1408 3913 1512 3966 illis
1541 3913 1751 3977 ovibus,
1780 3922 1835 3966 et

259 3983 355 4034 tiat
384 3981 436 4035 ei
466 3982 771 4036 benedictio
798 3982 851 4034 iii
881 3982 1001 4034 istis
1028 3981 1233 4035 ovibus.

749 4072 815 4128 ΙΝ
845 4071 1167 4129 PSALMUM
1198 4072 1331 4128 XLI.

598 4164 654 4219 111
688 4168 844 4219 ῆιιθιιι
875 4164 1178 4219 intellectus
1205 4167 1328 4220 liliis
1357 4165 1511 4223 Core.

860 4272 1239 4311 ABGUMENTUI.

336 4346 571 4413 Populus
598 4348 649 4399 in
684 4345 952 4418 Babylone
980 4350 1217 4417 captivus
1252 4351 1436 4418 patriae
1468 4368 1672 4405 memor
1696 4366 1831 4409 urat.

260 4417 434 4473 Aliter
472 4429 595 4471 ante
626 4420 942 4493 baptismum
976 4435 1079 4493 vnit
1106 4417 1301 4473 Cliristi
1342 4424 1407 4475 ad
1441 4438 1534 4476 eos
1561 4427 1648 4493 qui
1680 4428 1833 4479 lideut

258 4500 385 4541 sunt
419 4500 778 4542 consecuturi.
810 4488 951 4558 Lege
977 4490 1043 4543 ad
1067 4490 1272 4545 Isaiam.

878 4598 910 4636 Ε
920 4598 946 4635 Σ
956 4598 1235 4638 ΡιΑΝΑτκι.

340 4670 462 4721 Filii
497 4669 623 4723 Core
657 4672 787 4725 sicut
812 4682 859 4725 et
902 4672 1088 4735 Eman,
1121 4672 1314 4739 Etltan,
1342 4676 1512 4740 Asaph
1546 4687 1591 4727 et
1625 4676 1835 4731 lilitliun

262 4757 369 4792 non
392 4743 793 4810 psalmographi,
818 4744 906 4794 sed
928 4757 1157 4797 cantores
1188 4746 1351 4813 fuere,
1389 4763 1420 4798 a
1448 4748 1609 4799 David
1633 4752 1835 4813 quidem

260 4817 330 4861 ad
356 4814 694 4885 psalmodiam
715 4815 877 4885 electi,
900 4817 1014 4885 sed,
1040 4816 1101 4866 ob
1126 4816 1523 4885 signiﬁcantium
1549 4820 1832 4882 nominum,

262 4884 425 4933 titulis
447 4892 779 4949 congruenter
802 4883 985 4947 nil/ixi.
1028 4888 1153 4937 Core
1176 4883 1359 4937 dicitur
1384 4888 1559 4939 Calva:
1576 4886 1643 4947 izi,
1671 4890 1720 4938 111
1747 4905 1833 4939 cu-

249 4953 350 5023 jus
385 4954 601 5005 nominis
636 4954 747 5005 loco
772 4954 1019 5006 Dominus
1061 4966 1131 5006 est
1171 4957 1468 5023 cruciﬁxus.
1513 4957 1577 5007 Et
1604 4960 1715 5009 ideo
1740 4960 1835 5020 [.lii

262 5021 395 5073 Core
428 5027 607 5073 merito
642 5026 903 5085 dicuntur,
933 5027 1019 5090 qui
1055 5021 1319 5088 passionis
1345 5028 1483 5079 illius
1505 5028 1689 5079 vexillo
1732 5038 1834 5079 tota

262 5092 529 5144 devotione
567 5096 900 5159 tantulautur.
934 5097 1272 5159 Psalmusque
1310 5097 1391 5147 Inc
1430 5102 1566 5147 omni
1607 5102 1835 5149 convenit

262 5160 580 5235 Christiano,
606 5164 689 5228 qui
710 5166 918 5235 [intuma
942 5166 1205 5216 dominicw
1226 5167 1487 5219 cliai'itatis
1519 5171 1834 5235 accingitur;

262 5233 553 5305 meminisse
574 5236 715 5305 enim
741 5234 976 5286 debemus
997 5235 1132 5302 quod
1153 5238 1324 5287 beatus
1352 5233 1691 5305 Hieronymus
1728 5239 1833 5292 ait:

265 5298 433 5352 Omne
454 5300 761 5355 Psalterium
803 5320 976 5372 sagae:
1006 5298 1167 5357 mente
1195 5307 1509 5370 perlustrans
1530 5298 1565 5369 ,⁷
1590 5324 1836 5371 nusquam

260 5374 465 5425 invenio
490 5375 623 5438 quod
644 5375 738 5440 [itii
764 5372 891 5426 Core
926 5377 1120 5441 aliquid
1156 5378 1300 5427 triste
1327 5379 1667 5439 mutaverint;
1705 5394 1837 5429 sem-

264 5455 357 5514 per
378 5442 510 5493 enim
542 5444 592 5495 in
616 5444 822 5508 psalmis
844 5460 1013 5495 eorum
1042 5449 1159 5497 truta
1187 5457 1300 5497 sunt
1326 5461 1366 5498 ei
1393 5450 1646 5514 )ttcunda,
1670 5464 1834 5499 δατη-

260 5512 552 5580 laribusque
597 5517 887 5581 contemptis
922 5518 1139 5567 cwlestia
1179 5528 1225 5567 et
1265 5512 1455 5567 anerna
1506 5520 1789 5569 desiderant
1818 5560 1831 5581 ,

258 5595 591 5650 congruentes
634 5584 1027 5651 interpretationi
1069 5589 1282 5637 nominis
1326 5587 1425 5637 sui.
1470 5586 1637 5639 Filius
1682 5590 1831 5649 Core,

258 5669 409 5718 quem
441 5655 663 5724 diximus
700 5669 865 5705 crucis
903 5657 1091 5706 honore
1119 5667 1391 5722 signatum,
1436 5658 1606 5722 prima
1642 5662 1836 5724 pro/es-

257 5724 404 5772 sione
425 5722 603 5787 psalmi
626 5725 778 5789 hujus
805 5741 946 5776 omne
969 5727 1276 5777 desiderium
1307 5730 1483 5779 mentis
1514 5745 1615 5781 sua:
1640 5722 1706 5780 ad
1733 5722 1830 5780 Do-

256 5793 449 5844 minum
474 5794 593 5845 dicit
617 5810 723 5845 esse
744 5797 1065 5847 translatum.
1087 5793 1152 5847 In
1174 5798 1393 5849 secunda
1414 5801 1635 5865 loquitur
1652 5804 1835 5853 animo:

1848 3173 1892 3232 Ο
1926 3210 2101 3253 autem
2155 3202 2276 3256 liliis
2323 3175 2567 3257 cautaiur
2619 3205 2716 3257 iste

2766 3206 2999 3270 psalmus
3051 3208 3100 3257 in
3145 3206 3488 3259 intellectum.

1932 3270 2235 3326 Exciteiiius
2281 3288 2408 3342 ergo
2457 3273 2801 3335 intellectum,
2833 3284 2887 3326 et
2934 3277 2974 3326 si
3026 3275 3179 3327 nobis
3221 3283 3488 3337 cantatur,

1929 3351 1983 3392 et
2013 3342 2056 3393 si
2091 3343 2179 3393 lilii
2212 3342 2346 3396 Core
2375 3358 2495 3396 esse
2542 3344 2805 3405 volumus,
2844 3344 3196 3409 intelligamus
3227 3346 3365 3409 quod
3408 3346 3489 3397 iii-

1931 3410 2189 3464 tellecturi
2238 3426 2440 3464 sumus.
2492 3413 2544 3465 In
2595 3429 2750 3479 quem
2800 3425 2974 3465 autem
3026 3414 3350 3467 intellecutin
3386 3415 3484 3467 iste

1933 3481 2167 3546 psalmus
2189 3491 2431 3534 cantetur
2457 3483 2623 3535 audeo
2646 3484 2822 3535 dicere
2842 3500 2853 3534 :
2873 3482 3154 3535 lttl‘iﬂbilla
3174 3484 3306 3535 enim
3332 3484 3492 3547 ipsius

1931 3567 1963 3600 a
1982 3561 2209 3621 creatura
2246 3554 2420 3602 mundi
2448 3569 2537 3621 per
2565 3568 2623 3605 ea
2651 3569 2763 3621 qua:
2787 3559 2919 3619 [arta
2946 3563 3058 3606 sunt
3095 3555 3346 3605 intellecta
3375 3570 3495 3606 coa-

1931 3620 2232 3691 spicuntur.
2284 3622 2452 3674 Simul
2499 3638 2626 3691 ergo
2664 3620 2943 3686 amemus,
2995 3627 3151 3677 simul
3204 3625 3253 3677 in
3284 3625 3381 3677 hac
3409 3626 3493 3676 siti

1934 3690 2353 3755 inardescamus,
2387 3690 2642 3745 811111111ιά
2691 3692 2887 3746 fontem
2942 3695 3261 3751 intelligendi
3312 3708 3495 3746 curra—

1936 3776 2072 3812 mus.
2124 3761 2501 3815 Desideremus
2551 3765 2694 3815 velut
2741 3778 2934 3816 cervus
2983 3764 3178 3817 fontem
3228 3763 3396 3821 illum.
3429 3763 3496 3815 de

1934 3846 2038 3903 quo
2069 3832 2181 3903 lucc
2209 3833 2478 3903 Scriptura
2510 3834 2631 3885 alibi
2664 3833 2791 3885 dicit
2838 3850 2850 3885 :
2902 3834 3154 3899 Quoniam
3184 3836 3317 3903 apud
3348 3844 3393 3885 te
3420 3844 3493 3885 est

1937 3901 2049 3966 fons
2074 3902 2209 3954 vitm.
2252 3902 2368 3969 ipse
2396 3902 2536 3955 enim
2567 3911 2622 3954 et
2660 3903 2777 3955 lous
2805 3913 2857 3955 et
2890 3907 3086 3968 lumen,
3118 3914 3171 3957 et
3198 3901 3495 3956 intellectus

1936 3982 2038 4023 est.
2085 3970 2224 4023 Fons
2269 3982 2387 4034 est,
2439 3974 2556 4037 quia
2600 3973 2837 4024 sitientes
2888 3982 3068 4039 potat;
3120 3973 3317 4035 lumen,
3370 3975 3492 4039 quia

1938 4056 2108 4093 CEBCUS
2178 4041 2475 4109 illuminat;
2542 4042 2838 4096 intellecuis
2885 4059 3043 4107 vero,
3100 4045 3217 4109 quia
3264 4044 3491 4095 animam

1938 4112 2138 4164 sciendi
2188 4112 2395 4164 avidam
2443 4106 2693 4163 illn~trat.
2745 4112 2810 4165 Et
2858 4106 3035 4165 omnis
3080 4106 3165 4179 qui
3223 4113 3488 4180 intelligit,

1941 4198 2043 4234 non
2067 4184 2335 4245 exteriori,
2369 4187 2459 4234 sed
2494 4182 2732 4235 interiori
2764 4185 2958 4235 lumine
2991 4185 3299 4237 illustratur.
3322 4183 3489 4235 Curre

1942 4269 2066 4312 ergo
2097 4254 2159 4303 ad
2192 4252 2409 4315 fontem,
2457 4254 2698 4306 desidera
2731 4269 2920 4321 aquam
2956 4256 3132 4317 l'untis,
3166 4270 3267 4307 non
3300 4263 3489 4305 utcun«

1940 4339 2062 4388 que.
2091 4326 2184 4375 sed
2232 4332 2288 4374 ut
2337 4338 2559 4385 cervus;
2614 4324 2834 4391 impiger
2879 4338 3056 4390 curre,
3094 4326 3315 4390 impiger
3352 4322 3494 4373 deni-

1941 4395 2087 4446 dera.
2137 4394 2191 4445 In
2237 4408 2396 4447 cervo
2443 4396 2584 4446 enim
2615 4394 2908 4446 velocitatis
2954 4406 3034 4447 est
3084 4394 3307 4460 insigne.
3342 4392 3494 4444 Aliud

1944 4478 2154 4532 quoque
2183 4464 2362 4516 divina
2394 4465 2660 4531 Scriptura
2692 4474 2837 4516 notat
2866 4463 2917 4515 in
2947 4477 3123 4515 cervo.
3156 4465 3354 4515 Cervus
3381 4476 3492 4513 ser-

1870 4532 1919 4589 D
1948 4545 2154 4600 pontem
2204 4537 2487 4596 consumit,
2520 4542 2574 4586 et
2625 4543 2741 4601 post
2773 4536 3185 4600 pereniptiunem
3235 4538 3494 4601 serpentis

1940 4599 2126 4670 majori
2176 4604 2261 4656 siti
2312 4599 2708 4679 inardescitiet
2736 4603 2910 4655 acrius
2955 4599 3019 4655 ad
3064 4603 3260 4654 lentem
3309 4599 3491 4679 currit.

1936 4678 2223 4738 Serpentes
2275 4685 2395 4726 sunt
2428 4674 2571 4726 vitia.
2604 4674 2867 4725 Consumc
2896 4687 3022 4739 ergo
3066 4680 3347 4737 serpentes
3389 4674 3496 4739 ini-

1935 4746 2255 4817 quitatis,7et
2298 4745 2468 4817 magis
2497 4738 3068 4817 desiderabislonteni
3100 4741 3359 4817 veritatis.
3404 4738 3497 4790 Est

1936 4818 2093 4867 etiam
2125 4816 2265 4867 aliud
2294 4811 2430 4881 quod
2459 4824 2510 4867 et
2534 4814 2602 4866 de
2632 4811 2803 4866 cervis
2826 4811 3036 4875 dicitur,
3068 4813 3193 4864 etin
3222 4811 3392 4863 cervis
3426 4823 3497 4857 vi-

1934 4886 2108 4937 detur.
2157 4886 2419 4949 Quoniam
2463 4886 2604 4936 enim
2649 4884 2958 4949 longinquas
2998 4882 3239 4950 regiones
3288 4889 3493 4948 petunt,

1935 4966 2024 5006 aut
2052 4968 2143 5019 per
2193 4970 2339 5007 mare
2386 4954 2582 5017 nando,
2628 4960 2719 5006 aut
2764 4952 2813 5005 in
2862 4954 3070 5019 agmine
3112 4952 3307 5011 eundo,
3360 4951 3495 5001 alter

1937 5040 2071 5076 onus
2098 5024 2286 5091 capitis
2326 5024 2637 5091 superponit
2667 5023 2913 5075 clunibus
2954 5024 3195 5088 alterius,
3227 5020 3408 5085 sicque
3438 5033 3494 5069 se

1938 5095 2160 5147 iiiiiecm
2210 5103 2439 5161 portant,
2475 5110 2571 5145 nec
2621 5108 2679 5146 se
2707 5094 2994 5156 deseruiit,
3042 5095 3133 5145 Sed
3169 5098 3491 5159 proposuit!"

1936 5164 2036 5218 iter
2068 5175 2341 5230 peragunt.
2376 5164 2494 5236 llos,
2517 5164 2649 5217 tales
2675 5178 2864 5216 cervos
2894 5164 3181 5236 alloquitur
3208 5161 3493 5236 Apostolus

1937 5235 2117 5288 dicens
2144 5252 2153 5284 :
2187 5237 2324 5287 Alter
2351 5234 2557 5287 alterius
2586 5249 2739 5286 onera
2765 5243 2974 5299 portate.
3012 5235 3070 5286 lli
3101 5234 3239 5285 enim
3271 5234 3412 5299 cervi
3442 5234 3493 5277 in

1940 5308 2041 5357 lide
2085 5308 2353 5358 constituti
2403 5305 2635 5356 noniluni
2670 5298 2913 5357 videntes
2950 5304 3089 5370 quod
3133 5298 3492 5370 crediderunt,

1936 5376 2210 5446 cupientes
2261 5377 2554 5442 intelligere
2598 5376 2741 5441 quod
2790 5363 3034 5446 diligunt,
3084 5368 3388 5446 desiderant

1939 5433 2133 5499 fontem
2165 5433 2551 5510 aquaruuivnou
2582 5433 2740 5496 causa
2788 5433 3139 5513 lavandused
3166 5451 3325 5490 causa
3375 5433 3497 5513 teli:

1937 5515 2131 5568 ciendi.
2176 5503 2372 5568 ll'ornin
2418 5530 2719 5587 cervorum,
2752 5511 3050 5587 inio_cervi
3105 5520 3409 5587 cervinum,
3442 5503 3493 5555 id

1936 5596 2037 5650 est,
2066 5587 2259 5638 Gliristi
2302 5602 2400 5639 vox
2431 5597 2529 5648 εει,
2563 5586 2613 5636 111
2647 5585 2747 5636 lioc
2775 5583 2998 5648 psalmo.
3032 5582 3363 5652 exliortautis
3395 5587 3491 5652 nos

1938 5643 2036 5707 suo
2076 5659 2343 5719 exemplo,
2375 5665 2430 5726 ut
2461 5643 2525 5707 iii
2545 5653 2643 5707 liae
2674 5643 3039 5726 mortalitate,_
3063 5652 3115 5726 in
3146 5643 3505 5726 liaepassibi-

1940 5729 2085 5778 litate
2113 5736 2165 5777 et
2192 5713 2533 5791 corruptione
2582 5726 2855 5777 CUIlSlllUli
2901 5723 3043 5795 omni
3078 5718 3370 5795 intentione
3398 5713 3501 5766 de-

1938 5796 2269 5861 Siderciuus,
2320 5799 2764 5865 iiigeuiiscanius,
2816 5792 3146 5863 suspit‘einus
3201 5792 3501 5860 ρετιιιιιςθτε
