3922 6190
445 357 555 412 ’103

909 354 1110 410 ΒΕΟεΕ
1155 346 1596 406 VENEItADlLlS
1631 347 1785 402 Ul’f‘.
1825 344 1998 399 PARS
2034 346 2036 397 ἰ

2145 346 2328 401 SECT.
2365 346 2426 400 ll.
2452 374 2518 384 —
2559 341 2764 398 DUDIA
2807 341 2892 396 ET
2929 339 3198 396 SPURIA.

3589 343 3692 398 λι

455 467 519 518 ad
552 467 692 519 illum
727 465 944 526 fontem,
970 466 1054 517 ubi
1088 465 1182 516 hoc
1220 460 1431 513 mortale
1459 460 1634 512 induat
1659 456 2015 509 immortalita-
2047 459 2097 516 Α
2123 457 2214 509 sed
2239 457 2420 521 effudi,
2445 457 2565 520 quia
2594 470 2716 509 vere
2743 454 3043 526 perveniant
3074 455 3138 506 ad
3169 470 3411 526 ntagnam
3435 456 3696 524 gloriam;

456 548 576 597 tem,
603 545 648 587 et
673 535 996 600 corruptibile
1017 533 1468 599 incorruptionem.
1498 528 1704 600 Titulus
1740 535 1912 600 autem
1940 527 2018 579 sic

461 596 744 668 exponitur
775 622 785 655 :
823 596 1060 656 l’salmns
1111 604 1206 655 iste
1230 596 1236 599 ἡ
1262 600 1484 652 refertur
1513 599 1577 650 ad
1624 599 1810 668 linem,
1837 596 1884 648 id
1913 604 2014 668 est,

466 664 850 733 ειΙὉΙιι-ἰςιιιιιι,
881 674 1030 738 cujus
1060 687 1158 723 vox
1205 681 1317 731 est;
1345 677 1584 721 cantatus
1627 667 1746 738 filiis
1775 664 2017 738 Core,id

464 752 571 803 est,
604 743 850 793 iiiiiiatori
884 735 1086 794 scilicet
1115 741 1371 803 passionis
1414 738 1577 804 ipsius
1607 737 1831 800 Christi;
1861 736 1910 786 in
1942 735 2020 786 iit-

467 813 753 874 tellectuin,
787 811 836 863 id
883 823 987 870 est,
1021 823 1078 864 ut
1126 810 1482 872 intelligerent
1522 805 1658 874 quod
1706 814 1790 857 est
1837 805 2024 856 intelli-

463 883 711 945 gendum,
744 891 941 946 quanto
971 880 1172 934 scilicet
1203 876 1469 931 desiderio
1509 887 1562 927 et
1591 884 1786 946 quanto
1832 874 2024 946 ardore

464 944 527 1001 ad
561 944 1108 1018 fonteui‘intelligeiidi
1139 948 1457 1018 currendum
1489 947 1577 998 sit.
1602 945 1761 1018 Nunc
1781 944 1843 994 ad
1877 944 2023 1018 litle:

464 1033 577 1070 ram
628 1011 981 1072 accedamus."
1014 1020 1125 1070 Vox
1170 1027 1254 1070 est
1299 1015 1509 1083 capitis,
1559 1025 1615 1066 ut
1657 1015 1911 1076 diximus,
1959 1011 2024 1063 ad

465 1100 695 1140 neSIraiu
748 1089 1170 1142 exhortationem
1213 1086 1294 1139 sic
1340 1086 1474 1148 apud
1529 1084 1732 1136 Patrem
1789 1083 2022 1149 agentis:

469 1157 514 1208 0
540 1156 696 1220 Deus,
724 1158 893 1210 anima
923 1175 1050 1220 mea,
1087 1158 1134 1209 id
1161 1165 1262 1218 est,
1296 1155 1468 1207 vilitas
1497 1154 1839 1206 humanitatis
1872 1167 2026 1215 mete,

466 1228 719 1278 desiderat
743 1227 809 1279 ad
834 1237 878 1279 te
910 1229 1086 1280 venire
1126 1228 1320 1278 fontem
1354 1229 1474 1277 vita:
1500 1235 1555 1276 et
1586 1222 1907 1275 intellectus.
1953 1222 2028 1274 lla

464 1298 908 1360 quemadmodum,
944 1297 994 1348 id
1023 1308 1122 1360 est,
1152 1305 1348 1364 quanto
1395 1294 1589 1346 aidore
1619 1304 1671 1345 et
1697 1303 1893 1360 quanta
1913 1361 1922 1364 _
1943 1306 2030 1364 ve-

470 1364 687 1419 locitate
715 1382 885 1418 cervus
915 1382 1008 1434 per
1041 1361 1511 1434 coiisttmptionein
1550 1370 1855 1434 serpentum
1889 1361 2026 1412 desi-

469 1436 614 1487 derat
646 1439 825 1489 venire
866 1432 928 1487 ad
976 1435 1167 1498 fontes,
1208 1450 1311 1487 non
1360 1432 1694 1500 simpliciter,
1745 1433 1865 1499 quia
1907 1440 2033 1484 sunt

469 1503 641 1557 fontes
678 1506 892 1572 quidam
935 1507 1258 1566 deﬁcientes,
1311 1502 1402 1556 sed
1448 1507 1513 1553 ad
1557 1505 1721 1570 fontes
1760 1517 2030 1572 aquarum,

474 1574 562 1626 ubi
610 1571 896 1640 pleiiariam
946 1576 1279 1628 refectionem
1329 1572 1526 1626 habere
1573 1572 1764 1638 possit,
1812 1571 1948 1624 sicut
1979 1579 2034 1623 et

471 1659 573 1712 ego
602 1645 808 1698 habebo
836 1646 970 1710 apud
1006 1654 1078 1697 te.
1131 1644 1304 1696 Voluit
1348 1642 1593 1710 quiddam
1647 1656 1896 1707 magnum
1949 1641 2032 1692 di-

472 1729 616 1778 cere,
664 1716 753 1766 sed
803 1731 905 1766 non
951 1715 1133 1766 habuit
1178 1713 1334 1765 verba
1382 1713 1573 1778 quibus
1624 1725 1716 1776 per
1766 1725 1824 1762 se
1856 1717 2038 1776 posset

2124 541 2243 578 nam
2291 528 2517 579 transibo
2549 540 2716 592 usque
2755 525 2815 575 ail
2847 525 3063 577 domum
3099 524 3218 589 Dei,
3245 526 3326 577 vel
3370 528 3692 587 SIlpt'l'CtBle-

2122 607 2280 661 sti-in,
2315 597 2364 648 iii
2397 613 2495 662 qua
2545 594 2939 648 immortalitate
2977 604 3028 647 et
3065 595 3491 660 impossibilitate
3537 612 3693 649 corno

2124 666 2291 718 nalior
2317 668 2443 728 ;'vel
2490 664 2742 731 usquead
2779 664 3087 726 liccli-siam,
3122 681 3239 728 qua:
3270 665 3457 718 domus
3491 665 3576 717 llei
3610 668 3694 719 di-

2125 736 2294 795 ritur,
2343 735 2788 787 constituendam.
2839 734 2989 787 Sicut
3019 735 3162 788 enim
3211 750 3269 787 et
3327 735 3490 789 latere
3521 737 3694 789 Adam

2126 805 2444 858 dormientis
2487 814 2604 855 nata
2647 815 2728 857 e~t
2769 804 2893 867 Evn,
2946 803 3018 856 ita
3075 819 3138 857 ex
3197 805 3360 858 latere
3386 805 3585 860 ChriSti
3639 805 3692 858 in

2127 890 2285 926 cruce
2315 873 2624 927 dormientis
2669 873 2914 944 exierunt
2941 882 3324 944 εθιϊειηιθωη
3353 877 3566 944 sanguis
3594 877 3696 929 sci-

2127 944 2250 996 licet
2271 954 2326 997 et
2368 959 2526 1012 aqua,
2551 959 2614 996 ex
2647 943 2835 1012 quibus
2862 944 3145 996 constituta
3176 955 3261 996 est
3291 943 3548 1000 Ecclesia.
3584 946 3698 1011 Ego

2126 1012 2244 1065 ilico
2274 1013 2414 1078 prius
2445 1013 2681 1067 existens
2721 1013 2772 1065 in
2804 1013 2941 1078 loco,
2975 1013 3056 1066 vel
3084 1013 3303 1066 veniens
3332 1015 3384 1066 in
3412 1016 3581 1068 locum
3615 1025 3697 1067 tu-

2127 1083 2406 1149 bernaculi,
2438 1084 2486 1135 iil
2517 1094 2618 1148 εει,
2651 1083 2700 1136 in
2732 1083 3157 1136 observationem
3205 1083 3448 1151 legalium
3485 1086 3700 1139 institu-

2131 1161 2301 1223 torum
2327 1170 2339 1217 ;
2372 1154 2513 1218 prius
2543 1155 2684 1206 enim
2716 1153 2903 1223 legalia
2937 1153 3211 1220 persolvit,
3240 1155 3361 1222 quia
3388 1165 3440 1208 et
3468 1155 3704 1209 circum-

2130 1222 2272 1274 cisus
2301 1232 2399 1285 est,
2431 1233 2483 1274 et
2528 1223 2580 1276 in
2615 1222 2812 1289 templo
2845 1231 3272 1289 repraesentatus,
3307 1235 3356 1277 et
3389 1225 3704 1290 piirilicatus

2129 1294 2421 1346 secundum
2468 1296 2657 1361 legem.
2690 1293 2950 1357 Quoniam
3001 1309 3103 1344 non
3152 1293 3317 1359 legem
3368 1299 3580 1349 solvere
3613 1312 3702 1348 ve-

2133 1372 2311 1426 nerat,
2363 1361 2458 1416 sed
2505 1362 2825 1428 adimplere,
2870 1362 3062 1415 deinde
3107 1363 3408 1428 spiritualia
3450 1366 3701 1419 contulit.

2136 1431 2388 1504 Dicuntur
2418 1443 2592 1485 autem
2623 1432 2809 1500 legalia
2843 1431 3079 1484 instituta
3113 1431 3532 1504 tabernaculum,
3564 1437 3692 1504 quia

2134 1503 2271 1553 sicut
2301 1503 2632 1554 tabernacula
2665 1516 2766 1554 non
2800 1505 3084 1565 manseria,
3115 1502 3208 1554 sed
3242 1504 3304 1554 ad
3337 1512 3547 1570 tempus
3578 1502 3702 1557 ian-

2138 1579 2246 1623 tum
2280 1573 2447 1637 posita
2499 1572 2729 1625 fuerunt.
2762 1570 3129 1625 Ecclesiastica
3160 1587 3285 1625 vero
3315 1573 3553 1627 instituta
3601 1576 3705 1627 du-

2136 1655 2255 1692 "IIIS
2303 1643 2568 1706 dicuntur,
2616 1643 2735 1706 quia
2783 1641 2973 1694 donius
3019 1643 3280 1694 mansoria
3316 1641 3572 1696 habitatio
3599 1654 3706 1705 cst,

2138 1721 2191 1762 et
2219 1711 2326 1777 ipsa
2359 1728 2566 1778 quoque
2594 1723 2715 1764 sunt
2763 1713 3051 1777 manentia,
3101 1711 3410 1764 tabernaculi
3452 1714 3575 1767 dico
3613 1715 3710 1766 ad-

473 1781 702 1858 edicere.
749 1793 802 1836 et
845 1785 961 1858 ideo
1009 1785 1074 1836 ad
1126 1784 1264 1858 hanc
1309 1780 1707 1858 similitudinem
1757 1780 2034 1858 decervo
2069 1799 2113 1858 Β
2141 1780 2403 1858 innabilis,
2454 1783 2892 1858 nounsecundum
2943 1797 3022 1848 se,
3071 1781 3165 1835 sed
3211 1793 3425 1850 propter
3468 1785 3555 1836 illa
3587 1801 3709 1853 quae

473 1853 691 1904 cinitulit
719 1867 796 1904 se.
852 1854 916 1906 lit
961 1864 1207 1904 notantur
1236 1852 1340 1902 duo
1374 1851 1458 1902 hic
1507 1853 1555 1900 in
1588 1863 1768 1913 cervo,
1818 1849 2030 1902 deside-

473 1921 608 1972 rium
643 1921 884 1975 videlicet
929 1932 982 1973 et
1011 1922 1282 1975 velocitas.
1315 1920 1430 1986 Quo
1461 1919 1618 1973 modo
1662 1929 1838 1972 autem
1887 1918 2033 1972 desi-

476 1991 626 2042 derat
667 1993 766 2044 isle
799 1991 978 2044 venire
1004 1992 1068 2044 ad
1101 1993 1262 2044 Deum
1295 1990 1526 2055 Patrem,
1561 2004 1590 2041 a
1622 2004 1729 2054 quo
1760 2003 2030 2058 nunquam

471 2059 744 2112 discedere
775 2062 981 2125 potuit?
1022 2063 1158 2115 Deus
1203 2060 1345 2113 enim
1397 2069 1512 2112 erat
1562 2058 1610 2110 iu
1639 2058 1852 2112 Christo
1880 2073 2032 2112 mun-

473 2131 598 2180 dum
629 2130 726 2183 Sibi
759 2132 1125 2184 reconcilians.
1165 2129 1272 2185 Sed
1307 2131 1406 2182 hoc
1434 2129 1559 2181 dicit
1587 2128 1877 2180 secundum
1911 2142 2028 2181 nos.

473 2198 713 2264 Quandiii
745 2202 882 2253 enim
933 2201 985 2254 in
1023 2201 1119 2254 hac
1164 2210 1342 2253 nostra
1395 2198 1704 2251 infirmitate
1735 2198 1849 2262 fuit,
1882 2197 2033 2251 vide-

475 2269 626 2320 batur
657 2283 889 2324 reinotus
917 2285 946 2324 a
979 2271 1116 2334 Deo;
1165 2279 1440 2337 postquam
1471 2283 1599 2321 vero
1654 2269 2031 2320 immortalita-

473 2347 599 2408 tem,
641 2338 1092 2408 incorruptionem
1141 2341 1352 2394 indutus
1399 2347 1502 2406 est,
1536 2348 1658 2392 tunc
1707 2342 1936 2404 primum
1965 2337 2031 2391 ad

472 2405 637 2461 Demn
669 2405 930 2472 pertinere
957 2412 1098 2465 visus
1124 2420 1224 2464 est.

580 2479 748 2530 Sitivit
777 2481 948 2532 anima
977 2498 1103 2533 mea.
1157 2479 1367 2544 Repetit
1413 2477 1552 2531 idem
1581 2475 1721 2546 quod
1753 2475 1885 2529 dixit
1915 2493 2034 2544 gra-

475 2546 706 2617 vioribus
755 2550 945 2614 verbis,
999 2551 1148 2617 quasi
1193 2550 1335 2602 dicat
1369 2565 1381 2599 :
1419 2548 1540 2601 Ideo
1582 2549 1744 2617 dico,
1789 2546 2034 2617 Domine,

473 2615 701 2668 animam
751 2633 920 2672 meam
971 2615 1034 2672 ad
1089 2630 1138 2671 te
1187 2618 1510 2682 desiderare,
1542 2616 1664 2684 quia
1709 2615 1884 2667 anima
1926 2633 2037 2670 mea

472 2686 644 2747 sitit-it,
678 2691 728 2740 in
761 2700 860 2750 est,
893 2689 980 2741 siti
1012 2689 1183 2756 magni
1214 2688 1465 2742 desiderii
1495 2689 1694 2740 exarsit
1735 2685 1802 2738 ad
1835 2694 1886 2739 te
1915 2701 2038 2756 per-

477 2756 696 2822 tingere,
730 2757 796 2808 ad
827 2768 876 2810 te
904 2759 1064 2811 Deunt
1091 2761 1371 2812 videndum
1401 2769 1456 2810 et
1487 2756 1922 2824 intelligendhm;
1959 2766 2033 2824 te,

473 2826 614 2888 dco,
645 2831 855 2893 (utilem,
898 2832 1017 2894 quia
1050 2829 1289 2883 devicisti
1338 2840 1563 2880 mortem
1616 2834 1850 2880 nostram
1877 2843 1892 2892 ;
1924 2833 1979 2880 et
2007 2843 2034 2880 a

475 2909 579 2956 uno
612 2897 739 2948 inilii
769 2907 822 2949 et
854 2903 986 2952 meis
1013 2910 1092 2952 est
1122 2899 1296 2952 omnis
1340 2897 1596 2950 fortitudo
1645 2907 1845 2959 nostra,
1876 2910 1931 2950 et
1958 2899 2035 2952 ui-

474 2977 610 3038 υὲιιη,
637 2967 757 3030 quia
795 2982 824 3019 a
849 2977 904 3038 te
932 2976 1014 3022 est
1038 2970 1140 3020 vita
1174 2968 1300 3020 itiilii
1336 2979 1388 3021 et
1415 2969 1565 3021 meis.
1602 2965 1743 3038 Sicut
1782 2967 1916 3019 enim
1945 2983 2037 3038 ego

478 3035 582 3084 rivo
616 3044 816 3103 pwpter
838 3035 1064 3102 Patrem,
1095 3041 1163 3090 ita
1191 3039 1351 3090 omnis
1373 3039 1458 3104 qui
1494 3037 1766 3088 ntanducat
1801 3053 1879 3090 me
1920 3035 2036 3091 uiuit

479 3117 681 3171 promer
727 3122 820 3158 me.
855 3110 1026 3174 Quare
1073 3118 1248 3161 autem
1297 3107 1501 3160 sitivit'l
1545 3108 1687 3169 Ideo,
1719 3106 1948 3171 scilicet,
1981 3117 2035 3161 ut

485 3175 688 3244 veniam
721 3189 771 3227 et
793 3192 1077 3244 appaream
1109 3190 1230 3231 ante
1261 3177 1446 3231 faciem
1479 3184 1640 3238 tuam,
1664 3177 1752 3244 qui
1784 3190 1845 3228 es
1876 3177 2033 3230 Deus.

480 3243 546 3295 Et
577 3260 642 3296 ex
675 3246 830 3297 nimia
869 3243 1148 3302 affectione
1199 3249 1324 3301 dicit
1358 3263 1370 3298 :
1408 3248 1472 3300 Et
1500 3243 1709 3314 quando
1768 3247 1962 3299 ueniam
1992 3257 2040 3301 et

482 3315 736 3381 apparebo
777 3326 897 3370 ante
921 3320 1102 3385 facient
1148 3330 1311 3371 tuam.
1342 3318 1642 3371 Constituto
1669 3315 1874 3370 scilicet
1904 3326 2040 3371 tem-

485 3399 610 3449 pore
647 3390 872 3454 veniam,
903 3392 1021 3456 quia
1058 3387 1288 3455 perfecta
1338 3386 1636 3441 obedientia
1664 3387 2038 3456 conscendam,

483 3456 802 3509 a'ternaltlcr
854 3455 1096 3512 sessurus
1145 3458 1210 3511 ad
1241 3461 1478 3511 dextram
1535 3469 1698 3510 tuain.
1753 3455 1862 3508 Non
1899 3460 2042 3511 enim

485 3532 566 3575 est
595 3523 678 3576 hic
710 3542 807 3578 vox
853 3528 1164 3590 dubitaiiti-,
1196 3528 1288 3580 sed
1334 3527 1709 3581 desiderantis.
1749 3526 1900 3590 Quod
1944 3541 2040 3580 au-

484 3605 588 3665 tem
619 3595 742 3646 dicit
773 3613 784 3646 :
825 3595 1032 3649 Veniam
1054 3607 1098 3650 et
1118 3599 1396 3665 apparebo,
1429 3600 1555 3650 item
1583 3611 1649 3650 ex
1680 3605 1860 3649 nostra
1890 3597 2041 3650 iulir-

483 3662 668 3714 mitate
715 3666 861 3719 dicit.
914 3662 1355 3720 Dntllittttsﬂetiillt
1408 3667 1723 3720 immortalis
1750 3675 1908 3719 estet
1937 3667 2041 3718 iiii-

484 3734 765 3804 passibilis.
800 3739 1130 3804 Qiiaproiiter
1159 3738 1282 3790 illiiil
1311 3736 1480 3789 solum
1511 3737 1668 3804 digne
1696 3735 1889 3788 dicitur
1917 3745 2043 3792 ante

483 3802 652 3874 ipsum
685 3809 882 3867 venire,
913 3802 1050 3874 quod
1087 3809 1383 3860 immortale
1409 3816 1463 3860 et
1494 3802 1826 3874 impossibile
1849 3815 1949 3858 est.

554 3870 785 3926 Fuerunt
807 3870 1190 3946 milii-lacrumae
1213 3893 1354 3932 mete.
1383 3877 1541 3942 Quasi
1569 3870 1711 3929 dicat
1744 3891 1756 3927 :
1792 3873 1928 3946 Vere
1953 3891 2040 3929 ue-

482 3942 618 3993 niam
653 3948 976 4017 etapporebo
999 3942 1116 4002 ante
1145 3952 1328 4017 facient
1358 3947 1471 4008 Dei,
1502 3947 1621 4014 quia
1656 3961 1748 4013 pro
1777 3945 2044 4001 desiderio

481 4015 722 4088 veniendi
764 4016 916 4079 illiiil,
946 4015 1184 4086 tacrymaz
1224 4033 1364 4079 mete,
1397 4018 1448 4070 id
1475 4027 1576 4078 est,
1610 4018 1853 4088 humana:
1886 4019 2044 4070 inise-

485 4085 595 4143 riae,
635 4099 728 4148 pro
763 4088 987 4150 quibus,
1036 4085 1156 4153 quia
1202 4097 1509 4152 exspectato
1556 4103 1653 4139 suo
1682 4085 2042 4153 contigerunt,

485 4165 695 4223 semper
719 4153 1022 4208 llDln'illllltts
1040 4158 1269 4210 ﬂendum
1291 4167 1391 4210 est.
1415 4158 1564 4217 Mem,
1590 4157 1638 4207 id
1663 4166 1764 4217 est,
1791 4171 1923 4222 quas
1945 4171 2044 4223 ego

488 4220 865 4276 misericordia:
895 4226 1175 4279 allei'tione
1207 4230 1255 4278 in
1288 4243 1371 4280 tne
1399 4226 1629 4289 suscepi,
1658 4237 1712 4278 ut
1744 4220 1838 4293 per
1867 4220 2038 4280 meant

487 4293 772 4357 iniseriam,
806 4295 911 4347 imo
940 4312 1033 4363 per
1064 4312 1232 4348 meam
1283 4296 1700 4348 misericordiam
1741 4299 2044 4349 destruatur

481 4375 665 4416 eorum
695 4365 931 4419 miseria.
966 4367 1093 4429 Illae,
1128 4368 1360 4435 inquam,
1393 4367 1632 4434 tacryma:
1674 4365 1876 4434 {uerunt
1919 4365 2042 4418 mihi

481 4447 655 4498 panes,
693 4435 742 4487 id
772 4447 874 4497 est,
910 4437 1210 4497 refectioni,
1238 4451 1341 4489 non
1371 4435 1689 4499 defectioni;
1729 4445 1784 4488 et
1829 4435 2040 4490 fuerunt

485 4485 610 4554 inihi
641 4485 1016 4576 δειὲεξιξιίἓίιέζξ
1029 4485 1689 4576 ’.1ὶῖιῖἰδ’έὲᾖιιῖεἱιάίιέἔεἴ
1705 4485 2040 4572 Ῑὺὲυὶἷιιῖῌίίζ
2081 4485 2125 4542 ι)

484 4586 587 4623 non
626 4575 961 4629 amarituilini
1013 4577 1092 4628 die
1132 4592 1191 4628 ac
1234 4575 1396 4639 nocte,
1431 4579 1480 4628 id
1522 4583 1626 4637 est,
1657 4578 1888 4639 assidue,
1921 4577 2045 4629 dum

483 4651 656 4714 tamen
687 4661 928 4714 magnam
955 4647 1007 4699 in
1039 4648 1115 4699 eis
1147 4649 1555 4700 amaritudinem
1594 4646 1781 4712 patior,
1815 4649 1933 4711 quia
1963 4647 2050 4698 di-

482 4713 613 4784 citur
655 4713 788 4765 mihi
819 4718 1068 4784 quotidie,
1105 4718 1156 4769 id
1187 4730 1286 4779 εει,
1321 4719 1530 4769 assidue
1561 4720 1623 4767 ad
1651 4727 2008 4781 contemptum
2032 4756 2044 4768 .

489 4779 583 4832 Ubi
621 4797 690 4836 est
715 4779 852 4838 Deus
891 4787 1047 4839 titus?
1085 4793 1279 4852 Quare,
1312 4788 1455 4850 dicit,
1488 4786 1763 4853 dereliquit
1808 4779 2042 4848 te’Deus,

487 4853 992 4924 quemfanitliarem
1026 4858 1116 4909 tibi
1147 4859 1298 4922 facis,
1324 4873 1443 4924 qum
1477 4856 1681 4909 nullum
1717 4857 1925 4909 confert
1953 4856 2046 4908 tibi

482 4922 779 4988 consilium,
815 4929 892 4977 vel
923 4929 1216 4980 auxdium?

556 4989 681 5043 Haec
719 4997 1008 5047 recordatus
1046 5013 1178 5049 sum.
1231 4994 1330 5062 Ipsi
1377 4994 1584 5060 quidem
1632 4994 1808 5048 taliter
1838 5010 1921 5047 tne
1951 4995 2045 5049 de-

484 5073 790 5124 spexerunt,
842 5082 937 5130 ego
981 5083 1155 5118 aiiieni
1207 5081 1308 5117 non
1355 5067 1568 5119 oblitus.
1615 5067 1707 5117 sed
1755 5068 2048 5118 recordatus

483 5145 614 5190 sum,
647 5133 697 5183 id
729 5147 828 5198 est,
860 5137 1084 5188 firmiter
1131 5141 1180 5189 in
1226 5137 1480 5188 memoria
1525 5135 1680 5187 habui
1724 5136 1857 5197 haec,
1905 5137 2049 5189 Scili-

481 5211 583 5260 cet,
640 5218 743 5255 non
790 5219 908 5258 esse
945 5209 1012 5256 ab
1059 5208 1179 5269 illis,
1211 5208 1302 5258 sed
1351 5219 1469 5258 esse
1513 5208 1670 5256 fixum
1700 5219 1753 5257 et
1794 5215 2049 5258 constitu-

478 5282 588 5321 tum
621 5275 758 5337 apud
784 5283 855 5339 te,
889 5291 971 5326 tne
998 5279 1140 5328 nasci
1177 5284 1230 5326 ut
1259 5276 1381 5327 talia
1413 5286 1648 5340 paterer;
1677 5285 1730 5327 et
1760 5275 1878 5327 ideo
1906 5276 2048 5343 prius

483 5342 593 5405 fudi
622 5345 845 5396 animum
884 5361 1044 5397 meum
1081 5348 1132 5396 in
1164 5361 1260 5410 me,
1295 5346 1343 5395 id
1373 5355 1474 5408 est,
1508 5343 1798 5402 humiliari,
1826 5356 1880 5397 et
1908 5342 2046 5397 atte—

480 5412 637 5466 ttiiavi
666 5416 898 5468 animam
929 5431 1100 5468 meam
1136 5433 1219 5469 me
1249 5429 1418 5480 ipsum
1464 5415 1867 5481 considerando,
1902 5415 2048 5469 scili-

479 5492 582 5547 cet,
609 5488 930 5539 attendendo
955 5487 1077 5553 quid
1109 5501 1206 5553 ego
1231 5487 1750 5553 creatura_debereiu
1780 5485 2041 5548 Cieatoii,

483 5554 658 5605 minor
684 5558 894 5621 majori,
941 5551 1125 5609 set-Vos
1149 5551 1405 5608 Domino.
1455 5551 1521 5605 Et
1571 5553 1758 5606 deinde
1787 5554 1964 5621 e/Tudi,
1997 5556 2048 5608 id

479 5634 580 5680 est,
603 5624 824 5675 animant
867 5641 1027 5677 nteant
1057 5636 1207 5678 extra
1229 5642 1310 5678 ine
1333 5626 1567 5683 extendi,
1597 5624 1779 5677 altiora
1808 5625 2050 5678 censide-

483 5692 670 5753 rando,
700 5695 1060 5761 attendendo,
1109 5695 1335 5754 scilicet,
1379 5694 1596 5761 gloriam
1647 5696 1870 5746 fulurant
1921 5696 2046 5747 mihi

485 5768 544 5807 ex
596 5760 829 5824 perlecta
879 5765 1205 5818 obcdientia.
1242 5760 1522 5818 Etmctito
1567 5780 1668 5816 non
1699 5766 1868 5818 solum
1914 5767 2044 5831 ludi,

2141 1863 2235 1917 per
2267 1852 2392 1903 illud
2423 1851 2835 1919 significabatur.

2208 1919 2272 1972 In
2299 1937 2416 1973 voce
2451 1922 2802 1976 exsultrt'ionis
2827 1929 2876 1972 et
2907 1920 3254 1987 confessionis.
3297 1920 3426 1974 Dico
3455 1921 3708 1984 transibo,

2136 1991 2238 2044 huc
2275 2001 2447 2043 autem
2486 2006 2589 2043 non
2633 1991 2734 2044 erit
2761 2005 2825 2044 ex
2858 1991 3094 2052 tristitia,
3127 1991 3207 2043 vel
3253 1993 3552 2054 coactione,
3583 1995 3707 2059 quia

2138 2075 2283 2112 nemo
2325 2059 2455 2113 tollit
2496 2078 2527 2112 a
2567 2077 2645 2112 me
2686 2063 2908 2112 animum
2949 2075 3131 2121 nteant,
3172 2061 3262 2112 sed
3291 2077 3382 2129 ego
3411 2079 3548 2128 potto
3573 2078 3711 2113 eam.

2140 2130 2203 2182 Et
2231 2131 2351 2198 quia
2387 2138 2700 2192 potestatem
2747 2130 2916 2184 habeo
2957 2129 3182 2197 ponendi
3228 2135 3458 2183 animam
3509 2147 3714 2192 meam,

2136 2215 2242 2252 non
2274 2215 2338 2253 ex
2395 2201 2628 2260 tristitia,
2659 2200 2741 2252 vel
2786 2201 3084 2262 coactione,
3133 2214 3270 2264 pono
3315 2215 3456 2264 eam,
3503 2201 3598 2254 sed
3649 2217 3716 2254 es

2139 2269 2404 2322 hilaritate
2443 2269 2563 2334 erit,
2590 2279 2643 2323 et
2673 2270 2958 2332 voluntate,
2993 2270 3114 2337 quia
3143 2269 3228 2324 hic
3256 2279 3514 2324 tranSitus
3541 2272 3630 2323 liet
3658 2272 3715 2323 in

2136 2355 2252 2392 voce
2287 2340 2636 2392 exsultationis
2669 2349 2714 2391 et
2747 2341 3097 2408 confessionis,
3143 2339 3192 2390 id
3239 2349 3340 2402 est,
3381 2341 3716 2394 exsultatin

2137 2409 2490 2463 coofessionis
2519 2419 2572 2462 et
2597 2410 2910 2463 laudatiOiiis
2939 2421 3116 2474 ιθιιιίιι,
3144 2421 3356 2475 quanta
3383 2412 3712 2464 exsultatio-

2139 2479 2222 2531 nis
2249 2489 2300 2531 et
2331 2479 2648 2532 laudationis
2672 2489 2754 2532 est
2783 2496 2937 2532 sonas
2966 2479 3300 2548 epulantium.
3358 2479 3547 2534 Solent
3571 2483 3722 2533 enim

2139 2549 2277 2616 apud
2329 2549 2585 2614 quosdam
2631 2549 2915 2617 epulantes
2979 2549 3295 2603 exsultativa
3341 2551 3620 2618 proferre,
3663 2563 3719 2606 et

2141 2620 2401 2682 llDSpllem
2431 2619 2664 2673 laudare.

2215 2688 2384 2751 Quare
2412 2691 2568 2742 tristis
2598 2705 2668 2753 es,
2695 2689 2866 2741 aninta
2892 2689 3040 2742 mea?
3065 2689 3110 2755 Q
3133 2689 3224 2741 iasi
3252 2688 3393 2743 dicat
3421 2706 3434 2741 :
3465 2690 3722 2755 Quando-

2139 2759 2439 2828 quideiuad
2455 2769 2649 2812 tantam
2669 2761 2888 2828 gloriam
2904 2771 3118 2812 ventura
3143 2773 3222 2822 es,
3237 2762 3408 2813 anima
3430 2777 3561 2820 mea.
3577 2763 3730 2828 quod

2141 2844 2234 2897 per
2256 2837 2314 2898 _te
2342 2827 2532 2882 domus
2572 2827 3070 2891 Dei’constituetur,
3098 2845 3255 2898 quare
3297 2847 3421 2898 ergo
3461 2847 3512 2884 es
3537 2827 3727 2893 tristis,

2142 2891 2198 2952 ut
2223 2891 2437 2964 videris,
2468 2909 2516 2952 et
2555 2915 2711 2968 quare
2753 2899 3021 2952 conturbas
3070 2891 3165 2952 me.
3212 2902 3285 2953 Ac
3335 2891 3383 2953 si
3427 2902 3609 2954 dicat:
3641 2891 3730 2954 Ait.

2141 2984 2385 3037 maguam
2422 2969 2700 3022 utilitatem
2741 2985 2978 3023 meorum
3020 2971 3119 3022 hoc
3155 2971 3230 3023 lit.
3278 2970 3412 3025 Vere
3442 2973 3588 3024 enim
3621 2975 3722 3024 tri-

2140 3041 2238 3092 stis
2282 3040 2400 3104 fuit,
2443 3041 2562 3108 quia
2603 3039 2725 3094 dicit
2767 3041 2820 3093 in
2870 3041 3154 3105 Evangelia
3187 3039 3406 3093 :Tristis
3431 3051 3507 3093 est
3547 3043 3724 3094 anima

2142 3125 2255 3162 mea
2292 3126 2449 3190 usque
2485 3112 2552 3162 ad
2576 3121 2819 3190 mortem;
2848 3119 2900 3162 et
2931 3110 3060 3162 nihil
3089 3111 3141 3162 in
3169 3126 3232 3190 eo
3264 3115 3439 3164 tictuin
3472 3111 3592 3190 fuit,
3626 3113 3721 3166 sed

2146 3188 2320 3233 tamen
2361 3180 2500 3233 illam
2541 3181 2805 3234 tristitiam
2837 3195 2941 3233 non
2970 3194 3143 3248 esse.
3172 3180 3222 3233 id
3251 3190 3352 3247 est,
3389 3196 3495 3234 non
3530 3183 3724 3235 timore

2144 3250 2351 3313 mortis,
2387 3251 2588 3314 habuit,
2619 3250 2709 3303 sed
2746 3252 3106 3304 infirmitatem
3159 3253 3522 3304 membrorum
3573 3253 3624 3304 in
3666 3268 3726 3305 se

2144 3321 2506 3385 transformat,
2537 3321 2601 3374 de
2631 3320 2822 3389 quibus
2857 3320 3059 3374 dictum
3086 3331 3169 3374 est
3197 3337 3209 3372 :
3245 3321 3471 3390 Spiritus
3513 3323 3730 3390 quidem

2140 3401 2403 3460 promptus
2423 3401 2516 3456 est,
2542 3406 2661 3444 caro
2683 3400 2850 3444 autem
2877 3391 3104 3459 inﬁrma,
3135 3399 3193 3444 ut
3222 3405 3315 3444 eos
3343 3395 3725 3460 consolaretur

2140 3459 2194 3514 et
2241 3459 2608 3514 eriliortaretur
2655 3475 2722 3514 ne
2765 3461 3130 3529 desperarent,
3170 3459 3380 3516 etiamsi
3439 3464 3616 3516 timidi
3656 3464 3724 3515 ad

2141 3538 2363 3584 mortem
2390 3532 2722 3585 accederent.

2213 3599 2379 3667 Spera
2409 3601 2463 3652 in
2485 3599 2612 3654 Deo.
2662 3600 2775 3654 Noli
2824 3599 3038 3669 quidem
3087 3602 3412 3668 contristari,
3446 3602 3558 3656 noli
3609 3613 3722 3657 tur-

2145 3671 2278 3730 hari,
2306 3670 2398 3723 sed
2430 3686 2580 3737 spera
2612 3671 2663 3722 in
2693 3669 2939 3724 Domino.
2989 3673 3180 3736 Spera,
3212 3674 3434 3735 seilicet,
3464 3673 3720 3728 eﬂ‘ectuin

2143 3741 2254 3792 dari
2283 3739 2407 3792 illud
2437 3752 2647 3807 propter
2673 3739 2813 3808 quod
2846 3751 2897 3794 Ie
2923 3742 3086 3795 voluit
3111 3759 3139 3793 a
3173 3743 3342 3796 Verbo
3370 3759 3469 3796 suo
3495 3745 3724 3798 assumi.

2147 3811 2294 3864 Unde
2323 3811 2444 3862 alibi
2475 3811 2671 3864 dicitur
2704 3827 2716 3862 :
2747 3809 2813 3864 Ut
2841 3822 3149 3879 cognoscant
3181 3823 3224 3864 te
3252 3811 3412 3865 Deum
3443 3829 3646 3879 verum,
3677 3825 3726 3865 et

2142 3895 2287 3949 quem
2311 3881 2484 3933 misisti
2507 3879 2536 3933 ,Ι
2547 3897 2683 3933 esum
2705 3880 2989 3944 Christum;
3017 3891 3069 3936 et
3096 3881 3221 3935 item
3247 3899 3260 3936 :
3289 3881 3354 3935 Ut
3377 3886 3730 3937 testiinonium

2143 3950 2431 4021 per/obeant
2471 3953 2686 4004 ueritati.
2733 3952 2856 4021 Ilico
2901 3953 3042 4005 enim
3074 3963 3194 4005 sunt
3233 3962 3448 4021 propter
3476 3969 3602 4019 qua:
3631 3970 3722 4007 ve-

2146 4023 2238 4072 nit.
2267 4019 2416 4086 Quod
2446 4037 2560 4089 a-qu
2590 4019 2848 4089 pollenter
2874 4022 3063 4087 innuit,
3096 4038 3217 4078 cum
3237 4019 3374 4077 dicit
3411 4041 3422 4074 :
3456 4023 3586 4076 Ideo
3628 4028 3721 4078 de-

2145 4089 2237 4142 bes
2283 4106 2495 4156 sperare
2543 4093 2591 4142 in
2623 4093 2862 4153 Domino,
2913 4096 3161 4160 quoniam
3205 4103 3258 4146 et
3301 4097 3344 4146 si
3397 4094 3558 4144 nindo
3616 4111 3726 4145 nou

2143 4162 2400 4212 ciiiili'eor
2427 4160 2620 4224 adhuc,
2653 4171 2828 4213 tamen
2868 4162 3103 4213 futurum
3133 4174 3213 4216 est
3241 4163 3382 4230 quod
3425 4178 3528 4230 ego
3554 4165 3728 4230 conﬁ-

2144 4232 2283 4280 tebor
2305 4230 2339 4280 it'
2368 4230 2407 4292 i,
2432 4230 2480 4281 id
2505 4241 2607 4294 est,
2639 4233 2743 4285 late
2771 4233 3158 4285 confessionem
3188 4233 3375 4286 faciam
3404 4250 3450 4286 ei
3485 4236 3536 4285 in
3568 4235 3730 4295 meis,

2146 4301 2539 4354 alteiideiitibus
2585 4309 2638 4353 et
2685 4302 2853 4365 ipsum
2899 4317 3081 4354 verum
3112 4301 3311 4364 Deum,
3345 4314 3398 4357 et
3429 4320 3516 4355 me
3545 4306 3616 4356 ab
3665 4322 3731 4356 eo

2145 4371 2386 4433 missoin,
2418 4383 2468 4424 et
2495 4371 2792 4424 dicentibus
2819 4372 2886 4424 ita
2921 4387 2934 4422 :
2964 4371 3228 4439 Siiliiture,
3256 4375 3302 4424 id
3331 4386 3438 4436 est,
3470 4375 3725 4427 Salvator

2152 4442 2411 4501 LllrlSlth‘,
2449 4442 2668 4502 scilicet,
2696 4453 2795 4506 est,
2829 4445 2992 4494 t'ui'tus
3023 4443 3137 4504 inei,
3183 4445 3234 4494 id
3264 4452 3366 4505 est,
3423 4445 3586 4496 hoino
3617 4456 3722 4508 est,

2152 4521 2208 4562 ut
2235 4525 2354 4577 ego.
2397 4510 2546 4581 Unde
2588 4513 2721 4564 alter
2754 4512 3009 4579 Propheta
3041 4514 3167 4564 dicit
3201 4529 3213 4564 :
3249 4513 3478 4581 Spiritus
3520 4517 3728 4566 narium

2151 4594 2435 4633 nostrarum
2459 4578 2735 4651 Dominus;
2770 4578 2869 4649 per?
2903 4592 3103 4649 partem
3146 4578 3489 4636 i-niut'totiiiu
3518 4587 3726 4651 signiti-

2150 4661 2267 4722 cat;
2299 4663 2352 4704 et
2382 4651 2505 4704 item
2535 4667 2549 4702 ι
2576 4650 2800 4718 Spiritus
2829 4664 2900 4704 est
2933 4664 3054 4722 ante
3083 4651 3262 4722 facian
3309 4650 3729 4707 nostrain.'Ver-

2152 4721 2273 4772 hum
2309 4722 2450 4773 enim
2494 4729 2629 4788 quod
2661 4732 2775 4774 erat
2815 4721 3054 4787 spiiitus,
3086 4721 3147 4774 id
3185 4735 3288 4786 est,
3334 4725 3600 4779 invisibile
3633 4741 3730 4791 per

2150 4802 2480 4856 assuiuptam
2516 4793 2919 4852 humanitatem,
2952 4794 3103 4844 nobis
3147 4795 3412 4860 apparuit.
3449 4793 3724 4857 Salutate,

2153 4876 2385 4927 inquam,
2417 4872 2497 4912 est
2533 4862 2699 4913 uultus
2738 4863 2851 4923 mei,
2881 4870 2927 4913 et
2955 4870 3131 4914 tamen
3160 4872 3240 4914 est
3269 4863 3402 4916 Deus
3448 4879 3613 4916 meus.
3649 4867 3727 4917 Ει

2149 4945 2212 4982 eo
2244 4946 2384 4982 enim
2417 4935 2555 4996 quod
2589 4931 2748 4984 homo
2793 4930 3095 4984 incarnatus
3124 4932 3371 4986 Salvator
3399 4946 3486 4986 est
3515 4950 3625 4987 :ex
3657 4951 3726 4987 eo

2151 5015 2276 5052 vero
2301 5001 2438 5067 quod
2467 5001 2717 5064 Verbum,
2754 5000 2890 5054 Deus
2918 5013 3125 5055 creator
3152 5014 3255 5056 est.

2220 5071 2297 5120 Ad
2325 5086 2401 5122 ine
2429 5071 2593 5140 ipsum
2622 5074 2793 5122 anima
2823 5088 2948 5122 inea.
2987 5072 3111 5124 Dico
3141 5073 3306 5124 tristis
3334 5079 3389 5125 et
3415 5074 3728 5126 conturbata

2149 5152 2219 5191 est
2265 5140 2437 5191 anima
2479 5157 2610 5192 mea.
2652 5143 2800 5204 Quod
2833 5155 3006 5195 autent
3052 5143 3354 5193 conturbata
3397 5153 3488 5208 est,
3532 5149 3600 5195 ait
3650 5161 3731 5196 nte

2149 5211 2313 5276 ipsum
2346 5211 2681 5263 referendum
2713 5220 2812 5264 est.
2841 5214 2998 5276 Quasi
3027 5211 3376 5266 dicatzNemo
3406 5223 3552 5280 putet
3581 5217 3732 5268 hanc

2150 5281 2604 5334 ciiiiturbationem
2648 5283 2775 5334 mihi
2814 5295 3148 5334 communem
3185 5296 3307 5334 ease
3339 5297 3459 5335 cum
3488 5291 3730 5346 ueteris,

2153 5358 2359 5410 tutiore,
2409 5350 2628 5412 scilicet,
2683 5353 2888 5414 mortis,
2917 5356 3056 5419 quod
3107 5366 3206 5420 ego
3240 5354 3550 5416 conturbor,
3591 5357 3728 5420 quia

2152 5420 2265 5470 haec
2313 5425 2645 5473 conturbatio
2691 5423 2755 5472 ad
2797 5436 2881 5474 me
2932 5427 3102 5486 ipsum
3150 5423 3430 5474 referenda
3459 5435 3559 5487 est,
3591 5441 3730 5490 quia

2152 5504 2256 5540 non
2285 5504 2347 5542 ex
2379 5493 2652 5544 coactione
2695 5490 2776 5542 vel
2807 5492 3124 5544 necessitate
3163 5503 3364 5544 natura:
3391 5503 3495 5559 est,
3530 5494 3628 5546 sed
3659 5509 3736 5547 es.

2153 5561 2360 5625 propria
2394 5564 2680 5612 voluntate.
2712 5559 2880 5612 liabet
2907 5561 3006 5622 alia
3025 5561 3322 5614 'l‘rauslatio
3352 5579 3365 5612 :
3391 5559 3458 5614 In
3478 5579 3556 5615 nte
3583 5565 3731 5628 ipso,

2154 5633 2292 5692 quod
2323 5628 2402 5681 sic
2431 5629 2828 5698 intelligendum
2871 5643 2988 5683 est:
3019 5630 3140 5683 lla:c
3187 5633 3526 5684 conturbatio
3554 5646 3643 5685 est
3673 5636 3733 5685 iu

2157 5713 2231 5749 me
2271 5699 2400 5764 ipso,
2437 5699 2484 5750 id
2527 5709 2627 5762 est,
2670 5699 2720 5751 in
2763 5715 2865 5762 me,
2901 5717 3004 5752 non
3031 5702 3316 5753 secundum
3351 5705 3593 5763 verbum,
3629 5706 3734 5756 Sed

2158 5769 2446 5821 secundum
2492 5771 2586 5821 huc
2628 5771 2762 5838 quod
2806 5773 2964 5824 homo
3005 5787 3140 5824 sum.
3183 5773 3246 5825 lit
3282 5783 3363 5824 cst
3406 5773 3490 5826 h.c
3530 5783 3735 5829 eadem
