3922 6190
212 397 322 454 705

936 389 999 444 IN
1040 387 1456 444 PSALMORUM
1501 385 1756 441 UERUM.
1796 385 2146 442 EXEGESlS.
2188 415 2256 426 —
2295 385 2538 442 PSALM.
2580 385 2733 440 XLII.

3362 391 3465 444 706

217 508 416 562 εοιυιῑο
454 519 572 568 qum
613 505 773 573 prius.
821 503 884 555 Et
920 503 1038 570 quia
1081 513 1155 561 tn,
1193 502 1432 564 Domino,
1479 502 1611 573 hanc
1651 515 1780 553 cozi-
1809 503 1857 559 Α
1889 497 2112 550 Domino
2139 499 2388 573 canticum
2415 499 2466 552 in
2498 512 2658 573 nocte,
2723 500 2841 553 ideo
2883 501 3144 558 canticum
3199 513 3280 558 est
3322 507 3457 571 apud
3517 539 3519 541 ι

216 581 467 632 stantiam
491 570 626 628 mihi
650 573 862 635 dedisti,
894 573 1118 635 scilicet,
1151 573 1285 635 quod
1318 587 1465 624 nemo
1491 570 1618 621 tollit
1653 589 1682 622 a
1714 589 1790 628 me

215 649 444 701 animum
475 661 656 708 meam,
682 643 768 696 sed
792 659 881 709 ego
907 659 1034 699 pono
1067 659 1196 704 rant,
1230 644 1364 707 quod
1393 641 1792 708 tl’QtlipOiielllt‘r

213 717 295 771 sic
325 719 521 770 dictum
572 722 656 767 est.
698 728 710 764 :
761 712 1038 780 PrOpterea
1079 715 1173 763 has
1220 714 1503 780 gratiarum
1555 721 1791 765 actones

217 788 312 839 tibi
346 789 596 847 relerani,
628 783 764 850 qn-id
796 798 882 834 ero
910 797 1099 832 memor
1131 783 1201 832 tui
1230 783 1291 831 de
1314 791 1448 832 terra
1468 779 1714 850 Jordanis
1742 793 1792 836 et

217 856 565 916 llerinoniim,
592 870 621 904 a
643 849 810 904 monte
833 851 1044 902 modico.
1068 851 1155 902 Vel
1181 852 1246 902 ita
1273 861 1439 912 potest
1461 849 1788 906 contionari:

213 927 334 993 Qun
357 925 530 977 fructu
558 923 853 993 conturbata
875 932 945 993 est
972 921 1140 972 animo
1166 921 1313 972 mea?
1341 922 1792 993 Pro:.tt‘rca_scili-

213 991 324 1058 cet,
359 1007 412 1047 ut
457 993 712 1047 memoria
746 991 816 1042 tui
851 992 1103 1043 habeatur
1153 996 1203 1041 in
1236 1001 1457 1054 utroque
1489 991 1704 1056 populo,
1739 1005 1792 1044 et

213 1065 550 1127 JudtL-ornm,
602 1063 825 1124 scilicet,
875 1071 929 1111 et
980 1060 1274 1128 gentilium.
1321 1058 1470 1122 Quod
1522 1060 1598 1109 sic
1631 1061 1785 1114 dit-it:

217 1133 327 1187 Ero
358 1150 548 1187 ntemor
589 1133 686 1195 tui,
718 1131 767 1182 id
800 1137 905 1192 est,
937 1129 1120 1182 faciam
1154 1144 1271 1180 esse
1317 1143 1578 1180 memores
1612 1128 1705 1194 tui,
1738 1143 1792 1184 ei,

216 1205 343 1257 illos
367 1204 432 1256 de
453 1213 591 1255 terra
613 1200 885 1261 Iordanis;
917 1199 1054 1267 quod
1078 1201 1153 1250 vel
1181 1199 1522 1250 historialiter
1557 1199 1607 1249 iii
1639 1201 1789 1252 desi-

213 1275 469 1341 gnatione
501 1282 672 1338 potest
703 1272 865 1341 accipi
899 1271 984 1341 qui
1013 1269 1148 1341 circa
1193 1268 1481 1341 .lordanein
1515 1267 1787 1341 habitave-

215 1337 345 1397 runt
377 1337 571 1396 terram
605 1339 990 1408 promissionis,
1022 1339 1100 1390 vel
1141 1340 1297 1390 etiam
1326 1339 1566 1405 mystice.
1597 1337 1786 1408 Jorda-

214 1416 300 1468 uis
329 1413 472 1467 enim
505 1407 879 1478 interpretatur
906 1410 1194 1478 descensus,
1246 1417 1299 1460 ct
1346 1409 1417 1460 illi
1442 1409 1562 1478 soli
1595 1407 1663 1461 de
1694 1427 1788 1475 po-

217 1486 348 1551 pulo
377 1485 470 1536 illo
498 1477 762 1533 memeres
790 1480 881 1551 Dei
921 1488 1062 1551 sunt,
1095 1477 1182 1546 qui
1224 1477 1569 1551 descendunt,
1605 1479 1652 1529 id
1683 1490 1786 1544 est,

213 1549 306 1618 qui
340 1568 399 1606 se
432 1552 710 1604 humiliant
738 1549 801 1601 ad
829 1549 1045 1615 gratiam
1094 1549 1338 1618 baptismi
1366 1587 1380 1607 ,
1411 1560 1462 1600 et
1497 1552 1784 1602 iiiortitica-

214 1615 420 1676 tionem
454 1622 598 1674 illam
625 1635 744 1686 quin
794 1619 863 1671 ibi
893 1618 1219 1685 designatur,
1245 1615 1394 1685 juxta
1427 1618 1584 1668 illud:
1622 1619 1777 1682 Quot-

213 1705 336 1760 quot
367 1693 501 1745 enim
530 1691 773 1760 baptizati
801 1687 1523 1760 sumus,rconsepulti‘sumus
1549 1703 1662 1739 cum
1699 1689 1789 1742 illo

212 1757 267 1814 in
311 1771 492 1815 morte.
541 1757 604 1813 Εἰ
631 1776 715 1812 ero
739 1774 924 1811 memor
952 1759 1046 1821 tui,
1081 1757 1129 1810 id
1159 1768 1261 1820 εει,
1309 1757 1496 1808 iaciam
1525 1772 1643 1811 esse
1673 1775 1786 1811 tne-

213 1847 395 1885 mores
436 1833 507 1884 tui
541 1831 660 1883 illus
690 1833 752 1883 de
790 1841 920 1881 terra
945 1827 1280 1880 [lci-inanimi.
1331 1827 1560 1879 Hermon
1608 1839 1783 1882 autem

213 1902 598 1968 interpretatur
621 1898 1090 1959 aiiatlieinntizatio,
1119 1898 1310 1964 quibus
1337 1899 1458 1963 quia
1500 1897 1782 1952 coluerunt

212 1989 322 2024 non
355 1972 687 2031 Creatorem,
715 1972 806 2023 sed
837 1979 1156 2030 creaturam,
1187 1978 1238 2020 et
1283 1976 1442 2019 etiam
1471 1982 1602 2033 opus
1628 1984 1784 2021 crea-

213 2053 371 2102 turas,
407 2051 465 2094 nt
497 2042 632 2093 idola
667 2040 985 2101 manulacta,
1013 2052 1146 2106 opus
1177 2046 1293 2090 erat
1341 2052 1444 2088 non
1480 2038 1649 2091 solum
1683 2039 1783 2092 hu-

210 2112 535 2169 miliatione.
574 2111 665 2162 sed
697 2109 854 2163 etiam
903 2117 957 2160 nt
997 2109 1226 2160 maxime
1274 2107 1786 2162 anathematizarent

211 2195 274 2234 se
305 2181 359 2233 in
390 2183 549 2249 priori
583 2191 742 2242 statu,
775 2188 827 2230 ct
855 2177 1067 2249 diabolo
1094 2175 1548 2249 abrenniitiarent.
1586 2176 1785 2230 Memor

212 2267 319 2311 ero,
349 2246 586 2317 inquam,
619 2249 688 2300 tui
718 2249 780 2300 de
813 2257 949 2301 terra
977 2246 1321 2317 Ilerinmti'i'm,
1353 2247 1556 2317 scilicet
1585 2263 1786 2303 memo-

212 2320 289 2372 ria
322 2316 644 2386 l-rocedenle
680 2335 710 2370 a
735 2329 901 2370 mante
941 2317 1137 2369 modico
1159 2358 1172 2377 ,
1207 2316 1257 2370 id
1285 2325 1391 2381 est,
1421 2317 1488 2369 ab
1515 2316 1618 2369 illis
1648 2319 1786 2372 inter

209 2390 443 2458 gentiles
472 2389 561 2460 qui
599 2389 843 2442 conversi
886 2394 1243 2460 erunt_mons
1275 2401 1368 2454 per
1412 2387 1782 2460 excellentiam

211 2457 503 2525 virtutum,
528 2469 580 2513 et
612 2469 785 2511 tamen
817 2457 1030 2518 modici,
1061 2457 1111 2509 id
1143 2465 1246 2519 est,
1280 2457 1506 2508 humiles
1535 2468 1708 2510 erunt.

287 2531 519 2598 Abyssus
544 2532 781 2598 abyssum
816 2528 1031 2579 invocat.
1070 2527 1202 2598 Vere
1231 2536 1680 2598 ertintAiiiemorcs
1711 2530 1784 2582 ιιιί

210 2609 268 2654 ει
306 2595 391 2652 illi
415 2611 469 2653 ει
501 2595 624 2661 isti,
645 2601 762 2667 quia
802 2598 1032 2665 abyssus,
1068 2596 1118 2649 id
1151 2604 1251 2658 est,
1287 2595 1530 2663 profundi
1575 2597 1784 2652 inti-lle-

209 2680 397 2724 ctores
420 2671 487 2722 de
508 2669 706 2721 Juda'is
738 2670 1016 2731 invocant,.
1037 2668 1084 2718 id
1117 2677 1218 2729 est,
1255 2668 1303 2719 in
1333 2681 1392 2720 se
1423 2676 1631 2731 voeant,
1664 2669 1786 2733 quia

213 2745 566 2808 iticorporare
596 2749 649 2793 et
675 2737 961 2792 informare
993 2739 1092 2790 sibi
1132 2747 1374 2804 satagunt
1421 2737 1475 2789 in
1505 2739 1606 2789 lide
1631 2741 1785 2808 abys-

208 2826 355 2871 sum,
409 2810 460 2862 id
513 2818 612 2872 est,
657 2809 944 2875 profundos
991 2809 1348 2859 iiiiellectores
1397 2809 1463 2860 de
1512 2809 1778 2874 gentibus.

212 2881 277 2932 Et
315 2881 421 2932 hoc
456 2881 510 2932 in
547 2894 683 2942 voce,
727 2879 775 2930 id
807 2888 910 2941 est,
938 2878 992 2930 in
1033 2879 1460 2930 inanitestatione
1491 2889 1543 2929 et
1578 2881 1788 2944 exposi-

211 2950 364 3001 tiuiie
415 2958 787 3001 cataractaruni
833 2957 1056 2999 tuarum.
1115 2946 1200 2999 Vel
1235 2950 1334 2998 hoc
1365 2949 1502 3012 quod
1536 2948 1782 3017 abyssum

209 3021 451 3082 invocat,
488 3019 580 3072 luit
614 3019 920 3088 praedictum
952 3019 1003 3069 in
1027 3033 1144 3069 voce
1169 3027 1566 3078 cataractarnm,
1600 3018 1651 3069 id
1681 3031 1782 3081 εει,

209 3090 618 3156 ιντοιιιιειιιτιιιιι.
659 3091 951 3141 Cataracta:
989 3088 1130 3140 enim
1161 3089 1367 3153 praprie
1405 3095 1528 3138 sunt
1560 3089 1785 3140 occulta:

208 3160 342 3224 viai,
369 3161 560 3226 quibus
595 3173 727 3227 aqua
754 3157 1004 3213 decurrit.
1034 3158 1098 3208 Et
1121 3157 1239 3209 ideo
1269 3171 1361 3223 per
1387 3165 1679 3210 cataractas
1701 3175 1787 3211 re-

208 3239 303 3281 cte
355 3230 722 3298 intelliguntur
751 3229 1039 3296 prophetat,
1072 3228 1159 3295 qui
1191 3227 1381 3298 occulti
1411 3234 1534 3278 sunt
1566 3229 1615 3280 in
1647 3230 1788 3283 Scri-

209 3299 390 3364 pturis
419 3296 554 3362 suis,
577 3302 662 3366 qui
696 3313 789 3366 per
817 3307 1115 3365 tegumenta
1149 3308 1200 3350 et
1239 3296 1514 3349 involucra
1545 3301 1788 3365 qnazdam

208 3371 458 3422 ccclestia
488 3373 875 3420 demonstrant.

291 3439 480 3490 Omnia
524 3439 720 3491 excelsa
765 3450 870 3490 tua.
915 3435 1036 3490 Ideo
1059 3437 1260 3488 invocat
1289 3436 1500 3504 abyssus
1529 3437 1784 3505 abyssum,

214 3509 306 3562 vel
340 3509 462 3562 ideo
493 3510 744 3575 possibile
773 3519 854 3561 est
884 3507 984 3560 hoc
1016 3507 1152 3568 lieri,
1185 3508 1302 3574 quia
1335 3521 1433 3574 ego
1471 3518 1641 3559 morte
1674 3525 1787 3560 mea

211 3587 448 3632 mortem
493 3592 730 3631 meorum
781 3579 1055 3639 destruxi;
1089 3585 1228 3644 quod
1278 3590 1356 3628 s.c
1392 3578 1792 3643 :cquipollenter

209 3649 389 3702 dicit:
435 3644 624 3700 Omnia
654 3649 857 3701 excelsa
887 3657 993 3706 tua,
1047 3649 1097 3698 id
1127 3656 1226 3707 est,
1257 3649 1429 3696 omnis
1459 3655 1653 3698 aeterna
1682 3652 1790 3698 tta-

215 3720 448 3780 ninatio,
495 3732 650 3785 quam
683 3731 899 3786 propter
937 3729 1150 3782 peccata
1183 3716 1483 3768 hominibus
1530 3717 1781 3781 in.uliSti;

215 3799 264 3840 et
296 3790 510 3856 ﬂuctus,
547 3789 596 3840 id
629 3802 728 3850 cst,
761 3802 932 3855 pii-inc
961 3797 1116 3838 etiam
1149 3788 1351 3853 peci-ati
1387 3787 1642 3838 venientia
1678 3790 1790 3853 qni-

213 3860 367 3919 dem,
397 3872 557 3923 super
587 3858 751 3910 Adani
800 3865 1129 3918 manserunt,
1163 3870 1314 3924 super
1362 3870 1439 3905 me
1470 3867 1646 3909 autem
1694 3871 1786 3909 ve-

213 3928 422 3980 nientia
445 3930 777 3994 reputatione
804 3928 1136 3978 inimicorum
1160 3941 1244 3993 qui
1270 3941 1354 3977 me
1378 3931 1706 3978 immundum
1739 3936 1792 3979 et

212 3998 545 4050 saternaliter
591 3999 897 4049 damnatum
949 4003 1302 4063 putaverunt,
1355 3997 1688 4060 transierunt,
1741 3997 1788 4048 id

213 4077 326 4132 est,
357 4067 632 4134 perierunt
678 4070 728 4118 in
759 4081 928 4119 morie
959 4081 1076 4117 mea
1109 4065 1297 4132 partim
1340 4065 1551 4130 quidem
1579 4067 1687 4132 jam
1737 4067 1788 4118 in

216 4151 302 4200 re,
355 4138 578 4200 scilicet,
622 4148 870 4202 quantum
915 4135 981 4188 ad
1031 4145 1242 4202 peccata
1272 4174 1286 4197 ,
1334 4136 1523 4202 partim
1571 4151 1695 4186 vero
1740 4137 1788 4188 in

215 4221 341 4272 spe,
369 4205 634 4269 videlicet,
662 4216 914 4271 quantum
946 4205 1010 4256 ad
1045 4218 1226 4272 pinnas
1260 4204 1478 4272 peccati.
1513 4203 1789 4258 [Etcrnain

217 4289 402 4329 autem
451 4278 845 4328 damnationem
889 4284 942 4327 et.
991 4287 1201 4340 peccata
1247 4278 1364 4328 ideo
1409 4277 1533 4326 dicit
1574 4277 1790 4338 excelsa,

219 4349 344 4411 quia
369 4350 551 4414 gravia
573 4354 714 4399 sunt.
743 4348 890 4409 Sicut
909 4348 1045 4413 quod
1071 4347 1136 4396 ab
1158 4346 1365 4398 excelso
1391 4346 1551 4406 cadit,
1578 4347 1791 4411 gravius

218 4417 389 4468 ιωιιιι.
434 4416 498 4468 Et
536 4431 601 4467 ne
636 4417 755 4468 mali
797 4417 909 4467 haec
948 4417 1256 4479 audientes,
1287 4415 1520 4478 scilicot,
1564 4418 1702 4482 quod
1740 4426 1791 4468 et

221 4498 443 4553 peccata
485 4487 824 4548 transierunt,
868 4493 922 4538 et
964 4500 1130 4548 ponite
1161 4483 1380 4551 peccati,
1425 4488 1793 4551 promitterent

220 4559 324 4607 sibi
355 4570 533 4622 spem,
563 4554 815 4621 quidquid
847 4556 968 4606 ntali
996 4563 1232 4622 agerent,
1267 4558 1468 4606 subdit:

296 4625 361 4677 lit
388 4621 470 4677 die
513 4628 768 4676 mandavit
800 4621 1066 4676 Dominus.
1107 4625 1264 4689 Quasi
1309 4625 1445 4676 dicat
1480 4641 1490 4675 :
1520 4621 1648 4676 D.co
1671 4626 1792 4692 quia

219 4698 554 4747 transierunt.
575 4695 774 4759 Quibus
789 4704 962 4746 autem
980 4695 1058 4745 vel
1077 4710 1174 4760 qua
1192 4695 1618 4758 compensatione
1635 4704 1798 4746 trans-

219 4767 435 4817 ierunt?
475 4768 592 4828 bac,
622 4765 844 4826 scilicet,
877 4764 920 4816 si
959 4769 1233 4815 attendunt
1264 4763 1657 4815 misericordium
1689 4765 1792 4815 Do-

219 4837 353 4886 iiiini
385 4837 437 4887 in
467 4838 548 4885 die
575 4849 712 4896 esse,
740 4845 785 4885 et
812 4841 1060 4886 canticum
1088 4837 1197 4903 ejus
1228 4835 1279 4883 in
1308 4842 1470 4895 nocte,
1519 4836 1654 4898 quod
1683 4833 1794 4900 ipse

217 4904 477 4955 Dominus
502 4905 754 4955 mandavit
787 4919 876 4970 per
907 4919 1010 4956 tne.
1065 4903 1154 4955 Vel
1186 4904 1252 4954 ita
1281 4904 1590 4967 simpliciter
1619 4907 1791 4956 conti-

221 4980 375 5024 iiuari
409 4985 583 5039 potest
614 4989 627 5026 :
660 4972 988 5024 Transierunt
1017 4973 1224 5038 quidem
1252 4976 1458 5024 excelsa
1483 4981 1537 5025 et
1579 4973 1790 5036 ﬂuctus,

218 5050 280 5095 et
309 5054 365 5094 ut
397 5044 698 5104 transirent,
729 5045 983 5095 mandavit
1014 5043 1256 5094 Dominus
1291 5045 1444 5094 l’ater
1476 5057 1568 5107 per
1604 5056 1706 5105 ine,
1739 5043 1791 5094 id

217 5121 331 5176 est,
377 5115 531 5180 hujus
563 5117 636 5166 rei
671 5115 926 5180 legatione
958 5114 1144 5178 iungor
1164 5112 1298 5176 apud
1326 5111 1588 5176 homines,
1615 5120 1666 5162 et
1693 5115 1791 5165 hoc

215 5184 460 5238 innotuit
480 5185 734 5236 Domitius
758 5199 846 5250 per
867 5199 972 5246 me,
990 5184 1212 5246 scilicet,
1233 5184 1627 5234 misericordiam
1647 5197 1789 5232 suum

217 5267 349 5306 εεεε
378 5255 427 5305 in
458 5256 558 5316 die,
611 5255 659 5307 id
699 5265 800 5316 εει,
853 5255 950 5306 hoc
974 5253 1111 5321 quod
1139 5254 1326 5320 aliquis
1373 5262 1454 5304 est
1481 5253 1533 5305 in
1563 5256 1648 5302 die
1677 5265 1790 5303 sive

220 5327 278 5376 in
310 5327 548 5390 profectu
573 5325 846 5387 virtutum,
866 5325 984 5376 sive
1013 5326 1062 5374 in
1092 5323 1248 5388 hujus
1279 5324 1394 5374 vita:
1419 5321 1787 5386 prosperitate,

219 5409 335 5446 non
367 5409 485 5448 esse
511 5409 574 5447 ex
598 5409 693 5446 suo
724 5406 931 5457 merito,
975 5392 1069 5445 sed
1098 5407 1163 5444 ex
1190 5393 1306 5459 ejus
1348 5397 1460 5444 sola
1488 5391 1791 5443 misericor-

219 5466 350 5529 dia;
390 5475 445 5518 et
475 5469 592 5517 ideo
632 5479 733 5515 non
773 5479 890 5516 esse
931 5468 997 5515 de
1031 5477 1090 5515 se
1129 5465 1565 5529 praisumendutn.
1607 5465 1697 5513 scd
1741 5460 1790 5514 ei

219 5536 328 5589 soli
363 5537 764 5588 Ilumiilalldulll.
797 5536 860 5585 Et
883 5541 979 5584 hoc
999 5544 1156 5585 etiam
1190 5536 1418 5584 innotuit
1442 5547 1531 5597 per
1560 5544 1664 5591 me,
1688 5535 1789 5582 sci-

222 5608 374 5666 licet,
407 5606 658 5656 canticum
685 5606 794 5674 ejus
824 5607 1137 5674 cantandum
1167 5616 1297 5674 esse
1314 5603 1366 5652 in
1395 5611 1557 5661 nocte,
1608 5603 1656 5649 id
1685 5609 1788 5662 est,

223 5677 281 5728 in
314 5678 654 5728 adversiiate.
696 5671 785 5725 ille
811 5675 1069 5726 canticum
1099 5671 1300 5724 Domini
1329 5679 1505 5721 cantat
1533 5674 1582 5720 in
1615 5681 1786 5735 nocte,

224 5751 315 5813 qui
345 5761 448 5796 non
475 5745 672 5807 delicit,
704 5743 796 5796 sed
829 5746 1079 5812 gloriatur
1110 5758 1157 5793 ιιι
1190 5745 1550 5794 tribulatione.

307 5817 457 5879 Apud
488 5832 562 5866 nte
586 5816 768 5866 oratio.
807 5810 961 5879 Quasi
1007 5816 1142 5864 dicat
1173 5830 1183 5862 2
1215 5814 1344 5877 Qua
1375 5810 1688 5863 cantandum
1711 5818 1791 5864 est

1895 583 1998 629 ine,
2049 583 2152 620 non
2185 571 2436 622 recedens
2465 572 2671 624 scilicet
2700 585 2730 624 ε
2761 586 2843 623 ine
2871 582 3141 628 cantatum
3185 577 3289 628 Deo
3321 574 3457 627 Patri

1894 639 2094 708 auctori
2125 639 2242 689 vitae
2270 654 2419 701 meae,
2452 640 2674 705 scilicet,
2707 639 2793 708 qui
2831 656 2913 695 tne
2941 642 3064 695 facit
3087 646 3220 696 adeo
3250 647 3298 696 in
3331 645 3458 701 (sha-

1893 707 2048 760 ritate
2084 709 2357 772 perlicere,
2400 717 2455 759 ιιι
2484 711 2642 762 etiam
2686 707 2778 776 pro
2819 711 3044 765 inimicis
3083 729 3253 773 orem,
3293 724 3346 766 et
3383 719 3459 767 sic

1895 790 2014 828 vere
2039 778 2234 829 vivere.
2274 780 2420 830 Srcut
2445 781 2584 830 enim
2616 782 2736 831 odio
2768 781 2962 834 habere
2995 781 3287 843 inimicum,
3317 800 3459 836 mors

1891 855 1990 919 est,
2023 847 2140 912 quia
2173 849 2548 919 ιιιιιεψιιελιιιηι
2569 850 2804 919 rl'ratrem
2833 866 3010 914 Suum,
3055 854 3314 906 liomacida
3355 867 3456 919 eSt,

1891 916 1940 965 id
1973 925 2080 980 est,
2125 932 2182 967 se
2215 916 2383 982 ipsum
2416 916 2697 984 interﬁcit;
2742 923 2808 971 ita
2857 937 3062 987 quoque
3106 924 3322 982 diligere
3355 916 3458 976 ini;-

1893 989 2201 1059 ιιιιειιιιι,4ει
2221 1002 2313 1059 pro
2345 987 2458 1051 ipso
2481 1002 2656 1048 orare.
2683 989 2785 1040 vita
2810 1000 2911 1041 est.
2943 992 3005 1043 Et
3028 993 3150 1059 quid
3182 993 3215 1044 il
3240 994 3306 1045 tid
3335 1008 3462 1045 can-

1893 1055 2048 1106 ticmii
2079 1057 2148 1106 sit
2176 1057 2320 1117 dicit,
2349 1059 2572 1119 scilicet,
2595 1063 2764 1110 oratio
2789 1059 2923 1111 ficta
2953 1077 2980 1112 a
3007 1055 3088 1113 uie
3114 1079 3205 1121 pro
3236 1064 3459 1114 inimicis

1890 1122 2079 1198 futuris
2109 1127 2264 1185 meis,
2298 1142 2416 1198 cum
2445 1128 2574 1178 dixit
2609 1143 2622 1180 :
2653 1125 2826 1191 Pater,
2860 1130 3063 1198 ignosce
3091 1133 3209 1184 illis.
3247 1133 3307 1184 Et
3341 1146 3461 1185 vere

1891 1195 2052 1264 oratio
2080 1206 2160 1246 est
2191 1196 2329 1260 apud
2359 1212 2456 1261 me,
2499 1200 2616 1264 quia
2648 1198 2766 1250 dico
2801 1195 2904 1250 Deo
2935 1203 3132 1253 orando
3167 1203 3294 1253 incis
3321 1219 3331 1253 :
3363 1201 3466 1254 Do-

1890 1263 2054 1338 mine,
2115 1274 2169 1338 tu
2200 1281 2252 1318 es
2281 1263 2560 1331 susceptor,
2612 1281 2714 1320 non
2760 1272 2882 1321 dico
2925 1285 3184 1334 meorum,
3239 1272 3332 1324 sed
3367 1287 3460 1338 pro

1891 1335 2050 1406 nimia
2077 1332 2353 1406 all'ectione
2383 1351 2506 1403 erga
2557 1352 2723 1400 nieos,
2768 1340 2939 1390 dic:iui
2988 1355 3146 1403 meus,
3174 1332 3321 1406 quod
3367 1332 3460 1393 ἐει

1890 1402 2112 1475 dicere:
2151 1405 2384 1470 Domine,
2433 1402 2576 1458 tuum
2605 1417 2686 1459 est
2726 1408 2992 1475 suscipere
3041 1402 3212 1474 meos,
3239 1420 3291 1464 et
3340 1412 3459 1465 ideo

1889 1473 2142 1539 suscipiat
2169 1475 2527 1528 misericordia
2563 1485 2617 1529 ει
2646 1479 2838 1529 veritas
2872 1473 2955 1529 tua
2992 1497 3153 1532 meos.

1963 1545 2134 1606 Quare
2161 1545 2345 1596 oblitus
2368 1562 2438 1597 es.
2463 1545 2893 1614 Quandoquidem
2921 1561 3198 1617 susceptor
3221 1565 3458 1604 ineorum

1889 1627 1983 1688 es;
2016 1630 2174 1681 quare
2200 1626 2325 1682 ergo
2355 1617 2534 1688 oblitus
2565 1631 2616 1667 es
2645 1617 2724 1684 (ut
2747 1617 2972 1688 videtur)
3005 1631 3213 1686 propter
3241 1621 3460 1674 tribula-

1891 1681 2086 1757 tionem
2116 1700 2271 1757 quam
2303 1681 2733 1757 patitiiitur,_tioii
2773 1689 2893 1739 dico
2926 1681 3182 1754 nieorum,
3229 1695 3320 1744 sed
3353 1708 3458 1757 prie

1891 1751 2049 1823 nimia
2091 1753 2386 1816 all'ectiotie,
2419 1756 2533 1807 mei.
2570 1755 2635 1807 Et
2662 1772 2814 1823 quare
2856 1759 3034 1808 incedo
3065 1751 3383 1814 contristatus
3407 1761 3457 1813 iii

1891 1821 2042 1886 meis,
2075 1825 2198 1896 dum
2221 1825 2408 1896 afﬂigit
2446 1840 2523 1876 me
2551 1821 2700 1878 meus
2743 1827 2997 1889 inimicus,
3032 1840 3244 1894 propter
3275 1847 3459 1896 pecca-

1893 1901 2026 1963 tum,
2066 1895 2289 1956 scilicet,
2319 1893 2468 1962 juxta
2521 1895 2647 1948 illud
2685 1897 2830 1948 Isaiae
2861 1897 2911 1948 in
2947 1893 3169 1963 persona
3206 1893 3409 1954 Domini
3444 1918 3459 1954 :

1890 1959 2100 2015 Omnem
2128 1959 2333 2029 ﬂatum,
2377 1965 2425 2016 id
2455 1973 2554 2026 est,
2582 1982 2792 2038 omnem
2816 1959 3044 2020 animum
3073 1985 3163 2037 ego
3191 1974 3308 2038 feci,
3341 1986 3461 2037 pio-

1888 2042 2004 2099 pter
2032 2043 2505 2110 peccatunrautem
2535 2037 2800 2110 modicam
2823 2039 2947 2104 quid
2975 2044 3291 2110 contristavi
3311 2057 3457 2110 eum,

1887 2103 2247 2175 non_pei_iitus
2295 2104 2558 2157 damnavi.
2604 2108 2667 2158 Et
2704 2106 2810 2173 jam
2842 2103 3196 2162 eontristatns
3243 2121 3360 2175 est,
3404 2103 3457 2165 εἰ

1890 2171 2055 2249 tristis
2082 2173 2211 2249 abiit
2232 2174 2422 2249 in_viis
2452 2176 2594 2249 suis;
2628 2171 2764 2249 quod
2805 2188 2980 2249 autem
3011 2179 3136 2231 d.cit
3166 2197 3177 2230 :
3213 2171 3455 2249 [)nm'af-

1894 2241 2026 2310 ﬂigit
2066 2257 2144 2318 me
2171 2243 2424 2306 inimicus,
2454 2248 2535 2318 sic
2577 2241 2811 2314 intelligo
2845 2264 2857 2298 :
2894 2247 3138 2301 Inimicus
3167 2250 3372 2318 afﬂigit,
3399 2241 3455 2306 et

1886 2324 2038 2384 sit-pe
2062 2315 2221 2365 miser
2254 2317 2412 2366 homo
2434 2314 2632 2382 delicit,
2667 2333 2784 2384 quia
2813 2318 3119 2370 devocatnr.
3146 2321 3249 2372 Aitt
3276 2314 3320 2374 si
3353 2338 3455 2374 non

1889 2381 2483 2457 delicit,_insistentibus
2515 2381 2695 2439 tamen
2723 2387 3149 2439 tribulationibus
3191 2400 3245 2442 ει
3278 2406 3458 2457 perse-

1889 2453 2192 2505 cutiontbus
2216 2454 2638 2520 opprimetitibus
2659 2467 2712 2508 et
2740 2459 3123 2510 lelllatitllliblla
3159 2453 3305 2512 tinith
3336 2478 3456 2527 [V0-

1892 2533 2008 2598 pter
2061 2534 2346 2598 peccatum
2391 2538 2608 2598 semper
2653 2527 2983 2590 periculum;
3027 2530 3176 2580 timet
3229 2531 3454 2598 lapsum,

1889 2593 2113 2692 sciliceg,
2165 2600 2221 2645 ut
2262 2596 2346 2662 qui
2374 2601 2494 2661 stat,
2524 2594 2690 2647 uideat
2739 2612 2799 2648 ne
2838 2599 3007 2649 cadat.
3064 2598 3234 2661 Quare
3261 2593 3456 2654 contri;

1889 2668 2080 2712 status!

1966 2732 2100 2782 Dum
2145 2733 2537 2801 confringuntur
2565 2749 2701 2786 ossa.
2745 2735 2867 2789 ideo
2896 2737 3086 2790 merito
3114 2741 3456 2796 contristatus

1891 2813 2006 2874 sum
2039 2804 2271 2874 inrineis,
2305 2807 2425 2868 quia
2453 2806 2641 2857 inimici
2673 2806 2790 2869 mei,
2822 2809 2870 2858 id
2904 2818 3003 2872 est,
3039 2825 3299 2874 ineorum,
3349 2827 3454 2865 non

1891 2873 1978 2936 qui
2011 2873 2346 2934 insidiantur,
2394 2876 2486 2926 sed
2516 2876 2604 2942 qui
2634 2877 2879 2928 tribulant
2904 2894 2998 2943 me,
3034 2881 3084 2930 id
3132 2891 3232 2941 est,
3284 2895 3453 2942 meos,

1891 2945 2121 2994 exterius
2149 2943 2596 3016 exprobrauerunt,
2644 2946 2694 2998 id
2719 2955 2819 3010 est,
2867 2954 3027 2999 multa
3057 2953 3337 3016 opprobria
3369 2957 3419 3002 in
3441 2982 3452 2990 -

1893 3020 2121 3086 tulerunt
2147 3013 2273 3064 mihi
2316 3015 2364 3065 in
2389 3016 2536 3067 meis.
2571 3017 2634 3067 Et
2666 3020 2764 3069 hoc
2808 3017 2948 3081 ideo,
2993 3013 3143 3079 dum,
3180 3035 3271 3086 pro
3305 3021 3448 3086 quia,

1889 3083 2281 3156 confringantur
2313 3101 2440 3156 ossa
2471 3101 2604 3152 mea,
2651 3087 2701 3138 id
2731 3096 2833 3150 est,
2880 3091 2950 3140 illi
2985 3091 3070 3156 qui
3119 3083 3377 3142 liriniores
3405 3083 3457 3142 et

1894 3153 2142 3205 fortiores
2163 3167 2283 3206 sunt
2311 3152 2448 3226 inter
2471 3171 2617 3209 ineas
2646 3158 2695 3208 iii
2721 3152 3086 3212 tribulatione.
3115 3162 3335 3224 Quidam
3365 3175 3458 3226 per

1893 3231 2186 3296 peccatum,
2220 3235 2275 3278 ut
2310 3225 2521 3290 Petrus,
2550 3229 2637 3295 qui
2668 3228 2731 3278 ad
2768 3242 2948 3279 vocem
2979 3230 3186 3280 ancillae
3214 3225 3455 3296 negavit;

1891 3293 2105 3358 quidam
2132 3308 2266 3364 vero
2296 3304 2350 3347 ει
2380 3298 2422 3347 si
2456 3310 2547 3361 per
2569 3293 2864 3364 'peccatuin
2896 3314 2998 3349 non
3026 3293 3416 3359 contriiiguotui
3435 3339 3450 3363 ,

1893 3371 2069 3415 tamen
2095 3363 2337 3416 videntur
2359 3363 2618 3434 conlringi
2645 3375 2862 3434 propter
2885 3367 3278 3420 tribulationem
3301 3382 3455 3434 quam

1893 3437 2182 3499 patiuntur.

1962 3501 2100 3575 Dum
2129 3503 2302 3555 dicunt
2333 3503 2457 3556 milii
2500 3521 2587 3574 per
2616 3507 2862 3575 singulos.
2919 3503 3054 3559 Veie
3099 3509 3453 3574 exprobratur

1893 3573 2059 3646 inihi;
2109 3587 2230 3646 naui
2264 3575 2362 3646 hoc
2391 3573 2567 3639 modo,
2602 3573 2743 3644 dum,
2785 3591 2881 3646 pro
2909 3575 3047 3642 quia,
3093 3573 3267 3629 dicunt
3308 3580 3454 3642 nti/ii,

1893 3644 1941 3696 id
1967 3653 2069 3716 est,
2103 3643 2344 3716 nie_i_s,ad
2369 3643 2736 3707 contemptum
2765 3643 2852 3713 per
2875 3646 3101 3716 singulos
3123 3647 3245 3708 dies,
3275 3648 3322 3700 id
3346 3661 3448 3710 est.

1891 3713 2104 3766 assidue
2132 3729 2146 3765 :
2173 3711 2270 3766 Ubi
2295 3725 2370 3767 est
2397 3716 2528 3768 Dens
2561 3711 2828 3781 veSter,id
2854 3711 3116 3784 estfquod
3146 3719 3446 3782 consdinm,

1893 3785 2302 3856 νειλιιιιχὶιιιιιιι,
2341 3784 2477 3838 υειιε
2525 3799 2717 3850 vester,
2757 3803 2912 3856 quem
2959 3802 3170 3853 semper
3214 3789 3449 3852 iactatis,

1891 3853 2038 3906 Vultis
2069 3854 2306 3907 confert?
2342 3856 2549 3907 Nullum
2581 3853 2975 3923 utiqnefQuure
3001 3857 3158 3908 tristis
3187 3872 3259 3918 es,
3281 3859 3451 3910 anima

1890 3924 2038 3976 mea?
2070 3925 2205 3978 Ecce
2236 3925 2370 3976 redit
2398 3928 2462 3977 ad
2491 3941 2751 3992 supeiins,
2795 3931 2947 3993 quasi
2990 3929 3126 3978 dicat
3157 3944 3169 3978 :
3203 3931 3451 3992 Quando-

1892 4000 2123 4059 quidem,
2157 4011 2189 4046 υ
2230 4011 2402 4045 anima
2428 4011 2563 4061 inea,
2593 4007 2732 4048 tanta
2768 4013 2856 4060 per
2889 4009 2937 4047 te
2966 3996 3136 4048 l'utnra
3173 4008 3314 4058 sunt,
3347 4000 3454 4050 sci-

1892 4064 2034 4128 licet,
2067 4065 2205 4131 quod
2235 4077 2288 4116 et
2332 4065 2495 4117 Judaei
2528 4077 2580 4118 et
2618 4069 2842 4134 gentiles
2870 4080 3132 4118 memores
3161 4079 3316 4119 erunt
3347 4067 3453 4120 Do-

1894 4137 2042 4198 inini,
2071 4145 2125 4187 et
2153 4135 2292 4202 quotl
2333 4137 2420 4186 alii
2452 4137 2582 4188 alios
2613 4141 2675 4187 ad
2727 4139 2921 4189 bonum
2952 4139 3054 4188 sint
3086 4143 3450 4203 corporaliter,

1891 4212 1946 4258 et
1984 4214 2175 4256 Cictei'a
2207 4220 2324 4271 quae
2363 4207 2610 4272 praedicta
2656 4219 2799 4259 sunt.
2854 4208 3024 4272 Quare
3052 4221 3176 4275 ergo
3207 4209 3360 4259 tristis
3403 4225 3454 4260 es

1891 4277 2094 4339 animo,
2145 4288 2187 4326 et
2232 4290 2388 4342 quare
2435 4277 2706 4329 conturbas
2751 4293 2846 4329 me.
2894 4277 3114 4344 Propter
3155 4279 3448 4339 utilitatem,

1897 4348 2118 4407 scilicet,
2147 4360 2402 4408 nieorum,
2435 4357 2490 4397 ut
2513 4361 2670 4413 supra
2703 4347 2899 4400 dictum
2923 4359 3022 4398 est.
3051 4347 3188 4409 Noli,
3217 4363 3450 4412 mquam,

1893 4417 2215 4479 coiitristari,
2240 4416 2346 4467 noli
2377 4425 2649 4467 conturbat
2667 4417 2702 4482 i,
2728 4424 2819 4470 sed
2839 4431 2988 4481 spera
3015 4418 3065 4467 in
3091 4416 3194 4466 Deo
3225 4426 3455 4479 tantum,

1897 4487 2024 4537 nihil
2059 4489 2146 4536 lilii
2179 4486 2512 4546 ascribcndn,
2559 4503 2588 4536 ιι
2613 4486 2683 4538 hii
2713 4487 2779 4539 de
2813 4500 2862 4538 te
2892 4488 3285 4552 pi'aestiiiiendo,
3319 4501 3453 4550 quo-

1821 4545 1869 4602 D
1899 4571 2037 4607 niam
2065 4557 2232 4606 adhuc
2259 4545 2533 4620 conﬁtebor
2567 4557 2664 4620 illi,
2711 4567 2764 4608 et
2792 4545 3004 4606 uetera.
3036 4556 3183 4619 Quod
3215 4545 3343 4607 dicii
3387 4558 3451 4605 ad

1897 4628 2319 4679 exhortationem
2353 4640 2591 4688 suorum,
2637 4627 2783 4692 quasi
2832 4626 2972 4677 dicat
3005 4643 3017 4676 :
3055 4626 3157 4676 Vos
3203 4628 3305 4677 mei
3340 4640 3454 4676 uui-

1896 4698 2055 4748 tando
2081 4712 2165 4746 ιιιε
2201 4706 2410 4760 sperate
2452 4710 2500 4746 ιιι
2533 4696 2771 4758 Domino,
2812 4697 2860 4745 id
2891 4704 2990 4756 est,
3033 4696 3099 4746 de
3146 4698 3290 4746 VUbiS
3323 4696 3450 4746 nihil

1895 4769 2066 4818 velitis
2111 4779 2446 4831 praesntiiere,
2482 4781 2600 4832 quia
2635 4766 2758 4816 nihil
2800 4766 2851 4816 iii
2886 4768 3029 4816 Vobs
3073 4765 3151 4818 vel
3187 4769 3251 4817 de
3302 4768 3451 4817 vanis

1893 4852 1994 4899 est,
2044 4841 2134 4886 sed
2183 4834 2350 4885 velitis
2397 4835 2445 4884 in
2480 4838 2586 4885 Deo
2617 4851 2831 4898 sperare
2865 4841 3003 4903 quod
3052 4853 3172 4888 vere
3222 4838 3450 4887 debetis.

1893 4908 2152 4969 Quoniam
2180 4909 2352 4955 adhuc
2399 4908 2627 4956 luturuni
2659 4915 2739 4956 est
2767 4913 2821 4956 ut.
2851 4906 3229 4970 c-uiliteaniiiii,
3275 4915 3329 4958 et
3359 4922 3452 4972 per

1895 4991 1986 5028 \os
2013 4984 2063 5027 et
2106 4991 2198 5041 per
2240 4975 2371 5024 alios
2401 4975 2499 5026 Sibi
2541 4978 2776 5027 dicentes
2805 4993 2815 5027 :
2849 4976 3091 5030 Satutare
3132 4979 3299 5030 vultus
3330 4977 3450 5041 mei,

1892 5059 1934 5098 et
1963 5043 2096 5097 Deus
2119 5060 2278 5106 meus,
2311 5053 2362 5095 ut
2392 5046 2632 5111 superius
2657 5046 2966 5111 eitposituni
2999 5060 3093 5100 est.

2363 5137 2423 5188 ΙΝ
2467 5135 2789 5190 ιέΑιιΜυιι
2832 5137 2985 5190 XLII.

2457 5228 2698 5280 l'salinus
2726 5229 2909 5282 David.

2477 5335 2761 5375 ABGUHENT
2774 5335 2866 5374 UH.

1966 5415 2213 5484 Populus,
2246 5423 2300 5466 ut
2333 5428 2513 5484 supra.
2549 5413 2719 5466 Aliter
2762 5429 2774 5463 :
2807 5411 2870 5484 ad
2897 5414 3107 5484 cosqtti
3141 5412 3296 5464 [idem
3335 5425 3458 5465 sunt

1893 5483 2166 5541 Consecuti
2197 5495 2324 5536 sunt
2352 5504 2378 5534 ιι
2409 5483 2642 5544 Christo,
2680 5501 2775 5535 vos
2805 5483 3076 5534 Ecclesix.

2498 5589 2850 5628 EXPIANA'I‘IO.

1971 5665 2132 5719 David
2176 5668 2368 5718 indicat
2402 5663 2677 5728 Christum,
2723 5667 2787 5714 ad
2816 5679 2960 5730 quem
2991 5680 3051 5716 ea:
3079 5679 3290 5730 persona
3329 5663 3458 5731 ﬁde-

1895 5738 2074 5791 lissimi
2112 5733 2390 5788 Christiani
2430 5735 2656 5802 psalmus
2703 5733 2796 5785 iste
2845 5735 3098 5801 dirigitur.
3147 5732 3287 5785 Nam
3326 5743 3456 5784 sicut

1895 5807 2122 5879 superior
2147 5809 2206 5859 ob
2237 5801 2460 5858 amarent
2516 5801 2716 5856 Domini
2761 5806 2901 5854 docet
2969 5807 3136 5855 omnia
3186 5805 3461 5868 contemni,
