3922 6190
482 367 584 420 707

916 361 1117 416 ΒΗ)Ᾱί
1159 355 1607 414 VENEBABILIS
1644 354 1791 408 (ΠΨ.
1836 352 2009 408 ΡΜὶὸ
2051 351 2110 407 ll.
2159 349 2354 404 SECT.
2387 347 2449 403 ll.
2487 378 2555 391 —
2596 348 2798 402 DUBIA
2841 348 2926 403 ET
2965 347 3231 405 SI‘URIA.

3610 348 3711 401 708

491 484 561 534 ita
597 489 643 531 et
676 479 759 530 hic
787 492 848 529 ne
878 474 1050 527 mundi
1091 473 1350 525 tribulatio
1380 469 1654 539 deprimat,
1683 464 1910 539 inratriis
1937 463 2048 539 ρο·
2080 466 2124 519 Α
2155 467 2328 539 autem
2363 459 2468 539 illa.
2501 459 2801 539 sublimitas
2848 457 2968 512 ideo
2991 459 3180 524 altare,
3232 458 3348 536 quia
3379 458 3622 539 quisquis
3655 466 3717 539 il-

490 551 610 603 niiui
637 556 907 617 prrcumnet
933 559 1039 596 esse
1084 541 1423 617 gaudendum.
1445 536 1452 539 ’
1477 537 1709 617 I’salntus
1741 538 1834 615 iste
1867 536 2046 617 cuique

489 605 714 686 ﬁdelium
753 605 1118 686 congruit,qui
1161 612 1210 663 in
1243 612 1406 686 primo
1439 611 1605 686 capite
1646 605 2047 686 .Dominumnde-

489 677 741 759 precatur,
788 677 923 735 ut'in
954 685 1183 759 .ttdventu
1212 677 1466 759 napissimi
1491 677 1739 758 «suminis
1777 681 1838 726 ab
1868 677 2046 759 inﬁde:

491 742 615 808 lium
650 742 902 806 consortio
947 751 1204 802 libi-retur.
1254 749 1490 803 Secunda
1531 748 1856 798 introiturum
1887 760 1938 795 se
1982 742 2048 792 ad

491 826 696 876 Domini
727 822 889 875 altare
928 823 1157 886 cou/idit,
1188 821 1270 871 ubi
1299 820 1460 891 beatis
1484 823 1649 868 solum
1679 829 1916 891 ascensus
1945 823 2049 873 est;

489 905 533 944 et
563 896 676 945 ideo
699 892 945 944 molestiis
975 883 1132 958 hujus
1171 891 1346 940 mundi
1377 888 1598 939 animam
1625 883 1923 958 suamdieit
1950 898 2050 934 non

485 980 590 1018 esse
613 963 940 1026 turbandam,
974 955 1095 1027 quia
1121 960 1324 1025 superni
1345 960 1458 1028 jam
1490 971 1712 1007 muneris
1741 955 2010 1023 gloriatur.

1049 1061 1474 1102 COMMENTARIUS.

562 1163 860 1222 Judicame,
889 1160 1040 1212 Deus.
1059 1159 1266 1212 Titulus
1282 1156 1397 1209 talis
1419 1167 1496 1209 est
1526 1153 1619 1207 ειη
1642 1151 2044 1221 ﬁnentl’saliuus

496 1235 689 1287 David.
719 1233 868 1295 Quod
917 1237 994 1282 sic
1046 1229 1325 1295 exponitur
1357 1242 1372 1281 :
1410 1227 1531 1277 lboc
1569 1225 1728 1278 verba
1759 1239 1863 1276 non
1914 1222 2051 1295 rele-

496 1315 685 1358 runtttr
737 1293 799 1354 ad
842 1293 1137 1362 historiam,
1189 1295 1360 1350 sed’in
1391 1294 1576 1357 linem,
1616 1295 1734 1360 quia
1763 1300 1884 1343 sunt
1913 1293 2050 1357 psal-

494 1389 612 1427 mus
645 1371 806 1424 David
842 1372 891 1422 in
936 1369 1115 1430 linem,
1153 1368 1202 1420 id
1245 1377 1347 1432 est,
1383 1366 1575 1416 talibus
1617 1363 1919 1414 attribuitur
1949 1362 2049 1413 i-te

495 1445 728 1510 psalmus
749 1441 837 1506 qui
875 1441 1139 1510 pertinent
1162 1437 1226 1489 ad
1255 1437 1434 1498 linem,
1456 1435 1503 1486 id
1526 1444 1630 1492 est,
1660 1434 1723 1484 ad
1751 1432 2046 1510 Christum.

493 1505 686 1567 Semen
727 1505 1140 1562 enim'Abtabte
1190 1523 1368 1558 semen
1400 1514 1665 1564 sanctum,
1716 1505 1944 1565 positum
1997 1505 2048 1552 in

499 1581 675 1633 medio
714 1582 996 1651 malorum,
1043 1577 1266 1651 scilicet,
1293 1589 1453 1651 grana
1485 1573 1660 1651 adhuc
1687 1583 1989 1651 compressa
2017 1583 2048 1622 a

496 1652 682 1720 paleis,
714 1649 942 1720 triticum
971 1662 998 1698 a
1031 1646 1268 1720 zizaiiiis,
1297 1641 1476 1696 vinum
1510 1641 1833 1720 ahvipaceis.
1862 1641 2051 1717 Atten-

494 1708 626 1773 ilens
647 1708 770 1786 quid
801 1731 1082 1768 commune
1109 1717 1280 1767 adhuc
1303 1729 1422 1766 cum
1451 1713 1601 1764 malis
1628 1708 1820 1786 habeat
1845 1710 2045 1786 vivere,

495 1777 726 1848 esurire,
759 1791 931 1848 snite,
967 1786 1203 1848 vigilare,
1247 1796 1530 1850 Corporum
1577 1781 1881 1840 sanitatem,
1937 1777 2044 1830 fru-

502 1877 625 1926 gum
652 1857 1050 1916 abundantiam,
1096 1864 1149 1906 ct
1185 1851 1672 1926 sittiilia,_a.quibus
1715 1850 1929 1926 tandem
1958 1861 2044 1901 se-

502 1920 787 1995 parandum
839 1932 924 1978 est
945 1940 966 1995 7:
1000 1926 1231 1995 erumpit
1291 1923 1342 1974 in
1398 1920 1533 1972 hanc
1571 1933 1759 1995 vocem
1808 1924 2038 1995 optans,

500 1986 793 2064 suspirans,
825 2003 881 2046 ut
910 1994 1014 2046 cito
1039 1994 1106 2046 ab
1135 1986 1213 2044 eis
1251 1999 1530 2064 separetur
1556 1987 1829 2064 localiter,
1858 2002 1890 2041 a
1922 1986 2044 2064 qni-

503 2057 608 2120 bus'
620 2066 728 2134 jam
779 2057 1074 2130 separatum
1097 2072 1192 2134 est,
1208 2057 1508 2134 causaliter.
1543 2057 1796 2134 Deusqui
1826 2059 2040 2134 tandem

493 2127 824 2204 judicaturus
846 2127 910 2204 es
938 2151 967 2184 ii
990 2147 1041 2196 e,
1079 2133 1288 2201 judico,
1335 2131 1384 2183 id
1413 2138 1516 2194 est,
1547 2143 1614 2204 ne
1656 2127 1868 2204 dideras
1902 2127 2045 2195 judi-

502 2197 644 2266 care,
673 2219 739 2258 ne
785 2202 996 2255 dim-ras
1027 2197 1107 2253 ηιξ
1146 2216 1394 2266 separare
1414 2216 1442 2252 a
1474 2199 1648 2261 malis,
1693 2197 1884 2266 quibus
1911 2211 2046 2249 nunc

499 2275 736 2328 localiter
767 2273 1046 2341 pertiiistns
1075 2279 1175 2325 est.
1199 2271 1310 2325 Non
1341 2269 1670 2336 enim(quasi
1695 2267 1856 2341 dicat)
1887 2266 2047 2320 timeo

497 2339 961 2412 judicium'tuuni,
992 2343 1123 2414 quia
1153 2341 1371 2414 cognovi
1412 2339 1831 2414 misericordiam
1880 2346 2044 2414 tuam,

498 2407 662 2480 quare
681 2427 942 2480 praesumo
971 2407 1377 2480 dicere:Judfea
1405 2426 1502 2473 me,
1519 2418 1565 2462 et
1596 2423 1734 2461 nunc
1762 2407 1972 2460 interim
2002 2407 2045 2480 si

499 2477 602 2536 iion
626 2477 1087 2542 discernislocuui,
1105 2483 1290 2534 saltem
1308 2479 1535 2532 discerne
1555 2493 1759 2529 causam
1780 2492 1964 2540 meam,
1987 2477 2049 2527 de

499 2562 646 2622 gente
669 2568 792 2622 non
821 2564 1020 2609 saneta.
1049 2550 1098 2601 id
1130 2561 1230 2622 est,
1262 2564 1290 2601 a
1323 2549 1474 2602 malis
1502 2548 1729 2600 diversa.
1783 2546 1940 2622 Quasi
1967 2543 2049 2598 di-

497 2616 584 2674 cat
615 2638 627 2672 :
664 2621 830 2674 Distet
860 2622 997 2673 inter
1029 2629 1081 2670 te
1109 2621 1410 2671 credentem
1456 2625 1512 2671 et
1570 2630 1674 2669 non
1712 2616 2046 2680 credentem,

502 2695 637 2743 inter
658 2699 954 2758 sperantem
985 2699 1040 2742 et
1062 2705 1162 2740 non
1182 2697 1507 2756 sperantem,
1536 2685 1674 2740 inter
1695 2699 2047 2758 perseVeran-

499 2771 608 2812 terti
639 2755 699 2812 et
725 2756 1075 2814 deiicientem.
1110 2755 1370 2811 Est’cnim
1401 2772 1493 2823 par
1515 2755 1793 2809 inlirmitas
1822 2755 2044 2808 istorum

500 2843 552 2883 et
575 2832 802 2894 illorum,
822 2831 913 2883 sed
939 2829 1116 2895 dispar
1140 2827 1485 2882 conscientia.
1514 2829 1604 2879 Est
1635 2841 1728 2893 par
1754 2824 2047 2895 labor,t-ed

506 2901 674 2965 impar
701 2894 1043 2960 desiderium,
1065 2902 1184 2962 quia
1216 2897 1517 2949 desiderium
1536 2897 1807 2964 impiorum
1838 2894 2043 2963 peribit.

503 2969 830 3021 Desiderium
855 2985 978 3020 vero
1023 2969 1284 3020 bonorum
1323 2976 1405 3019 est
1428 2967 1667 3020 Christus
1705 2967 1756 3017 iu
1787 2977 2046 3018 teternutu

501 3052 744 3102 manens,
777 3042 896 3106 quia
924 3052 1051 3091 vere
1094 3040 1225 3089 sicut
1265 3039 1542 3090 mortalem
1587 3034 1918 3106 mortalibus,
1975 3035 2046 3087 ita

500 3108 770 3161 exhibebit
795 3103 807 3106 “
843 3122 901 3160 se
953 3106 1303 3159 immortalem
1344 3106 1726 3158 immortalibus
1759 3122 1770 3156 :
1804 3103 2045 3157 Discerne

503 3157 927 3245 ttiiiltt1'l‘tiqlla‘ltvl,
954 3157 1182 3242 causam,
1207 3187 1252 3229 et
1283 3177 1493 3229 tandem
1527 3191 1640 3228 erue
1669 3190 1746 3226 me
1775 3175 1932 3226 etiam
1962 3174 2045 3226 ιο·
2075 3157 2119 3218 C

498 3247 683 3300 t-aiiter
711 3251 770 3298 ab
797 3250 996 3298 nomine
1016 3249 1208 3316 iniqua,
1237 3247 1284 3298 id
1315 3255 1417 3312 est,
1449 3245 1514 3298 ab
1534 3248 1675 3298 onmi
1707 3258 1903 3313 genere
1931 3258 2045 3316 nia-

499 3315 670 3369 Ioruin
700 3318 902 3384 iniquo,
936 3317 985 3370 id
1008 3325 1109 3378 est,
1143 3316 1474 3384 persuadenti
1499 3315 1670 3380 iniqua
1703 3329 1902 3378 amare,
1936 3315 2044 3366 sci-

501 3387 641 3450 licet,
689 3396 918 3440 terrena.
962 3386 1028 3438 Et
1075 3387 1276 3447 doloso,
1325 3388 1372 3437 id
1409 3395 1508 3449 est,
1565 3386 1774 3437 babenti
1819 3386 2045 3451 speciem

499 3458 834 3519 consulendi,
875 3467 925 3509 et
967 3471 1222 3508 venenum
1260 3458 1502 3510 nocendi.
1560 3457 1690 3521 Quia
1743 3464 1924 3507 autem
1978 3453 2046 3506 ad

506 3525 640 3578 lianc
667 3536 991 3591 eruptionem
1021 3539 1153 3592 Opus
1173 3536 1254 3578 est
1283 3527 1528 3593 patientia
1552 3536 1606 3577 et
1628 3523 2041 3592 perseverantia,

499 3597 653 3662 juxta
687 3597 812 3648 illud
844 3613 856 3648 :
887 3594 1142 3648 Patientia
1188 3598 1470 3647 necessaria
1507 3603 1601 3656 est,
1642 3601 1697 3646 ut
1738 3603 2046 3659 reponemus

508 3666 908 3731 promissionem,
932 3665 1108 3717 subdit
1133 3682 1144 3717 :
1175 3662 1306 3726 Quia
1334 3672 1388 3714 tu
1407 3681 1460 3716 es
1483 3662 1617 3715 Deus
1643 3664 1886 3731 fortitudo
1915 3678 2042 3716 mea.

500 3736 660 3799 Quasi
688 3735 867 3799 dicat:
891 3734 1029 3788 Erue
1051 3751 1129 3787 me
1162 3737 1395 3797 tandem,
1419 3736 1592 3786 dando
1622 3734 1747 3784 mihi
1791 3747 1929 3786 nunc
1959 3735 2043 3784 iti-

506 3807 752 3857 teriorem
785 3805 1086 3872 patientiam
1114 3813 1169 3858 et
1190 3801 1650 3871 perseierautiam.
1702 3803 1766 3854 lat
1787 3799 1907 3855 ideo
1934 3817 1962 3854 a
1995 3813 2045 3872 te

501 3885 623 3939 peto
670 3871 972 3942 patietitiam
1015 3884 1069 3927 et
1103 3874 1563 3940 perseverantiam,
1593 3873 1708 3940 quia
1757 3885 1834 3937 tu,
1874 3871 2044 3939 quies’

505 3943 660 4009 Deus,
693 3954 748 3996 et
775 3945 893 3997 ideo
915 3945 1060 3996 solus
1084 3944 1252 4008 l'orlis,
1281 3959 1334 3996 es
1358 3944 1602 4009 fortitudo
1630 3959 1762 4008 utea,
1797 3958 1898 3994 non
1921 3955 2038 4010 ego.

498 4011 607 4078 Ego
636 4029 774 4065 enim
804 4012 931 4065 milii
959 4029 1079 4066 sum
1111 4015 1414 4077 inliriuitas,
1438 4025 1488 4064 ιιι
1518 4011 1748 4076 sanitas;
1789 4027 1886 4079 ego
1913 4013 2041 4066 ttiibi

497 4082 773 4144 debilitas,
818 4093 873 4134 tu
902 4097 953 4134 es
973 4083 1236 4149 fortitudo.
1273 4081 1337 4135 Et
1361 4083 1786 4150 quandoquidem
1814 4096 1867 4133 es
1897 4085 2042 4149 [orti-

499 4154 624 4201 tudo
651 4165 783 4214 utea,
826 4167 980 4219 quare
1013 4167 1093 4203 me
1118 4153 1367 4221 repulisti,
1399 4158 1456 4202 ut
1476 4153 1668 4202 videris
1699 4166 1790 4215 per
1821 4151 2041 4204 tribula-

502 4232 670 4272 tiones
696 4234 827 4285 quas
859 4221 1064 4290 patior?
1092 4231 1140 4272 et
1167 4236 1326 4288 quare
1353 4222 1527 4271 incedo
1555 4223 1729 4280 tristis,
1774 4223 1892 4290 dum
1915 4221 2040 4290 σηιξ-

497 4291 566 4358 git
604 4305 681 4341 me
716 4289 965 4345 inimicus.
1026 4289 1076 4343 id
1125 4287 1228 4353 est,
1261 4293 1450 4342 timetis
1480 4291 1787 4341 inimicum?
1816 4287 2040 4358 Propter

506 4371 798 4424 peccatum,
831 4362 1057 4426 scilicet,
1093 4373 1187 4426 pro
1212 4375 1316 4428 quo
1343 4360 1603 4411 modicum
1648 4374 1731 4411 me
1757 4364 2039 4413 contrista-

504 4431 596 4480 δι.
634 4432 781 4484 Lnoe
821 4429 980 4483 timeo
1013 4432 1328 4499 periculum,
1356 4429 1516 4482 timeo
1546 4429 1770 4495 lapsum,
1794 4442 1848 4482 ut
1875 4446 2033 4498 supra

497 4501 696 4551 dictum
718 4509 819 4552 est.

567 4567 754 4621 Emitte
777 4571 938 4621 lucem
967 4580 1103 4622 tuam
1132 4579 1179 4622 ct
1203 4569 1457 4622 reritatem
1483 4579 1638 4623 tuam.
1671 4569 1826 4636 Quasi
1856 4567 1995 4622 dicat
2019 4587 2034 4623 :

501 4638 599 4704 Ne,
626 4642 865 4702 nomine,
892 4643 1138 4705 repellar,
1169 4654 1234 4693 ne
1256 4639 1420 4691 tristis
1459 4640 1717 4702 incedam,
1748 4653 1813 4693 ne
1842 4641 2041 4706 διιιιεετ

493 4707 562 4759 ab
591 4709 841 4762 inimico:
895 4711 1057 4760 lucem
1081 4719 1126 4762 et
1161 4712 1416 4762 veritatem
1449 4720 1606 4773 tuam,
1652 4710 1700 4761 id
1739 4721 1842 4774 est,
1889 4710 2039 4762 Chri-

496 4785 634 4829 stum
667 4789 836 4840 tuum,
879 4779 967 4844 qui
999 4779 1100 4830 vita
1131 4791 1211 4833 est
1249 4790 1301 4832 et
1341 4777 1428 4832 lux
1465 4779 1754 4831 secundum
1799 4782 2038 4839 verbum,

499 4848 619 4913 quia
650 4849 718 4898 ab
748 4862 812 4901 eo
843 4848 1015 4899 omnia
1067 4847 1455 4911 illnttiiiiantur,
1505 4858 1558 4900 et
1610 4851 1696 4916 qui
1724 4849 1917 4902 veritas
1960 4858 2042 4902 cst

498 4918 786 4969 secundum
820 4918 1106 4982 hominem,
1159 4920 1278 4985 quia
1330 4923 1487 4969 homo
1517 4918 1602 4970 ille
1632 4918 1757 4970 nihil
1788 4929 1891 4982 est,
1940 4919 2038 4971 nisi

495 4988 634 5050 quod
667 4986 1086 5056 annutitiatidunt
1117 4988 1232 5050 luit,
1281 4987 1410 5040 dixit
1441 5002 1455 5038 :
1484 4986 1548 5040 Et
1590 5003 1736 5056 quem
1780 5003 1912 5038 nunc
1952 4990 2042 5038 ab-

499 5055 759 5116 sCondisti,
787 5055 934 5122 juxta
958 5057 1084 5109 illud
1113 5073 1126 5108 :
1159 5056 1347 5108 Mor-tui
1368 5057 1500 5108 enim
1519 5055 1656 5120 estis,
1682 5066 1728 5108 et
1751 5059 1849 5109 rita
1877 5068 2040 5109 restra

494 5125 787 5176 abscondita
815 5133 888 5177 est
934 5140 1048 5178 cum
1095 5125 1295 5179 Christo
1322 5128 1374 5178 in
1403 5125 1530 5179 Deo.
1582 5130 1751 5192 Illum,
1803 5128 2039 5194 inquatn,

501 5197 671 5247 emitte
702 5195 916 5246 indilate
951 5198 1014 5246 ad
1056 5193 1331 5262 judicium,
1363 5204 1420 5248 ut
1461 5210 1546 5248 me
1572 5213 1597 5246 a
1629 5199 1778 5247 malis
1806 5193 2037 5261 separet,

493 5273 540 5316 et
569 5269 646 5318 sic
676 5265 892 5316 iutroibo
930 5269 996 5316 ad
1021 5267 1181 5318 altare
1223 5264 1338 5318 Dei.
1383 5265 1563 5318 Altare
1591 5268 1714 5317 olim
1747 5268 1843 5317 luit
1873 5266 1922 5317 in
1949 5283 2039 5318 se-

491 5335 703 5387 cretiori
750 5346 895 5401 parte
923 5335 1127 5401 templi,
1164 5335 1227 5387 ad
1258 5334 1394 5402 quod
1427 5336 1572 5386 Solus
1602 5336 1835 5402 pontifex
1870 5337 2034 5388 semel

491 5405 542 5456 iu
570 5417 711 5456 anno
733 5403 1002 5468 introibat,
1034 5416 1090 5456 ut
1118 5403 1406 5471 Apostolus
1427 5409 1572 5458 dieit.
1607 5407 1700 5456 ilic
1728 5415 1904 5457 autem
1935 5421 2029 5472 per

487 5473 654 5525 altare
683 5476 987 5542 intelligitur
1007 5477 1304 5527 sublimitas
1335 5477 1420 5526 illa
1449 5473 1763 5538 divinitatis,
1788 5475 1852 5526 ad
1881 5489 2038 5542 quant

491 5553 615 5594 tunc
648 5559 1036 5608 perveniemus,
1070 5561 1188 5597 cum
1219 5547 1401 5606 Deum,
1439 5546 1578 5596 sicut
1604 5555 1686 5597 est
1713 5545 2028 5598 Videbimus.

486 5615 564 5680 Ad
612 5615 752 5676 quod
775 5615 940 5664 altare
980 5615 1223 5667 L'ltiistos
1272 5611 1505 5680 pontifex
1540 5627 1719 5664 numer
1744 5615 1890 5666 solus
1927 5617 2037 5680 jam

485 5678 720 5731 introivit
779 5684 1158 5746 corporaliter,
1209 5678 1457 5736 sacerdos
1496 5681 1686 5746 factus,
1727 5693 1780 5734 et
1830 5678 2040 5738 assidue

479 5749 824 5813 interpellans
845 5765 942 5818 pro
968 5753 1140 5812 nobis,
1168 5763 1224 5802 ιιι
1254 5765 1303 5804 et
1331 5765 1425 5805 nos
1455 5753 1798 5805 itttroeatnus.
1834 5755 2037 5807 Dicitur

2161 531 2240 581 luc
2273 530 2581 594 ingreditur,
2617 528 2666 578 iii
2702 533 3063 580 holocaustum
3091 529 3407 592 assumitur;
3449 542 3503 581 et
3531 534 3602 584 ibi
3637 536 3712 585 vi-

2156 611 2259 650 tam
2304 602 2520 660 invenit,
2570 599 2613 649 si
2667 599 2749 649 hic
2789 612 3001 650 causam
3052 599 3304 667 disci-eve}
3333 618 3345 650 :
3379 609 3433 652 el
3462 607 3604 667 quod
3651 605 3720 658 sit

2157 669 2258 722 hoc
2285 671 2453 720 altare
2481 671 2821 720 determinat.
2854 669 3010 732 Quasi
3051 667 3193 720 dicat
3223 685 3234 719 :
3270 665 3504 720 Introibo
3527 674 3596 721 ml
3629 674 3714 723 al-

2157 748 2284 802 tare,
2332 738 2556 802 scilicet,
2603 740 2669 789 ad
2705 737 2884 798 Deum,
2913 737 2958 788 id
2989 749 3088 803 est,
3120 739 3184 789 ad
3229 742 3560 803 praesentiain
3598 743 3715 803 Dei,

2154 808 2240 875 qui
2266 813 2774 871 juventutemmeam.
2834 810 2880 858 id
2913 817 3013 869 est,
3064 822 3148 859 nte
3179 818 3484 860 renovatum
3527 821 3582 862 et
3621 814 3720 862 im-

2155 887 2417 928 mutatum
2469 879 2535 930 de
2586 875 2932 942 possibilitate
2975 877 3039 928 ad
3085 877 3596 942 impassibilitatcin,
3650 881 3718 933 de

2153 958 2492 1012 corruptione
2538 958 2590 997 et
2637 956 2805 998 morte
2835 947 2902 998 ad
2943 946 3412 1012 incoriuptioncm,
3461 949 3714 1016 laetiﬁcat,

2157 1031 2250 1081 pro
2273 1017 2564 1068 laetilicabit
2592 1016 2930 1068 teternaliter.
2966 1016 3031 1068 Et
3057 1019 3206 1083 quasi
3239 1018 3373 1068 dicat
3404 1034 3415 1067 :
3451 1018 3562 1070 Hoc
3595 1035 3716 1084 pre-

2157 1084 2282 1136 tium
2310 1098 2606 1151 speretnus.
2659 1085 2780 1150 quia
2808 1084 2917 1151 jam
2946 1086 3156 1136 arrliam
3183 1085 3504 1153 accepimus.
3539 1090 3711 1152 Quam

2153 1154 2363 1206 arrliani
2417 1154 2652 1206 ostendit
2700 1169 2820 1207 cum
2870 1155 3040 1206 dicit:
3081 1154 3204 1223 Ipsa
3243 1171 3322 1208 me
3365 1157 3707 1212 deduxerunt.

2154 1224 2301 1288 Quod
2329 1224 2405 1276 sic
2433 1228 2766 1275 continuatur
2792 1240 2806 1276 :
2845 1223 2978 1277 Vere
3013 1225 3057 1275 si
3088 1228 3328 1277 emiseris
3375 1227 3539 1279 lucem
3568 1239 3712 1279 tuum

2152 1306 2198 1344 et
2223 1295 2478 1344 vrritateut
2502 1305 2687 1363 _tuum,
2713 1294 2925 1344 iutroibo
2947 1297 3014 1345 ad
3037 1296 3216 1353 altore,
3239 1299 3357 1361 quia
3399 1301 3509 1363 ipsa
3540 1299 3627 1350 lux
3658 1311 3712 1350 et

2159 1367 2354 1434 veritas
2387 1375 2469 1434 tua
2494 1361 2602 1427 jatn
2631 1365 2986 1434 deduxerunt,
3031 1364 3083 1416 id
3114 1374 3218 1428 est,
3262 1368 3328 1416 di:
3364 1361 3526 1434 rogito
3555 1377 3710 1420 tene-

2154 1433 2368 1484 brarum
2395 1431 2447 1484 in
2479 1445 2694 1491 regnum
2735 1433 2881 1493 lucis,
2940 1449 3024 1483 tne
3070 1447 3251 1485 semen
3283 1431 3532 1496 Abrahae,
3587 1451 3709 1488 cor-

2156 1515 2272 1567 pus,
2294 1502 2518 1573 scilicet,
2530 1499 2790 1573 justorutn
2807 1502 3146 1563 deduxerunt,
3164 1512 3214 1554 et
3229 1503 3476 1572 undique,
3496 1505 3563 1558 de
3579 1521 3713 1573 gen-

2155 1573 2294 1622 tibus
2333 1572 2534 1643 scilicet
2576 1578 2627 1622 et
2655 1568 2849 1623 Judaeis
2879 1574 3205 1624 adduxerunt
3257 1575 3306 1625 iii
3349 1568 3508 1626 unum
3555 1568 3708 1643 q'nid,

2152 1643 2375 1702 scilicet,
2429 1641 2483 1692 in
2507 1649 2721 1691 montem
2759 1651 2987 1692 sanctum
3017 1654 3180 1706 tuum,
3224 1643 3272 1696 id
3313 1654 3413 1704 est,
3437 1644 3487 1696 in
3529 1641 3710 1698 hrcle-

2154 1712 2298 1782 stant
2342 1720 2596 1782 sanctam,
2649 1724 2766 1776 qua:
2798 1721 3012 1778 propter
3043 1721 3305 1782 Virtutuiri
3335 1715 3708 1782 eminentiam,

2152 1789 2206 1832 et
2235 1779 2352 1832 lidei
2401 1787 2774 1840 constantiam,
2825 1795 2979 1833 mons
3006 1782 3221 1835 dicitur.
3269 1779 3334 1833 Et
3379 1785 3500 1849 quid
3552 1779 3711 1837 Vocet

2150 1858 2382 1900 montem
2436 1849 2771 1909 determinat,
2804 1852 3025 1912 scilicet,
3082 1854 3399 1906 adduxerunt
3439 1869 3515 1905 me
3534 1854 3588 1905 iu
3632 1868 3709 1905 ta-

2148 1918 2420 1991 bernacula
2447 1928 2554 1983 tua,
2604 1919 2654 1970 id
2685 1928 2785 1991 est,
2817 1919 3185 1973 Ecclesiasuca
3228 1923 3481 1974 instituta.
3514 1923 3566 1975 In
3590 1941 3712 1991 qu.-

2149 1989 2244 2040 bus
2289 1991 2355 2040 ad
2407 1995 2613 2056 tempus
2637 1989 2777 2041 velut
2815 1991 2866 2042 in
2917 1993 3252 2043 tabernaculo
3280 1993 3508 2046 militare
3543 1989 3712 2049 debe-

2147 2073 2286 2118 tnus,
2316 2063 2372 2110 ut
2392 2065 2511 2125 post
2536 2060 2858 2111 aeternaliter
2879 2059 3140 2112 laetemur.

2217 2126 2506 2194 Conﬁtebor
2535 2126 2624 2178 tibi
2665 2128 2722 2179 in
2763 2130 2978 2182 cithara.
3018 2129 3141 2182 Dico
3180 2128 3396 2182 iutroibo
3437 2131 3504 2181 ad
3543 2134 3711 2186 altore

2145 2195 2265 2260 Dei,
2300 2207 2602 2250 nontamen
2639 2197 2888 2261 ititroibo,
2940 2201 3035 2250 nisi
3068 2201 3211 2266 prius
3240 2205 3286 2252 ei
3318 2203 3705 2257 citharizando.

2149 2267 2214 2319 Et
2246 2267 2379 2323 ideo,
2416 2268 2777 2331 titintroeatn,
2806 2268 3080 2335 conﬁtebor
3110 2271 3218 2333 tibi,
3251 2270 3300 2322 id
3335 2280 3436 2331 est,
3472 2272 3701 2324 laudabo

2149 2349 2197 2389 te
2219 2336 2269 2388 in
2296 2337 2516 2399 cithara,
2544 2335 2646 2389 hoc
2665 2347 2766 2402 est,
2799 2336 2850 2390 in
2874 2338 3208 2391 tribulatione
3239 2343 3464 2391 Izciaodo
3486 2349 3541 2391 et
3568 2344 3706 2396 bene

2147 2408 2444 2472 operando,
2495 2406 2634 2472 quod
2683 2405 2868 2467 debeo,
2894 2411 3014 2475 quia
3047 2417 3101 2460 tu
3133 2423 3190 2462 es
3218 2408 3355 2461 Dens
3405 2427 3562 2462 meus.
3590 2411 3706 2465 Duo

2148 2485 2272 2529 sunt
2303 2478 2502 2528 musica
2534 2475 2901 2546 instrumenta,
2931 2493 3049 2546 quae
3079 2494 3239 2546 opera
3289 2489 3466 2531 nostra
3493 2482 3698 2546 signiti-

2149 2554 2291 2608 cant,
2324 2548 2529 2598 ratione
2558 2544 2697 2598 inter
2721 2560 2780 2599 se
2807 2544 3128 2610 diller'enlia,
3169 2548 3468 2613 psalterium
3498 2544 3704 2604 scilicet

2146 2626 2198 2667 et
2227 2616 2451 2674 cithara,
2481 2629 2702 2686 quorum
2733 2617 2955 2669 alterum
2987 2633 3174 2669 sonum
3202 2623 3287 2670 dat
3322 2620 3386 2671 de
3418 2623 3704 2686 supeiiori,

2145 2686 2368 2738 alterum
2400 2685 2466 2738 de
2505 2683 2740 2756 inferiori
2765 2701 2784 2756 :7
2813 2686 3116 2753 psalterium
3144 2689 3337 2756 quippe
3376 2683 3516 2756 quod
3548 2693 3708 2742 desu-

2151 2769 2244 2822 per
2283 2763 2462 2826 souat,
2487 2753 2749 2823 signiﬁcat
2775 2755 2858 2808 illa
2884 2771 3045 2824 opera
3067 2753 3248 2810 nostra
3270 2753 3522 2826 quas-stne
3549 2777 3709 2812 vexa-

2150 2833 2374 2896 tioneet
2402 2824 2761 2896 tribulatione
2787 2826 3022 2891 iacimus,
3057 2837 3195 2880 sicut
3226 2824 3310 2880 ida
3357 2845 3474 2896 qua:
3508 2832 3709 2884 t'aeuut

2149 2893 2201 2946 hi
2232 2895 2320 2963 qui
2346 2910 2397 2946 in
2421 2894 2871 2962 contemplatione
2900 2905 3041 2961 sunt,
3072 2899 3202 2950 sicut
3227 2906 3306 2951 est
3336 2893 3448 2950 laus
3492 2913 3707 2952 sancto-

2151 2981 2266 3016 rum
2315 2965 2623 3033 angelorum
2678 2964 2889 3018 assidue
2925 2967 3210 3021 dicentium
3243 2984 3256 3020 :
3284 2978 3528 3033 eductus,
3579 2987 3702 3022 sau-

2147 3031 2536 3107 ctuslsaitctus,
2576 3031 2716 3107 Deus
2745 3033 3004 3107 ‘Sabaot/t.
3051 3037 3262 3090 Cithara
3304 3053 3428 3092 vero
3477 3031 3599 3107 quae
3643 3043 3710 3094 de

2151 3103 2385 3176 inferiori
2407 3111 2594 3176 sonat,
2624 3103 2886 3176 signiticat
2916 3105 3049 3158 bona
3082 3122 3266 3172 Opera,
3297 3124 3415 3176 qua:
3446 3103 3622 3161 adhuc
3653 3127 3704 3162 ιιι

2148 3173 2319 3225 activa
2371 3173 2473 3224 vita
2504 3174 2935 3244 et_tribulatione
2978 3177 3156 3244 positi,
3218 3173 3336 3244 ψιεὲ
3367 3178 3433 3232 de
3471 3181 3710 3234 intericit

2153 3252 2335 3295 nostro
2365 3242 2610 3314 provenit
2638 3257 2864 3311 agrinus,
2907 3242 2993 3298 ubi
3020 3248 3063 3300 si
3093 3242 3350 3314 patienter
3391 3263 3710 3312 persevera-

2151 3313 2346 3373 vimus,
2395 3311 2508 3378 ipsa
2539 3316 2788 3380 patientia
2821 3321 2902 3366 est
2930 3330 3077 3381 quasi
3094 3311 3258 3369 tlulCc
3287 3311 3454 3370 melos
3490 3321 3621 3372 Deo.
3645 3323 3708 3372 Et

2150 3381 2270 3435 ideo
2309 3385 2603 3454 cavendum
2645 3393 2727 3435 est
2775 3398 2841 3436 ne
2889 3399 2980 3450 per
3024 3388 3397 3454 impatientiam
3447 3390 3706 3442 citharam

2148 3465 2384 3504 nostram
2435 3449 2775 3524 frangamus,
2826 3449 2946 3520 quia
2988 3465 3040 3506 et
3086 3449 3128 3508 si
3183 3471 3273 3522 per
3326 3459 3706 3524 impatientiam

2147 3533 2386 3574 nostrain
2418 3521 2714 3598 deiicitiius,
2758 3535 2889 3598 ecce
2933 3521 3194 3577 citharam
3231 3521 3462 3579 nostrain
3507 3529 3705 3598 frangi-

2146 3607 2300 3655 mus,
2341 3599 2394 3644 et
2422 3605 2451 3642 a
2482 3593 2637 3644 laude
2665 3591 2838 3644 divina
2894 3607 3186 3648 COSSalItlIS.
3240 3599 3410 3660 Quare
3463 3591 3712 3651 tristis'es

2146 3664 2319 3712 anima
2359 3660 2513 3713 mea?
2539 3662 2993 3728 Quandoquidem,
3024 3665 3198 3717 attima
3228 3681 3371 3730 mea,
3401 3669 3468 3719 ad
3515 3679 3712 3722 tantam

2145 3731 2458 3800 dignitatem
2485 3741 2718 3802 ventura
2750 3747 2831 3796 es,
2858 3738 2995 3801 quod
3028 3737 3268 3796 introibis
3302 3738 3366 3787 ad
3394 3735 3568 3790 altare
3600 3743 3710 3802 Dei,

2143 3811 2196 3853 et
2222 3805 2555 3876 aeternalitet:
2583 3800 2950 3876 laetiticaberis,
2990 3820 3147 3870 quare
3187 3821 3236 3858 es
3263 3807 3418 3858 tristis
3441 3846 3459 3870 ,
3485 3818 3533 3858 et
3560 3800 3715 3876 quare

2143 3873 2415 3946 conturbas
2442 3870 2556 3946 me?
2601 3871 2845 3946 Propter»
2867 3884 3134 3938 peceatum
3161 3877 3364 3928 scilicet
3390 3894 3488 3943 pro
3515 3870 3621 3946 quo
3649 3891 3712 3930 tt-

2143 3954 2258 4016 tiies
2285 3943 2574 4016 periculum
2593 3943 2789 4016 ,_titnes
2828 3943 3057 4016 lapsum.
3083 3947 3214 4016 Quis
3242 3958 3432 4016 autem
3479 3943 3712 4016 loquitur

2145 4010 2230 4062 hic
2257 4010 2338 4064 vel
2376 4013 2457 4062 cui
2483 4012 2506 4062 ’ἐ
2531 4008 2719 4078 Major,
2763 4013 2988 4075 scilicet,
3018 4008 3279 4078 inferiori,
3330 4017 3379 4067 id
3420 4027 3528 4078 est,
3551 4008 3711 4071 'raiio

2141 4078 2492 4154 sensualitati,
2523 4097 2628 4154 non
2659 4080 2830 4132 anima
2859 4084 3025 4154 carni.
3049 4084 3076 4135 Ἰ
3093 4086 3280 4138 ristitia
3309 4102 3451 4139 enim
3482 4091 3714 4154 pertinet

2147 4150 2212 4200 ad
2238 4151 2492 4212 animam,
2516 4152 2670 4202 dolor
2699 4166 2823 4202 vero
2846 4153 2910 4203 ad
2933 4168 3166 4206 carnem.

2212 4218 2375 4285 Spera
2404 4221 2456 4270 in
2493 4218 2620 4271 Deo.
2656 4220 2796 4283 Noli,
2822 4221 3056 4288 inquam,
3083 4224 3413 4286 contristari,
3446 4224 3558 4278 noli
3589 4242 3716 4279 con-

2143 4292 2363 4352 turbari,
2401 4290 2494 4361 sed
2525 4304 2673 4357 spera
2700 4291 2752 4342 in
2785 4290 2909 4353 Deo,
2943 4295 2991 4342 id
3033 4303 3135 4356 est,
3166 4297 3298 4347 nihil
3325 4296 3393 4346 de
3424 4304 3478 4348 te
3508 4313 3711 4361 pra-so-

2139 4371 2307 4422 niere,
2350 4360 2431 4411 vel
2484 4374 2604 4424 quia
2637 4361 2762 4411 iiibtl
2793 4361 2859 4413 de
2909 4370 2959 4413 te
2988 4367 3066 4415 vel
3099 4364 3149 4416 in
3202 4373 3252 4417 te
3298 4376 3400 4428 εει,
3440 4360 3537 4418 sed
3587 4371 3717 4418 Veiis

2141 4441 2357 4494 sperare
2401 4430 2453 4480 ιιι
2476 4431 2632 4501 Δυνδε),
2677 4444 2771 4497 per
2804 4445 2957 4493 quem
2990 4446 3051 4485 es
3089 4433 3336 4501 quidquid
3369 4449 3450 4486 es.
3504 4436 3570 4488 Et
3599 4439 3716 4488 ideo

2068 4500 2116 4556 D
2141 4501 2261 4550 dico
2284 4513 2432 4563 spera
2469 4498 2522 4549 in
2560 4497 2691 4559 Deo,
2721 4501 2958 4565 quoniam
2987 4512 3040 4553 et
3067 4497 3118 4554 si
3143 4497 3300 4556 modo
3326 4519 3432 4556 non
3455 4509 3716 4559 conliteat‘

2144 4570 2238 4644 illi,
2270 4570 2500 4644 tutorum
2533 4579 2706 4621 tamen
2748 4570 2924 4644 adhuc
2938 4579 3026 4644 est
3055 4575 3194 4640 quod
3227 4576 3463 4641 pleuarie
3501 4576 3714 4644 conﬁte-

2141 4639 2232 4712 bor
2263 4639 2362 4712 illi,
2410 4637 2462 4690 id
2477 4645 2595 4712 Aest,
2643 4643 2866 4712 laudabo
2888 4637 3082 4712 illum,
3103 4637 3240 4696 tuttc'
3265 4645 3475 4696 sciiicet
3499 4637 3716 4712 quando

2139 4708 2206 4781 ad
2249 4709 2415 4781 altare
2441 4707 2557 4781 ejus
2583 4711 2830 4781 introibo.
2883 4710 2950 4762 Et
2980 4726 3102 4764 vere
3132 4713 3408 4779 conﬁtebor
3445 4707 3550 4776 illi,
3577 4731 3716 4781 quo-

2141 4777 2279 4828 niam
2309 4777 2424 4844 ipse
2466 4779 2553 4844 qui
2581 4789 2660 4830 est
2692 4780 2826 4830 Deus
2852 4795 3011 4845 meus,
3059 4793 3140 4834 est
3164 4777 3238 4835 eti
3266 4784 3506 4837 medicus
3537 4777 3716 4844 meus,

2140 4845 2278 4912 quod
2311 4849 2388 4898 sic
2429 4847 2559 4898 d.cit
2594 4865 2606 4898 :
2643 4848 2757 4913 Ipse
2796 4857 2879 4902 est
2917 4849 3162 4914 salutare,
3209 4853 3260 4905 id
3307 4863 3410 4915 est,
3465 4855 3717 4907 Salvator

2139 4916 2307 4967 vultus
2338 4917 2452 4966 mei.
2487 4917 2619 4980 Quia
2651 4933 2692 4968 si
2721 4932 2823 4986 qua
2855 4934 3010 4983 prava
3038 4924 3281 4976 voluntas
3311 4925 3390 4974 vel
3420 4922 3636 4976 aﬂeclio
3663 4943 3714 4975 in

2142 5001 2228 5060 ine
2253 4995 2354 5060 est,
2408 4988 2554 5039 illam
2585 4988 2696 5060 ipse
2725 4991 2895 5060 salvat
2916 5001 2971 5041 et
3011 5003 3197 5059 purgat
3230 5009 3244 5044 :
3277 5004 3329 5045 et
3355 4992 3492 5045 bene
3538 5005 3717 5060 potest

2143 5054 2244 5108 hoc
2280 5057 2491 5130 facere,
2520 5059 2643 5123 quia
2674 5058 2786 5122 ipse
2817 5058 2954 5111 Deos
2982 5054 3152 5125 meus,
3178 5064 3228 5115 id
3253 5076 3352 5126 est,
3385 5054 3551 5130 quem.
3578 5063 3718 5116 facio

2142 5139 2321 5178 meum
2373 5125 2706 5195 subjectione
2763 5138 2818 5180 et
2873 5131 3164 5185 Voltilttate.
3220 5125 3419 5185 l’otest'
3445 5144 3501 5185 et
3554 5135 3718 5186 aiter

2144 5199 2376 5260 psalmus
2407 5196 2506 5248 iste
2537 5197 2660 5263 legi,
2708 5204 2763 5248 ut
2788 5209 2863 5249 sic
2895 5200 3078 5252 titulus
3105 5203 3307 5254 dicatur
3338 5219 3352 5254 :
3393 5203 3515 5255 llaec
3552 5207 3718 5255 verba

2144 5266 2537 5338 reteramuer
2587 5268 2762 5338 linem,
2797 5268 2916 5338 quia
2947 5281 3070 5320 siint
3115 5274 3348 5338 psalmus
3378 5274 3487 5325 veti
3519 5271 3715 5334 David,

2148 5338 2197 5386 td
2256 5344 2359 5399 est,
2416 5334 2632 5386 Christi.
2692 5337 2947 5402 Loquitur
3003 5334 3143 5392 enim
3199 5341 3442 5395 Christus
3497 5345 3547 5394 in
3613 5344 3719 5395 hoc

2145 5404 2368 5478 psalmo,
2399 5418 2558 5478 oratis
2590 5404 2865 5478 Dominum
2898 5408 3103 5461 Patrem
3135 5421 3188 5461 ut
3216 5411 3386 5478 ipsum
3412 5427 3566 5478 quem
3595 5426 3710 5464 non

2142 5475 2396 5525 discernit
2427 5476 2476 5525 in
2508 5488 2685 5540 patria,
2734 5477 2998 5528 discernat
3027 5475 3408 5534 clariﬁcatiooe
3431 5475 3715 5534 iesurree—

2145 5545 2301 5616 tionis
2331 5545 2389 5616 in_
2411 5557 2591 5616 causa.
2625 5545 2688 5596 lat
2715 5558 2871 5609 queui
2901 5549 3100 5600 inttuici
3137 5552 3375 5616 judicant
3402 5564 3720 5612 nocentem,

2145 5615 2258 5679 ipse
2282 5611 2481 5679 jiidicet
2527 5615 2884 5668 innocentem.
2938 5621 3002 5668 lat
3029 5611 3339 5673 exhortatur
3385 5636 3480 5672 nos
3527 5633 3582 5672 ut
3611 5611 3724 5676 suo

2144 5684 2387 5748 exetnplo
2417 5697 2520 5734 non
2553 5684 2832 5755 titiieanius
2854 5684 3047 5752 injusm
3069 5692 3337 5743 hominum
3363 5689 3586 5755 judicia,
3617 5692 3724 5744 sed

2144 5763 2515 5819 exspectemus
2540 5754 2738 5821 justum
2768 5753 3026 5821 judicutin
3063 5759 3174 5823 Dei,
3227 5775 3276 5812 et
3311 5753 3376 5812 uti
3406 5762 3726 5814 sublimita-
