3922 6190
228 348 334 404 7ῖὸ

928 348 993 407 ΙΝ
1036 348 1440 408 ΡΞΑΙΛῖΟῘὶυΜ
1483 351 1740 408 LIBRUM
1787 352 1796 405 1

1906 351 2143 406 EGESIS.
2186 384 2256 395 --
2299 350 2536 405 PSXIJL
2586 350 2741 404 XLIV

3361 357 3463 411 711»

226 466 420 529 cordis,
451 466 500 519 id
542 475 645 529 est,
675 465 855 520 omnia
895 467 1098 520 occulta
1146 467 1417 533 cognoscit
1464 466 1519 519 in
1560 474 1783 530 tantum,
1820 476 1859 528 Α
1898 469 2108 521 lantur,
2158 464 2245 532 qui
2298 461 2458 530 periei
2482 464 2515 514 ti
2559 472 2697 515 sunt.
2750 461 2954 531 Exurge
3003 476 3167 532 ergo,
3222 463 3466 530 Domine,

228 538 368 601 quod
414 537 572 589 etiam
605 547 685 590 est
714 546 976 589 scrutator
1015 537 1363 589 medullarum
1405 548 1457 589 et
1502 539 1784 604 cogitatio-

229 622 379 661 num.
413 608 515 661 Sed
562 606 612 657 in
657 610 755 657 hoc
787 615 1007 674 apparet
1052 607 1189 669 quod
1237 621 1337 657 non
1383 620 1567 658 sumus
1609 606 1784 668 obliti,

226 677 353 743 quia
398 676 765 741 mortiﬁcamur
795 687 995 744 propter
1020 685 1067 728 te
1102 687 1205 727 to'a
1243 676 1343 727 die.
1376 675 1553 728 Potest
1578 690 1788 744 quoque

226 747 473 809 Superior
502 761 705 809 versus,
736 746 956 810 scilicet,
1003 746 1061 796 Si
1101 746 1242 797 obliti
1271 762 1468 805 sumus,
1520 760 1612 811 per
1654 759 1786 810 apo-

226 816 464 882 siopesin
513 815 584 866 ita
636 814 736 883 legi
764 832 775 865 :
806 815 957 875 Vere,
1006 816 1245 875 Domine,
1298 829 1401 867 non
1434 815 1578 865 obliti
1606 829 1787 866 sumus

232 894 303 935 te.
352 885 480 936 Nam
520 886 563 937 si
598 885 737 936 obliti
786 900 957 935 simius
994 900 1172 935 nomen
1220 884 1307 935 ltei
1340 885 1524 941 nostri.
1558 895 1601 935 et
1629 885 1673 936 si
1702 900 1787 936 ea:-

226 955 505 1021 pantlimus
551 970 731 1005 manus
779 965 975 1006 nostras
1018 954 1085 1004 ad
1141 953 1300 1005 Deum
1342 955 1586 1005 alienum.
1628 954 1787 1018 Quasi

229 1025 372 1075 dicat
398 1042 410 1074 :
441 1023 660 1075 Veniant
684 1038 842 1087 super
872 1038 965 1074 nos
995 1026 1168 1075 omnia
1211 1025 1369 1075 mzila.
1404 1026 1468 1075 lit
1496 1025 1644 1090 quasi
1689 1022 1786 1073 ali-

228 1093 351 1159 quis
377 1094 576 1146 diccret
600 1109 613 1144 :
639 1092 826 1145 Nonne
864 1107 989 1160 ergo
1023 1092 1157 1146 Deus
1190 1093 1434 1158 injustas,
1468 1093 1553 1158 qui
1587 1106 1681 1143 nos
1712 1093 1789 1144 sic

228 1176 497 1215 memores
536 1164 618 1214 sui
661 1176 765 1216 non
808 1162 1076 1214 ulciscitur
1104 1161 1171 1214 ab
1201 1161 1455 1221 inimicis,
1504 1162 1789 1223 respondet

226 1232 331 1284 iste
358 1249 372 1283 :
406 1232 585 1300 utique
616 1248 719 1285 non
766 1241 846 1284 est
884 1233 1126 1296 injustas,
1160 1234 1275 1297 quia
1308 1232 1521 1299 requiret
1553 1247 1644 1297 per
1665 1246 1791 1284 con-

229 1302 445 1368 dignam
474 1301 726 1355 ultionem
770 1304 834 1353 ab
876 1302 1100 1353 inimicis
1140 1301 1235 1353 ista
1263 1316 1377 1365 quic
1410 1301 1560 1353 nobis
1591 1300 1789 1353 scilicet

230 1370 485 1434 inferunt,
516 1381 568 1424 et
596 1387 758 1423 nonne
778 1372 1036 1440 requiret?
1065 1370 1253 1436 Utique
1298 1370 1470 1431 faciet,
1521 1372 1642 1435 quia
1684 1373 1790 1436 ipse

228 1442 366 1493 novit
397 1442 575 1494 omnia
604 1442 805 1493 occulta
837 1442 1033 1504 cordis,
1074 1441 1211 1492 unde
1240 1450 1288 1493 et
1319 1442 1664 1492 intentionem
1698 1455 1793 1489 no-

230 1520 395 1563 stram
438 1511 604 1574 novit,
638 1510 757 1576 quia
790 1525 892 1563 non
923 1521 1137 1576 propter
1183 1510 1340 1562 inane
1388 1526 1602 1569 nomen,
1648 1511 1792 1561 scili-

229 1590 338 1646 cet,
372 1580 466 1633 sed
499 1591 710 1647 propter
744 1595 863 1633 eum
912 1581 1009 1632 hoc
1048 1580 1296 1646 patimur.
1331 1580 1393 1631 Et
1423 1588 1505 1632 est
1530 1580 1676 1644 quasi
1706 1579 1789 1630 di-

228 1660 357 1702 cat:
389 1649 501 1703 Non
545 1650 842 1709 defuerunt,
876 1650 1115 1710 Domine,
1148 1650 1233 1716 qui
1266 1659 1479 1716 propter
1504 1648 1790 1716 gloriosum

232 1735 431 1773 nomen
462 1720 640 1773 saeculi
674 1729 899 1771 mortem
926 1721 1191 1777 subirent;
1227 1729 1277 1769 tu
1301 1729 1475 1770 autem
1502 1719 1636 1769 nosti
1664 1734 1792 1784 qui-

233 1790 374 1875 iiiain
401 1805 495 1842 nos
520 1790 955 1868 niortilicahi‘mur
993 1796 1096 1868 tota
1124 1789 1221 1869 die,
1251 1804 1353 1841 non
1387 1797 1600 1875 propter
1628 1788 1790 1868 aliud,
1835 1817 1881 1875 Β

232 1860 327 1911 sed
353 1868 556 1925 praptcr
586 1870 650 1919 te,
693 1870 744 1912 et
770 1859 927 1911 etiam
970 1860 1212 1911 a-stitnati
1240 1874 1423 1911 sumus
1466 1862 1529 1908 ad
1578 1858 1804 1910 inimicis

231 1927 304 1979 ita
339 1928 470 1982 viles
502 1930 565 1980 ad
598 1929 1038 1990 interﬁciendum,
1072 1931 1208 1980 sicut
1232 1942 1358 1982 oves
1385 1942 1489 1980 non
1520 1936 1808 1980 reservata:

229 2000 297 2049 ad
335 1998 736 2059 fecunditatem,
766 1998 858 2050 sed
890 2001 953 2049 ad
982 1999 1327 2051 occisionem.

307 2074 740 2147 Exsurgmquare
765 2076 1019 2128 obdormis
1043 2116 1058 2140 ,
1106 2075 1323 2129 Domine
1349 2077 1373 2128 ?
1414 2074 1574 2142 Quasi
1624 2074 1765 2127 dicat
1791 2092 1804 2128 :

230 2146 671 2211 Quandoquidem
718 2156 923 2215 propter
965 2159 1010 2198 te
1039 2148 1433 2211 martiﬁcaiuur,
1493 2160 1638 2213 ergo,
1695 2146 1803 2198 Do-

230 2218 389 2286 mine,
421 2232 631 2284 exsurge
656 2217 899 2286 gentibus
930 2217 980 2269 in
1010 2217 1286 2277 notitiam;
1322 2216 1459 2283 quod
1486 2216 1800 2286 estdicere:

230 2284 563 2349 Dormivisti,
599 2284 840 2350 Dtiiiiine,
876 2289 924 2339 in
964 2301 1157 2351 cruce;
1198 2284 1522 2347 dormivisti,
1557 2284 1797 2348 Domine,

232 2356 286 2407 in
341 2366 551 2420 morte;
604 2356 697 2409 scd
752 2357 904 2410 nobis
952 2356 1294 2410 credentibus
1348 2356 1793 2409 resurrectionem

234 2435 380 2477 tuam
407 2426 516 2493 jam
549 2426 922 2491 exsurrexisti,
954 2428 1197 2492 gentibus
1229 2436 1408 2479 autem
1444 2440 1547 2477 non
1586 2424 1803 2477 creden-

234 2496 376 2547 tibus
402 2509 455 2549 et
486 2509 580 2547 nos
610 2498 1049 2563 persequentibus
1091 2498 1263 2549 adhuc
1304 2496 1524 2548 dormis.
1553 2494 1616 2546 Et
1658 2495 1796 2560 ideo,

235 2563 479 2627 Domine,
514 2566 616 2616 illis
646 2580 856 2631 exsurge
886 2567 935 2617 iii
967 2567 1228 2631 notitiam,
1263 2566 1461 2618 scilicet
1491 2574 1546 2617 ut
1584 2565 1801 2617 credant

234 2646 288 2687 te
337 2639 723 2699 resurrexisse,
771 2636 890 2702 quia
938 2642 980 2688 si
1017 2638 1097 2690 eis
1136 2636 1520 2695 exsurrexeris,
1570 2635 1800 2686 cessabit

236 2715 419 2773 nostra
467 2705 817 2757 oiortilicatio.
870 2706 1039 2769 Quare
1080 2720 1206 2772 ergo
1233 2705 1483 2757 obdormis
1509 2703 1753 2773 gentibus
1777 2708 1798 2753 ’ἰ

236 2772 493 2844 Exsurge,
524 2776 661 2836 dico,
689 2784 742 2827 ut
765 2776 850 2842 qui
881 2780 1035 2829 modo
1062 2776 1258 2829 videris
1285 2790 1376 2842 per
1409 2772 1796 2827 tribulationem

232 2860 394 2913 quam
430 2845 655 2909 patimur
684 2846 943 2910 repulisse
974 2860 1090 2909 nos,
1138 2860 1242 2898 non
1277 2847 1434 2898 etiam
1467 2844 1679 2913 repellas
1703 2858 1797 2897 nos

231 2918 286 2965 in
335 2914 533 2980 ﬁnem,
589 2915 639 2966 id
689 2925 772 2967 est
835 2916 1135 2968 omnimodo
1185 2914 1507 2983 repulsione.
1565 2913 1655 2966 Ille
1708 2928 1796 2966 re-

236 2985 453 3048 pellitur
508 2984 807 3037 oniiiiinoda
861 2984 1203 3053 repulsionc,
1262 2984 1391 3050 qui,
1449 2984 1642 3036 timens
1671 2996 1795 3034 cor-

235 3054 451 3121 pmales
498 3068 700 3119 poenas,
740 3054 1057 3118 devocattir,
1099 3064 1153 3108 et
1184 3055 1334 3107 mulis
1361 3062 1791 3120 concorporatur.

312 3126 483 3186 Quare
509 3125 708 3188 faciem.
739 3124 858 3177 Ideo
890 3125 1006 3178 dico
1041 3124 1120 3177 Ne
1149 3122 1366 3191 repellas
1390 3124 1441 3175 in
1465 3122 1639 3190 ﬁnem,
1671 3121 1794 3187 quia

232 3169 444 3253 accitis,
475 3169 523 3247 111
555 3203 655 3256 est,
686 3195 941 3248 avertisse
966 3196 1178 3256 videris,
1207 3169 1386 3264 faciem
1412 3169 1596 3246 tu'ama
1623 3169 1793 3264 nobis.
1824 3169 1870 3232 Ο

233 3272 290 3315 ct
319 3278 477 3330 quare
501 3266 721 3317 avertis?
762 3266 826 3333 Et
850 3268 1113 3333 quomodo
1140 3261 1341 3318 avertat
1370 3264 1623 3327 ostendit,
1653 3261 1799 3316 scili-

232 3343 345 3396 cet,
388 3335 712 3398 Oblivisceris,
759 3332 810 3386 id
842 3332 940 3398 est,
986 3336 1179 3388 videris
1209 3334 1404 3387 oblitus
1448 3349 1568 3387 esse
1613 3336 1801 3402 inopia:

234 3411 444 3465 nostra,
495 3404 546 3456 id
586 3414 688 3466 est,
733 3405 1046 3457 humilitatis
1092 3414 1309 3470 nostrai,
1338 3404 1427 3471 qui
1460 3417 1675 3471 prorsus
1704 3417 1801 3456 nos

233 3477 424 3541 inopes
473 3473 728 3535 facimus,
781 3476 909 3527 nihil
960 3475 1028 3528 de
1073 3475 1223 3526 nobis
1271 3481 1674 3541 prrcsuinentcs.
1737 3474 1803 3525 Et

234 3544 358 3595 ideo
382 3544 685 3596 Oblivisceris
708 3545 916 3608 inopitv,
940 3546 990 3597 id
1013 3554 1114 3609 est,
1136 3546 1257 3613 quia
1286 3543 1613 3597 oblivisccris
1642 3542 1801 3593 tritiu-

232 3614 445 3665 lationis
480 3624 684 3678 nostrw,
730 3615 782 3667 id
820 3625 921 3678 eSt,
952 3630 1069 3682 qute
1112 3628 1326 3682 semper
1372 3613 1615 3665 imminet
1644 3612 1801 3665 nobis

233 3681 571 3737 tribulationi.

308 3750 563 3814 Quoniam
611 3753 876 3807 humiliata
904 3764 975 3808 est
1008 3756 1058 3806 in
1091 3754 1313 3821 pulvere.
1360 3751 1499 3806 Vere
1540 3748 1801 3803 oblivisce-

232 3823 305 3873 ris
348 3825 535 3890 inapia:
562 3834 763 3886 nostra,
793 3826 1031 3892 quoniam
1057 3826 1226 3876 aninta
1252 3833 1442 3885 nostra,
1487 3821 1534 3874 id
1563 3831 1663 3884 est,
1697 3822 1800 3873 vita

234 3907 442 3955 nostra,
482 3896 747 3946 humiliata
787 3905 857 3946 est
900 3895 954 3946 in
1000 3896 1229 3963 puiverc,
1279 3894 1327 3945 id
1369 3903 1468 3952 est,
1514 3892 1651 3944 inter
1686 3893 1801 3963 illos

232 3978 322 4030 qui
357 3973 478 4016 sunt
510 3966 677 4030 pulvis
708 3965 793 4015 ille
820 3966 886 4017 de
916 3962 1018 4030 quo
1044 3968 1239 4016 dictum
1272 3972 1352 4015 est
1376 3976 1388 4014 :
1413 3964 1569 4027 Quem
1598 3962 1801 4029 projicit

232 4044 410 4084 ventus
439 4051 470 4084 a
498 4036 627 4102 [acie
660 4045 825 4086 terra’.
876 4036 934 4085 Et
970 4036 1187 4085 multum
1227 4046 1305 4085 cst
1355 4031 1645 4102 linuiiliata,
1679 4031 1800 4098 quia

235 4113 407 4154 venter
449 4101 616 4156 noster
658 4104 1032 4173 conglutinatus
1059 4114 1128 4156 est
1157 4106 1210 4155 iu
1239 4115 1391 4155 terra.
1421 4101 1801 4173 Quodgdictnm

234 4182 319 4224 est
361 4173 429 4224 ad
478 4170 898 4227 SillillllUtllileJi.
949 4176 1046 4237 Qtii
1092 4176 1230 4225 enim
1281 4174 1357 4225 sic
1408 4170 1714 4224 111111111111111·
1746 4180 1803 4221 111

234 4243 591 4310 genicmetur,
636 4256 839 4296 tantum
871 4244 1046 4296 adhuc
1078 4245 1233 4295 habet
1273 4258 1378 4310 quo
1411 4248 1525 4309 plus
1557 4237 1803 4293 humilio-

239 4328 341 4365 tnr.
373 4314 473 4377 Qui
512 4328 638 4365 vero
683 4315 759 4367 sic
806 4314 1111 4365 liuiniliatur
1161 4323 1215 4365 ut
1264 4323 1447 4365 venter
1490 4310 1602 4378 ejus
1649 4320 1803 4364 terra:

237 4391 648 4449 conglutinetur,
697 4386 744 4436 id
793 4397 896 4444 est,
947 4383 1315 4451 coniungatur,
1366 4398 1469 4435 non
1514 4382 1668 4451 habet
1699 4395 1802 4447 quo

239 4460 356 4519 plus
404 4455 746 4517 bumilictur;
794 4464 847 4505 et
888 4454 1006 4506 ideo
1034 4450 1245 4520 ponitur
1276 4453 1358 4504 liic
1388 4468 1481 4519 pro
1511 4450 1668 4502 nimia
1701 4452 1796 4502 liu-

1895 538 2141 603 gentilius
2196 536 2418 586 innoceo
2453 536 2590 593 iam,
2639 535 2756 601 quia
2808 535 3143 598 exsurgendo
3190 533 3466 602 adjnvabis

1897 619 2023 663 nos;
2066 614 2120 656 et
2168 604 2287 656 ideo
2335 605 2521 671 atljuva
2574 613 2618 653 et
2660 604 2853 656 redime
2894 618 3005 666 nos,
3053 604 3164 656 sive
3211 608 3383 657 adhuc
3415 606 3467 657 in

1897 675 2253 741 prosperitate
2282 678 2500 739 positos,
2537 673 2585 725 id
2614 683 2718 732 est,
2750 673 2984 725 nondum
3014 674 3320 734 devocatos,
3349 675 3465 727 sive

1898 759 1947 795 in
1971 744 2295 795 atlversitate
2325 742 2570 801 afﬂictos.
2603 742 2651 794 id
2680 752 2782 803 est,
2805 742 2913 811 jam
2940 742 3261 805 devocatos;
3288 753 3341 797 et
3367 745 3467 796 hoc.

1891 815 2001 877 jam
2050 827 2152 864 non
2203 812 2363 864 facias
2407 819 2622 878 propter
2662 814 2848 865 merita
2896 820 3099 878 nostra,
3132 811 3227 866 sed
3258 823 3466 880 prapter

1897 898 2076 934 nomen
2109 891 2252 933 tuum
2280 882 2707 950 glorilicandum.

2352 1034 2416 1088 ΙΝ
2469 1030 2791 1088 ΡΞΑΙΛΙΠΜ
2830 1033 3011 1089 XLIV.

1899 1145 1953 1197 In
1990 1146 2146 1199 linem
2195 1161 2291 1211 pro
2335 1145 2399 1199 iis
2427 1145 2516 1212 qni
2546 1145 3014 1201 cominutabuntiir
3059 1146 3177 1201 filiis
3219 1146 3358 1203 Core
3396 1150 3469 1202 ad

2188 1215 2536 1283 intellectum,
2561 1219 2822 1269 canticum
2854 1232 2947 1284 pro
2970 1216 3186 1271 dilecto.

2496 1322 2872 1360 ARGUMEKTCM.

1972 1375 2234 1450 Propheta
2272 1374 2575 1450 de_Clii'is‘_l_o
2623 1377 2685 1450 ad
2723 1376 3033 1450 Ecclesium
3076 1377 3235 1450 dicit,
3286 1386 3466 1450 tegen-

1903 1446 2004 1498 dus
2029 1449 2091 1498 ad
2126 1444 2476 1515 Evangeliuin
2508 1446 2733 1499 Matth-sci
2758 1446 2822 1500 de
2851 1449 3026 1515 regina
3055 1449 3254 1502 Austri.

2502 1549 2851 1591 EXPLANATIO.

1971 1604 2034 1656 In
2052 1606 2203 1672 finem
2222 1607 2272 1658 in
2298 1606 2566 1658 Dominum
2587 1608 2880 1658 salvatorem
2900 1608 3151 1676 designat,
3172 1625 3263 1674 pro
3287 1610 3361 1663 liis
3381 1611 3468 1675 qui

1899 1679 2339 1728 committebantur
2361 1681 2421 1727 de
2439 1691 2603 1727 errore
2624 1678 2689 1725 ad
2711 1677 2880 1739 ﬁdem,
2899 1678 2959 1729 de
2977 1677 3257 1745 gentilitate
3278 1682 3345 1731 ad
3371 1680 3469 1732 Ec-

1904 1745 2129 1809 clesium,
2163 1746 2224 1797 de
2252 1747 2522 1797 certamine
2573 1746 2802 1811 martyrii
2845 1749 2911 1796 ad
2954 1751 3175 1811 palmam
3221 1750 3464 1813 victoria,

1908 1816 1969 1867 de
2018 1815 2221 1867 tristitia
2270 1816 2442 1867 swculi
2483 1814 2548 1865 ad
2598 1815 2837 1881 gaudium
2878 1816 3255 1880 sempiternum.
3314 1819 3468 1873 Filii:

1909 1884 2037 1939 Core
2065 1886 2133 1936 ad
2160 1885 2487 1943 intellectum,
2515 1883 2637 1947 filiis
2662 1885 2825 1936 cruris
2851 1887 2917 1935 ad
2948 1886 3328 1953 intelligendum
3360 1892 3467 1951 spi-

1908 1956 2159 2007 ritualiter
2200 1955 2471 2023 psalmum,
2505 1970 2565 2006 ne
2711 1954 2986 2006 Salomone
3032 1956 3466 2025 interpretandum

1908 2036 2070 2092 putes,
2112 2025 2341 2093 quamvis
2370 2034 2414 2075 et
2448 2022 2796 2093 ipse__dilectus
2827 2028 2916 2084 sit,
2949 2022 3270 2093 amplexatus
3307 2032 3470 2082 cauti~

1905 2089 2020 2147 cum
2052 2089 2143 2158 pro
2178 2093 2379 2156 dilecto,
2414 2107 2503 2160 pro
2540 2089 2679 2143 Filio
2706 2095 2785 2143 cui
2812 2094 2995 2145 dicitur
3019 2089 3042 2147 τ’
3069 2094 3171 2147 IIic
3197 2110 3266 2149 est
3302 2096 3469 2151 Filius

1906 2180 2047 2216 meus
2094 2162 2672 2237 dilt'ctus._Ctel_estibus_
2703 2163 2865 2231 epulis
2896 2166 3158 2237 prop/icta
3204 2168 3466 2237 saginatus

1907 2233 2162 2300 praeconia
2215 2249 2266 2285 se
2311 2231 2600 2304 Dominicis
2627 2229 3014 2304 incarnationis
3066 2229 3295 2287 eructari:
3344 2255 3463 2304 prti-

1905 2305 2080 2365 mittit,
2124 2313 2177 2354 ut
2215 2303 2347 2354 unde
2393 2304 2502 2370 ipse
2540 2302 2751 2353 satiatus
2800 2306 3225 2371 participareutur
3264 2320 3309 2358 et
3345 2302 3462 2361 alii.

1907 2371 2084 2426 Prima
2122 2388 2239 2439 pars
2285 2373 2438 2440 hujus
2494 2372 2789 2435 epit/talitali
2844 2374 3015 2437 sponsi
3082 2376 3302 2427 continet
3349 2376 3465 2430 lau-

1904 2442 1994 2495 des
2023 2483 2037 2501 ,
2099 2443 2151 2492 id
2182 2452 2272 2504 est,
2308 2440 2514 2494 Domini
2539 2441 2815 2493 Salvatoris
2845 2454 3061 2510 quatuor
3092 2445 3271 2497 modis.
3308 2445 3366 2498 111
3389 2464 3468 2499 sco

1904 2514 2071 2563 cunda
2101 2510 2255 2563 simili
2277 2513 2601 2583 mysticiirum
2628 2510 2862 2562 virtutum
2885 2526 3093 2564 iiuiniro
3118 2530 3300 2579 sponsa
3333 2532 3465 2583 prta-

1904 2584 2101 2634 dicatur
2131 2582 2376 2634 lt'ctrlesia.

2479 2695 2904 2738 COMMENTARIUS.

1974 2774 2231 2827 Eructavit
2263 2790 2350 2827 cor
2380 2788 2545 2826 meum
2590 2774 2791 2826 verbum
2821 2772 3025 2826 bonum.
3082 2774 3318 2831 Psalmns
3366 2780 3465 2835 iste

1900 2853 2145 2898 cantatur
2196 2845 2261 2898 de
2306 2845 2502 2896 sanctis
2550 2844 2765 2911 nuptiis,
2812 2845 2877 2898 de
2925 2858 3117 2908 Sponso
3161 2846 3364 2902 scilicet
3408 2861 3465 2904 et

1902 2929 2117 2983 sponsa,
2147 2915 2212 2968 de
2242 2928 2365 2983 rege
2394 2923 2447 2967 et
2476 2914 2648 2985 plebe,
2675 2915 2740 2985 de
2767 2912 3037 2968 Salvatore
3064 2925 3117 2968 et
3141 2915 3220 2970 liis
3248 2918 3334 2985 qui
3360 2921 3465 2971 sal-

1901 2986 2057 3037 Vatidi
2089 2994 2228 3038 sunt.
2270 2985 2333 3037 Et
2357 2992 2599 3037 cantatur
2626 2983 2745 3037 liliis
2776 2985 2928 3045 Core,
2963 2986 3011 3037 id
3044 2995 3146 3047 est,
3178 2983 3331 3040 calvi.
3362 2989 3463 3041 Nc-

1901 3069 2004 3122 que
2037 3056 2134 3107 hoc
2164 3066 2336 3107 tamen
2365 3055 2428 3107 ad
2460 3055 2774 3108 derisioncm
2800 3056 3156 3121 accipiendum
3190 3067 3290 3121 est,
3315 3074 3381 3112 ne
3412 3060 3462 3112 in

1902 3139 2063 3179 sensu
2095 3126 2278 3194 puerili
2312 3125 2656 3185 inveniamur,
2692 3127 2826 3177 911111
2871 3127 3014 3191 pueri
3050 3124 3123 3177 illi
3167 3129 3274 3193 qui,
3303 3131 3462 3182 stulte

1901 3195 2211 3263 garrientes,
2243 3206 2296 3248 et
2344 3195 2394 3246 in
2442 3196 2706 3260 propriam
2763 3197 3044 3259 perniciem
3091 3197 3464 3251 maledicentes-

1904 3275 2019 3331 post
2045 3274 2282 3317 sanctum
2324 3265 2489 3317 virutn
2544 3265 2786 3316 Eli~tcum
2831 3266 3162 3318 clanialiint:
3218 3267 3461 3328 AsCena'e,

1902 3335 2060 3388 calve.
2096 3332 2158 3384 Et
2186 3334 2517 3403 regredientes
2565 3337 2666 3384 (luo
2699 3334 2802 3385 ursi
2850 3336 2913 3385 tle
2933 3335 3058 3386 silva
3102 3336 3466 3391 devoraverunt

1903 3420 2007 3458 eos.
2065 3404 2115 3455 In
2147 3404 2335 3471 quibus
2377 3407 2550 3468 pueris
2596 3404 2851 3471 designati
2903 3415 3023 3456 sunt
3075 3404 3314 3461 homines
3343 3422 3462 3460 sen-

1904 3489 2019 3527 sum
2052 3474 2362 3541 ignorantiae
2391 3473 2663 3529 habentes.
2696 3475 2874 3540 quales
2908 3489 3000 3524 nos
3029 3476 3185 3527 etiam
3216 3479 3322 3528 vult
3343 3492 3462 3531 esse

1907 3544 2187 3609 Apostolus
2232 3544 2316 3611 qui
2344 3543 2473 3595 dicit
2501 3559 2514 3595 :
2568 3542 2620 3596 Ν
2625 3544 2742 3596 alite
2770 3545 2911 3613 pueri
2941 3546 3065 3612 efﬁci
3101 3548 3341 3610 sensibus,
3375 3551 3465 3601 sed

1905 3614 2099 3666 malitia
2128 3614 2270 3682 pueri
2299 3622 2473 3677 estote,
2525 3623 2578 3665 ut
2605 3615 2827 3666 sensibus
2857 3615 3063 3683 perfecti
3090 3616 3217 3667 sitis.
3259 3617 3458 3671 Tamen

1908 3685 2159 3735 Dominus
2189 3683 2428 3735 hortatur
2458 3698 2552 3736 nos
2573 3686 2636 3735 ad
2678 3685 3019 3736 itnititi-ineui
3067 3700 3342 3747 puerorum
3375 3689 3460 3741 111-

1904 3767 2031 3806 cens
2078 3753 2128 3804 in
2163 3753 2446 3820 Evangelia
2490 3772 2501 3805 :
2558 3753 2675 3806 Nisi
2721 3754 3006 3823 eﬁiciamiui
3047 3756 3176 3807 sicut
3223 3758 3463 3819 parvulus

1904 3823 2017 3894 iste,
2068 3839 2168 3875 non
2210 3823 2458 3875 iutrabitis
2499 3824 2551 3875 in
2580 3839 2787 3891 regnum
2833 3825 3089 3878 cmlorum.
3141 3825 3308 3891 Quem
3338 3842 3463 3894 ergo

1906 3892 2130 3945 delt-etut
2159 3909 2375 3956 puerum
2401 3894 2614 3955 imitari,
2650 3908 2751 3944 non
2776 3894 2997 3946 delectet
3029 3908 3146 3947 enin
3174 3892 3460 3960 imperitia,

1905 3963 1997 4013 sed
2043 3963 2363 4033 innocentia.
2426 3967 2499 4015 lix
2534 3963 2797 4029 imperitia
2840 3966 2977 4016 cnim
3030 3966 3175 4030 pueri
3227 3966 3301 4017 illi
3346 3981 3456 4033 post

1906 4040 2146 4084 sanctum
2202 4031 2370 4084 virum
2412 4034 2803 4093 clauiaverunt,
2857 4044 2910 4085 et
2937 4049 2963 4084 a
2998 4034 3177 4087 bestiis
3222 4031 3456 4089 devorati

1905 4109 2047 4153 sunt.
2106 4102 2168 4153 Et
2210 4104 2559 4169 liguraverunt
2616 4104 2855 4155 homines
2904 4106 3111 4168 stultos,
3169 4106 3218 4158 in
3276 4108 3460 4161 eadem

1907 4182 2083 4223 nit-nte
2125 4175 2271 4239 pueri
2327 4173 2607 4226 irridentes
2655 4174 2934 4238 quemdam
2985 4176 3186 4229 calvum
3240 4175 3290 4229 iu
3345 4177 3462 4232 loco

1905 4242 2147 4315 calvaria:
2174 4242 2503 4315 Ct‘tit’illellll,
2545 4252 2599 4295 et
2625 4244 2742 4295 ideo
2789 4256 2819 4295 a
2852 4246 3029 4297 lltfrlllS
3055 4246 3287 4299 devorati
3318 4256 3461 4315 sunt,

1908 4311 1956 4362 id
1987 4321 2087 4373 cst,
2119 4327 2146 4363 a
2177 4313 2385 4363 diabolo
2412 4322 2465 4365 et
2490 4315 2690 4380 angelis
2732 4315 2865 4379 ejus,
2920 4316 3007 4379 qui
3043 4325 3289 4381 operatur
3319 4317 3367 4367 in
3401 4311 3461 4369 ll;

1908 4380 1988 4433 liis
2016 4381 2338 4435 diltideutite.
2392 4384 2545 4435 'l‘ales
2574 4385 2716 4449 pueri
2747 4394 2895 4435 erant
2922 4385 3005 4449 qui
3039 4380 3160 4438 ante
3200 4396 3463 4438 sacratum

1908 4450 2103 4516 lignum
2132 4452 2304 4504 crucis
2337 4462 2555 4517 stantes,
2580 4463 2735 4519 caput
2781 4455 3049 4519 agitabant
3097 4464 3148 4503 et
3178 4454 3419 4515 dicebant
3448 4472 3459 4507 :

241 4513 483 4586 itltltlnle,
536 4525 616 4575 vel
675 4513 1058 4577 liutniliatione'.
1114 4523 1338 4575 Possunt
1384 4513 1535 4573 aliter
1583 4534 1793 4585 quoque
1830 4513 1874 4570 D
1910 4513 2055 4572 Vah!
2080 4523 2163 4588 qui
2204 4523 2393 4573 detruis
2424 4513 2662 4587 templum
2696 4513 2937 4583 Deifet:
2966 4524 3024 4575 Si
3054 4520 3214 4574 Filius
3250 4521 3341 4574 Dei
3369 4513 3461 4583 est,

242 4597 341 4661 legi
371 4594 421 4644 111
456 4602 561 4646 duo
604 4607 810 4656 versus,
866 4607 920 4645 ut
962 4594 1039 4645 sic
1068 4594 1311 4644 dicatur:
1344 4592 1477 4643 Vere
1504 4590 1688 4661 avertis
1719 4593 1798 4655 [a-

238 4659 364 4714 ciem
409 4674 570 4726 tuam,
618 4665 737 4730 quia
784 4665 1083 4716 Oblivisceris
1129 4662 1316 4729 iiwpitc
1362 4672 1566 4725 nostrtt',
1612 4659 1663 4730 id
1695 4671 1794 4720 est,

242 4748 457 4800 inopum
510 4746 831 4786 nostrorum.
882 4736 1028 4786 Sicut
1058 4733 1197 4784 enim
1245 4734 1295 4783 iii
1341 4744 1564 4798 corpOie
1605 4729 1796 4782 Christi

240 4818 391 4867 copia
430 4805 586 4855 dicun
615 4819 674 4854 ur
700 4815 854 4866 atque
883 4803 1076 4855 divitite
1107 4803 1325 4869 perfecti
1358 4802 1477 4866 viri,
1512 4800 1580 4851 ita
1613 4815 1642 4851 e
1673 4815 1798 4852 con—

242 4882 320 4923 tra
365 4875 557 4940 impia:
588 4876 835 4925 dicuntur
865 4873 916 4925 in
941 4873 1126 4924 eodem
1158 4887 1380 4940 corpore
1414 4872 1463 4921 hi
1509 4872 1593 4935 qui
1622 4870 1798 4922 devo-

236 4943 439 4995 cabiles
468 4952 590 4995 sunt
631 4954 683 4994 et
717 4944 1068 4996 revincibilcs.
1092 4945 1324 5008 Quorum
1361 4940 1499 4992 Dens
1529 4940 1800 4992 oblivisci-

238 5024 349 5075 tur,
372 5027 492 5064 cuin
521 5015 879 5076 detineantur;
920 5016 1011 5065 sed
1040 5018 1159 5079 quia
1197 5012 1413 5079 pcrlrcti
1448 5011 1543 5061 viri
1590 5024 1685 5076 pro
1718 5011 1799 5061 liis

237 5085 424 5135 dolent
452 5092 504 5134 et
530 5092 916 5149 angustiantur,
952 5084 1068 5134 ideo
1097 5084 1276 5133 subdit
1302 5099 1315 5136 :
1352 5080 1415 5133 Et
1459 5080 1798 5149 tribulationis

235 5164 429 5205 nostra:
454 5152 802 5213 ublinsCCris,
840 5156 886 5202 id
912 5165 1011 5212 est,
1045 5154 1396 5217 periei-torum
1429 5151 1565 5202 inter
1592 5166 1687 5199 nos
1708 5148 1797 5216 qui

237 5237 336 5287 pro
355 5225 456 5273 illis
472 5221 732 5273 debilibus
747 5224 927 5274 dolent
944 5222 1275 5273 Oblivisceris
1291 5222 1483 5278 etiam;
1519 5219 1657 5285 quod
1680 5219 1798 5271 idco

233 5300 384 5353 dico,
414 5290 656 5359 quoniam
685 5292 857 5342 anima
883 5300 1082 5352 nostra,
1111 5292 1160 5343 id
1190 5300 1289 5352 est,
1316 5290 1384 5342 illi
1416 5290 1503 5353 qui
1534 5299 1657 5341 sunt
1684 5290 1798 5339 ani-

236 5370 409 5413 males
436 5358 882 5427 iinperlectiores.
923 5364 1149 5424 scilicet,
1182 5371 1304 5411 sunt
1331 5358 1608 5419 liuiuiliati,
1643 5359 1713 5409 ita
1740 5368 1797 5409 ut

230 5446 344 5497 iam
372 5440 476 5483 sint
504 5434 553 5482 in
581 5432 815 5497 pulvere.
843 5433 890 5480 itl
920 5439 1019 5491 est,
1055 5442 1188 5483 inter
1216 5431 1334 5482 illos
1360 5443 1449 5497 qui
1477 5440 1599 5480 sunt
1623 5427 1797 5494 pulvis

233 5496 324 5552 ille
348 5517 493 5564 quem
531 5502 729 5567 proiicit
770 5515 857 5551 ven
884 5514 994 5550 usa
1023 5503 1148 5565 [acie
1186 5511 1351 5552 terrae.
1408 5496 1473 5549 Et
1514 5498 1631 5550 ideo
1678 5500 1793 5561 hoc,

234 5578 380 5636 quod
410 5582 576 5621 venter
604 5577 793 5630 uoster,
840 5570 891 5620 111
936 5580 1037 5627 est,
1085 5570 1353 5621 molliores
1385 5569 1518 5619 inter
1550 5583 1646 5619 nos
1675 5579 1801 5619 sunt

234 5644 608 5708 congiutinati,
642 5645 690 5689 id
732 5646 834 5702 est,
878 5638 1140 5703 conjuncti
1190 5649 1365 5701 ωτι-111,
1415 5640 1534 5704 quia
1581 5636 1798 5689 confor-

236 5722 367 5761 inati
397 5718 519 5761 sunt
560 5712 733 5770 malis,
774 5713 860 5775 qui
908 5718 1030 5759 sunt
1073 5719 1208 5759 terra
1259 5711 1363 5770 illa,
1397 5722 1514 5773 qua:
1543 5716 1625 5759 est
1650 5708 1799 5760 Cibus

232 5784 519 5847 serpentis.
556 5782 605 5830 id
632 5788 709 5830 est
739 5777 954 5830 diaboli.
991 5777 1136 5831 Unde
1169 5781 1355 5831 tiicrito
1387 5791 1481 5845 pro
1519 5775 1599 5830 his
1630 5778 1799 5830 tribu-

514 5871 779 5931 Ρηιιοι.
828 5868 1047 5930 XClil.

1904 4592 2173 4643 descendat
2218 4592 2282 4641 de
2321 4608 2484 4655 cruce,
2523 4600 2577 4645 ct
2617 4592 2826 4644 similia.
2879 4591 3040 4655 Hujus
3083 4592 3220 4643 irrisi
3254 4593 3341 4645 lilii
3375 4610 3463 4646 sn-

1906 4676 2039 4724 tiius,
2069 4663 2191 4730 quia
2223 4662 2312 4712 lilii
2343 4662 2556 4719 Christi,
2602 4662 2782 4719 idest,
2833 4660 3067 4730 Cl‘ul'le
3121 4663 3210 4714 lilii
3257 4676 3458 4717 sumus.

1905 4730 1974 4782 Et
2002 4729 2153 4782 nobis
2183 4732 2413 4796 psalmus
2442 4732 2537 4783 istc
2563 4740 2822 4793 Cantator,
2858 4729 3006 4797 cujus
3037 4732 3215 4783 titulus
3245 4744 3325 4785 est
3350 4750 3360 4784 τ
3398 4732 3463 4787 In

1903 4800 2053 4867 [iacnt
2097 4801 2218 4866 ﬁLis
2261 4800 2418 4859 Core,
2463 4802 2547 4864 qui
2577 4798 3018 4851 raiiimutabuntur
3058 4800 3126 4851 ad
3155 4801 3465 4855 intellectum

1903 4874 2156 4922 canticum
2182 4885 2272 4932 pro
2301 4870 2501 4920 dilecto.
2559 4870 2705 4921 llanc
2750 4880 2923 4922 autem
2974 4874 3462 4937 commutationem,

1903 4939 1969 4991 de
1996 4953 2095 5006 qua
2123 4941 2205 4990 tiic
2234 4947 2493 5004 cantatur,
2526 4940 2747 5006 quisque
2777 4940 2912 4992 lilius
2955 4942 3091 4993 Core
3128 4942 3389 5009 intelligit,
3420 4961 3462 4995 Si

1904 5020 2245 5075 recognoscat
2273 5010 2442 5074 qualis
2474 5010 2618 5074 prius
2650 5011 2824 5073 luerit,
2856 5021 2905 5061 et
2927 5015 3095 5077 qualis
3127 5025 3265 5065 nunc
3291 5013 3381 5075 sit,
3413 5022 3468 5065 et

1906 5078 2075 5144 primo
2126 5080 2304 5129 videat
2361 5088 2523 5130 totum
2576 5080 2829 5131 mundum
2882 5080 3234 5144 immutatum,
3294 5097 3464 5146 tiupcr

1905 5148 2040 5199 idola
2071 5147 2401 5219 adorantem,
2448 5150 2605 5201 modo
2631 5150 2935 5202 Creatorem
2966 5153 3223 5204 colentem
3252 5169 3262 5202 :
3296 5167 3461 5219 nuper

1904 5216 2160 5269 creaturis
2211 5216 2570 5281 laniiilantem,
2620 5226 2777 5271 modo
2821 5222 3053 5273 Creatori
3107 5216 3457 5281 servientem;

1903 5297 1956 5338 ct
1981 5288 2171 5341 deinde
2202 5288 2373 5339 Videat
2422 5303 2652 5354 seipsuui
2692 5289 2759 5341 de
2797 5303 2971 5344 vetere
3011 5306 3199 5342 novum
3244 5292 3458 5351 factum,

1903 5359 1969 5410 de
2000 5360 2202 5413 incesto
2232 5370 2455 5418 castum,
2502 5360 2568 5411 de
2598 5360 2760 5425 impio
2806 5363 2968 5426 pium,
3018 5360 3082 5411 de
3113 5358 3304 5413 inlidcli
3335 5360 3467 5413 111111⁴

1904 5428 2028 5491 lem,
2058 5431 2123 5480 de
2154 5426 2351 5494 raptori
2375 5429 2697 5494 largitorem.
2729 5430 2791 5481 Et
2814 5432 2887 5480 sic
2911 5429 3149 5496 intelligit
3174 5430 3293 5496 quia
3322 5434 3459 5494 psal-

1905 5512 2020 5549 mus
2048 5499 2143 5549 iste
2174 5506 2413 5549 cantatur
2442 5498 2564 5549 liliis
2594 5498 2727 5550 Core
2752 5514 2843 5563 pro
2870 5499 2946 5549 liis
2980 5503 3061 5564 qui
3083 5500 3463 5552 commutabitu-

1904 5578 1984 5618 tar
2009 5569 2075 5617 ad
2103 5568 2431 5620 intellectum.
2491 5568 2553 5619 Et
2583 5578 2662 5621 est
2708 5570 2963 5619 canticum
3002 5582 3091 5630 pro
3122 5568 3320 5621 dilecto.
3367 5570 3463 5622 llic

1898 5636 2007 5704 jam
2034 5636 2349 5688 determinat
2383 5652 2476 5704 per
2504 5652 2661 5704 quem
2696 5637 2808 5689 hinc
2837 5638 3178 5689 Commutatio
3222 5639 3326 5700 liat,
3357 5639 3463 5691 scis

1904 5700 2047 5767 licet,
2082 5721 2173 5771 per
2202 5700 2473 5771 dilectum,
2509 5700 2556 5758 id
2582 5717 2685 5773 est,
2716 5719 2988 5774 Sponsum,
3028 5709 3093 5760 de
3119 5721 3222 5773 quo
3253 5708 3335 5761 hic
3360 5717 3468 5773 agit

1903 5776 2203 5844 specialiter
2228 5793 2251 5825 :i
2276 5777 2427 5830 l’atrc
2453 5778 2719 5830 dilectum.
2756 5777 2904 5830 llunc
2932 5777 3178 5831 dilectum
3210 5777 3317 5845 qui,
3344 5791 3466 5831 cum

2929 5867 3006 5925 23
