3922 6190
464 331 559 368 L0

912 310 1117 365 BEILE
1159 309 1602 365 VENERABIIJS
1639 309 1789 365 OPl’.
1835 309 2010 365 PARS
2053 308 2111 363 ll.
2147 307 2336 364 SECT.
2381 309 2441 364 ll.
2487 339 2554 348 —
2595 310 2800 365 DUBIA
2841 308 2927 366 ET
2965 309 3241 367 SPURIA.

3613 315 3712 371 ’ἱιῦ

452 428 858 488 erucillxerunt,
892 425 1170 496 viderunt.
1202 426 1294 478 sed
1326 426 1441 478 sine
1471 424 1761 485 inteilectu.
1791 428 1910 492 quia
1943 426 2017 478 fe-
2055 426 2100 485 Α
2129 438 2228 477 suo
2263 428 2399 479 bono
2429 436 2586 494 atque
2618 426 2877 490 beneﬁcii,
2911 442 3003 493 per
3024 428 3163 496 quod
3186 428 3354 481 solum
3386 429 3585 483 bonum
3615 448 3711 486 nos

453 499 761 553 hricitantcs
777 505 832 549 et
853 494 1141 559 phrenetici
1169 496 1432 548 medicum
1455 512 1557 548 non
1576 499 1938 550 attemlerunt.
1964 497 2023 548 Si

453 572 588 623 enim
613 566 977 633 wguovissent,
1026 581 1283 633 nunquam
1326 564 1597 618 Dominum
1639 567 1815 635 gloria:
1862 568 2021 619 cruci-

455 642 705 710 ]ixissent.
756 635 1093 710 Gaudeamus
1119 650 1261 710 ergo
1291 634 1614 710 hisnuptiis,
1640 634 1766 704 quia
1801 651 1896 690 nos
1928 654 2023 689 iiii-

457 705 640 763 lientes
668 719 870 767 sumus,
902 719 998 757 nos
1024 705 1088 758 ad
1119 706 1212 758 has
1242 707 1449 774 nuptias
1481 707 1796 771 invitamur,
1823 716 1876 760 et
1907 721 2025 773 pero

455 782 706 833 tinetnus.
735 774 847 829 Non
880 776 1019 828 cnint
1052 790 1232 830 sumus
1260 776 1347 842 qui
1374 787 1770 828 commutantur
1797 785 1850 829 et
1876 791 2025 830 com-

454 851 637 904 mutati
689 856 830 909 sunt,
886 846 1145 910 Ecclesia,
1194 862 1312 912 qua:
1349 846 1581 899 Ecclesia
1622 856 1701 900 est
1733 848 1783 900 iu
1818 846 1896 901 his
1928 864 2025 900 nu-

452 920 577 987 ptiis
605 932 820 987 sponsa.
854 916 932 982 Qu
958 916 1003 968 id
1032 928 1209 969 autem
1258 916 1491 987 psalmus
1538 916 1639 987 iste
1670 917 1865 970 dicitur
1891 932 2022 970 can-

453 991 637 1052 ticum,
686 986 802 1040 ideo
832 994 935 1055 est,
978 986 1099 1055 quia
1149 986 1395 1039 solebant
1441 986 1731 1052 antiquitus
1779 987 2021 1055 quietiam

452 1060 685 1113 carmina
732 1057 833 1110 diei
886 1057 1201 1110 ducentibus
1247 1066 1300 1110 et
1342 1057 1678 1109 nubentibus.
1734 1055 1787 1109 lu
1832 1056 2021 1122 quibus

451 1128 704 1199 quidquid
736 1127 1015 1199 eratilaus,
1049 1129 1220 1179 honor
1272 1125 1514 1199 ctugloria
1559 1126 1803 1199 ducentis
1846 1136 1901 1180 et
1930 1143 2025 1179 titi-

454 1196 629 1256 beutis
660 1209 794 1253 erat.
846 1198 906 1250 Et
938 1197 1040 1250 tale
1062 1211 1277 1249 carmen
1302 1196 1576 1250 dicebatur
1599 1196 2019 1263 epithalamium,

450 1287 515 1325 eo
538 1271 674 1339 quod
704 1276 847 1324 esset
891 1280 1051 1333 super
1098 1268 1407 1339 thalamum,
1442 1266 1524 1339 id!
1558 1278 1660 1327 est,
1708 1267 1774 1319 de
1795 1268 2020 1339 nuptiis.

450 1336 709 1395 Similiter
755 1353 964 1407 quoque
1012 1336 1244 1403 psalmus
1292 1339 1392 1389 iste
1422 1336 1618 1390 dicitur
1665 1338 1926 1390 canticum
1971 1349 2024 1392 et

448 1410 869 1478 epithalantimn,
904 1408 955 1460 id
983 1416 1063 1460 est
1084 1446 1098 1470 ,
1129 1421 1354 1478 carmen
1373 1421 1534 1478 super
1567 1407 1877 1461 thalamum.
1931 1408 2024 1462 Est

451 1476 592 1534 enim
625 1480 709 1533 hic
737 1492 987 1546 sponsus,
1018 1491 1208 1544 sponsa
1238 1488 1289 1531 et.
1322 1476 1603 1530 thalamus.
1631 1545 1635 1546 ν
1663 1477 1902 1544 Sponsus
1933 1478 2021 1542 qui

452 1553 595 1605 venit
643 1551 707 1603 ad
740 1545 946 1616 nuptias
970 1556 1050 1601 est
1077 1546 1304 1616 Verbum
1347 1546 1471 1616 illud
1502 1545 1642 1613 quod
1687 1548 1739 1599 in
1773 1548 2021 1615 principio

446 1630 557 1676 erat
587 1620 721 1684 apud
756 1615 938 1684 Deum,
990 1626 1035 1677 et
1064 1615 1201 1669 Deus
1231 1628 1333 1670 erat
1382 1615 1621 1669 Verbum.
1669 1616 1873 1684 Sponsa
1905 1634 2023 1684 qme

450 1692 601 1745 nubit
630 1690 858 1744 Ecclesia
888 1697 989 1748 est,
1022 1702 1177 1752 quam
1212 1687 1437 1740 Verbum
1473 1686 1597 1739 illud
1649 1701 1744 1751 per
1774 1690 2020 1741 humaui-

450 1770 613 1815 taleut
660 1769 982 1821 assumptum
1033 1755 1131 1809 sibi
1180 1756 1506 1809 associavit:
1564 1757 1721 1825 hujus
1773 1758 2022 1823 nuptialis

448 1829 799 1897 copulationis
850 1826 1108 1880 thzilamus
1154 1834 1235 1878 est
1280 1826 1498 1893 virginis
1537 1834 1739 1893 uterus,
1792 1827 1843 1880 iu
1895 1843 2020 1895 quo,

452 1912 507 1953 ιιι
559 1902 751 1955 dietum
798 1908 899 1961 est,
953 1910 1045 1961 pi-r
1078 1897 1356 1947 humanam
1409 1904 1650 1949 naturam
1700 1907 2022 1965 assutuptatn

456 1972 682 2026 Verbum
734 1967 826 2021 Dei
875 1965 1153 2018 associavit
1196 1966 1295 2017 sibi
1352 1965 1679 2028 Ecclesiam,
1731 1977 1785 2020 et
1830 1972 2029 2023 amavit

452 2057 570 2094 eam
629 2040 843 2100 fmdam,
893 2046 947 2088 ut
996 2037 1192 2088 laceret
1241 2037 1513 2101 pulchram
1601 2036 1854 2090 l’rocedat
1899 2053 2026 2106 ergo

452 2125 678 2173 Sponsus
708 2127 733 2159 a
766 2107 992 2175 quodam
1025 2108 1294 2177 iiIlltiJlOl‘e
1331 2121 1428 2159 suo
1456 2106 1753 2170 deseriptus
1782 2125 1794 2160 :
1831 2105 2026 2177 Ubique

452 2183 680 2248 pulcher,
715 2178 895 2245 ubique
918 2178 1105 2245 justus.
1151 2177 1206 2228 Et
1242 2176 1284 2227 si
1318 2177 1367 2228 in
1398 2192 1463 2229 eo
1509 2178 1790 2248 quidquam
1823 2177 2022 2235 [indum

453 2245 829 2312 invenerimus,
880 2262 1129 2300 noneuui
1169 2260 1426 2309 amemus,
1478 2246 1717 2314 quamvis
1767 2245 1880 2314 ipse
1927 2265 2025 2303 nos

451 2324 705 2375 amaverit
736 2319 924 2382 imitus,
957 2328 1013 2369 ut
1042 2314 1240 2371 faceret
1272 2316 1545 2383 pulchros.
1596 2316 1805 2370 Titulus
1836 2321 1913 2371 sic
1942 2330 2023 2372 est

452 2391 838 2445 eonstruendus
868 2406 880 2439 :
915 2387 1188 2440 Canticum
1236 2387 1371 2441 istud
1400 2386 1737 2441 referendum
1770 2398 1853 2442 est
1882 2388 1931 2440 iu
1958 2392 2021 2441 li-

453 2476 597 2523 nem,
646 2461 766 2527 quia
794 2459 902 2527 agit
930 2458 994 2509 de
1025 2456 1125 2527 line
1155 2465 1421 2509 cantatum
1464 2472 1553 2520 pro
1583 2456 1766 2509 dilecto
1789 2496 1803 2519 ,
1840 2459 1888 2511 id
1919 2469 2022 2525 est,

432 2532 521 2583 ad
573 2526 845 2583 honorent
876 2538 926 2581 et
973 2526 1178 2585 laudem
1234 2528 1414 2592 Sponsi
1471 2528 1774 2592 specialiter
1820 2528 2018 2594 dilecti,

456 2599 781 2667 propositqu
828 2597 948 2650 [iiiis
977 2596 1134 2658 Core,
1171 2612 1285 2667 pro
1315 2597 1392 2667 his
1442 2597 1527 2662 qui
1554 2596 2017 2661 commutabunmr,

457 2669 506 2722 id
539 2665 638 2730 est,
682 2682 839 2724 causa
868 2666 1301 2719 conimutationis
1339 2665 1490 2719 facta:
1534 2666 1584 2718 in
1632 2668 1819 2733 seipsis
1849 2669 1915 2720 ad
1944 2671 2023 2721 in-

453 2739 724 2797 tellectum,
754 2738 975 2800 scilicet,
1007 2748 1062 2790 ιιι
1092 2735 1384 2802 intelligant
1420 2745 1476 2791 ει
1503 2751 1562 2790 se
1586 2745 1938 2790 commutatus
1970 2750 2023 2792 et

454 2808 917 2862 commutationem
950 2822 1068 2860 esse
1100 2822 1203 2858 non
1232 2820 1299 2859 cx
1326 2822 1404 2871 se,
1439 2806 1521 2861 vel
1548 2806 1783 2871 aliunde,
1815 2810 1905 2859 sed
1931 2824 2022 2875 per

451 2877 727 2932 dilectum.
760 2879 906 2930 Nunc
934 2877 998 2928 ad
1023 2879 1249 2929 litteram
1272 2877 1603 2930 accedamus.
1632 2877 1895 2941 Quaeritur
1923 2896 2020 2932 cu-

450 2948 536 3013 jus
570 2962 665 3000 vox
699 2948 769 3001 sit
797 2948 848 3001 iu
882 2946 982 2999 hoc
1010 2945 1233 3014 psalmo.
1288 2947 1348 2998 Et
1377 2948 1555 2999 dicunt
1583 2947 1799 3014 quidam
1832 2964 2019 3002 vocum

454 3032 574 3070 esse
615 3017 908 3086 prophette,
939 3017 1152 3086 quidam
1186 3030 1310 3069 vero
1342 3017 1641 3086 intelligunt
1686 3031 1869 3070 vocent
1900 3034 2021 3071 esse

454 3085 627 3141 Patris
654 3087 911 3141 diecutis:
945 3085 1207 3138 Eructavit
1227 3102 1314 3138 cor
1341 3085 1525 3148 meum,
1554 3094 1682 3149 etc.,
1713 3096 1766 3141 et
1790 3102 1880 3154 per
1911 3093 2021 3142 il'J'C

454 3157 875 3211 commendantis
904 3158 1055 3210 nobis
1084 3154 1403 3210 inell'abileiu
1445 3157 1729 3225 quamdam
1779 3156 2021 3210 nativita-

456 3237 561 3280 tem
591 3238 643 3281 et
671 3228 965 3295 genituram
1008 3227 1436 3293 inenarrabiletn,
1476 3243 1542 3280 ne
1574 3237 1873 3293 putaremus
1921 3230 2019 3281 ali-

453 3298 577 3362 quid
625 3299 959 3352 extrinsecus
999 3306 1350 3359 assumptum.
1406 3308 1460 3349 ut
1512 3297 1634 3350 inde
1677 3307 2023 3363 generaretttr

460 3367 712 3423 Veibuni.
745 3368 923 3422 Solent
949 3368 1089 3420 enim
1122 3368 1363 3421 homines
1394 3383 1486 3435 per
1515 3370 1777 3421 coonuhia
1827 3382 2023 3424 uxores

452 3439 556 3491 sibi
590 3440 897 3504 adjungere,
924 3448 978 3490 et
1003 3438 1122 3491 inde
1151 3438 1290 3490 ﬁlios
1313 3452 1587 3506 generare,
1611 3447 1665 3493 et
1694 3439 1811 3491 ideo
1832 3454 1899 3493 ne
1927 3456 2024 3507 pu-

456 3517 689 3561 taremus
720 3506 882 3561 Deum
913 3507 1119 3561 Patrem
1155 3521 1373 3561 uxorem
1402 3508 1500 3561 sibi
1530 3509 1902 3573 as~unipsisse,
1930 3506 2021 3563 vel

454 3578 630 3645 aliquo
674 3579 1000 3632 extrinsecus
1030 3578 1336 3644 adjumento
1382 3579 1447 3631 ad
1483 3577 1710 3632 Verbum
1765 3593 2025 3647 generan-

456 3651 581 3701 dutn
612 3647 917 3715 indiguisse,
971 3648 1132 3701 dicit:
1185 3648 1286 3700 Cor
1323 3663 1490 3700 meum
1535 3649 1777 3701 cruciavit
1821 3649 2023 3701 verbum

456 3719 659 3771 bonum.
697 3719 899 3771 Etcum
926 3734 1028 3772 non
1054 3718 1272 3773 haberet
1300 3720 1457 3771 verba
1486 3720 1675 3787 quibus
1712 3717 1810 3771 hoe
1840 3716 2023 3770 inetia-

455 3787 563 3843 bile
591 3793 797 3857 proprie
830 3788 980 3841 nobis
1011 3798 1189 3855 posset
1228 3804 1517 3855 exponere,
1557 3789 1678 3856 quia
1709 3790 1846 3841 solet
1872 3803 2022 3843 sacra

456 3862 748 3927 Scriptura,
777 3874 894 3911 eum
940 3859 1009 3911 de
1033 3860 1190 3912 rebus
1219 3860 1440 3914 suminis
1484 3869 1538 3912 et
1564 3859 2023 3913 excellentissimis

456 3929 706 3995 loquitur,
757 3929 1129 3983 similitudines
1176 3929 1244 3982 de
1275 3929 1469 3983 inlimis
1520 3931 1679 3982 rebus
1730 3929 2018 3995 attrahere,

457 4012 552 4065 per
579 4014 709 4064 quas
760 4013 852 4063 ιιιιιυ
883 3998 996 4051 Ιιιιιε
1023 3999 1248 4053 visibilia
1298 4002 1507 4052 animus
1560 4008 1739 4053 noster
1767 4000 2024 4053 alliciatur

456 4068 522 4119 ad
568 4068 873 4131 invisibilia,
909 4069 1027 4120 ideo
1079 4069 1216 4121 Deus
1266 4069 1421 4122 l’ater
1480 4084 1573 4137 per
1619 4069 2022 4122 similitudinem

454 4136 676 4205 loquens
709 4138 968 4205 profunde
1017 4138 1199 4204 incipit
1237 4139 1423 4193 dicens
1452 4136 1491 4190 τί
1519 4137 1618 4190 Cor
1643 4153 1809 4191 meum
1829 4148 2022 4192 eructat

454 4205 659 4260 verbum
706 4207 909 4259 bonum.
965 4206 1063 4273 Qui
1103 4209 1243 4261 enim
1288 4219 1550 4271 eruetaut,
1604 4210 1669 4261 de
1696 4210 1802 4262 imo
1843 4209 2021 4263 ilatuin

453 4278 721 4332 emittunt.
774 4276 879 4329 Cor
921 4292 1043 4329 vere
1075 4277 1318 4331 intimum
1352 4279 1597 4346 quiddam
1631 4288 1731 4343 est,
1761 4286 1815 4332 et
1841 4282 2019 4332 occul-

455 4356 589 4402 tum.
635 4346 784 4401 Unde
816 4347 936 4399 talis
964 4356 1064 4410 est,
1099 4349 1253 4414 quasi
1285 4347 1426 4400 dicat
1454 4363 1467 4401 :
1491 4347 1591 4401 Cor
1620 4364 1806 4411 meum,
1836 4349 1884 4400 id
1914 4359 2018 4413 est,

455 4416 641 4471 intima
672 4418 964 4487 subStautia
996 4431 1136 4482 mea,
1188 4432 1293 4487 qua
1321 4421 1559 4473 occultus
1605 4434 1721 4472 sutn
1769 4419 2019 4486 quidquid

454 4502 594 4541 sum.
648 4486 925 4550 Eructiwit,
962 4488 1010 4539 id
1042 4475 1145 4550 est,
1196 4475 1531 4544 i'neﬂ‘abililer
1556 4475 1829 4556 generavit
1873 4475 1938 4545 ei
1965 4504 2023 4544 se
2050 4475 2101 4534 Ῑ)

452 4557 658 4611 verbum
683 4560 890 4611 bonum.
920 4557 1026 4613 Nec
1058 4560 1249 4612 tnirutn
1295 4561 1338 4612 si
1371 4559 1523 4613 Pater
1565 4558 1707 4613 dicat
1733 4558 1799 4613 de
1840 4558 2026 4615 intimo

454 4628 632 4683 cordis
664 4628 898 4698 Verbum
927 4638 1245 4693 cruetatum,
1295 4643 1414 4683 eum
1459 4637 1513 4681 et
1536 4642 1758 4698 quisque
1789 4640 2026 4684 nostrum

455 4699 523 4751 de
549 4697 710 4752 corde
740 4715 835 4751 suo
867 4714 971 4753 uou
1003 4699 1244 4769 indigens
1293 4714 1453 4769 uxore
1480 4697 1565 4753 vel
1593 4697 1897 4755 extrinseco
1926 4702 2025 4752 ad-

454 4769 938 4837 jumeutogeneiet
989 4768 1292 4823 consilium.
1346 4768 1724 4823 Aﬁdilicaturus
1755 4771 1896 4823 enim
1924 4770 2025 4822 ali-

455 4839 581 4906 quid
626 4839 693 4893 de
722 4841 884 4892 corde
934 4851 1023 4891 tuo
1067 4854 1291 4907 generas
1338 4840 1640 4894 consilium.
1696 4838 1761 4893 Et
1808 4839 2027 4907 fabrica,

457 4925 576 4978 qua:
608 4910 844 4962 nondum
867 4918 947 4961 est
977 4907 1028 4978 in
1056 4910 1301 4973 aedilicio,
1333 4910 1442 4978 jam
1473 4920 1579 4963 stat
1608 4928 1657 4964 ιιι
1686 4910 1932 4965 consilio.
1965 4912 2029 4964 Et

450 4977 561 5047 jam
584 4978 721 5050 inest
751 4978 801 5032 id
832 4978 972 5050 quod
995 4974 1358 5050 facturus‘est',
1390 4980 1441 5032 in
1467 4994 1532 5033 eo
1576 4996 1668 5050 per
1693 4982 1832 5049 quod
1863 4981 2030 5033 factu-

457 5062 549 5103 rus
574 5061 654 5101 es.
690 5048 861 5116 Atque
882 5046 990 5113 jam
1024 5048 1204 5101 laudas
1232 5046 1486 5103 fabricam
1526 5046 1763 5104 nonduin
1790 5051 2028 5103 existen-

459 5128 564 5171 teiu
598 5119 649 5171 in
674 5132 824 5185 spem
853 5116 1081 5181 zedilicii,
1113 5118 1206 5172 sed
1243 5122 1294 5172 in
1324 5120 1765 5186 approbationem
1792 5120 2027 5173 consilii.

458 5188 562 5243 Sed
588 5188 765 5242 nullus
785 5186 918 5239 alius
938 5187 1110 5242 adhuc
1136 5188 1315 5241 laudat
1341 5200 1481 5242 tuam
1509 5190 1781 5253 labricam,
1805 5192 1905 5243 nisi
1934 5204 1962 5241 a
1984 5202 2033 5244 te

416 5274 437 5295 κη
458 5260 741 5313 consilium
767 5258 1064 5320 expositum
1092 5257 1269 5320 fuerit,
1314 5262 1394 5311 Vel
1426 5273 1517 5327 per
1542 5260 1790 5315 etl'ectunt
1822 5260 2029 5314 viderit.

461 5328 598 5399 Ergo
616 5331 655 5383 si
669 5344 789 5383 omo
800 5329 845 5380 ia
861 5328 993 5382 facta
1007 5340 1124 5399 sunt
1144 5343 1236 5394 per
1252 5327 1641 5396 Verbuut,etde
1654 5330 1763 5385 Deo
1777 5330 2007 5385 Verbum
2018 5372 2032 5395 ,

458 5397 659 5468 inspice
675 5399 928 5454 fabricam
949 5412 1042 5465 per
1067 5397 1292 5452 Verbum
1317 5401 1528 5465 iactam,
1549 5409 1606 5454 et
1626 5401 1677 5454 iu
1698 5402 1797 5455 hoc
1813 5402 2035 5455 artilicio

459 5470 653 5540 mirare
679 5472 976 5533 consilium,
1004 5470 1055 5522 id
1081 5478 1184 5535 est,
1218 5470 1466 5524 Verbum.
1499 5471 1630 5524 Nam
1654 5474 1829 5540 quale,
1855 5471 1903 5525 id
1928 5480 2033 5537 est,

459 5538 583 5593 illud
615 5536 868 5604 Verbum,
920 5554 1012 5607 per
1039 5543 1181 5609 quod
1227 5550 1388 5598 terra.
1421 5556 1588 5604 mare,
1634 5536 1853 5604 cmluui,
1886 5536 2025 5595 facta

459 5618 600 5682 sunt,
622 5617 676 5661 et
698 5610 870 5682 minus
892 5623 1109 5663 ornatus
1125 5624 1330 5664 eorum.
1357 5611 1541 5663 Omnia
1566 5612 1702 5665 enim
1732 5628 1821 5682 per
1842 5614 2033 5679 ipsum,

462 5691 517 5729 ut
560 5678 843 5746 Evangelia
893 5688 1170 5740 testantur,
1222 5684 1361 5747 facta
1409 5694 1548 5735 sttui.
1602 5682 1668 5735 Et
1718 5678 1873 5735 facta
1905 5693 2030 5735 sunt.

461 5748 617 5813 bona,
641 5762 763 5816 quia
793 5749 961 5815 ipsum
986 5760 1064 5802 est
1093 5754 1308 5804 bonum.
1336 5751 1489 5806 l‘atcr
1512 5767 1741 5820 namque
1764 5753 1830 5811 de
1859 5753 2031 5807 \"erbo

2127 505 2392 563 utcunque
2425 510 2705 560 possumus
2731 511 2851 550 esse
2881 498 3036 562 botti,
3065 498 3191 551 dicit
3219 516 3229 549 :
3264 496 3364 551 Cor
3393 517 3558 553 nicum
3588 519 3710 555 eru-

2126 567 2280 617 ctavit
2332 564 2551 618 Verbum
2600 566 2817 632 bonum,
2883 581 2977 633 per
3022 568 3161 633 quod
3217 568 3415 622 bonum
3463 571 3707 625 additum

2125 636 2357 706 ostendit
2402 636 2501 706 sibi
2534 636 2917 706 substantiale,
2960 638 3233 706 coaequale
3275 649 3330 693 et
3354 650 3708 695 ceteteroum.

2124 702 2293 775 Nemo
2318 705 2456 760 enim
2491 705 2682 775 bonus,
2714 704 2813 758 nisi
2846 707 2989 760 solus
3012 702 3170 760 Deus.
3202 708 3378 775 Quare
3405 709 3447 761 si
3479 708 3710 764 Verbum

2128 773 2324 827 bonum
2357 784 2461 835 est,
2493 786 2546 847 et
2580 773 2808 830 Verbum
2835 776 2996 847 Deus
3026 786 3126 843 est,
3159 773 3273 831 dico
3297 794 3389 846 ego
3416 795 3570 847 opera
3603 798 3715 835 mea

2124 846 2265 910 regi;
2298 845 2542 911 repetitio
2582 845 2897 910 superioris.
2933 846 3105 912 ipsum
3130 850 3271 901 enim
3308 845 3505 913 dicere,
3536 862 3622 903 est
3649 866 3713 905 ex

2123 916 2286 967 eoi-de
2338 917 2554 967 verbum
2607 930 2881 976 generare.
2937 916 3073 970 Dicit
3122 918 3175 970 iu
3225 920 3324 971 hoc
3369 918 3487 972 loco
3522 920 3716 975 beatus

2126 986 2494 1049 Augustinus:
2553 1003 2571 1035 ι
2603 984 2803 1038 Vereor
2846 1002 2912 1040 ne
2941 1001 2970 1038 a
3003 987 3326 1041 tardiOrilius
3375 1004 3478 1041 non
3515 992 3714 1043 intelli-

2124 1066 2300 1121 gatur,
2334 1065 2697 1107 Verumtamen
2730 1056 2924 1109 dicant.
2975 1055 3239 1122 Sequatur
3285 1058 3373 1126 qtti
3407 1071 3620 1125 potest,
3651 1077 3716 1113 ne

2127 1140 2230 1175 non
2255 1126 2455 1199 dctum
2489 1141 2591 1177 nou
2614 1134 2890 1199 sequatur,
2914 1129 3080 1199 etqui
3106 1137 3295 1194 potest.
3330 1130 3560 1183 Attende
3582 1146 3717 1199 ergo

2130 1208 2235 1260 quo
2260 1196 2397 1268 nodo
2424 1195 2612 1268 ipsum
2645 1196 2845 1268 dicere,
2873 1209 2954 1249 εει
2984 1195 3215 1253 Verbum
3260 1200 3325 1251 de
3354 1200 3517 1253 corde
3545 1195 3710 1268 geti-

2125 1278 2263 1318 rare.
2299 1266 2433 1335 Quid
2463 1277 2545 1335 est
2584 1265 2729 1335 enim
2770 1266 2911 1328 dico,
2963 1269 3182 1320 verbum
3217 1270 3453 1335 profero,
3505 1265 3568 1323 et
3587 1287 3711 1323 enni

2124 1334 2192 1407 de
2223 1352 2280 1386 se
2302 1333 2630 1407 _l_’atcr_dicit
2657 1352 2668 1386 :
2707 1334 2832 1407 Dico
2864 1335 2981 1407 hoc.
3018 1338 3137 1389 dico
3162 1333 3282 1407 est:
3320 1338 3549 1392 Verbum
3584 1356 3712 1407 pru-

2122 1400 2261 1456 fero.
2300 1404 2365 1456 Et
2395 1407 2439 1457 si
2472 1404 2630 1461 Pater
2661 1404 2862 1473 profert
2888 1404 3118 1460 Verbum
3140 1406 3208 1459 de
3230 1408 3411 1471 corde,
3442 1410 3492 1462 id
3514 1400 3624 1471 esi,
3649 1412 3717 1464 de

2125 1473 2416 1537 intellectu,
2473 1488 2594 1526 cum
2626 1476 2739 1542 ipse
2785 1481 2930 1529 totus
2980 1477 3051 1530 sit
3096 1478 3185 1531 ille
3214 1477 3545 1542 intellectus,
3579 1480 3715 1535 illud

2124 1543 2344 1616 profert.
2378 1560 2499 1616 cunt
2527 1554 2580 1616 et
2613 1559 2709 1598 nos
2742 1554 2984 1598 nostrum
3035 1548 3256 1600 verbum
3298 1552 3538 1616 quamvis
3570 1552 3714 1613 leve,

2122 1615 2366 1680 quamvis
2398 1613 2612 1667 volatile
2640 1616 2706 1667 de
2747 1618 2910 1668 corde
2957 1627 3140 1669 nostro
3184 1613 3524 1684 proferimus.
3552 1637 3570 1670 ι
3618 1621 3715 1673 Ve-

2124 1692 2424 1735 rumiatnctt
2475 1687 2696 1735 multum
2744 1685 2922 1737 dilfurt
2971 1689 3110 1740 inter
3156 1695 3395 1741 nostrum
3426 1689 3632 1750 dicere.
3664 1703 3718 1744 et

2131 1752 2301 1805 Patris
2330 1753 2530 1825 dicere.
2568 1752 2814 1806 Nostrum
2852 1754 3000 1825 enim
3048 1756 3230 1812 dicere
3273 1758 3473 1825 incipit,
3522 1769 3576 1812 et
3607 1761 3717 1813 cito

2130 1823 2400 1891 praaterit;
2434 1822 2614 1876 dicere
2641 1835 2817 1877 autem
2848 1823 2937 1879 Dei
2965 1824 3134 1879 Patris
3184 1843 3288 1883 non
3324 1822 3479 1882 habet
3512 1832 3713 1892 princi-

2128 1895 2292 1960 pium,
2324 1903 2378 1946 et
2413 1902 2561 1946 caret
2588 1894 2723 1956 line,
2772 1894 2893 1963 quia
2927 1910 3195 1961 nunquam
3243 1899 3445 1950 ﬁnitur.
3493 1897 3558 1951 Et
3592 1902 3715 1952 ideo

2125 1963 2419 2015 secundum
2454 1978 2556 2015 non
2586 1964 2796 2027 dicitur,
2841 1963 2934 2017 sed
2964 1966 3133 2020 semel
3164 1975 3366 2020 tantum
3397 1966 3537 2020 Deus
3565 1970 3720 2022 locu-

2127 2042 2210 2087 tus
2240 2032 2431 2105 e_st._Si
2460 2035 2603 2087 enim
2632 2048 2845 2101 semper
2896 2043 3075 2105 manet
3113 2047 3165 2090 et
3195 2038 3337 2105 quod
3378 2039 3572 2091 dicitur
3597 2051 3659 2097 et
3687 2054 3715 2091 a

2123 2117 2230 2169 quo
2259 2102 2469 2167 dicitur,
2502 2117 2606 2157 non
2638 2112 2722 2156 est
2746 2103 3029 2159 dicendum
3071 2102 3383 2167 secundum,
3418 2108 3537 2174 quia
3564 2122 3719 2161 sein-

2161 2188 2221 2225 er
2249 2184 2330 2226 est
2361 2174 2609 2239 primum.
2669 2173 2735 2227 Et
2766 2174 2883 2228 ideo
2914 2190 3074 2228 unutn
3125 2186 3325 2231 tantum
3376 2173 3606 2230 Verbum
3633 2190 3716 2231 est

2145 2242 2266 2295 ’atri
2318 2252 2645 2297 coaeteruutn
2691 2253 2746 2297 et
2777 2244 3256 2300 consuhStauliale.
3306 2249 3480 2312 Quare
3528 2260 3712 2301 autem

2124 2314 2251 2365 dicit
2276 2331 2287 2365 :
2320 2312 2452 2385 _Dico
2469 2330 2623 2381 opera
2653 2330 2761 2366 mea
2786 2315 2939 2384 regi?
2970 2315 3110 2377 Ideo,
3138 2318 3366 2381 scilicet,
3388 2318 3511 2385 quia
3528 2332 3712 2372 ouinia

2123 2396 2283 2452 opera
2319 2382 2489 2436 Patris
2515 2391 2667 2437 erant
2700 2384 2750 2437 in
2779 2382 2976 2439 Verbo.
3005 2386 3271 2452 Quidquid
3299 2382 3441 2444 enim
3466 2388 3711 2442 facturus

2124 2451 2177 2504 iu
2208 2463 2452 2507 creatura
2490 2462 2632 2517 erat,
2666 2464 2833 2507 totum
2883 2451 3232 2521 priecessit’in
3259 2457 3452 2511 Verbo.
3480 2460 3533 2510 Si
3564 2460 3711 2510 enim

2126 2522 2178 2574 in
2216 2521 2389 2576 Verbo
2419 2539 2521 2577 ttott
2546 2531 2713 2584 es~et.
2746 2539 2844 2578 nec
2877 2528 2928 2577 itt
2952 2536 3193 2579 creatura
3220 2538 3382 2588 esset,
3412 2528 3547 2581 sicut
3573 2528 3713 2581 nihil

2125 2601 2209 2645 est
2238 2592 2287 2644 in
2316 2603 2404 2645 tuo
2433 2592 2657 2646 aedilicio
2701 2594 2842 2661 quod
2875 2612 2980 2651 non
3014 2595 3168 2649 fuerit
3212 2597 3265 2651 in
3294 2599 3538 2651 censilio.
3574 2598 3714 2651 lline

2122 2663 2445 2735 evangelista
2472 2662 2602 2735 dicit
2628 2681 2639 2714 :
2672 2663 2822 2729 Quod
2850 2669 3048 2733 factum
3077 2675 3152 2718 est
3194 2668 3245 2718 in
3274 2669 3407 2735 ipso,
3432 2668 3537 2719 vita
3575 2680 3713 2723 erat.

2128 2731 2264 2799 Ergo
2293 2732 2434 2800 quod
2466 2732 2659 2787 factum
2690 2745 2774 2787 est
2793 2731 2930 2799 erat,
2958 2735 3052 2789 sed
3084 2738 3134 2789 in
3165 2731 3335 2789 Verbo
3358 2731 3492 2790 erat.
3516 2738 3563 2795 υ
3585 2743 3711 2791 nuia

2124 2806 2264 2855 enim
2295 2816 2456 2875 opera
2476 2802 2662 2875 Patris
2689 2802 2739 2856 iu
2771 2805 2940 2858 Verbo
2960 2816 3133 2875 erant,
3163 2807 3257 2861 sed
3288 2808 3522 2859 nondum
3542 2822 3711 2875 opera

2122 2880 2295 2934 er.nt,
2348 2871 2442 2926 sed
2476 2871 2707 2926 Verbum
2752 2885 2886 2929 eiat.
2946 2874 3010 2929 Et
3049 2874 3266 2929 Verbum
3316 2876 3453 2933 Deus
3480 2871 3628 2939 erui,
3664 2888 3719 2931 et

2124 2940 2261 3016 idem
2307 2955 2428 2995 eum
2458 2943 2611 3016 l’atre
2657 2943 2796 3016 Deus
2827 2955 2959 3008 erat,
3006 2948 3191 3011 inquo
3232 2954 3358 3000 sunt
3404 2961 3523 3016 quae
3553 2950 3715 3001 nobis

2128 3010 2261 3085 l'acta
2288 3021 2429 3066 Slllll.
2465 3012 2578 3085 Non
2611 3014 2855 3068 abierunt
2880 3030 3000 3085 qua:
3026 3010 3182 3070 ttobis
3222 3010 3619 3083 praiterieruut.
3660 3020 3714 3070 lu

2128 3080 2225 3156 hac
2248 3086 2509 3156 sententia
2531 3083 2716 3156 littera
2741 3085 2819 3139 sic
2849 3080 3043 3139 dicitur
3066 3103 3079 3137 ε
3118 3080 3247 3138 Dico
3273 3103 3426 3151 opera
3447 3104 3559 3141 mea
3579 3090 3715 3156 regi,

2126 3151 2178 3202 id
2208 3161 2310 3215 est,
2357 3154 2423 3205 de
2451 3154 2635 3206 intimo
2669 3155 2843 3207 iordis
2869 3167 3053 3211 et'ucto
3091 3158 3310 3210 verbum
3355 3159 3573 3211 bonum.
3609 3151 3718 3210 Fer

2124 3223 2237 3294 dico
2264 3223 2406 3294 enim
2441 3224 2697 3277 habemus
2730 3240 2797 3277 ex
2828 3227 2991 3280 corde
3016 3236 3225 3288 elucto,
3259 3241 3351 3294 per
3380 3243 3536 3292 opera
3582 3227 3718 3281 Ver-

2126 3290 2271 3354 bunt,
2319 3293 2442 3360 quia
2491 3308 2542 3346 tn
2582 3294 2753 3346 Verbo
2780 3297 2955 3349 omnia
3005 3310 3168 3363 opera
3202 3290 3371 3349 Patris
3416 3290 3486 3351 ab
3509 3308 3719 3351 aeterno

2123 3371 2271 3436 sunt,
2304 3377 2396 3430 per
2420 3363 2527 3432 regi
2560 3366 2776 3417 bonum.
2824 3367 2891 3425 Et
2919 3366 2997 3421 sic
3023 3368 3178 3435 plane
3219 3367 3411 3435 prioris
3440 3378 3526 3421 est
3555 3383 3719 3436 repeo

2128 3433 2260 3485 tilio.
2475 3453 2491 3461 ·

2195 3502 2397 3576 Lingua
2426 3504 2724 3576 meaaQuia
2772 3505 2985 3574 quidatn
3019 3506 3337 3575 profundum
3382 3520 3478 3575 per
3504 3508 3717 3576 impro-

2126 3573 2272 3639 prias
2315 3573 2697 3630 similitudines
2728 3573 3070 3643 exposuerat,
3122 3580 3239 3632 ideo
3266 3573 3427 3632 etiam
3455 3578 3525 3631 ad
3572 3573 3717 3633 idem

2124 3644 2498 3717 exponendum
2546 3645 2703 3698 aliam
2754 3647 2972 3701 adducit
3014 3647 3417 3701 similitudinem
3445 3647 3718 3717 aliquate-

2126 3726 2225 3787 nus
2255 3716 2627 3781 patentiorem,
2660 3716 2844 3787 dicens
2878 3734 2890 3769 :
2930 3717 3127 3787 Lingua
3152 3734 3285 3781 mea,
3313 3728 3421 3772 etc.
3461 3716 3723 3772 Et’acce-

2126 3782 2201 3850 pit
2227 3798 2444 3836 causam
2495 3800 2590 3852 pro
2632 3785 2846 3852 clfeetu,
2884 3782 3117 3858 linguam
3164 3790 3376 3842 scilicet
3421 3802 3522 3857 pro
3548 3789 3720 3842 verbo

2124 3861 2400 3926 eructato,
2448 3863 2504 3906 et
2552 3858 2817 3910 calamum
2885 3860 3076 3913 SCl'lbiB
3126 3875 3218 3926 pro
3267 3860 3434 3912 verbo
3482 3860 3717 3926 scripto.

2123 3923 2260 3987 Quid
2290 3931 2466 3977 autem
2500 3926 2657 3980 habet
2683 3928 2859 3981 simile
2894 3923 3135 3981 Verbutu'
3172 3928 3344 3982 Patris
3390 3941 3513 3981 cum
3546 3923 3717 3981 verbo

2123 3995 2336 4048 scribat.
2388 3995 2524 4058 Quid
2559 4009 2703 4063 petra
2736 4012 2856 4051 cum
2886 4000 3101 4053 Christo
3146 3998 3307 4053 habet
3333 3999 3534 4063 simile,
3583 3998 3719 4066 quid

2124 4077 2289 4136 agnus
2317 4079 2437 4136 cum
2471 4065 2562 4118 Dei
2593 4066 2966 4136 simplicitate,
3002 4069 3126 4136 quid
3160 4071 3242 4122 leo
3272 4084 3392 4122 cum
3428 4066 3522 4121 Dei
3556 4065 3717 4122 furti-

2126 4134 2344 4205 tudiue?
2375 4136 2563 4187 l’arutu
2598 4136 2796 4204 utique.
2832 4134 3079 4197 Sedulus
3103 4148 3185 4195 est
3206 4154 3373 4192 sacra:
3392 4139 3719 4205 Scriptum.

2123 4204 2247 4276 quia
2279 4206 2492 4272 proprie
2524 4219 2611 4259 res
2638 4210 2928 4263 altissimas
2977 4226 3081 4262 non
3126 4209 3269 4264 valet
3316 4204 3617 4276 exponere,
3648 4213 3717 4262 ad

2129 4274 2277 4339 ipsas
2304 4276 2651 4341 exponendas
2680 4279 2746 4332 de
2788 4284 2946 4333 rebus
2976 4280 3174 4334 inlimis
3201 4274 3594 4333 similitudines
3619 4284 3722 4332 ad-

2124 4345 2344 4417 ducere,
2370 4354 2554 4398 tcuues
2576 4348 2809 4413 quidem,
2834 4365 2938 4402 non
2963 4359 3139 4404 tamen
3167 4350 3562 4417 aspernabiles,
3591 4352 3720 4417 quia

2127 4414 2242 4487 nisi
2262 4417 2375 4487 hinc
2409 4419 2618 4480 tierent,
2654 4434 2984 4487 nequaquam
3015 4414 3441 4474 animus—uoster
3471 4434 3570 4486 per
3600 4414 3723 4474 time

2131 4485 2354 4556 viaibilia
2386 4485 2751 4553 repararetur’
2773 4499 2826 4542 et
2846 4485 3275 4556 suspende-retur
3300 4490 3366 4543 ad
3396 4485 3719 4543 invisibilia.

2130 4555 2305 4620 Quare
2328 4555 2465 4610 Deus
2510 4557 2665 4611 Pater
2698 4573 2790 4623 per
2830 4555 3234 4615 similitudinem
3288 4566 3425 4614 hanc
3479 4560 3721 4614 Verbum

2129 4638 2281 4678 suum
2299 4640 2596 4697 exponens,
2617 4627 2783 4681 noluit
2798 4630 2924 4683 illud
2947 4634 3175 4697 prolatu,
3190 4632 3282 4685 sed
3297 4633 3504 4697 scripto
3526 4631 3721 4693 verbo,

2129 4709 2465 4769 comparare,
2491 4696 2542 4749 iii
2571 4711 2679 4769 quo
2705 4699 2858 4764 duas,
2892 4696 3135 4769 quamvis
3160 4696 3501 4769 improprias,
3556 4703 3728 4755 habet

2130 4765 2529 4839 similitudines,
2575 4767 2867 4839 quiasicut
2902 4765 3123 4825 vet'bum
3145 4765 3402 4839 scriptum
3428 4788 3535 4824 nou
3557 4780 3731 4825 sonat

2133 4850 2308 4903 neque
2334 4838 2543 4909 transit,
2596 4838 2665 4889 ita
2698 4836 2931 4893 Verbum
2986 4841 3077 4895 Dei
3109 4844 3215 4895 tale
3256 4836 3361 4903 est,
3412 4842 3556 4909 quod
3611 4858 3728 4895 nou

2130 4917 2289 4960 Sonat
2314 4906 2593 4979 sei-lierato
2613 4923 2754 4975 aere,
2786 4926 2959 4979 neque
2983 4913 3190 4977 transit,
3228 4914 3322 4966 sed
3349 4906 3563 4979 semper
3593 4928 3731 4964 tua-

2134 4984 2243 5041 net,
2263 4987 2317 5029 ut
2341 4992 2501 5043 supra
2524 4977 2721 5032 dieiuni
2746 4990 2847 5034 est.
2867 4977 3064 5037 Litteia
3092 4982 3169 5036 sie
3198 4987 3249 5035 in
3277 4998 3404 5036 voce
3426 4977 3603 5035 Patris
3626 4997 3731 5037 es-

2134 5055 2350 5121 pouitur
2376 5056 2428 5121 et
2461 5049 2835 5121 contiiitmtur:
2869 5052 2970 5104 Cor
2990 5067 3177 5118 meum,
3204 5054 3444 5121 inquam,
3465 5054 3733 5106 cruciavit

2146 5116 2361 5170 Verbum
2409 5117 2617 5171 bonum.
2666 5118 2731 5171 Et
2778 5122 2951 5190 lingua
2989 5138 3129 5185 utea,
3163 5116 3289 5176 huc
3321 5116 3438 5185 est,
3484 5122 3731 5175 Verbum

2135 5201 2335 5261 meum,
2367 5194 2455 5261 est
2481 5191 2709 5240 calamus
2745 5196 2943 5255 scribto,
2993 5194 3044 5245 id
3072 5201 3175 5254 est,
3209 5201 3291 5245 est
3321 5196 3488 5244 ve.bo
3514 5193 3736 5261 scripto

2134 5256 2410 5327 scriptoris
2437 5261 2820 5327 coinparabile,
2844 5269 2896 5313 et
2928 5277 3032 5314 non
3058 5261 3345 5327 cujuslibet
3371 5261 3589 5324 scribae.
3621 5256 3733 5316 sed

2135 5326 2371 5381 velociter
2409 5325 2694 5381 scribentis.
2740 5328 3005 5384 Velociter
3056 5325 3197 5385 enim
3230 5332 3322 5386 Dei
3354 5334 3593 5387 velocius
3638 5342 3741 5388 est

2136 5397 2414 5469 omnibus,
2441 5400 2565 5461 quia
2597 5399 2849 5453 velociter
2874 5415 3052 5455 sermo
3078 5402 3194 5469 ejus
3215 5402 3399 5456 currit.
3431 5403 3477 5454 Α
3504 5402 3617 5467 ﬁne
3658 5405 3741 5456 ad

2139 5469 2293 5536 ﬁnem
2322 5467 2574 5535 attingens
2605 5469 2825 5537 fortiter,
2864 5481 2911 5523 et
2941 5467 3220 5537 disponens
3263 5475 3436 5526 omnia
3460 5474 3735 5527 suaviter.

2138 5537 2324 5591 Nullus
2352 5547 2531 5592 autem
2554 5549 2666 5612 tam
2690 5541 2843 5593 velox
2893 5546 3069 5596 scriba
3090 5552 3195 5608 est,
3244 5544 3372 5612 quin
3413 5556 3745 5599 necessario

2143 5612 2368 5683 litteram
2401 5621 2517 5675 pDSt
2552 5609 2802 5683 litteram,
2847 5614 3103 5681 syllabam
3150 5609 3275 5682 post
3312 5612 3600 5683 syllabam,
3638 5615 3745 5666 di-

2140 5680 2371 5733 ctionem
2419 5688 2538 5746 pust
2587 5680 2887 5734 dictionem
2926 5680 3163 5747 scribat;
3218 5680 3397 5737 seruio
3442 5696 3573 5736 vero
3630 5684 3747 5739 Dei

2142 5750 2298 5803 simul
2328 5751 2731 5817 comprehendit
2753 5752 2950 5807 omnia.
2984 5752 3050 5808 Et
3074 5755 3195 5811 ideo
3215 5755 3261 5809 si
3286 5754 3402 5825 quis
3427 5764 3531 5808 tam
3557 5758 3748 5809 velox
