3922 6190
397 227 500 279 7'27

895 224 1094 277 BEDnE
1139 223 1582 278 VENERABILIS
1623 223 1770 276 OPP.
1815 221 1987 276 PARS
2025 222 2087 277 ll.
2129 221 2320 276 SECT.
2367 223 2518 276 ll.—
2550 225 2748 281 DUBIA
2788 225 2878 278 ET
2913 222 3181 279 SPURIA.

3535 228 3630 280 723

400 338 466 389 Et
494 338 734 410 destruet
762 337 890 410 igni,
927 351 1028 388 non
1085 334 1459 410 qnolibettseil
1516 335 1608 410 illo
1656 333 1971 410 querqipse
1997 334 2048 389 Δ
2075 333 2166 410 sed
2195 349 2348 410 super
2376 349 2577 410 omnem
2599 343 2801 410 terram.
2835 334 2968 410 Ipse,
2996 336 3461 410 intjttam,sttbjecit
3485 357 3638 410 popu-

399 409 543 459 venit
575 402 800 458 mittere
843 407 890 456 in
943 413 1159 465 terram,
1187 414 1238 454 et
1278 405 1388 456 vult
1420 415 1468 454 nt
1503 403 1706 468 ardeat,
1741 402 1967 463 scilicet,

406 491 499 542 per
537 476 872 528 dilectionem
924 473 1013 526 Dei
1062 484 1116 526 et
1174 473 1425 538 proximi.
1450 472 1566 538 Ipse
1595 473 1710 524 divo
1741 473 1921 525 dicens
1953 489 1965 523 :

411 543 621 606 Vat-nte,
648 545 694 596 id
724 553 827 603 est,
864 553 1083 593 vanitate
1113 558 1205 594 vos
1237 543 1398 603 vitiis,
1433 544 1573 594 unde
1604 545 1742 608 pleni
1786 554 1967 603 eratis,

401 625 457 667 ut
481 611 802 678 inipleatniui
832 612 1137 664 virtutibus.
1171 611 1235 663 Et
1265 613 1440 675 ridete,
1469 614 1514 663 id
1538 621 1637 673 est,
1663 611 1968 678 cognoscite

399 696 487 736 me
516 696 564 734 ei
577 696 634 733 se
669 682 855 733 Deum.
877 749 890 751 _
913 683 1058 745 Quod
1111 681 1314 733 deltt‘liS
1369 696 1706 751 cognoscere,
1732 681 1967 751 quoniam

398 767 488 817 ego
511 765 694 802 revera
726 766 836 802 sum
867 749 1024 813 Dius,
1058 751 1144 816 qui
1173 749 1483 812 exsultabor,
1510 752 1556 803 id
1580 762 1682 812 est,
1707 750 1970 816 glorifica-

403 824 497 874 bor
527 821 577 872 in
612 821 757 872 vobis
787 820 1036 888 gentibus.
1071 821 1137 872 Et
1167 823 1375 873 tandem
1401 820 1558 873 etiam
1608 819 1869 872 exaltabor
1917 823 1968 874 in

399 901 532 945 terra
552 889 797 952 .Indaica,
824 893 943 956 quia
967 893 1032 944 de
1062 906 1120 943 ea
1149 890 1452 957 praedictum
1484 901 1563 943 est
1595 907 1606 940 :
1640 890 1702 942 Et
1744 893 1969 956 reliquias

393 963 551 1014 sali-te
592 962 731 1025 licnt.
785 962 920 1012 Ecce
968 960 1052 1011 liic
1104 959 1382 1012 manifeste
1410 970 1555 1012 notat
1585 960 1883 1012 Jtulmoxutu
1915 971 1968 1013 et

397 1034 636 1094 gentium
661 1031 1211 1095 cuncorporationem.
1245 1031 1312 1082 de
1346 1044 1444 1097 qua
1475 1032 1524 1080 in
1578 1033 1728 1081 titulo
1780 1032 1967 1093 pratdi-

396 1112 536 1153 itutn
563 1113 664 1152 est.
693 1099 865 1152 Putem
896 1109 946 1151 et
969 1100 1122 1151 aliter
1153 1101 1386 1165 psalmus
1409 1101 1503 1150 iste
1526 1114 1553 1150 a
1584 1099 1840 1166 principio
1879 1115 1967 1151 or-

398 1172 567 1222 dinari
591 1183 638 1222 et
672 1168 929 1228 Constrni,
958 1182 1009 1219 ut
1043 1171 1120 1221 sic
1145 1170 1348 1221 dicatur
1381 1187 1390 1220 :
1430 1169 1564 1220 Deus
1586 1179 1752 1221 noster
1786 1169 1965 1221 Domi-

397 1256 513 1303 nus,
545 1239 765 1303 scilii-i-t,
788 1247 1028 1290 virtutum
1051 1239 1328 1304 nobiscum,
1351 1249 1612 1308 susceptor
1638 1249 1805 1290 noster
1828 1237 1965 1292 Deus

395 1309 575 1362 Jacob.
622 1309 769 1360 Dedit
789 1323 956 1360 vocem
977 1325 1143 1371 suam,
1173 1319 1224 1360 et
1251 1308 1368 1361 ideo
1417 1320 1550 1358 terra
1578 1318 1709 1360 inata
1763 1319 1854 1360 est.
1903 1310 1968 1362 Et

395 1383 664 1445 quomodo
689 1391 826 1431 tu0la
855 1390 944 1442 Sit,
973 1380 1296 1444 pra-niissntit
1322 1379 1697 1442 est,videlicet,
1715 1380 1831 1444 quia
1846 1394 1966 1445 gen-

394 1461 465 1502 tes
487 1449 795 1500 conturbata?
817 1460 953 1513 sunt,
980 1460 1024 1500 et
1053 1449 1295 1500 inclinata
1319 1457 1435 1500 sunt
1461 1464 1636 1516 regna.
1662 1446 1800 1512 Ipse,
1823 1452 1964 1512 dico,

392 1519 478 1586 qui
509 1528 593 1572 est
619 1520 874 1587 refugium
902 1528 946 1568 et
976 1521 1132 1570 virtus
1159 1529 1204 1570 et
1225 1519 1432 1588 adjutor
1453 1519 1504 1570 in
1533 1517 1961 1585 tribulationibus,

391 1605 503 1655 qua:
525 1589 672 1641 nimis
701 1588 997 1640 invenerunt
1029 1605 1138 1641 nos.
1169 1590 1373 1642 Caitera
1405 1603 1508 1640 non
1540 1597 1826 1640 mutantur.

852 1699 915 1753 IN
959 1699 1274 1754 PSALMUM
1318 1699 1497 1752 XLVI.

681 1797 735 1850 lti
765 1797 947 1862 ditent,
983 1813 1076 1863 pro
1105 1797 1223 1851 liliis
1253 1799 1387 1850 Core
1415 1797 1677 1851 Psaltnus.

993 1903 1368 1943 AItGUMl-ZNTUM.

467 1957 885 2011 illacliabmoruni
921 1973 1157 2025 persultat
1186 1974 1400 2012 carmen
1440 1958 1537 2010 hoc
1586 1960 1734 2024 quasi
1778 1963 1959 2016 trium-

395 2028 551 2093 phale
579 2027 901 2093 praacinitur,
933 2045 1201 2095 quoniam,
1229 2029 1378 2082 vicus
1398 2030 1639 2095 genibus
1667 2033 1744 2082 vel
1767 2030 1962 2088 Judiris

397 2098 912 2166 prscvaricatoribus,
944 2099 1196 2164 templum
1225 2109 1301 2150 est
1327 2113 1446 2150 cum
1467 2099 1633 2152 sacris
1662 2099 1848 2154 ritibus
1877 2103 1961 2155 iti-

394 2178 706 2220 staurattim.
741 2167 866 2220 Item
900 2167 1152 2235 legendus
1182 2168 1588 2239 _ad_lectionem_
1633 2171 1798 2239 Actus
1835 2188 1963 2239 apo-

391 2239 672 2300 stolorum,
702 2249 975 2306 postquam
1002 2235 1500 2292 ascenditCliristus
1527 2237 1592 2291 ad
1625 2238 1853 2294 Patrem.

1000 2347 1062 2385 EX
1073 2345 1350 2385 PLANATIO.

463 2400 664 2454 Titulus
689 2411 836 2454 notus
863 2411 954 2466 est,
979 2401 1233 2454 Clu-istum
1261 2411 1306 2452 et
1330 2399 1645 2453 Christianos
1671 2402 1957 2468 insinuans,

390 2473 616 2536 quamvis
645 2487 708 2524 ea:
737 2487 947 2536 ρετ-κοντα
973 2471 1346 2538 ᾕιὶονυηιίέονε
1366 2479 1496 2522 totus
1515 2471 1577 2522 sit
1601 2471 1815 2539 hymnus
1835 2489 1959 2525 can-

390 2549 548 2602 tatus,
595 2540 949 2607 diapsu'lmatis
992 2552 1156 2593 tamen
1203 2550 1278 2593 est
1326 2541 1704 2606 interpositione
1748 2543 1957 2596 diuisus.

397 2609 572 2662 Primo
602 2612 752 2662 modo
781 2622 1153 2680 commonentur
1180 2619 1347 2678 gentes
1393 2609 1612 2663 Domino
1635 2609 1814 2664 laudes
1844 2630 1961 2680 per-

387 2696 587 2750 sonare,
619 2682 735 2750 quia
769 2682 959 2746 populo
995 2679 1339 2750 acquisilionis
1368 2689 1548 2732 cuncta
1573 2681 1802 2750 subjecit,
1833 2679 1877 2734 et
1906 2685 1960 2737 in

386 2765 484 2803 sua
519 2749 814 2806 haereditate
837 2751 1120 2803 collocavit.
1162 2749 1402 2804 Secundo
1435 2749 1665 2803 ascensio
1690 2750 1894 2804 Domini
1914 2763 1958 2805 et

387 2835 600 2886 regnum
624 2820 939 2885 describitur,
961 2824 1202 2889 quoniam
1222 2819 1389 2872 sancti
1411 2820 1569 2889 ipsius
1589 2830 1706 2874 sunt
1727 2823 1835 2876 sine
1854 2823 1959 2890 ﬁne

391 2891 621 2956 [ruituri.

951 2974 1371 3014 COMMENTARIUS.

461 3050 644 3103 Omnes
661 3059 852 3119 gentes,
877 3050 1121 3117 plaudite.
1149 3051 1400 3104 Dominus
1423 3051 1557 3105 Deus
1575 3060 1756 3106 noster
1774 3052 1954 3119 ﬁdem,

386 3120 566 3188 inqua
598 3131 820 3183 statutis,
851 3136 914 3176 ex
956 3137 1053 3188 qua
1099 3122 1341 3183 vivimus,
1375 3137 1467 3188 per
1493 3138 1649 3188 quam
1687 3131 1742 3176 et
1785 3124 1956 3176 salva-

389 3207 524 3249 ntur,
575 3191 936 3258 multipliciter
985 3193 1235 3260 varieque
1291 3206 1386 3259 per
1430 3192 1730 3259 Scripturas
1777 3209 1957 3247 sacras

389 3260 643 3314 revelarit
690 3262 862 3315 nobis.
912 3260 1253 3314 Sacramenta
1300 3261 1511 3328 quidem
1546 3261 1823 3316 verborum
1866 3278 1954 3313 Va-

387 3330 552 3394 tians,
607 3330 760 3383 ﬁdem
810 3341 983 3385 tamen
1031 3333 1270 3386 eamdem
1315 3333 1714 3397 commendans,
1746 3344 1800 3385 ut
1830 3334 1953 3386 dum

387 3400 519 3452 ordo
544 3400 753 3454 dicendi
786 3403 1040 3463 variatur,
1074 3411 1127 3455 et
1154 3417 1240 3456 res
1283 3401 1496 3469 antiqua
1548 3414 1848 3464 renovatur,
1887 3401 1956 3457 sit

393 3472 549 3522 homo
595 3471 646 3522 iii
693 3472 853 3525 corde
899 3484 1106 3538 paratus
1151 3473 1402 3536 retinere,
1448 3482 1499 3524 et
1543 3483 1722 3538 postea
1755 3488 1856 3524 non
1887 3474 1958 3526 sit

392 3540 535 3608 piger
560 3541 742 3593 eadem
777 3542 1029 3608 cogitate,
1061 3552 1113 3595 et
1142 3542 1280 3608 quod
1311 3542 1559 3606 comedit,
1595 3543 1644 3594 id
1674 3552 1772 3599 est.
1805 3543 1954 3596 andi-

389 3610 479 3674 vit,
512 3623 722 3678 semper
763 3614 1052 3675 ruminare,
1107 3625 1172 3664 ne
1221 3613 1549 3664 inveniamur
1593 3611 1835 3663 animalia
1865 3613 1956 3664 im-

391 3680 606 3742 munda,
636 3681 726 3735 sed
758 3683 975 3743 munda,
1010 3683 1144 3734 sicut
1175 3681 1225 3734 iti
1273 3681 1371 3734 hoc
1417 3681 1618 3746 psalmo
1653 3696 1737 3734 res
1767 3682 1953 3736 eadem

389 3764 505 3815 qua:
527 3750 634 3817 jam
659 3767 801 3818 Step6
833 3753 884 3804 iii
911 3751 1026 3803 aliis
1059 3752 1275 3819 psalmis
1307 3753 1553 3818 praedicta
1595 3760 1677 3804 est
1715 3752 1952 3804 iteratur.

390 3820 549 3890 Cujus
581 3821 762 3874 titulus
791 3833 867 3874 est
913 3837 928 3875 :
968 3822 1034 3874 In
1067 3822 1218 3889 finem
1264 3839 1356 3890 pro
1400 3822 1520 3887 ﬁliis
1549 3819 1696 3884 Core,
1729 3822 1956 3889 psalmus

386 3889 485 3957 ipsi
509 3887 699 3960 David.
732 3893 878 3957 Quod
916 3894 993 3944 sic
1020 3887 1303 3960 esponittir
1333 3910 1344 3942 :
1377 3892 1478 3946 Iste
1522 3887 1755 3959 psalmus
1793 3891 1956 3945 rel'cr-

391 3971 475 4010 tiir
505 3959 554 4010 ia
586 3961 762 4024 linem,
786 3973 1024 4013 cantatus
1045 3977 1072 4012 a
1096 3959 1416 4028 quibusdam
1449 3963 1564 4014 liliis
1585 3961 1741 4021 Core,
1771 3961 1818 4012 id
1851 3971 1952 4028 est,

392 4039 448 4099 nt
474 4028 561 4099 alii
595 4031 683 4080 lilii
707 4031 842 4082 Core
860 4030 1148 4084 ittiitatores
1169 4032 1364 4084 Christi
1388 4033 1503 4099 ejus
1523 4032 1781 4099 passionis
1806 4032 1952 4087 lianl.

395 4096 656 4160 l’salinus,
704 4099 842 4161 dico,
875 4100 1157 4168 attributus
1204 4102 1302 4168 ipsi
1349 4096 1535 4166 David,
1570 4101 1620 4153 id
1651 4110 1754 4166 est,
1786 4101 1956 4168 perle-

391 4169 640 4220 ctioribus
674 4170 732 4220 in
754 4184 974 4235 corpore
999 4167 1342 4224 Clit-isti.Est
1371 4175 1510 4224 enim
1555 4185 1655 4224 Vox
1694 4167 1956 4238 apostolo-

394 4253 508 4290 rum
561 4247 862 4291 sanctnrum
907 4241 1299 4293 exlinrtantiuni
1354 4257 1449 4294 nos
1492 4250 1548 4293 ut
1597 4241 1707 4294 Deo
1745 4243 1832 4308 qui
1866 4256 1958 4305 pro

391 4308 543 4360 nobis
571 4310 848 4379 descendit
871 4319 926 4362 et
951 4319 1172 4361 mortem
1201 4311 1361 4364 subiit
1380 4311 1594 4379 gratias,
1623 4311 1672 4361 iii
1704 4320 1955 4377 quantum

1983 3019 2030 3078 C

2073 401 2150 454 los
2195 401 2443 456 Judaicos
2493 404 2633 456 nobis
2681 401 2933 471 apostolis
2972 416 3026 459 et
3068 401 3422 471 pricconib'us,
3450 401 3502 462 ei
3535 401 3635 464 non

2073 472 2241 546 solum
2291 475 2529 546 populos,
2579 473 2672 546 sed
2693 474 2869 546 etiam
2915 489 3108 546 gentes,
3159 477 3209 528 id
3252 487 3354 546 est,
3386 477 3635 546 gentiles,

2072 544 2246 614 posuit
2273 542 2372 614 sub,
2391 542 2619 610 pedibus,
2653 542 2704 595 id
2735 555 2835 614 est,
2880 546 2979 614 sub
3012 542 3632 614 alleciionibns‘nostris,

2073 613 2141 680 ita
2192 619 2246 663 nt
2288 613 2376 676 qui
2421 627 2449 664 a
2499 615 2691 665 nostris
2737 612 2878 680 prius
2910 612 3374 680 interﬁciebantur,
3420 619 3489 670 ab
3519 612 3635 672 istis

2073 679 2492 750 lionorabamur;
2541 693 2594 733 et
2645 681 2763 748 quia
2816 682 2883 733 ab
2920 683 3024 734 illis
3067 685 3274 750 expulsi
3321 679 3520 750 sumus,
3566 688 3635 742 ab

2069 749 2186 802 iSIis
2215 750 2412 822 recepti
2443 751 2625 822 simus.
2663 754 2725 804 ht
2757 754 2855 804 hoc
2883 752 3038 803 modo
3064 749 3184 820 quia
3233 762 3287 808 et
3332 749 3551 822 pOpulos
3581 769 3634 810 et

2068 829 2252 887 gentes
2283 820 2432 871 nobis
2456 821 2701 888 subjecit,
2729 822 2876 890 elegit
2924 825 3262 886 assumendo,
3313 820 3466 889 quam
3509 838 3636 882 ante

2068 890 2262 959 siccula
2310 890 2562 956 elegerat,
2613 891 2958 954 diSponeudo,
3009 892 3349 947 Iiwreditatem
3384 911 3547 959 suam,
3579 907 3635 949 et

2070 957 2135 1010 de
2164 959 2359 1030 Judmis
2397 969 2448 1030 et
2476 960 2540 1010 dc
2580 961 2822 1026 gentibus
2860 963 2998 1012 nobis
3027 963 3356 1016 associaudo.
3400 957 3632 1030 EXponit

2069 1043 2187 1102 quae
2215 1031 2283 1082 sit
2309 1027 2393 1102 illa
2425 1028 2725 1094 itacreditas,
2759 1033 2978 1102 scilicet,
3009 1033 3165 1099 elegit
3205 1035 3416 1102 speciem
3444 1027 3626 1102 Iacob,

2069 1096 2119 1170 i_d
2151 1110 2250 1160 est,
2286 1100 2425 1170 viros
2472 1102 2740 1170 speciosus
2785 1096 3113 1167 signiﬁcatus
3156 1096 3248 1168 per
3286 1103 3479 1168 Jacob,
3507 1096 3628 1170 quia

2065 1163 2227 1219 Jacob
2257 1167 2452 1234 dilexit,
2486 1163 2624 1220 Esau
2653 1163 2964 1222 autem‘odio
2994 1163 3184 1223 Iiabuii.
3216 1173 3325 1226 Duo
3354 1163 3490 1226 enim
3519 1163 3630 1226 ira-

2072 1244 2176 1290 tres
2205 1237 2416 1291 fuerunt
2443 1243 2490 1289 in
2518 1250 2668 1292 utero
2691 1239 2895 1304 matris,
2927 1252 3218 1306 pugnantes
3247 1251 3299 1295 et
3320 1258 3379 1296 se
3408 1243 3630 1296 invicem

2068 1307 2399 1378 collidentes,
2428 1323 2675 1378 quorum
2722 1308 2945 1362 alterum
2992 1310 3130 1362 Deus
3177 1311 3358 1378 elegit,
3405 1313 3630 1365 alterum

2071 1376 2387 1443 reprobavit.
2422 1377 2484 1430 Et
2510 1379 2765 1444 accipitur
2792 1381 2943 1442 alter,
2974 1377 3023 1432 id
3054 1391 3155 1443 est,
3186 1376 3349 1436 Iacob
3377 1381 3428 1436 in
3457 1383 3632 1436 omni-

2068 1444 2165 1499 bus
2197 1447 2367 1507 bonis,
2394 1447 2529 1499 alter
2558 1461 2680 1499 vero
2712 1449 2760 1499 in
2784 1450 3028 1502 omnibus
3053 1451 3227 1505 malis.

2138 1517 2377 1588 Ascendit
2429 1517 2581 1588 Deus”
2605 1517 2657 1568 in
2702 1517 2894 1588 iubilo.
2931 1520 3087 1584 Quasi
3137 1521 3324 1588 aliquis
3372 1521 3574 1575 diceret
3614 1539 3630 1573 :

2067 1585 2344 1657 Quomodo
2371 1587 2528 1657 elegit
2557 1586 2695 1640 Deus
2725 1588 2859 1639 lianc
2885 1585 3243 1642 luereilitatem
3265 1591 3288 1642 ἲ
3312 1590 3419 1644 lloc
3445 1591 3630 1657 modo,

1998 1675 2039 1732 Β
2068 1655 2440 1732 scilicet,_quia
2473 1656 2524 1732 in
2554 1658 2718 1732 caelos
2740 1659 2984 1720 ascendit,
3007 1668 3058 1711 et
3081 1659 3201 1732 inde
3226 1659 3476 1723 Spiritum
3498 1655 3630 1732 εθιιῇ

2066 1737 2208 1778 ctutu
2239 1726 2402 1786 misit,
2431 1725 2518 1796 qui
2547 1726 2705 1778 corda
2754 1737 2931 1779 nostra
2979 1729 3328 1792 conﬁrmavit,
3361 1741 3416 1782 ut
3451 1731 3629 1796 populi

2064 1807 2116 1846 et
2143 1803 2326 1861 gentes
2352 1795 2742 1863 subjicerentur
2774 1795 2942 1849 nobis.
2976 1797 3061 1850 Sic
3097 1811 3305 1864 quoque
3350 1795 3630 1851 continua-

2067 1874 2151 1918 tur
2183 1881 2195 1916 :
2232 1864 2366 1917 Vere
2413 1865 2655 1917 Dominus
2704 1865 2950 1929 excelsus,
2977 1866 3094 1931 quia
3121 1869 3228 1934 jam
3259 1871 3482 1921 ascendit
3509 1871 3632 1922 illuc

2063 1949 2169 2000 quo
2193 1934 2338 1998 sequi
2370 1950 2473 1987 non
2522 1944 2802 1999 potuerunt
2839 1937 2926 2002 qui
2964 1951 3084 1990 eum
3128 1938 3528 1991 crucilixerunt.
3565 1940 3630 1991 Et

2065 2003 2165 2057 hoc
2197 2004 2248 2056 in
2271 2003 2456 2072 jubilo,
2489 2004 2540 2056 id
2569 2012 2670 2073 est,
2705 2004 2756 2056 iit
2788 2005 3041 2058 immensa
3088 2006 3267 2059 laetitia
3316 2019 3369 2062 et
3412 2022 3632 2073 Stupore

2062 2075 2445 2139 apostolorum,
2474 2084 2528 2126 et
2551 2072 2803 2126 Dominus
2833 2077 3085 2138 ascendit,
3127 2077 3180 2127 in
3219 2092 3334 2129 voce
3375 2080 3629 2145 angelica!

2065 2147 2214 2214 tabat.
2266 2144 2450 2211 Angeli
2495 2157 2720 2214 namque
2764 2145 3020 2214 consolati
3061 2156 3182 2198 sunt
3220 2144 3490 2214 apostolos
3517 2159 3628 2200 stu-

2065 2213 2233 2278 pidos,
2265 2223 2316 2265 et
2344 2230 2371 2263 a
2400 2226 2460 2268 se
2495 2213 2720 2280 quodam
2752 2213 2906 2265 modo
2935 2214 3278 2279 abalienatos,
3309 2217 3630 2270 ascendente

2064 2283 2309 2347 Domino,
2353 2282 2504 2350 quasi
2553 2283 2730 2335 dicant
2774 2280 3016 2351 :Corpus
3061 2286 3270 2352 quidem
3318 2286 3518 2339 tollitur
3560 2289 3629 2339 ab

2062 2352 2230 2405 oculis
2258 2354 2470 2418 vestris,
2509 2352 2602 2406 scd
2649 2352 2788 2405 Deus
2837 2368 2940 2406 non
2984 2365 3262 2421 separatur
3307 2370 3338 2408 a
3378 2355 3629 2410 cordibus

2063 2421 2274 2475 vestris.
2326 2421 2508 2475 Videte
2548 2424 2940 2486 ascendentem,
2981 2425 3180 2478 credite
3228 2425 3278 2476 in
3329 2426 3624 2488 absentem,

2061 2502 2272 2558 sperate
2301 2492 2594 2545 venientem
2621 2507 2713 2558 per
2737 2496 2994 2546 occultam
3017 2492 3460 2561 misericordiam,
3483 2509 3629 2548 seut-

2065 2576 2157 2628 per
2184 2563 2378 2614 sentite
2403 2575 2523 2614 eum
2557 2570 2890 2628 praesentem.

2135 2629 2351 2683 Psallite
2390 2628 2499 2684 Deo
2538 2642 2730 2684 nostra.
2760 2631 2889 2697 Quia
2919 2630 3168 2685 Dominus
3208 2632 3436 2687 excelsus
3461 2632 3630 2688 factus

2060 2709 2142 2754 est
2170 2711 2222 2755 et
2257 2701 2511 2762 terribilis,
2542 2711 2589 2753 et
2621 2701 2730 2754 l’lex
2763 2717 2974 2771 magnus
3005 2719 3158 2772 super
3184 2719 3381 2756 onmem
3418 2712 3628 2768 terram,

2061 2784 2212 2840 ergo,
2241 2784 2428 2824 Omnes
2457 2780 2660 2838 gentes,
2685 2773 2888 2840 psallite
2915 2781 2968 2824 et
2994 2787 3160 2837 opere
3189 2784 3240 2826 et
3269 2787 3415 2824 voce.
3455 2773 3518 2824 Et
3545 2774 3629 2826 cui

2061 2838 2289 2894 debeant
2319 2843 2543 2907 psallere
2568 2838 2787 2908 expauit
2819 2858 2833 2894 :
2863 2838 3076 2894 Psallite
3103 2841 3226 2906 Deo,
3255 2842 3483 2905 scilicet,
3522 2843 3628 2894 Deo

2063 2908 2206 2963 Patri
2253 2919 2449 2974 nostra,
2501 2911 2550 2963 id
2596 2919 2698 2980 est,
2749 2911 2901 2980 nobis
2943 2914 3188 2980 propitio.
3242 2911 3462 2964 Psallite
3501 2911 3630 2980 Regi

2065 2991 2256 3042 nostra,
2299 2982 2348 3034 id
2396 2991 2498 3045 est,
2544 2979 2698 3046 Filio,
2740 2979 2940 3048 psallite
2973 2992 3026 3035 et
3071 2982 3287 3048 Spiritui
3328 2992 3535 3034 sancto.
3569 2979 3632 3033 [ut

2061 3049 2266 3103 debetis
2311 3050 2559 3118 psallere,
2608 3051 2845 3117 quoniam
2887 3050 3025 3103 Deus
3070 3059 3154 3104 est
3198 3051 3304 3104 [lex
3334 3050 3506 3106 lacius
3538 3065 3632 3117 per

2055 3120 2409 3187 cognitionem
2438 3135 2540 3172 non
2575 3128 2776 3173 tantum
2800 3119 3122 3181 Judmorutn.
3147 3121 3238 3175 sed
3268 3122 3430 3174 omnis
3454 3131 3624 3173 term.

2055 3189 2278 3256 Semper
2305 3190 2498 3259 quippe
2528 3189 2688 3256 Deus,
2725 3190 2849 3243 velit
2894 3191 3044 3253 nolit,
3090 3190 3226 3245 Deus
3260 3206 3352 3244 rex
3388 3201 3468 3243 est
3513 3197 3631 3243 uni-

2058 3273 2225 3312 versa:
2265 3270 2452 3325 terrae;
2501 3259 2592 3312 sed
2645 3270 2816 3314 tamen
2861 3269 2984 3312 tunc
3029 3270 3226 3313 tantum
3265 3260 3374 3314 Res
3409 3261 3627 3321 dicitur,

2055 3330 2904 3399 quatidoiregnarecognoscitur.
2960 3329 3106 3384 Unde
3133 3331 3259 3384 dicit
3286 3333 3449 3384 lsaias
3483 3346 3508 3399 :_
3529 3330 3631 3393 Qui

2054 3397 2163 3452 erui
2169 3410 2184 3450 t
2201 3408 2244 3451 te
2255 3397 2389 3452 Deus
2401 3397 2651 3451 vocabitur
2663 3401 2902 3452 universa:
2916 3411 3082 3454 terras.
3101 3401 3207 3453 Rex
3217 3444 3231 3464 ,
3241 3397 3633 3467 iuquam,Deus

2055 3477 2156 3532 est,
2188 3484 2316 3538 ergo
2340 3469 2539 3539 psallite
2566 3486 2667 3521 non
2701 3470 3029 3538 insipienter,
3055 3471 3146 3523 sed
3173 3471 3443 3538 sapienter.
3493 3468 3629 3522 lusi-

2059 3542 2262 3604 pienter
2291 3554 2519 3607 namque
2547 3539 2836 3608 pSallebaut
2866 3542 2988 3593 dum
3016 3541 3156 3592 idola
3187 3542 3507 3603 atiorabant;
3539 3554 3633 3592 sa-

2056 3613 2259 3678 pienter
2279 3625 2405 3662 vero
2419 3625 2554 3662 nunc
2568 3609 2814 3678 psallunt,
2833 3611 3075 3677 quoniam
3096 3611 3400 3664 Creatorem
3417 3609 3628 3663 colunt.

2129 3677 2376 3746 Regnabit
2431 3679 2588 3732 Deus.
2641 3678 2763 3731 Ideo
2817 3680 3081 3748 sapienter
3135 3680 3458 3746 psallendum
3518 3689 3627 3736 est.

2055 3750 2178 3816 quia
2212 3752 2349 3802 Deus
2378 3752 2624 3820 agitabit,
2658 3750 2706 3800 id
2738 3761 2838 3820 est,
2873 3765 3093 3818 regnare
3114 3749 3449 3820 cognoscitur
3468 3763 3628 3816 super

2056 3833 2242 3889 otiines
2268 3819 2458 3889 gentes,
2484 3829 2539 3872 et
2565 3821 2607 3871 si
2639 3834 2741 3871 non
2775 3819 2824 3870 in
2853 3821 3015 3886 paleis
3034 3861 3050 3886 ,
3080 3819 3269 3889 saltem
3319 3819 3374 3872 in
3410 3820 3627 3889 grati-is.

2056 3888 2206 3952 Quod
2249 3887 2418 3942 innuit
2443 3904 2563 3941 cum
2590 3890 2719 3941 dicit
2743 3889 2865 3957 quia
2898 3889 3034 3941 Deus
3072 3890 3209 3942 sedet
3241 3888 3349 3958 jam
3392 3887 3627 3954 diSposi-

2060 3960 2221 4024 tione,
2249 3959 2453 4011 sedebit
2481 3959 2638 4012 etiam
2670 3961 2719 4011 in
2753 3975 2808 4010 re
2837 3974 2988 4027 super
3009 3961 3172 4012 sedent
3200 3968 3423 4012 sanctam
3452 3973 3626 4018 suam,

2058 4029 2110 4080 id
2139 4040 2240 4090 est,
2272 4041 2430 4096 super
2453 4030 2655 4081 animas
2679 4026 2965 4095 jitstortttn.
2998 4029 3294 4096 Pricparate
3321 4030 3500 4095 itaque
3533 4042 3630 4079 vos

2061 4098 2304 4168 Domino,
2332 4109 2383 4151 et
2406 4097 2520 4165 ipse
2543 4099 2748 4168 sedebit
2775 4099 2823 4150 in
2856 4099 3007 4152 nobis
3031 4114 3150 4168 quia
3170 4100 3421 4152 Salomon
3450 4097 3584 4150 dicit
3615 4113 3629 4147 :

2059 4167 2242 4220 Anima
2263 4168 2391 4237 justi
2419 4176 2491 4219 est
2512 4167 2652 4237 sedes
2673 4169 2951 4234 sapientia.

2130 4235 2395 4305 Principes
2421 4235 2745 4306 populorum.
2785 4237 2919 4292 Vere
2967 4238 3218 4292 Dominus
3266 4235 3508 4306 regnavit
3538 4250 3632 4288 su-

2062 4322 2153 4376 per
2195 4317 2400 4376 gentes,
2447 4308 2571 4370 quia
2620 4307 2895 4360 suscitabit
2932 4319 3114 4374 gentes
3151 4309 3220 4363 de
3261 4306 3523 4376 lapidibus
3576 4315 3632 4356 et

391 4357 694 4446 uisi,—
1440 4357 1568 4434 3r};
1986 4357 2034 4415 θ
2062 4357 2226 4430 iit—eiei.2
2237 4357 2400 4430 litis.
2437 4357 2867 4448 Ᾰυὲὸιιέιέξριιῷ
2884 4357 3121 4448 ήείῖι-«ῄιῖεἰῄι
3150 4357 3297 4431 more
3312 4357 3628 4448 rpropin-tm,

391 4448 724 4517 plaudutuus,
751 4461 806 4503 et
835 4454 885 4503 iii
915 4465 1069 4518 quem
1099 4449 1267 4504 Judaei
1301 4452 1571 4518 parvulum
1601 4448 1952 4518 oﬂetideritnt,

390 4520 536 4570 illum
586 4533 682 4573 nos
723 4517 1107 4589 cognoscamus
1153 4517 1444 4585 excelsum,
1489 4530 1541 4573 et
1568 4534 1722 4588 quem
1753 4517 1822 4570 illi
1867 4521 1956 4570 lia-

395 4590 619 4640 bueruul
661 4590 984 4654 irrisibiletn,
1029 4606 1126 4644 tios
1165 4593 1446 4644 timeamus
1488 4601 1636 4641 casto
1684 4597 1856 4642 tamen
1895 4589 1958 4641 ti-

396 4672 543 4729 tnore
564 4660 869 4714 terribilem.
896 4661 1073 4713 Potest
1095 4677 1246 4725 vero,
1265 4662 1412 4729 juxta
1432 4660 1683 4728 quosdam
1707 4674 1792 4725 qui
1821 4660 1959 4712 ltunc

395 4726 651 4791 psalmum
679 4744 797 4782 cum
841 4732 1098 4796 superiori
1127 4726 1285 4784 unum
1321 4726 1536 4792 l'aciu'nt,
1568 4730 1631 4781 ita
1665 4736 1728 4780 ad
1763 4729 1957 4795 pr-edi-

391 4804 472 4847 cui
501 4797 819 4861 continuari,
850 4806 996 4867 quasi
1024 4801 1168 4854 dicat
1197 4819 1210 4854 :
1239 4801 1371 4868 Quia
1419 4800 1672 4851 Dominus
1720 4814 1822 4849 non
1868 4816 1956 4850 so-

393 4869 501 4918 lum
531 4868 580 4918 iii
609 4870 870 4934 gentibus,
897 4871 989 4922 sed
1020 4881 1074 4923 et
1116 4870 1168 4922 in
1201 4880 1335 4924 terra
1363 4869 1576 4923 Judaica
1605 4869 1918 4921 exaltabitur
1943 4887 1956 4931 -,

391 4949 520 5008 ergo
548 4948 931 5008 ontnesigentes,
961 4939 1190 5008 plaudite
1220 4939 1326 4992 Dea
1377 4941 1623 4999 manibus,
1655 4939 1706 4990 id
1756 4948 1855 4998 est,
1906 4939 1956 4990 iii

392 5003 547 5059 bouis
575 5003 826 5072 operibus
856 5003 1067 5062 laudate
1094 5010 1280 5070 Deum,
1327 5019 1380 5061 ct
1429 5010 1640 5072 iubilate
1677 5009 1724 5060 ei
1762 5008 1813 5058 in
1846 5023 1960 5059 voce

393 5091 498 5129 non
529 5077 901 5144 qualicunque,
932 5079 1023 5130 sed
1064 5081 1444 5142 exitu/talionis,
1469 5080 1516 5130 id
1546 5085 1649 5140 est,
1684 5080 1732 5128 iii
1777 5082 1959 5128 exsul-

395 5145 550 5206 tativa
582 5145 904 5200 laudatione.
934 5147 1056 5200 Sive
1083 5149 1223 5201 enim
1256 5159 1457 5200 tantum
1493 5150 1625 5200 bene
1652 5161 1957 5210 operantur,

394 5225 450 5269 ct
480 5231 605 5270 voce
639 5217 1136 5283 tioullaudaretnus,
1158 5221 1272 5270 sive
1300 5234 1330 5271 e
1357 5231 1616 5270 converso
1646 5218 1958 5278 l'aceiemus,

401 5285 534 5355 pigri
564 5303 821 5356 essemus,
850 5298 902 5341 et
931 5287 1048 5341 ideo
1079 5299 1361 5356 utrumque
1392 5287 1709 5352 praecipitur.

470 5357 720 5419 Quoniam
751 5355 997 5410 Dominus
1039 5355 1286 5411 excelsus.
1332 5357 1452 5410 Ideo
1505 5358 1730 5418 debetis,
1777 5369 1963 5408 omnes

393 5441 598 5496 nentes,
628 5426 736 5479 Deo
765 5430 1004 5481 manibus
1035 5429 1306 5496 plaudere,
1330 5436 1384 5479 et
1412 5441 1540 5478 voce
1563 5425 1812 5492 jubiliire,
1838 5439 1963 5491 quo—

398 5498 532 5550 niam
564 5493 829 5558 Dominus,
857 5499 905 5548 id
929 5493 1320 5560 est,'Cliristu.s.
1349 5497 1491 5563 prius
1516 5497 1781 5562 parvulus,
1807 5496 1962 5563 modo

399 5569 565 5619 laetus
595 5567 820 5616 excelsus
837 5567 1021 5631 ,‘ptius
1049 5562 1358 5626 derisibilis,
1385 5570 1539 5616 modo
1571 5567 1738 5617 lactus
1766 5562 1962 5616 terribi-

397 5639 479 5697 lis,
512 5644 563 5684 ct
607 5638 763 5686 ntodo
791 5649 886 5687 rex.
925 5652 1134 5706 magnus
1167 5653 1269 5689 non
1300 5637 1470 5690 soluin
1513 5652 1670 5702 Stlpcl‘
1701 5635 1956 5698 Judwani,

2062 4448 2282 4515 loquens
2308 4461 2402 4514 per
2431 4460 2666 4514 praesens
2688 4446 2752 4499 de
2780 4446 2954 4499 futuro
2979 4465 2992 4498 :
3023 4446 3284 4511 Principes
3320 4446 3630 4512 populorum

2059 4518 2364 4583 gentilium,
2419 4516 2506 4583 qui
2551 4516 2779 4583 quandiu
2829 4517 3032 4584 lapidea
3089 4517 3246 4570 corda
3297 4515 3630 4572 habuerunt,

2060 4586 2344 4654 disgregati
2384 4601 2412 4636 a
2462 4584 2570 4639 Deo
2613 4595 2785 4650 erant,
2820 4587 2976 4638 modo
3019 4597 3134 4638 sunt
3179 4586 3632 4655 caitgregati_cum

2062 4650 2171 4708 ι)ιό
2222 4650 2498 4718 Abraham,
2549 4655 2773 4722 scilicet,
2820 4657 2942 4709 lacti
2995 4657 3084 4708 lilii
3132 4650 3297 4722 ipsius
3335 4650 3638 4722 Abraham,

2062 4742 2166 4778 non
2196 4739 2410 4778 carnem
2456 4728 2573 4792 ejus
2614 4721 2880 4790 gerentes,
2909 4727 3000 4779 sed
3051 4725 3206 4778 [idem
3255 4723 3532 4776 habentes.
3566 4721 3636 4774 Et

2063 4796 2162 4847 hoc
2193 4796 2310 4846 ideo
2353 4794 2548 4847 factum
2576 4804 2678 4857 est,
2711 4801 2946 4862 quoniam
2977 4796 3049 4848 dii
3077 4805 3242 4854 ιρι-ηε,
3274 4794 3324 4844 id
3353 4801 3457 4855 Cal,
3491 4807 3630 4855 apo-

2061 4864 2208 4928 stoli,
2237 4865 2324 4931 qui
2355 4865 2514 4917 habili
2542 4874 2665 4916 sunt
2691 4865 2840 4931 quasi
2866 4865 2937 4918 dii
2967 4867 3018 4918 in
3051 4877 3210 4927 terra,
3243 4863 3419 4933 fortes,
3451 4862 3500 4912 id
3524 4867 3631 4933 est,

2062 4936 2113 4988 iti
2132 4935 2476 4988 tribulatione
2491 4943 2544 4986 et
2570 4935 2943 4998 praedicatione
2963 4932 3324 4998 persistentes,
3343 4941 3459 4982 sunt
3477 4932 3632 4981 relie-

2062 5016 2250 5056 menter
2277 5006 2480 5067 elevati,
2513 5003 2563 5055 id
2586 5015 2664 5054 est
2690 5041 2705 5066 ,
2751 5004 2991 5056 honorati
3019 5013 3073 5057 et
3097 5002 3311 5056 exaltati
3338 5041 3354 5062 ,
3385 5000 3632 5061 Domino,

2061 5074 2284 5136 scilicet,
2310 5083 2627 5142 cooperante,
2661 5080 2707 5124 et
2748 5089 3026 5125 sermonem
3055 5074 3384 5137 conﬁrmatae
3409 5083 3630 5131 sequen-

2064 5145 2192 5195 tibus
2236 5143 2413 5209 signis.
2450 5142 2608 5194 Valde
2657 5156 2883 5209 namque
2926 5145 3094 5195 elatns
3128 5144 3314 5195 Petrus
3341 5148 3480 5200 erat,
3509 5152 3636 5209 cum

2063 5214 2220 5265 etiam
2247 5207 2416 5264 tactus
2446 5211 2644 5264 umbra:
2671 5225 2785 5275 ejus
2801 5207 2974 5279 aegros
2998 5211 3252 5279 erigebat.
3277 5211 3453 5274 Quare
3481 5207 3633 5275 prin-

2063 5284 2205 5348 cipes
2226 5281 2340 5347 ejus
2368 5281 2519 5334 lacile
2547 5280 2904 5341 crediderunt,
2935 5291 2989 5334 et
3019 5283 3172 5334 lidetn
3199 5295 3290 5347 per
3317 5294 3410 5332 eos
3439 5291 3632 5328 susce-

2065 5363 2272 5420 perunt.
2309 5350 2397 5403 Vel
2428 5351 2605 5411 aliter.
2635 5351 2782 5420 quasi
2832 5351 2972 5403 dicat
3022 5368 3034 5403 :
3075 5351 3196 5404 Ideo
3244 5349 3394 5420 laeta
3422 5355 3508 5399 est
3547 5359 3637 5398 re-

2064 5416 2519 5494 ceptiogentium,
2550 5423 2669 5488 quia
2710 5416 2867 5494 facta
2889 5431 2971 5474 est
3004 5421 3258 5494 expulsio
3297 5417 3636 5494 .l‘udazorutt;t

2065 5487 2214 5556 Quod
2245 5489 2413 5565 innuit
2441 5491 2624 5543 dicens
2657 5507 2668 5540 :
2701 5490 2950 5565 Quoniam
2978 5491 3072 5565 dii,
3090 5487 3159 5544 id
3188 5500 3289 5550 est,
3317 5487 3522 5565 Judati,
3541 5487 3649 5552 qui

2069 5570 2280 5628 propter
2321 5561 2486 5627 legem
2531 5567 2586 5612 et
2629 5562 2913 5626 prophetas
2958 5562 3180 5614 aliorum
3231 5561 3639 5624 comparatione

2067 5640 2217 5684 ciant
2245 5645 2392 5699 quasi
2421 5631 2514 5696 dii,
2552 5631 2707 5700 [artes
2733 5640 2901 5697 terrai,
2938 5631 2986 5684 id
3026 5643 3125 5696 est,
3159 5637 3536 5700 |l-l'il:SUlllt‘.ttlL'5
3571 5628 3642 5676 de
