3922 6190
225 372 333 430 ’ἔξει

928 368 994 424 IN
1035 367 1451 426 PSALMDRUM
1489 367 1746 424 LIBRUM
1794 369 2154 425 EXEGESIS.
2198 399 2266 411 -—
2306 369 2555 426 PSALM.
2600 367 2808 424 XLVII.

3367 368 3471 425 τεο

224 484 536 540 terrenitate
564 496 680 546 sua,
713 481 780 536 de
805 481 1045 535 smcnlari
1077 480 1284 534 scilicet
1317 480 1546 546 potentia
1578 489 1632 533 et
1671 479 1790 546 glo-
1821 481 1869 538 Α
1899 478 2112 542 cantici,
2164 477 2213 531 id
2261 487 2362 540 est,
2411 479 2638 548 hymnus
2683 477 3076 548 exsultationis,
3120 484 3365 533 cantatur
3401 478 3468 533 de

221 556 323 618 ria,
351 565 468 607 sunt
493 553 671 606 elei-oti
708 553 1036 616 vehementer,
1070 551 1121 604 id
1147 560 1246 611 est.
1277 557 1474 605 tantum
1516 551 1794 616 superbie-

219 635 367 685 runt,
387 623 528 692 quod
553 623 812 678 medicum
835 623 923 690 qui
944 623 1010 692 ad
1031 622 1179 688 ipsos
1197 633 1407 692 venerat
1435 620 1796 692 necessarium

219 697 322 747 sibi
349 690 454 747 non
480 700 816 761 putaverunt,
845 701 900 746 et
940 691 1059 746 ideo
1095 705 1214 744 enin
1256 691 1581 744 occiderunt.
1627 690 1691 742 Et
1720 692 1796 744 sic

219 764 352 832 illud
382 764 706 830 completum
730 770 844 816 est:
879 762 1014 826 Quia
1034 777 1096 815 ex
1115 769 1260 832 parte
1286 762 1494 832 contigit
1521 763 1720 814 cwcitas
1742 762 1795 813 in

222 831 416 899 Israel,
449 843 502 886 ut
530 833 815 902 plenitudo,
837 843 941 886 etc.

676 941 742 997 IN
780 941 1103 997 PSALMUM
1139 941 1345 996 XLVII.

351 1037 595 1093 Psalmus
619 1035 809 1091 cantici
846 1035 966 1088 [iliis
991 1034 1126 1088 Core
1149 1034 1378 1089 secunda
1409 1033 1646 1089 Sabbati.

823 1141 1199 1182 ARGUMENTUM.
1264 1141 1270 1147 ’

287 1221 663 1276 )Estimatione
707 1220 978 1273 hominum
1010 1219 1361 1287 ignorantium
1395 1220 1578 1278 Deum.
1613 1235 1676 1272 ex
1710 1218 1794 1272 his

215 1309 340 1356 qua:
367 1294 417 1346 in
445 1293 661 1345 civitate
691 1299 940 1358 operatus
969 1299 1068 1350 est.
1105 1305 1327 1358 magnus
1361 1292 1625 1357 apparuit.
1662 1291 1790 1342 Item

213 1363 472 1433 legendus
503 1371 580 1415 est
611 1362 673 1433 ad
705 1360 1057 1428 Apocalypsin
1082 1358 1514 1429 Joannisﬂigura
1544 1361 1794 1415 Ecclesia:

212 1430 592 1488 in'Jerusalein
623 1431 832 1484 lutum.

825 1535 1171 1574 ΕιΡιΑΝΑτιο.

283 1611 529 1665 Secunda
559 1609 769 1664 Sabbati
819 1621 890 1664 est
921 1611 1143 1663 secunda
1171 1611 1276 1664 dies
1321 1627 1352 1681 a
1394 1611 1639 1681 Sabbato,
1681 1629 1794 1681 qua:

210 1698 348 1734 nunc
377 1682 600 1734 secunda
629 1682 756 1745 {cria
800 1690 1028 1742 vocatur,
1059 1682 1110 1733 in
1156 1698 1254 1749 qua
1280 1680 1384 1740 die,
1415 1682 1544 1733 sicut
1582 1680 1790 1736 Genesis

211 1763 415 1813 narrat,
449 1752 564 1819 fecit
598 1750 730 1802 Deus
758 1752 1134 1816 ﬁrmamentum
1161 1753 1217 1819 in
1248 1752 1413 1802 medio
1441 1767 1709 1819 aquarum,
1742 1762 1791 1806 et

209 1823 404 1873 vocavit
435 1821 563 1873 illud
581 1820 782 1881 caelum,
808 1821 893 1873 ubi
914 1829 1106 1873 sanctae
1130 1818 1368 1873 Ecclesia:
1390 1818 1634 1873 celsitudo
1654 1839 1791 1889 prte-
1825 1828 1871 1888 Β

215 1893 497 1958 ﬁguratur,
522 1906 633 1956 qua:
653 1893 785 1942 velut
807 1893 938 1943 inter
957 1891 1226 1959 inferiores
1252 1900 1298 1942 et
1319 1891 1602 1961 superiores
1634 1908 1793 1961 aquas

211 1977 481 2026 suspensa,
527 1961 740 2028 inferior
787 1961 989 2026 quidem
1047 1964 1292 2023 angelit‘te
1336 1959 1796 2025 sublimitatipsed

213 2032 492 2083 mandante
537 2042 608 2083 est
657 2033 1036 2084 conversatione
1081 2031 1368 2082 sublimior.
1411 2030 1556 2084 Sicut
1597 2049 1715 2100 ergo
1744 2036 1795 2087 in

209 2102 454 2153 vicesimo
500 2101 642 2152 tertio
682 2103 880 2170 psalmo
926 2103 1088 2170 printa
1131 2100 1364 2167 Sabbati,
1412 2117 1511 2165 qua
1548 2101 1685 2169 facta
1722 2115 1796 2158 est

209 2173 325 2234 lita,
367 2171 780 2223 resurrectionem
823 2169 1028 2222 Doniini
1063 2181 1418 2234 prwmonstrat
1461 2186 1570 2224 esse
1605 2187 1794 2225 canen-

209 2241 356 2301 dum,
389 2242 462 2292 sic
497 2249 543 2292 et
575 2243 627 2291 in
672 2241 906 2308 praesenti
944 2244 1166 2292 secanda
1199 2240 1429 2302 Sabbaii,
1463 2257 1562 2306 qua
1602 2243 1796 2309 factum

207 2320 280 2380 est
314 2311 712 2380 ﬁrmamentum,
759 2309 1002 2364 Ecclesia:
1045 2311 1241 2363 culmen
1293 2312 1528 2363 ostendit.
1562 2309 1658 2364 Cui
1698 2314 1796 2380 ﬁlii

212 2378 372 2442 Core,
393 2381 446 2431 id
468 2390 558 2451 est,
583 2377 868 2433 Dominij
889 2381 1138 2451 passionis
1156 2383 1310 2451 hujus
1333 2383 1516 2433 cantici
1537 2377 1793 2449 psalmum

211 2463 478 2503 resonant.
519 2450 585 2502 In
629 2451 792 2518 prima
831 2452 1080 2512 positione
1119 2450 1294 2503 laudes
1329 2451 1549 2503 Domino
1594 2453 1788 2517 dicunt,

210 2520 354 2592 quod
382 2517 665 2592 Ecclesium
702 2537 849 2573 suam
887 2521 1125 2592 dilatans
1148 2521 1341 2592 cunctis
1380 2531 1626 2574 tetrarum
1663 2539 1795 2592 regi-

214 2590 307 2642 bus
362 2590 638 2661 potentiam
681 2606 827 2642 suam
875 2591 1168 2643 ostenderit.
1222 2588 1288 2643 In
1335 2593 1557 2643 secanda
1604 2588 1794 2661 gratias

209 2669 378 2727 agunt
417 2661 480 2711 de
521 2660 742 2712 adventu
787 2660 1090 2724 Saluatoris,
1139 2673 1509 2714 commonentes
1545 2663 1792 2716 antistites

207 2731 421 2802 futuros
473 2739 526 2780 ut
573 2729 768 2802 gradus
812 2731 870 2802 in
909 2729 1138 2802 Ecclesia
1183 2730 1512 2802 distribuant,
1551 2748 1640 2798 per
1667 2749 1794 2802 quos

210 2800 462 2851 Salvator
489 2801 643 2864 possit
669 2800 894 2868 agnosci,
927 2801 1017 2868 qui
1047 2800 1264 2868 [amulos
1294 2817 1412 2854 suos
1453 2810 1642 2855 (eterna
1670 2800 1791 2872 pio-

208 2872 437 2922 tectione
464 2872 701 2923 custodit.

790 2977 1215 3018 COMMENTARIUS.

287 3051 516 3121 Magnus
543 3050 794 3107 Dominus
822 3064 869 3108 et
893 3055 1186 3108 laudabilis.
1235 3056 1486 3111 Dominus
1525 3057 1663 3113 Dens
1695 3074 1792 3112 tio-

211 3133 332 3175 ster
360 3138 453 3189 per
478 3123 869 3177 distinctionem
921 3139 1140 3191 cperum
1189 3140 1407 3179 sitorum
1452 3129 1593 3181 aliud
1639 3129 1788 3182 nobis

209 3193 656 3267 iiinotuit,_quam
686 3193 796 3262 ipsa
826 3193 1136 3267 simpliciter
1165 3211 1348 3259 opera.
1392 3198 1605 3267 Legitur
1645 3200 1786 3253 enim

207 3261 262 3314 in
305 3261 810 3334 libro_Gei_tesissex
839 3261 1033 3334 diebus,
1055 3264 1362 3321 distinxisse
1389 3261 1546 3334 Opera
1574 3283 1686 3321 sua.
1725 3269 1791 3324 Et

208 3335 392 3398 prima
432 3331 520 3384 die
545 3331 670 3384 fecit
701 3333 893 3397 lucem,
927 3344 980 3386 et
1007 3333 1183 3388 divisit
1210 3353 1325 3390 eam
1357 3352 1386 3389 a
1412 3331 1661 3392 tenebris.
1689 3339 1789 3394 Per

207 3401 360 3476 quod
394 3401 662 3476 nos_aliud
683 3419 840 3470 quam
868 3405 1007 3476 quod
1039 3403 1232 3459 factum
1260 3416 1342 3459 est
1370 3409 1662 3476 intelligere
1693 3424 1786 3461 v0-

207 3472 343 3546 luit;
381 3487 476 3538 per
507 3473 674 3546 lucem
706 3472 902 3542 quippe
927 3473 1092 3546 prima
1121 3476 1210 3529 die
1241 3476 1452 3546 laetam,
1484 3472 1788 3546 inielligen-

207 3543 342 3611 dum
376 3553 455 3596 cst
486 3542 623 3609 quod
653 3558 746 3611 per
771 3544 1217 3600 resurrectionem
1243 3545 1448 3599 Domini
1475 3542 1787 3603 nitstridesu

205 3610 418 3683 Christi
464 3611 596 3664 laeta
640 3610 790 3666 nobis
820 3615 906 3666 lux
938 3622 1042 3676 est,
1089 3616 1207 3683 quia
1239 3617 1391 3668 datus
1429 3628 1510 3671 est
1542 3618 1692 3671 nobis
1722 3622 1790 3674 de

209 3681 457 3736 tenebris
499 3685 562 3734 ad
611 3683 802 3745 lucent,
837 3685 904 3737 de
942 3681 1118 3736 morte
1140 3686 1203 3738 ad
1234 3687 1392 3738 vitam
1430 3689 1646 3740 reditus.
1690 3691 1789 3743 Per

206 3752 464 3804 eamdem
509 3763 683 3806 autem
731 3754 923 3818 lucem,
957 3769 986 3806 a
1029 3755 1262 3808 tenebris
1312 3755 1554 3817 divisam.
1598 3759 1790 3812 intelli-

202 3822 387 3888 genda
419 3832 502 3894 est
526 3829 789 3890 separatio
819 3825 1054 3877 lideliuin
1094 3833 1148 3877 et
1182 3826 1493 3879 inlidelium.
1521 3826 1617 3894 Qui
1645 3831 1787 3883 enini

203 3894 456 3966 credunt
487 3893 538 3944 in
580 3903 801 3947 mortem
830 3895 1052 3966 Christi,
1083 3904 1137 3948 et
1164 3895 1279 3963 ejus
1323 3893 1784 3966 resorreetionein,

204 3971 262 4013 et
289 3963 514 4025 similia,
545 3974 667 4017 sunt
698 3969 783 4018 lux
816 3983 842 4017 a
877 3965 1109 4018 tenebris
1149 3979 1412 4033 separata.
1447 3969 1579 4032 Quia
1615 3969 1681 4020 de
1708 3963 1790 4023 his

204 4033 343 4084 dicit
374 4034 658 4099 Apostolus
694 4052 705 4084 :
741 4033 935 4088 [σἰιὶδιὶδ
969 4037 1244 4102 aliquando
1277 4037 1506 4099 tenebrae,
1531 4053 1666 4090 nunc
1689 4055 1787 4090 (ιιι--

205 4115 311 4153 tam
335 4104 431 4154 tua:
458 4105 509 4154 in
541 4101 776 4157 Damino.
814 4106 866 4158 lii
901 4101 1215 4160 infidelitate
1243 4120 1368 4159 vero
1397 4118 1788 4171 permanentes,

208 4173 458 4225 tenebrae
486 4183 625 4225 sunt.
663 4175 726 4226 Iit
765 4177 830 4229 de
879 4177 977 4228 hoc
1025 4179 1237 4244 negotio
1267 4179 1447 4244 prima:
1475 4177 1577 4229 diei
1605 4178 1790 4232 habui—

208 4257 338 4314 mus
372 4244 621 4314 superius
653 4246 909 4308 psalmum
951 4247 1233 4314 quemdam
1270 4249 1320 4300 in
1354 4249 1520 4312 prima
1551 4248 1786 4314 Sabbati,

205 4312 423 4386 scilicet
456 4312 665 4386 Domini
685 4325 756 4366 est
788 4325 920 4367 terra
948 4312 991 4368 et
1020 4317 1279 4385 plenitudo
1309 4320 1441 4386 ejus,
1471 4319 1602 4370 orbis
1629 4312 1790 4371 terraé

207 4399 352 4434 ram.
391 4381 445 4434 lit
473 4385 702 4436 secunda
735 4401 861 4438 vero
888 4387 974 4439 die
1010 4381 1249 4448 Sabbati,
1287 4381 1344 4439 id
1368 4398 1470 4449 est,
1505 4389 1555 4440 iit
1585 4389 1668 4440 die
1701 4404 1787 4442 se-

207 4454 389 4504 cunda
424 4452 547 4505 fecit
579 4452 715 4507 Deus
748 4455 1158 4519 ﬁrmamentum,
1191 4469 1243 4508 et
1289 4457 1542 4510 stabilivit
1582 4459 1707 4510 illud
1738 4463 1787 4512 iit

208 4523 704 4595 inedioaqiiarum,
741 4540 832 4591 per
879 4528 1017 4594 quod
1051 4499 1439 4580 armamentum
1482 4529 1788 4595 designatur
1820 4499 1868 4558 Β

212 4594 484 4665 hcclesia,
523 4607 716 4657 corpus
749 4597 884 4646 illius
914 4597 1120 4663 capitis,
1152 4597 1219 4650 de
1245 4613 1348 4665 quo
1389 4594 1620 4665 psolinus
1652 4614 1787 4665 prie-

205 4665 420 4736 cedens
450 4664 503 4736 iii
528 4665 696 4736 prima
729 4667 942 4717 Sabbati
976 4669 1227 4733 loquitur.
1252 4664 1789 4736 Quat'ECclesiapro-

211 4734 337 4802 prie
368 4733 629 4800 accipitur
660 4735 709 4785 iit
741 4749 960 4800 sanetis,
991 4738 1077 4802 qui
1120 4752 1223 4787 non
1255 4737 1406 4791 facile
1450 4737 1642 4790 cedunt
1664 4733 1790 4791 ten-

207 4801 514 4854 iationibus
564 4803 721 4869 hujus
773 4807 977 4857 sazculi.
1006 4801 1142 4859 ’Soli
1193 4809 1335 4859 enini
1384 4809 1710 4861 corroborati
1743 4826 1792 4862 ιιι

211 4873 351 4945 title,
385 4873 670 4945 etritudati
721 4874 772 4926 in
819 4876 1094 4940 charitate,
1127 4876 1285 4944 digne
1323 4879 1658 4945 appellantur
1699 4895 1795 4932 ito-

214 4940 372 5013 iniiie
409 4942 762 5013 ,ﬁtlltalllellll.
810 4945 884 4997 De
930 4946 1120 5010 quibus
1150 4940 1276 4999 dicit
1318 4940 1603 5013 Apostolus
1633 4966 1645 4999 ε
1680 4949 1791 5002 Nos

208 5012 360 5087 [irini
400 5012 716 5087 inﬁrmorum
763 5015 1112 5081 inﬁrmitatem
1157 5012 1406 5071 sustinere
1453 5029 1667 5087 oportet.
1716 5019 1793 5074 De

213 5080 469 5134 Ecclesia
511 5097 718 5147 quoque
762 5087 882 5137 alibi
929 5089 1056 5140 dicit
1093 5105 1109 5140 :
1155 5087 1381 5140 Ecclesia
1427 5080 1522 5140 Dei
1558 5089 1674 5153 vivi,
1703 5105 1791 5142 co-

209 5153 481 5225 lumnaet
508 5157 882 5225 firmamentum
913 5159 1148 5211 veritatis.
1185 5160 1250 5210 Et
1286 5168 1452 5211 totunt
1495 5168 1699 5225 tempus
1729 5162 1794 5212 ah

206 5220 542 5297 ascensione
589 5224 790 5276 Domini
843 5241 1007 5293 usque
1050 5227 1117 5280 ad
1174 5244 1504 5282 Communem
1555 5220 1794 5281 omnium

205 5300 672 5345 resuirecltonetn
728 5304 902 5360 potest
951 5313 1122 5351 Vocart
1171 5301 1402 5352 secunda
1451 5297 1686 5351 Sabbati.
1738 5301 1792 5351 In

205 5376 328 5429 quo
360 5367 599 5436 tvtnpo‘re
633 5377 722 5436 per
752 5370 1022 5432 apostolos
1042 5379 1094 5422 et
1126 5383 1396 5436 [tricenties
1426 5380 1638 5422 sanctos
1669 5383 1794 5421 con-

205 5431 464 5483 stituitur
491 5433 588 5484 hoc
620 5431 1030 5497 liriuanteutuin,
1064 5431 1252 5500 id'est,
1288 5436 1546 5501 Ευοιεθὶιι,
1577 5448 1630 5490 et
1661 5453 1794 5490 cun-

205 5501 488 5553 solidatur
517 5505 566 5576 in
601 5505 774 5576 nti-dio
802 5519 1076 5573 aquarum,
1111 5509 1161 5560 id
1190 5516 1289 5572 est,
1343 5521 1625 5573 maiorum,
1665 5524 1796 5576 quo-

203 5585 341 5623 rum
376 5573 728 5626 aittaritudine
755 5577 1112 5630 circttiiidatur
1155 5579 1402 5644 undique.
1450 5576 1523 5629 De
1571 5573 1794 5630 ὴυεῚὶι-

204 5654 498 5716 _niaui_ent_o
551 5657 654 5716 non
687 5645 1038 5716 signiﬁcante,
1069 5649 1160 5699 sed
1193 5648 1507 5716 signiﬁcato,
1542 5652 1713 5716 agitur
1743 5651 1794 5700 in

203 5711 322 5762 hoc
351 5710 590 5788 .l’salnto.
619 5710 778 5788 tiuju's
806 5717 986 5788 titulus
1015 5710 1094 5769 est
1128 5735 1140 5768 :
1171 5710 1406 5772 Secunda
1438 5710 1648 5788 Sabbati
1683 5719 1793 5769 laus

200 5783 408 5834 cmttiri
456 5784 576 5847 [iliis
618 5784 758 5838 Core.
811 5786 960 5851 Quod
1005 5789 1080 5841 sic
1130 5789 1433 5857 intelligitur
1471 5806 1480 5839 :
1512 5786 1650 5842 Laus
1696 5799 1790 5841 ista

1899 549 2129 600 secunda
2164 549 2402 614 Sabhati-,
2433 547 2482 601 id
2505 559 2608 613 est,
2636 553 2701 601 de
2729 549 2884 602 rebus
2915 547 3224 617 signiﬁcatis
3255 563 3350 613 per
3381 565 3466 601 res

1899 626 2106 670 creatas
2158 619 2208 669 in
2257 620 2488 671 secunda
2539 619 2779 678 Sabbati,
2829 619 3133 685 preposiius
3182 618 3302 669 liliis
3332 617 3467 670 Core

1901 685 2110 750 futuris,
2138 688 2210 756 rid
2250 697 2351 750 est,
2395 690 2640 740 omnibus
2669 690 2966 756 quicunque
3009 689 3301 740 imitatores
3341 702 3464 752 pas-

1898 757 2062 826 sionis
2092 755 2282 810 Cill‘ISti
2312 772 2431 810 esse
2457 758 2736 820 voluerint,
2768 766 2824 810 ut
2855 755 3020 826 magis
3049 769 3101 810 et
3144 758 3309 822 magis
3342 771 3464 821 pro-

1899 823 2097 878 ﬁciant.
2132 827 2190 878 Et
2231 836 2314 880 est
2343 842 2439 879 vox
2475 828 2765 892 propheta»,
2801 828 2876 878 vel
2929 823 3186 892 cujusque
3240 826 3460 892 perfecti

1897 895 1966 947 de
1995 896 2152 960 priori
2197 896 2405 963 populo,
2440 898 2806 961 cognoscentis
2841 912 2932 959 per
2969 898 3218 962 Spiritum
3260 894 3460 948 consti-

1898 967 2146 1017 tuendam
2175 981 2296 1019 esse
2331 966 2642 1032 Ecclesium,
2673 976 2724 1018 et
2754 966 3085 1018 extim-tantis
3117 980 3232 1027 nos,
3265 979 3329 1016 ne
3368 979 3464 1017 nos

1897 1035 2290 1097 subtrahamiis,
2341 1037 2466 1098 into,
2516 1037 2686 1102 quoad
2717 1051 3018 1103 possumus,
3053 1035 3104 1087 iii
3149 1035 3248 1086 hoc
3290 1034 3462 1087 {ediﬁ-

1896 1104 2034 1155 cium
2068 1106 2266 1172 ingredi
2297 1105 2546 1169 nitamur,
2580 1120 2634 1158 ut
2663 1105 2763 1156 vivi
2814 1105 3046 1171 lapides.
3093 1103 3133 1156 si
3176 1118 3279 1156 non
3326 1120 3459 1172 qua-

1896 1173 2056 1236 drati,
2085 1175 2272 1227 saltem
2303 1177 2698 1242 qualescunque
2723 1177 2774 1227 in
2802 1190 2866 1227 eo
2894 1174 3097 1227 fiamus.
3130 1175 3465 1241 Quapropter

1899 1243 2192 1307 ingreditur
2236 1246 2612 1297 commendare
2658 1246 2755 1296 hoc
2786 1243 3093 1309 aedilicium,
3134 1245 3316 1296 dicens
3347 1245 3415 1295 ita
3450 1262 3461 1294 :

1896 1310 2144 1365 Dominus
2173 1313 2326 1367 Pater
2356 1314 2558 1368 futurus
2587 1323 2670 1368 est
2698 1331 2930 1382 magnus.
2957 1316 3003 1364 id
3029 1323 3130 1373 e~t.
3157 1313 3466 1380 magniﬁcus

1896 1396 1991 1452 per
2039 1384 2172 1436 bona
2218 1399 2410 1451 opera,
2453 1401 2554 1437 itou
2592 1384 2643 1436 in
2692 1384 3002 1452 Babylonia,
3039 1383 3132 1436 sed
3173 1384 3226 1434 in
3268 1384 3466 1435 civitate

1897 1449 1993 1503 Dei
2021 1454 2199 1506 nostri.
2241 1449 2518 1508 Civitatem
2570 1455 2655 1508 hic
2699 1449 2887 1519 accipit
2919 1454 3286 1506 collectionem
3332 1454 3464 1506 lide-

1896 1522 2043 1584 liuin,
2075 1523 2123 1574 id
2151 1530 2251 1586 est,
2287 1524 2599 1587 Ecclesium,
2633 1539 2749 1591 qua:
2778 1533 2858 1576 est
2897 1525 3082 1576 civitas
3128 1523 3222 1575 Dei
3271 1524 3463 1584 nostri,

1897 1606 1991 1661 per
2016 1600 2246 1644 nostram
2273 1600 2512 1646 naturam
2536 1605 2798 1658 sumptam
2824 1593 2968 1657 facti,
2995 1597 3115 1661 quia
3143 1596 3371 1657 pertinet
3397 1591 3463 1646 ad

1897 1659 2126 1713 Verbum
2163 1662 2511 1716 incarttatunt.
2538 1662 2602 1715 Et
2631 1662 2886 1716 Dominus
2917 1659 3074 1716 etiam
3126 1663 3332 1714 futurus
3376 1670 3461 1715 est

1895 1730 2062 1792 nimis,
2091 1730 2144 1783 id
2190 1741 2290 1796 est,
2323 1733 2475 1786 valde
2507 1733 2799 1795 laudabilis,
2831 1748 2952 1786 cum
2999 1747 3098 1786 nec
3142 1731 3460 1799 cogitatione

1896 1801 2213 1873 apostatahit
2255 1803 2520 1873 initiante
2545 1813 2718 1855 sancto
2743 1806 2873 1873 ejus,
2903 1803 2953 1855 id
2995 1812 3097 1865 est,
3136 1802 3186 1854 in
3227 1801 3459 1863 Christo,

1896 1871 1984 1935 qui
2014 1880 2174 1937 caput
2203 1881 2282 1924 est
2330 1872 2486 1938 hujus
2528 1871 2778 1927 civitatis.
2828 1875 2889 1924 Et
2927 1882 3009 1925 est
3057 1886 3208 1924 mons
3251 1880 3467 1924 sanctus

1895 1940 2198 1994 conscissus
2227 1941 2293 1994 de
2320 1951 2518 2004 monte,
2546 1942 2594 1994 id
2624 1953 2727 2005 est,
2759 1953 2911 1995 natus
2935 1943 2999 1994 de
3027 1940 3246 1995 Judaico
3274 1943 3467 2007 popqu

1895 2011 2010 2062 sine
2061 2010 2304 2062 inanibus
2350 2012 2772 2077 concidentium,
2813 2011 2866 2064 id
2915 2021 3018 2074 est,
3071 2011 3186 2063 sine
3223 2011 3466 2062 manibus

1894 2077 2377 2146 complectentium.
2411 2081 2570 2134 Maria
2613 2083 2775 2145 enim,
2818 2081 2884 2136 de
2913 2097 3013 2148 qua
3043 2091 3196 2132 natus
3223 2088 3326 2139 est,
3360 2095 3464 2131 non

1895 2150 2139 2212 cegnuvit
2179 2149 2381 2215 virum;
2415 2151 2498 2204 hic
2521 2158 2696 2204 autem
2731 2167 2882 2204 mons
2911 2147 3078 2204 crevit
3106 2159 3160 2202 et
3188 2147 3359 2202 factus
3382 2160 3464 2201 est

1897 2232 2117 2283 magnus
2166 2237 2335 2282 mons,
2388 2231 2441 2273 et
2488 2221 2722 2285 implevit
2764 2222 3062 2273 universam
3105 2228 3319 2273 terrain.
3351 2218 3462 2271 Νοιι

1893 2289 1967 2340 sis
1993 2302 2120 2354 ergo
2152 2289 2294 2355 piger
2319 2292 2609 2344 ascendere
2639 2307 2689 2344 in
2729 2292 2869 2344 hunc
2899 2302 3155 2355 montem,
3188 2292 3308 2353 quia
3351 2288 3464 2352 ipse

1896 2371 1998 2408 non
2032 2356 2130 2411 fuit
2161 2359 2341 2413 tardus
2368 2363 2548 2414 venire
2589 2359 2655 2413 ad
2685 2372 2735 2413 te
2763 2360 3141 2414 dormientem.
3173 2358 3285 2410 Non
3318 2361 3459 2411 enim

1893 2437 2103 2493 oportet
2129 2437 2180 2482 te
2207 2429 2471 2493 laborare,
2493 2430 2577 2482 vel
2606 2429 2953 2497 peregrinari,
2981 2441 3033 2482 ut
3067 2432 3206 2482 hunc
3228 2437 3463 2480 montem

1895 2497 2158 2562 invenias,
2188 2499 2282 2552 sed
2305 2498 2349 2552 si
2376 2501 2515 2553 hunc
2542 2511 2775 2553 montem
2809 2515 2912 2553 non
2941 2500 3207 2564 ascendis,
3230 2505 3286 2551 et
3316 2497 3368 2551 iit
3396 2510 3460 2550 eo

1894 2568 2260 2638 tioitprolicis,
2291 2579 2412 2638 tunc
2441 2585 2567 2623 vero
2592 2573 2899 2638 peregrinus
2927 2569 3054 2623 eris.

1964 2635 2238 2690 Fundatur
2265 2635 2618 2692 exsultatione.
2663 2635 2776 2692 Duo
2809 2643 3003 2706 posuit,
3030 2638 3318 2704 civitatem,
3347 2636 3456 2690 sci-

1895 2706 2037 2778 licet,
2073 2721 2127 2761 et
2166 2719 2399 2762 montem
2429 2719 2668 2763 sanctum
2697 2709 2832 2778 ejus.
2879 2708 3033 2763 Modo
3077 2708 3300 2777 primum
3345 2716 3464 2778 aget

1893 2777 1960 2846 de
1985 2779 2220 2843 civitate,
2261 2781 2542 2846 postmodo
2588 2775 2822 2846 aget'de
2870 2775 3091 2845 nionte,‘
3117 2778 3299 2831 dicens
3343 2775 3413 2830 ita
3449 2795 3462 2830 :

1893 2845 2076 2919 Civitas
2102 2850 2231 2915 regis
2259 2845 2451 2918 magni.
2475 2845 2641 2918 Cujus
2667 2850 2783 2916 quia
2816 2864 3034 2919 magnus
3059 2863 3303 2919 magnam
3320 2860 3463 2919 coo-

1893 2916 2046 2971 decet
2071 2933 2191 2972 esse
2218 2915 2515 2983 civitatem,
2542 2915 2785 2986 fundatur
2811 2923 2877 2972 ab
2899 2915 3251 2982 exsultatione,
3281 2915 3332 2970 id
3357 2927 3461 2980 est,

1893 2988 1960 3038 ab
1989 2989 2429 3043 exsultationibus
2460 2992 2702 3042 universa:
2731 2999 2897 3043 teme.
2943 2991 3128 3043 Nullus
3170 2991 3310 3042 enim
3339 3001 3463 3041 vere

1893 3060 2148 3122 exsultat,
2175 3059 2274 3112 nisi
2300 3061 2387 3127 qui
2417 3063 2468 3112 in
2496 3060 2601 3112 Deo
2624 3060 2868 3113 exsultat.
2897 3059 2960 3112 Et
2982 3059 3214 3112 ostendit
3243 3059 3342 3110 hoc
3369 3071 3464 3125 per

1897 3139 2090 3198 partes,
2131 3129 2353 3198 scilicet,
2385 3131 2505 3196 quia
2554 3145 2696 3181 mons
2739 3129 2885 3191 Sion,
2918 3130 2968 3182 id
3009 3139 3113 3195 est,
3144 3127 3356 3196 quidam
3401 3127 3468 3179 de

1890 3195 2109 3260 ludatis,
2140 3195 2230 3266 qui
2254 3195 2500 3251 dicuntur
2527 3216 2666 3250 mons
2698 3199 2845 3259 Sion,
2880 3200 2927 3250 id
2979 3211 3081 3259 cet,
3114 3195 3252 3250 utens
3283 3211 3462 3264 specu-

1892 3265 2118 3331 lationis,
2162 3265 2380 3335 propter
2427 3269 2672 3337 legalium
2710 3269 3134 3328 observantiam,
3185 3266 3464 3337 suntciui-

1892 3343 1967 3387 tas
2011 3339 2140 3405 regis
2187 3339 2382 3403 magni,
2425 3335 2546 3406 quia
2590 3339 2725 3390 alter
2771 3341 2941 3404 paries
2989 3350 3130 3388 sunt.
3189 3335 3255 3388 Et
3308 3336 3466 3387 latera

1892 3405 2154 3473 Aquilonis
2201 3415 2325 3460 sunt
2365 3405 2522 3478 etiam
2575 3409 2768 3478 civitas
2800 3409 2932 3478 regis
2981 3407 3170 3471 magni,
3218 3406 3339 3478 quia
3388 3412 3465 3478 a1-

1893 3485 1972 3528 ter
1999 3479 2172 3542 paries
2205 3488 2347 3530 sunt.
2402 3477 2586 3529 Lalera
2630 3476 2881 3546 aquilonis
2921 3487 3044 3530 sntit
3095 3477 3333 3528 homines
3373 3477 3467 3527 de-

1890 3547 2240 3612 speratissimi
2289 3548 2355 3600 de
2404 3549 2648 3614 gentibus
2695 3548 2783 3615 qui
2839 3550 3070 3600 maxime
3125 3547 3466 3615 adhaeserunt

1890 3615 2138 3684 Aquiloni
2166 3618 2238 3672 illi
2265 3618 2351 3684 qui
2382 3616 2512 3670 dixit
2541 3634 2552 3668 :
2589 3614 2786 3669 Ponant
2815 3617 2980 3670 sedent
3013 3633 3175 3669 meam
3206 3614 3273 3666 ad
3305 3616 3461 3679 Aqui-

1890 3683 2079 3755 lonem,
2109 3697 2158 3740 et
2182 3702 2267 3739 ero
2284 3683 2475 3740 similis
2502 3688 2778 3739 Altissimo.
2824 3686 2879 3739 lit
2907 3688 3100 3755 quibus
3130 3689 3244 3753 quia
3282 3699 3460 3754 super-

1889 3754 2164 3810 abundav't
2193 3758 2454 3823 iniquitas,
2485 3757 2687 3826 refrixit
2716 3754 2963 3820 charitas,
2996 3759 3134 3824 quod
3187 3767 3331 3809 recte
3373 3769 3465 3826 per

1890 3826 2204 3894 Aquilonem
2257 3825 2584 3894 intelligitur.
2636 3827 2828 3894 Aquilo
2883 3843 3111 3894 namque
3161 3825 3468 3879 contrarios

1892 3909 2079 3947 vetitus
2120 3897 2303 3949 calidae
2346 3898 2510 3963 plaga:
2545 3896 2889 3950 nitieritlionali
2937 3907 3038 3959 est,
3071 3899 3196 3963 quia
3247 3894 3466 3963 frigidus

1891 3975 1994 4016 est.
2029 3965 2095 4016 Et
2124 3967 2246 4019 ideo
2275 3967 2325 4018 in
2355 3967 2616 4032 Aquilone
2644 3967 2884 4018 diabolus
2915 3977 2966 4018 et
2993 3982 3178 4020 omnes
3209 3965 3381 4033 frigidi
3415 3967 3463 4016 iii

1892 4034 2150 4088 charitate
2191 4036 2576 4103 intelliguntur,
2609 4038 2694 4103 qui
2739 4037 2937 4089 sanctis
2981 4052 3132 4099 viris,
3165 4039 3251 4104 qui
3285 4049 3464 4088 verum

1891 4108 2057 4158 solent
2085 4105 2306 4173 justitia:
2352 4121 2566 4172 semper
2611 4117 2927 4173 praesentem
2963 4107 3177 4170 habent,
3210 4104 3464 4158 contrarii

1891 4186 2035 4228 sunt.
2071 4177 2145 4229 De
2176 4177 2258 4229 his
2285 4178 2444 4229 etiam
2493 4176 2591 4228 fuit
2630 4177 2766 4229 lilins
2816 4179 2902 4229 ille
2929 4179 3036 4244 qui,
3064 4180 3302 4228 devorata
3354 4174 3464 4226 sub-

1889 4249 2079 4297 stantia
2104 4263 2195 4298 sua
2225 4263 2341 4298 cum
2373 4247 2734 4309 meretricibus,
2779 4248 2902 4299 abiit
2945 4249 2996 4298 in
3040 4248 3292 4315 regionem
3318 4245 3469 4295 dissi-

1892 4316 2229 4382 militudinis,
2281 4326 2328 4368 et
2374 4316 2592 4369 adltwsit
2639 4319 2737 4369 uni.
2772 4319 2989 4385 principi
3035 4318 3174 4369 illius
3220 4317 3462 4383 rrgionis,

1892 4387 2162 4460 Aquiloni,
2205 4386 2440 4460 scilicet;
2473 4389 2560 4439 sed
2611 4388 2827 4460 tandem
2856 4403 3080 4439 reversis
3129 4388 3309 4460 alluse,
3343 4385 3462 4460 quia

1892 4459 2049 4508 etiam
2099 4457 2336 4510 Ecclesia
2382 4459 2449 4509 de
2494 4457 2937 4524 desperatissimis
2988 4468 3040 4508 et
3095 4453 3470 4521 pertlitissititis

1893 4527 2256 4580 CUIISilIllcndJ
2302 4536 2436 4592 erat,
2465 4527 2594 4579 dixit
2626 4544 2637 4576 :
2673 4526 2916 4594 Surgunt,
2962 4535 3008 4576 et
3039 4527 3116 4576 ibo
3158 4524 3225 4575 ad
3263 4532 3459 4594 patrem

1895 4612 2078 4660 meum,
2111 4608 2214 4650 etc.
2249 4597 2386 4649 Ecce
2419 4598 2669 4649 redeunte
2697 4593 2820 4658 isto,
2842 4597 2947 4648 duo
2976 4594 3174 4661 populi,
3205 4607 3326 4646 ecce
3350 4593 3468 4644 duo,

1896 4675 2122 4733 parietes
2174 4669 2441 4720 licclesiie.
2495 4667 2594 4719 l’er
2643 4665 2788 4717 illum
2837 4680 2979 4716 enim
3022 4666 3109 4732 qui
3156 4663 3469 4726 revertitur,

1895 4737 2105 4803 gentilis
2158 4737 2379 4804 populus
2428 4736 2756 4802 intelligitur,
2793 4737 2878 4803 qui
2922 4735 3053 4786 adeo
3095 4748 3125 4786 a
3176 4743 3458 4804 patrersuo

1897 4802 2404 4872 recesseratpquod
2447 4805 2601 4858 etiam
2651 4802 3107 4856 idola’adorabat.
3162 4804 3258 4856 Per
3314 4802 3466 4855 illuni

1899 4892 2022 4928 vero
2050 4877 2138 4943 qui
2166 4891 2284 4927 cum
2317 4890 2465 4942 patre
2512 4873 2726 4935 mansit,
2758 4875 3006 4926 Judaicus
3057 4875 3280 4942 populus
3320 4873 3462 4925 desi-

1897 4959 2110 5014 gnatur,
2143 4959 2484 5010 perseverans
2517 4945 2565 4996 in
2599 4944 2852 4996 institutis
2881 4943 3155 5014 legalibus,
3185 4943 3468 5011 exquibus

1900 5021 2104 5068 duobus
2128 5014 2412 5067 constituta
2441 5023 2524 5067 est
2556 5015 2813 5078 Ecclesia,
2837 5023 2890 5067 et
2910 5030 3052 5066 mons
3074 5013 3200 5066 Sion
3228 5027 3277 5066 ei
3304 5014 3464 5065 latera

1899 5085 2161 5151 Aquilonis
2205 5094 2328 5137 sunt
2375 5084 2548 5135 civitas
2587 5085 2718 5150 regis
2767 5085 2955 5152 magni.
3005 5084 3211 5137 Habent
3249 5083 3461 5147 quidam

1901 5155 2038 5217 libri,
2065 5155 2256 5207 Montis
2282 5155 2432 5217 Sion,
2457 5154 2595 5220 quod
2621 5157 2698 5207 sic
2721 5153 3045 5206 construitur
3075 5173 3089 5208 :
3121 5153 3308 5206 civitas
3346 5153 3464 5203 fun-

1897 5225 2050 5277 datur
2081 5228 2148 5276 ab
2177 5225 2524 5278 exsultatione
2575 5229 2834 5277 universa:
2883 5236 3057 5287 terra},
3089 5225 3280 5275 montis
3310 5221 3466 5284 Sion,

1901 5295 1950 5347 id
1983 5305 2086 5358 est,
2117 5295 2183 5348 ab
2222 5297 2304 5348 Itis
2332 5295 2418 5361 qui
2464 5295 2529 5346 de
2569 5293 2768 5347 Judaes
2795 5308 3036 5347 conversi
3083 5295 3368 5345 exsultant.
3401 5291 3466 5342 ιιι

1900 5365 2017 5418 ideo
2043 5373 2187 5431 ponit
2212 5368 2453 5418 univcrste
2482 5373 2648 5429 tet-rte,
2680 5379 2800 5416 cum
2839 5368 2906 5416 de
2936 5363 3057 5414 solis
3093 5361 3291 5416 ludzeis
3321 5370 3466 5426 agat,

1899 5452 2018 5500 quia
2054 5447 2188 5487 inter
2219 5437 2360 5500 ipsos
2388 5433 2600 5487 .ludieos
2640 5434 2881 5500 quaedam
2921 5433 3090 5483 tribus
3131 5432 3462 5497 desperatis-

1898 5508 2045 5559 sima:
2076 5515 2250 5567 erant,
2284 5516 2338 5558 ut
2368 5506 2532 5556 tribus
2562 5504 2853 5570 Benjamin,
2886 5505 2950 5554 de
2990 5517 3089 5567 qua
3128 5500 3227 5554 luit
3275 5501 3465 5554 Saulus

1899 5589 1950 5628 et
1980 5589 2164 5628 omnes
2196 5576 2458 5640 principes
2486 5575 2626 5626 illius
2653 5575 2847 5639 populi.

1973 5643 2106 5696 Deus
2148 5639 2203 5696 in
2240 5648 2492 5696 domibus.
2543 5643 2713 5708 Mons,
2758 5644 2989 5708 inquam,
3025 5639 3153 5694 Sion
3199 5650 3252 5693 et
3309 5641 3468 5694 littera

1899 5715 2159 5781 Aquilonis
2187 5723 2309 5767 sunt
2331 5716 2503 5766 civitas
2533 5713 2663 5781 regis
2692 5713 2879 5778 magni.
2914 5714 2974 5762 tt
2998 5712 3096 5763 ltoc
3128 5712 3304 5776 modo,
3341 5730 3472 5764 nam

1900 5791 2266 5854 cognoscetur,
2298 5785 2348 5838 id
2373 5794 2473 5850 est,
2500 5798 2593 5853 per
2618 5783 2883 5838 evidentia
2916 5782 3324 5853 Sigttu-pt’a!SCtts
3347 5798 3467 5836 esse
