3922 6190
397 315 502 369 753

882 311 1084 366 BEDAE
1124 309 1574 364 VENEIlABlIJS
1608 307 1760 364 OPP.
1818 306 1989 363 PARS
2028 307 2086 362 ll.
2132 308 2322 365 SECT.
2367 310 2427 364 ll.
2471 341 2538 352 —
2579 308 2780 365 DUBIA
2824 308 2908 363 ET
2947 307 3213 363 SPUllH.

3539 310 3648 367 736

393 432 625 487 audiam.
662 426 961 481 llutnilialto
989 425 1110 479 dico
1145 427 1194 477 in
1227 423 1554 492 parabolarn,
1585 424 1704 492 quia
1747 436 1968 493 necesse
2001 430 2043 485 Λ
2072 429 2226 493 cujus
2272 436 2430 492 caput
2466 435 2744 492 conterere
2770 426 3044 480 debemus.
3098 426 3245 480 Unde
3278 427 3398 478 Eva!
3431 435 3484 479 et
3528 441 3645 480 ser-

397 512 481 558 esl
510 509 565 553 ttt
594 498 764 551 adhuc
795 496 1100 563 parabolice
1130 491 1365 556 audiam,
1394 495 1515 562 quia
1544 493 1773 560 quandiu
1797 493 1848 544 in
1876 491 1972 543 hoc

395 586 608 635 corpore
649 583 845 630 sumus,
877 582 907 617 a
941 563 1155 616 Domino
1200 565 1597 635 peregrinantur,
1628 573 1681 616 et
1717 578 1781 615 ex
1822 571 1972 626 parte

402 633 602 693 tantum
632 637 891 688 videmus.
922 634 1070 688 Unde
1101 635 1383 703 Apostolus
1415 649 1425 683 :
1476 633 1706 686 l'idemus
1730 645 1972 703 nuncper

400 710 656 778 speculum
686 707 739 758 in
766 705 1051 778 wrtigmate.
1081 700 1558 769 Quantumcunque
1597 703 1739 756 enim
1781 700 1971 778 aliquis

401 770 666 841 resculpet
695 789 743 828 et
779 770 986 827 excidat
1032 790 1126 827 cor
1167 789 1344 836 suum,
1393 783 1862 838 quantumcunque
1905 770 1971 821 ad

403 851 653 901 interiora
686 845 910 897 videnda
942 844 1230 911 conlugiat,
1275 857 1449 895 tamen
1479 843 1604 894 dum
1639 843 1688 894 in
1723 841 1820 893 hac
1848 853 1972 911 cor-7

403 918 646 980 ruptione
667 930 848 967 sumus
870 929 1076 977 orrrrres,
1102 909 1233 964 {isto
1257 927 1412 980 quam
1441 911 1698 964 habt-mus
1719 923 1798 962 est
1817 909 1969 980 quasi

404 978 649 1052 arnigma,
684 985 764 1038 vel
799 984 1070 1051 parabole,
1100 983 1148 1034 id
1179 978 1285 1046 est,
1314 983 1606 1034 similitudo
1632 982 1856 1052 obscura
1907 978 1972 1031 ad

404 1051 551 1110 illam
587 1056 845 1110 vrsionetn
877 1069 1032 1121 quam
1063 1054 1158 1106 soli
1202 1052 1321 1104 boni
1365 1052 1631 1105 habebunt
1675 1062 1810 1121 post;
1840 1051 1976 1121 hanc

405 1129 838 1193 corruptionem;
873 1119 970 1177 erit
1004 1134 1178 1193 tamen
1213 1123 1280 1174 ibi
1311 1121 1606 1193 corporalis
1621 1122 1756 1174 visio
1779 1119 1974 1193 Christi

403 1190 721 1258 Communis,
751 1197 888 1246 sicut
917 1203 970 1246 et
991 1193 1075 1245 hic
1106 1192 1202 1244 lnit
1246 1192 1398 1244 bonis
1427 1201 1480 1244 et
1511 1193 1684 1254 malis,
1722 1190 1841 1252 quia
1890 1190 1974 1241 di—

405 1278 546 1319 ctum
571 1277 652 1319 est
677 1283 688 1317 :
723 1264 969 1316 Videbunt
992 1264 1043 1314 in
1066 1279 1213 1333 quem
1231 1263 1617 1333 transfixerunt.
1638 1263 1779 1333 Solis
1796 1269 1973 1333 autem

407 1337 754 1389 dilectoribus
802 1335 887 1386 illa
939 1330 1085 1385 visio
1118 1330 1438 1395 reservatur,
1469 1332 1536 1385 de
1572 1347 1674 1397 qua
1719 1330 1976 1384 D0ruiuus

407 1406 534 1457 dicit
565 1425 575 1459 τ
611 1405 669 1460 Si
699 1405 809 1474 quis
840 1404 1003 1473 diligit
1033 1419 1128 1464 me,
1162 1403 1400 1470 diligetur
1420 1420 1452 1474 a
1474 1401 1626 1454 Patre
1655 1410 1859 1474 meo,_et
1881 1415 1977 1474 ego

409 1479 618 1543 diligam
663 1471 799 1533 eum,
830 1486 873 1525 et
908 1471 1236 1541 manifestabo
1276 1475 1322 1524 ei
1362 1473 1648 1543 tneipsum.
1675 1473 1734 1543 Et
1773 1471 1840 1523 de
1872 1471 1978 1543 _lra_c

412 1539 608 1599 dictum
639 1557 716 1597 est
749 1561 761 1596 :
797 1545 1025 1596 Tollatur
1048 1539 1276 1612 't'nrprus,
1310 1559 1371 1594 ne
1399 1543 1561 1594 videat
1601 1541 1814 1610 gloriam
1861 1539 1975 1612 Dei.

413 1617 517 1667 Nec
550 1617 660 1668 hanc
688 1615 822 1668 visio
851 1611 1222 1673 exterioribus,
1263 1612 1354 1663 sed
1383 1623 1585 1664 tatrlunt
1633 1611 1978 1662 interioribus

413 1687 581 1739 oculis
622 1687 814 1753 poterit
845 1683 1032 1737 videri.
1068 1682 1357 1743 Inrlinabo,
1395 1685 1628 1744 inquam,
1676 1695 1874 1743 aurem,
1923 1688 1978 1753 ut

2076 497 2217 562 pen-ti
2249 498 2445 551 dictum
2476 506 2559 550 est
2589 515 2601 548 :
2637 496 2758 557 Ipse
2800 497 3128 548 insidiabitur
3157 497 3393 548 calcanco
3427 510 3509 549 tuo
3533 537 3547 558 ,
3594 505 3652 549 tu

2073 577 2298 620 conteres
2327 576 2482 634 caput
2511 569 2640 636 ejus.
2671 567 2902 634 Serpens
2929 569 3069 620 enim
3088 608 3104 632 ,
3134 567 3182 618 id
3221 577 3304 618 est
3359 567 3606 618 diabolus
3631 609 3648 631 ,

2073 639 2326 690 calcarreo
2346 676 2360 699 ,
2409 637 2458 690 id
2492 649 2604 700 est,
2639 637 2806 701 lapsrri
2837 636 3014 690 carnis
3045 646 3242 690 nostrae
3274 651 3486 701 semper
3517 637 3653 689 insi-

2074 707 2328 772 diabitrrr,
2351 715 2410 760 ut
2435 723 2527 772 per
2550 707 2601 760 id
2627 721 2724 759 nos
2745 706 2977 773 decipiat
3000 707 3051 758 in
3076 723 3181 770 quo
3207 706 3420 774 fragiles
3442 721 3652 756 smnus.

2075 776 2178 829 Sed
2213 792 2312 829 nos
2358 786 2518 842 caput
2547 778 2686 844 ejus,
2719 777 2766 829 id
2799 787 2900 836 εει,
2939 778 3252 844 principium
3295 777 3655 844 suggestionis

2075 846 2192 916 ejus
2225 846 2291 898 ad
2325 856 2523 912 petram
2548 885 2563 908 ,
2601 847 2649 898 id
2698 856 2800 910 est,
2832 845 3098 900 Christum
3127 887 3141 909 ,
3174 857 3459 916 crtnlerere
3484 846 3657 916 debe-

2077 915 2216 978 mus,
2251 932 2318 969 ne
2345 916 2410 969 ad
2439 917 2708 979 ell‘eetttrn,
2740 917 2966 978 scilicet,
3001 917 3341 986 producatur,
3375 915 3497 981 quia
3527 915 3657 986 b_ea-_-

2079 997 2161 1040 tus
2189 995 2270 1040 est
2308 987 2396 1054 qui
2444 987 2645 1039 tenebit
2689 995 2743 1039 et
2785 987 2966 1040 allidet
2993 983 3113 1040 eum
3158 989 3221 1038 ad
3268 996 3492 1053 petram.
3542 983 3656 1054 sed

2076 1060 2197 1125 qrria
2228 1053 2377 1123 quasi
2419 1055 2560 1110 dicat
2606 1057 2656 1108 in
2693 1066 2951 1122 potestate
2992 1072 3105 1109 mea
3151 1066 3270 1118 est,
3316 1056 3430 1109 lucc
3467 1053 3653 1108 omnia

2077 1129 2156 1180 vel
2188 1127 2427 1179 devitarc
2456 1127 2726 1186 devitabo,
2759 1138 2811 1180 et
2843 1126 2921 1180 sic
2958 1128 3083 1179 nihil
3118 1128 3298 1179 timeo.

2151 1197 2250 1262 Qui
2281 1197 2565 1261 conﬁdunt.
2597 1197 2856 1250 Describit
2881 1197 2970 1262 qui
3001 1198 3104 1249 sint
3130 1196 3203 1248 illi
3231 1197 3315 1260 qui
3347 1197 3570 1248 timeant
3601 1194 3655 1246 in

2079 1267 2164 1320 die
2190 1267 2350 1328 mala,
2379 1267 2461 1318 vel
2489 1281 2618 1333 quos
2645 1267 2888 1335 iniquitas
2915 1266 3138 1318 calcanei
3162 1266 3520 1324 circumdabit,
3543 1279 3660 1315 om-

2079 1353 2172 1389 nes
2217 1336 2287 1389 illi
2328 1337 2532 1389 scilicet
2569 1336 2658 1403 qui
2695 1336 2958 1400 confidunt
2998 1338 3050 1388 in
3091 1337 3273 1388 virtute
3308 1352 3421 1388 sua.
3475 1335 3660 1387 Potest

2078 1422 2292 1474 quoque
2321 1406 2564 1473 sttperior
2596 1419 2780 1458 tersus
2811 1416 2952 1458 totus
2981 1406 3080 1459 sub
3119 1407 3534 1473 interrogatione
3559 1442 3576 1466 ν
3610 1405 3656 1455 Si

2079 1473 2364 1545 qrris'nolit
2393 1477 2572 1529 dicere
2594 1515 2607 1538 ,
2643 1477 2781 1545 quod
2813 1476 3077 1541 perfectus
3110 1475 3197 1528 ille
3235 1477 3324 1544 qui
3359 1475 3445 1526 hic
3475 1473 3657 1545 loqui-_

2081 1541 2185 1608 tur,
2233 1547 2366 1599 alios
2398 1546 2449 1598 in
2497 1561 2555 1599 sc
2588 1544 2954 1598 transferendo
2977 1585 2992 1609 ,
3042 1541 3376 1607 timeatfsed
3406 1545 3473 1596 sit
3504 1541 3662 1610 quasi

2078 1617 2223 1669 dicat
2255 1635 2266 1669 :
2303 1618 2411 1681 ligo
2454 1619 2534 1668 vel
2565 1617 2739 1682 quivis
2785 1615 3048 1684 perlectus
3071 1657 3086 1679 ,
3136 1629 3231 1668 cur
3260 1613 3562 1667 timebimus
3591 1613 3662 1684 fin

2080 1688 2160 1739 die
2203 1687 2380 1740 mula?
2419 1685 2663 1749 Nunquid
2694 1683 2835 1738 enim
2878 1686 3115 1753 iniquitas
3145 1686 3366 1736 calcanei
3412 1684 3509 1734 mei
3550 1683 3660 1734 cir-

412 1747 728 1830 audiam-[el
756 1754 948 1830 deinde
989 1753 1215 1830 aperiam
1261 1753 1655 1830 propositionem
1696 1765 1880 1830 niteant,
2014 1773 2057 1830 Β
2082 1747 2716 1830 quin-dabitque?-ljliqug
2763 1770 2865 1808 ηοη
2890 1795 2905 1816 ’
2941 1747 3061 1822 duia
3094 1758 3239 1808 50'03
3279 1755 3396 1807 iung
3425 1768 3662 1806 οιτριηη..

413 1836 516 1889 est,
548 1817 670 1878 illud
700 1825 839 1891 quod
873 1817 1131 1886 tosui'nre
1174 1817 1513 1873 ostensurum
1542 1822 1592 1872 in
1623 1819 1885 1891 psalterio,

415 1888 516 1956 est,
535 1888 819 1961 incorpore
837 1907 929 1958 per
941 1892 1322 1961 operationem.
1344 1892 1490 1945 SlCttl
1505 1893 1643 1943 enim
1661 1890 1893 1961 musicus
1906 1888 1994 1939 ali-

415 1965 536 2033 quis
549 1959 709 2018 utitur
727 1959 999 2031 psalterio,
1022 1971 1078 2033 ut
1098 1963 1452 2033 instrumento
1467 1962 1532 2012 ad
1545 1975 1734 2012 sonum
1757 1959 1988 2033 aliquem

419 2027 823 2102 perliciendum,
857 2035 934 2084 sic
956 2032 1130 2085 anima
1155 2032 1320 2083 utitur
1341 2033 1694 2083 instrumento
1722 2027 1987 2102 corporis,

418 2098 484 2156 ad
522 2105 572 2157 id
614 2106 754 2171 quod
799 2119 826 2154 a
876 2102 1106 2155 V'critate
1137 2102 1358 2154 interitts
1386 2103 1587 2152 audivit
1615 2098 1986 2171 aperiendum.

423 2165 735 2240 lz‘xpressius
763 2175 906 2226 enim
928 2174 1266 2242 cognoscitur
1287 2172 1498 2239 quando
1525 2169 1748 2224 indictis
1767 2178 1820 2222 et
1841 2165 1996 2220 factis

419 2247 674 2313 aperitur.

489 2313 591 2366 Cur
625 2315 804 2367 timebo
831 2315 881 2365 in
914 2314 997 2367 die
1024 2312 1202 2366 mula?
1227 2312 1468 2379 iniquitas
1503 2310 1728 2365 calcanei
1754 2308 1850 2360 ηιεὶ
1885 2308 1998 2358 cir-

419 2386 671 2436 rumdalrit
695 2401 788 2437 me.
817 2386 905 2438 Sic
926 2385 1261 2435 continuatur
1286 2400 1297 2432 :
1335 2383 1458 2434 Dico
1482 2383 1602 2449 quia
1629 2381 1854 2446 aperiam
1880 2392 1998 2449 pro-

422 2455 721 2521 positionem
751 2471 933 2507 nteant.
963 2454 1084 2506 Haec
1107 2463 1279 2505 autem
1305 2464 1384 2521 cst
1411 2447 1812 2518 illa‘prOpositio
1834 2447 1998 2521 _:_AEgo

424 2517 504 2575 vel
529 2525 645 2590 quis
665 2525 796 2577 alter
819 2540 912 2576 cur
933 2523 1233 2576 timebimus
1257 2522 1306 2572 iu
1329 2520 1410 2570 die
1435 2517 1611 2573 mala?
1634 2521 1754 2572 Ideo
1775 2517 1997 2590 scilicet,

424 2588 556 2659 quia
575 2593 812 2662 iniqt-zitus
842 2593 1062 2646 calcauci
1091 2591 1421 2662 circumdabit
1467 2606 1564 2662 nos
1589 2631 1611 2662 ,ί
1638 2588 1788 2662 quasi
1816 2588 1955 2662 dicat
1983 2601 1996 2636 :

426 2657 552 2716 llam
575 2657 730 2715 causa
761 2664 959 2716 timoris
989 2666 1038 2714 in
1071 2669 1329 2728 potestate
1361 2660 1511 2714 liberi
1538 2660 1742 2713 arbitrii
1770 2657 1874 2710 mei
1897 2664 2000 2728 est,

430 2740 485 2783 ut
515 2735 708 2799 possim
735 2748 851 2788 eam
890 2725 1206 2796 admittere,
1251 2731 1329 2783 vel
1362 2732 1544 2783 vitare.
1579 2728 1765 2783 Vitabo
1787 2769 1802 2792 ,
1831 2736 1885 2799 et
1924 2725 2003 2778 sic

429 2804 480 2855 in
509 2798 590 2854 die
618 2804 751 2854 mala
783 2818 885 2855 nOn
931 2805 1140 2866 timebo,
1175 2801 1266 2855 9rd
1297 2802 1558 2868 gaudebo.
1592 2801 1714 2853 Dies
1744 2798 1878 2851 tnala
1922 2804 2005 2868 est

429 2875 536 2924 dies
579 2875 885 2925 calamitatis
935 2887 981 2924 et
1025 2872 1277 2937 miseriae,
1305 2867 1444 2938 ’qrrar
1475 2873 1655 2923 multis
1699 2871 1799 2923 erit
1841 2867 2001 2927 mala,

430 2943 612 2996 multis
634 2946 792 2996 etiam
817 2947 974 2996 bona.
1001 2943 1149 2995 Sir-ut
1169 2942 1308 2994 enim
1337 2941 1468 2992 nrala
1498 2940 1762 3007 perituris,
1782 2939 1849 2989 ita
1868 2941 2004 3007 bona

431 3013 720 3065 salvatrrlis.
764 3012 819 3065 ltt
851 3030 948 3082 qua
984 3012 1248 3079 perfectus
1290 3014 1386 3064 iste
1417 3006 1507 3079 qttt
1553 3012 1648 3082 hic
1677 3006 2006 3082 loqurtttr__ti-

432 3097 577 3135 ntere
604 3097 663 3137 ee
691 3083 836 3146 dicit,
869 3076 1220 3150 iron'pr-opter
1243 3095 1328 3150 se,
1357 3076 1448 3134 sed
1480 3081 1848 3133 transferendo
1865 3076 2005 3150 alios

432 3153 485 3206 itt
515 3169 591 3204 se.
624 3155 772 3217 Quod
806 3164 982 3206 autem
1008 3148 1152 3205 dicit
1185 3169 1197 3202 :
1229 3149 1484 3220 Iniquitas
1512 3153 1735 3220 calcanei
1774 3149 1871 3201 mei
1899 3148 2004 3199 cir-

427 3223 686 3276 cumdabit
729 3238 837 3286 me,
874 3223 948 3276 sic
982 3229 1155 3292 potest
1193 3219 1390 3290 accipi,
1424 3230 1480 3292 ut
1522 3235 1615 3288 per
1659 3219 1965 3272 calcanemn
1991 3254 2007 3279 ,

430 3293 519 3360 qui
565 3308 685 3360 pars
717 3295 864 3361 pedis
894 3291 998 3358 cst,
1045 3307 1136 3359 pes
1169 3300 1310 3345 tutus
1341 3291 1699 3359 intelligatur;
1742 3297 1793 3342 et
1826 3295 2006 3352 postea

432 3363 482 3414 id
529 3378 620 3430 per
648 3363 788 3432 qrrod
822 3365 878 3416 lit
907 3363 1034 3432 (pro
1071 3377 1136 3415 eo
1175 3361 1312 3430 quod
1347 3361 1432 3431 lit)
1458 3399 1474 3425 ,
1514 3361 1755 3424 scilicet,
1791 3371 2010 3432 μεθ-ιντο

432 3428 539 3484 via.
580 3428 689 3485 Etsi
718 3428 1000 3488 calcaneus
1040 3428 1222 3486 noster
1249 3428 1422 3484 ernnt'
1452 3433 1548 3485 vite
1589 3441 1784 3482 nostra:
1810 3469 1824 3487 ,
1867 3428 1968 3479 via:
1994 3463 2008 3488 ,

433 3503 658 3567 scilicet,
693 3517 887 3571 pravae.
917 3503 1179 3569 Quidquid
1211 3505 1350 3555 enirrt
1377 3518 1438 3556 ex
1469 3509 1648 3554 nostro
1675 3499 2008 3571 habebimus,

442 3587 658 3638 pravum
690 3567 826 3633 erit;
860 3567 999 3642 quod
1033 3567 1157 3625 tero
1186 3589 1252 3626 ex
1286 3574 1390 3624 Deo
1413 3614 1426 3636 ,
1463 3574 1655 3624 bonurn
1683 3577 1784 3623 est.
1818 3570 1885 3642 lit
1910 3567 2013 3619 erit

438 3642 547 3695 haec
577 3645 836 3696 sententia
868 3660 882 3696 :
916 3642 1166 3710 lrriquitus
1194 3646 1421 3694 culcmret
1453 3642 1568 3702 mei,
1599 3642 1646 3692 id
1675 3651 1776 3700 εει,
1809 3641 2010 3710 viarum

437 3728 713 3776 mearum,
761 3731 876 3780 quas
918 3707 1092 3782 prata:
1133 3723 1276 3774 sunt,
1308 3712 1653 3782 circumdabit
1681 3707 1862 3782 nre,_id
1907 3715 2008 3782 est,

437 3784 699 3851 cpprinrt-t
728 3777 812 3837 me
839 3786 892 3836 in
919 3777 1006 3836 die
1051 3784 1207 3835 mala.
1241 3783 1302 3836 Et
1338 3784 1451 3836 lra-c
1491 3792 1592 3835 errt
1625 3777 1827 3851 timoris
1867 3777 1968 3829 mei
1995 3815 2009 3840 ,

443 3850 524 3906 Vel
553 3854 835 3921 cujuslibet
865 3871 1040 3908 causa.
1077 3855 1180 3908 Sed
1211 3853 1330 3921 quia
1374 3857 1424 3906 itt
1459 3857 1718 3920 potestate
1747 3850 1895 3921 liberi
1928 3862 2013 3896 ar—

440 3924 580 3976 bitrii
619 3919 787 3977 nostri
829 3935 911 3978 est
941 3935 996 3977 ttt
1042 3919 1238 3992 pravas
1269 3927 1381 3976 vias
1412 3919 1718 3975 insistatnus
1743 3961 1758 3984 ,
1796 3919 2013 3992 velum]

439 3996 671 4046 vitemus
694 3994 801 4046 vias
827 3988 1112 4059 pravas,_et
1136 3996 1441 4046 insrstanrrts
1463 3992 1599 4046 viam
1625 4003 1844 4051 rectam,
1873 3988 2012 4040 illam

441 4065 640 4116 scilicet
672 4080 785 4129 qua:
831 4064 959 4116 dicit
988 4071 1052 4114 de
1092 4079 1150 4116 se
1185 4082 1196 4115 :
1234 4063 1342 4131 Ego
1371 4080 1482 4115 sum
1521 4063 1619 4126 tia,
1649 4070 1694 4112 et
1720 4063 2014 4131 iveritasnet

439 4134 543 4183 vita
571 4171 585 4192 ,
625 4126 796 4186 t't'sic
840 4148 941 4186 non
980 4126 1320 4194 timebimus:
1372 4133 1478 4184 into
1506 4130 1874 4200 gaudebimus.
1923 4126 2012 4200 Vel

440 4204 618 4263 aliter,
666 4217 756 4269 per
787 4203 1092 4256 calcaueum
1140 4203 1291 4255 facile
1321 4199 1644 4264 subruintur,
1683 4201 1803 4266 quia
1847 4199 2016 4269 magis

441 4270 490 4325 ei
522 4267 816 4336 innitimur,
846 4283 900 4326 et
942 4271 1060 4325 ideo
1094 4288 1185 4339 per
1214 4273 1520 4325 calczrnenrn
1570 4281 1780 4337 peccata
1814 4271 1902 4321 illa
1944 4267 2017 4339 si-

435 4352 690 4411 gnantur.
723 4344 914 4409 quibus
943 4337 1148 4395 facilius
1176 4342 1240 4393 ad
1266 4342 1534 4395 interitum
1559 4341 1881 4411 subruimur,
1910 4337 2014 4411 cri-

439 4407 652 4466 ininalia
674 4453 689 4477 ,
720 4407 943 4466 scilicet.
993 4413 1150 4468 Juxta
1181 4415 1317 4480 quod
1360 4414 1436 4465 sic
1473 4413 1677 4466 dicctur
1711 4427 1723 4460 :
1763 4407 2016 4476 lniquitcs

2088 1826 2252 1891 dabit,
2281 1827 2368 1894 qui
2397 1825 2658 1892 conﬁdunt
2687 1825 2738 1877 in
2767 1826 2948 1877 virtute
2973 1841 3088 1889 sua,
3121 1826 3169 1876 id
3210 1836 3310 1889 est,
3340 1824 3407 1876 de
3429 1837 3665 1894 seprae-

2087 1893 2381 1960 sumentes,
2427 1905 2480 1950 et
2509 1910 2612 1946 non
2645 1895 2696 1947 in
2737 1894 2962 1947 Domino
2989 1905 3261 1962 sperantes
3286 1934 3301 1955 .
3337 1903 3390 1946 et
3417 1893 3504 1958 qui
3545 1893 3667 1960 glo-

2091 1967 2294 2020 riantur
2327 1967 2378 2018 irt
2405 1967 2739 2018 multitudine
2778 1979 2991 2017 suarum
3018 2005 3032 2028 ,
3079 1965 3127 2016 id
3179 1974 3261 2017 est
3285 2005 3300 2027 ,
3333 1973 3666 2015 terrenarum

2090 2036 2414 2102 divitiarum,
2452 2051 2556 2088 non
2602 2036 2652 2088 in
2686 2032 2930 2098 Dortrirro,
2961 2036 3047 2102 qui
3080 2035 3336 2102 promittit
3373 2033 3670 2086 humilibus

2091 2107 2447 2169 altitudinem,
2479 2106 2631 2160 elatis
2665 2107 2895 2158 minatur
2920 2104 3336 2158 damnationem.

2165 2174 2352 2228 Frater
2395 2193 2495 2228 non
2523 2176 2759 2236 redimit,
2806 2184 2909 2227 etc.
2945 2172 3272 2239 Glorientur,
3319 2174 3534 2240 inquam
3562 2211 3579 2234 ,
3611 2170 3666 2224 in

2095 2246 2294 2300 divitiis
2321 2288 2335 2310 ,
2384 2248 2435 2298 itr
2484 2244 2676 2313 quibus
2719 2260 2822 2296 non
2867 2253 2950 2297 est
2979 2244 3349 2309 gloriandum,
3391 2244 3515 2308 quia
3564 2254 3669 2313 nec

2096 2317 2255 2370 etiam
2289 2317 2340 2368 itt
2385 2311 2588 2378 amicis,
2623 2315 2761 2382 quod
2796 2315 3236 2380 pretiosissimum
3271 2328 3437 2382 genus
3465 2321 3549 2364 est
3577 2311 3666 2364 di-

2099 2388 2372 2447 vitiarum,
2405 2401 2508 2438 non
2537 2395 2618 2438 est
2646 2384 3003 2452 gloriandum.
3034 2385 3098 2436 Et
3119 2399 3244 2437 vere
3268 2384 3317 2436 io
3345 2383 3532 2437 amicis
3560 2397 3669 2435 non

2099 2467 2179 2510 est
2223 2456 2592 2524 gloriandum,
2641 2452 2758 2521 quia
2793 2455 2952 2506 homo
2995 2455 3326 2524 simpliciter,
3375 2462 3666 2520 quantum—

2099 2523 2309 2594 cunque
2347 2527 2412 2578 sit
2458 2526 2662 2577 aruicrrs
2689 2563 2704 2584 ,
2727 2539 2831 2576 non
2879 2524 3097 2578 redimet
3127 2523 3352 2590 aliquem
3386 2538 3413 2574 a
3446 2532 3671 2594 ventura

2103 2592 2312 2649 irafEt
2349 2610 2470 2648 vere
2502 2595 2659 2646 homo
2709 2610 2812 2646 non
2846 2595 3105 2656 redimet,
3141 2594 3260 2660 quia
3305 2594 3464 2645 etiam
3508 2592 3673 2660 frater

2105 2667 2264 2718 homo
2311 2680 2412 2716 non
2465 2663 2706 2717 redimet.
2759 2662 2945 2716 Frater
2976 2664 3074 2717 iste
3121 2659 3280 2714 homo
3319 2672 3402 2714 est
3446 2662 3538 2713 ille
3581 2659 3674 2726 qui

2105 2752 2259 2788 Verus
2292 2735 2424 2786 υνυς
2453 2743 2506 2787 ει
2537 2748 2693 2786 verus
2725 2734 2884 2786 homo
2913 2745 2988 2786 est
3013 2751 3026 2797 ;
3056 2736 3142 2802 qui
3174 2733 3305 2785 dixit
3332 2748 3346 2782 :
3379 2731 3480 2794 Ite,
3523 2745 3666 2780 utm-

2105 2807 2228 2859 tiate
2253 2805 2494 2870 fratribus
2525 2806 2677 2866 meis,
2713 2815 2766 2856 ct
2791 2819 2910 2855 cum
2941 2820 3045 2872 quo
3074 2810 3281 2856 Patrem
3329 2802 3488 2872 Deum
3517 2815 3670 2852 com-

2107 2891 2319 2929 nrrrnerrr
2349 2876 2620 2928 habemus.
2650 2873 2799 2928 Unde
2828 2871 3043 2926 necesse
3073 2883 3154 2926 est
3177 2884 3228 2922 ut
3256 2871 3493 2939 quisquis
3519 2876 3677 2922 vocat

2109 2948 2256 3001 illum
2296 2946 2505 3000 Patrem
2547 2956 2698 2997 vocet
2725 2952 2779 2997 et
2805 2943 2942 2996 hunc
2971 2943 3206 2996 fratrem.
3236 2942 3334 3008 Qui
3376 2942 3538 2992 homo
3570 2943 3674 2990 tra—

2109 3027 2210 3079 ter,
2244 3018 2365 3069 licet
2393 3029 2578 3068 omnes
2621 3018 2972 3067 communiter
3001 3013 3284 3068 rederrrerit
3307 3053 3324 3076 ,
3361 3011 3404 3063 si
3437 3010 3504 3062 ad
3548 3023 3672 3062 ernn

2110 3088 2454 3147 accesserint,
2487 3085 2606 3138 illos
2634 3095 2807 3138 tamen
2836 3099 2938 3136 non
2969 3084 3209 3144 redemit,
3239 3084 3324 3150 qrt’r
3355 3081 3674 3146 sanguinem

2106 3156 2234 3224 justi
2261 3157 2594 3217 conculcant,
2619 3164 2670 3207 et
2699 3163 2921 3223 pretium
2945 3169 3097 3206 suum
3116 3168 3228 3224 non
3256 3152 3460 3224 bibunt,
3486 3150 3539 3202 id
3567 3157 3674 3213 est,

2109 3221 2200 3292 qui
2230 3242 2331 3278 non
2364 3221 2770 3278 (lelcctarrtnr‘in
2805 3224 3050 3291 paSsione
3079 3221 3212 3291 ejus,
3241 3222 3332 3274 sed
3365 3222 3433 3292 ir_t_
3450 3234 3678 3271 vacuum

2110 3289 2330 3365 gratiam
2375 3295 2465 3349 Dei
2505 3289 2816 3363 recipiunt;
2841 3295 2979 3365 node
3012 3289 3295 3365 Apustolus
3326 3308 3339 3344 :
3370 3289 3682 3365 ΔΗοινιαηξιη·

2111 3357 2196 3418 im
2226 3381 2289 3419 ue
2330 3366 2384 3417 in
2412 3357 2630 3418 vacuum
2665 3357 2881 3434 gratiam
2913 3363 3002 3415 Dei
3031 3357 3322 3434 recipiatis;
3365 3360 3551 3434 frater,
3598 3357 3683 3410 in-

2113 3451 2292 3498 rrnam,
2320 3435 2478 3488 homo
2509 3451 2610 3486 trott
2640 3432 2852 3486 redimit
2874 3449 3020 3496 eunt,
3049 3448 3101 3486 et
3134 3439 3232 3484 hoc
3257 3433 3398 3493 ideo,
3427 3432 3556 3497 quia
3579 3443 3680 3479 non

2113 3506 2251 3558 dabit
2280 3505 2408 3567 Deo,
2440 3505 2491 3558 id
2521 3514 2622 3566 est,
2652 3504 2724 3556 illi
2750 3503 2947 3556 homini
2981 3503 3126 3555 l'ratri
3149 3502 3488 3570 ptacationem
3510 3514 3684 3562 suam,

2115 3579 2163 3629 id
2192 3585 2302 3639 est,
2332 3575 2543 3644 proprie
2573 3576 2635 3627 ad
2670 3576 2840 3644 ipsum
2886 3577 3263 3641 pertinentem,
3293 3571 3501 3644 scilicet
3525 3583 3680 3644 ,_nort

2113 3641 2367 3699 exhibent
2397 3660 2576 3698 veram
2626 3643 2973 3697 burnizitatern
3003 3655 3057 3696 et
3087 3657 3261 3695 veram
3292 3641 3680 3702 obedientiam,

2116 3732 2208 3784 per
2233 3731 2352 3782 quae
2399 3717 2566 3783 ipsum
2603 3713 3004 3784 placatumisibi
3049 3713 3270 3774 reddat,
3301 3713 3441 3763 sicut
3477 3719 3538 3784 et
3571 3710 3686 3770 ipse

2117 3779 2324 3840 Patrem
2359 3779 2450 3853 per
2489 3800 2549 3838 ea
2601 3779 2842 3850 placavit.
2869 3783 3018 3850 Quod
3068 3795 3150 3836 est
3183 3783 3412 3835 breviter
3456 3779 3681 3853 dicere:

2116 3857 2246 3922 Quia
2291 3849 2393 3908 non
2427 3849 2660 3908 imrtatnr
2689 3871 2808 3906 eum
2835 3895 2849 3917 ,
2881 3849 2936 3907 et
2977 3854 3097 3921 quia
3129 3868 3233 3905 non
3275 3852 3420 3922 dabit
3453 3849 3684 3922 pretium

2119 3917 2496 3994 Fertetrrptionis
2521 3926 2711 3976 anima:
2741 3940 2850 3978 sua:
2874 3964 2889 3988 ,
2924 3926 2971 3975 id
2995 3917 3119 3985 'est,
3151 3939 3243 3990 per
3271 3921 3410 3988 quod
3431 3917 3690 3994 redimat

2117 3988 2345 4049 animum
2372 4012 2539 4048 suam.
2573 3996 2644 4047 De
2669 3997 2775 4048 hoc
2804 3996 2972 4062 pretio
2996 3994 3123 4045 dicit
3148 3988 3402 4062 Dominus
3431 3991 3483 4062 in
3516 3988 3689 4062 Evan-

2118 4068 2255 4127 uclio
2301 4083 2312 4118 :
2359 4065 2535 4117 Facite
2563 4066 2695 4117 vobis
2736 4059 2924 4117 amicos
2954 4065 3015 4114 de
3060 4077 3346 4114 mammona
3377 4059 3687 4126 iniquitatis.

2120 4137 2415 4189 Martrtuona
2453 4136 2657 4202 syriaco
2689 4135 2862 4202 lingua
2893 4146 2974 4186 est
3009 4135 3256 4200 pecunia,
3282 4141 3336 4184 et
3360 4128 3587 4202 pecunia
3609 4137 3690 4179 est

2121 4208 2316 4274 iniqua,
2342 4206 2462 4270 quia
2485 4199 2614 4256 dicit
2639 4199 2822 4258 beatus
2847 4205 3200 4272 I'lierouymrrs
3230 4219 3242 4253 :
3277 4219 3295 4250 t
3326 4199 3513 4253 Utnuis
3533 4199 3692 4248 dives

2121 4288 2209 4329 aut
2239 4287 2319 4328 est
2347 4276 2577 4342 iniquus,
2605 4287 2696 4326 aut
2723 4278 2893 4328 haeres
2923 4275 3108 4340 itrrqrn.
3140 4275 3250 4324 Iloc
3274 4281 3449 4322 autem
3477 4282 3688 4342 snttima

2123 4348 2368 4414 iniquitas
2398 4337 2499 4407 est,
2542 4346 2586 4398 si
2619 4346 2754 4411 quod
2803 4347 2938 4398 Deus
2986 4337 3107 4397 Iccit
3146 4353 3450 4414 commune,
3484 4337 3685 4414 altqrtis

2122 4411 2227 4469 sibi
2252 4419 2348 4468 Soli
2391 4417 2650 4482 privatum
2693 4415 2819 4467 velit
2859 4419 3050 4467 tacere.
3085 4432 3104 4462 ι
3146 4412 3280 4464 Alibi
3325 4422 3513 4462 rursus
3557 4411 3692 4458 dictt

437 4475 821 4548 calcanet'mei,
856 4486 904 4536 id
937 4493 1037 4546 est,
1071 4475 1247 4550 iniqua
1280 4483 1556 4535 subversio
1593 4496 1729 4544 mea,
1761 4475 2000 4550 crimina-

2126 4475 2420 4539 Dominus':
2455 4484 2630 4537 Facite
2659 4486 2794 4536 vobis
2823 4485 3048 4536 sacculos
3079 4497 3177 4533 non
3208 4487 3689 4546 computrescentes,

442 4553 534 4618 lia,
564 4556 766 4607 scilicet
792 4593 806 4616 ,
851 4564 1063 4621 peccata
1095 4549 1499 4607 crrentndabunt
1527 4568 1612 4605 nte
1643 4553 1694 4602 in
1725 4551 1806 4603 die
1833 4549 1970 4601 mala
1996 4588 2011 4610 ,

442 4634 499 4676 et
543 4626 660 4677 ideo
691 4624 905 4677 timebo.
947 4625 1035 4676 Vel
1066 4626 1218 4676 aliter
1247 4640 1259 4674 :
1293 4623 1586 4677 Calcatreus
1624 4635 1859 4674 estrettta
1895 4633 2013 4686 pars

445 4693 594 4761 pr-dis
623 4704 725 4758 est,
755 4704 808 4747 et
833 4696 952 4748 ideo
987 4711 1079 4761 per
1110 4695 1413 4747 tali-arcum
1455 4693 1759 4760 designatur
1791 4691 2016 4761 liuatitas

443 4760 660 4828 operum
683 4804 696 4825 ,
729 4764 778 4816 itt
810 4781 966 4832 quam
991 4760 1151 4818 nobis
1183 4763 1428 4816 diabolus
1460 4765 1686 4815 maxime
1719 4760 2012 4832 insidiatur,

444 4835 565 4899 quia
597 4835 640 4885 si
677 4835 796 4886 linis
826 4829 996 4887 inalus
1027 4836 1204 4897 luerit,
1240 4835 1547 4899 praecedens
1579 4837 1680 4883 vita
1715 4831 1846 4883 trrlrrl
1883 4829 2016 4880 valc-

447 4905 544 4954 lrit.
578 4901 646 4956 Ut
671 4905 824 4956 alrter
855 4923 866 4955 :
899 4907 996 4956 l'er
1034 4911 1339 4957 ralcaneum
1371 4905 1421 4956 in
1450 4919 1552 4970 quo
1585 4904 1787 4955 lit-turus
1815 4912 2017 4951 sramus

444 4983 616 5026 elatus
647 4983 828 5028 noster
857 4975 1184 5043 designatur,
1219 4976 1504 5034 lrtttnilitas,
1538 4974 1739 5025 scilicet
1766 5009 1780 5033 ,
1812 4989 1865 5023 et
1892 4974 2018 5021 ctia-

449 5057 601 5107 rttas,
634 5059 750 5111 qum
778 5059 989 5111 semper
1019 5046 1068 5097 iu
1104 5046 1254 5097 nobis
1285 5044 1529 5097 diabolus
1561 5059 1651 5106 rer
1678 5057 1861 5094 eorum
1885 5054 2016 5091 corr-

449 5117 610 5168 traria
663 5116 936 5167 destruere
986 5130 1228 5168 c0ua.nr.
1283 5115 1418 5167 Dicit
1467 5115 1608 5168 enim
1657 5117 1840 5167 beatus
1887 5114 2018 5162 (rt-e-

447 5187 672 5254 geritis:
710 5203 729 5236 ι
763 5186 890 5250 Quia
934 5201 1038 5237 ιιυιι
1078 5195 1226 5238 curat
1271 5195 1326 5236 ut
1367 5196 1545 5235 nostra
1593 5185 1775 5244 tollat,
1823 5184 1914 5234 sed
1962 5189 2022 5234 ul

449 5256 764 5308 clraritatem
823 5258 872 5308 itt
917 5257 1072 5309 nobis
1120 5257 1290 5308 feriat.
1329 5273 1348 5304 ι
1395 5255 1540 5307 Talis
1589 5270 1715 5321 ergo
1761 5263 2017 5304 sententia

450 5335 536 5378 est
568 5344 581 5378 :
614 5327 736 5379 Ideo
763 5326 814 5378 in
845 5327 931 5378 die
958 5327 1094 5378 mala
1129 5327 1350 5388 timebo,
1383 5340 1500 5392 qura
1534 5324 1770 5391 iniquitas
1800 5321 2022 5392 calt-auri

454 5396 551 5448 nrei
576 5435 590 5458 ,
625 5397 672 5449 id
704 5408 786 5450 est
810 5397 1038 5465 ,_ir.iqua
1086 5395 1360 5454 srrbversio
1402 5390 1520 5460 ejus
1542 5433 1557 5456 ,
1590 5390 1638 5446 io
1671 5407 1770 5459 qua
1821 5390 2022 5465 lirrrrirrs

451 5475 594 5518 stare
623 5467 804 5532 debui,
838 5463 887 5520 id
917 5463 1019 5532 eSt,
1051 5468 1325 5520 cltaritatis
1363 5481 1410 5518 et
1445 5464 1773 5521 humilitatis.
1806 5464 2023 5513 circum-

451 5536 593 5588 dabit
639 5551 746 5601 me,
779 5539 828 5590 id
861 5547 963 5597 est.
995 5538 1260 5606 opprimet
1303 5553 1386 5590 me
1425 5539 1514 5587 ibi.
1553 5535 1640 5586 γει
1673 5536 1838 5606 alter
1862 5533 2023 5606 Δτινες

452 5612 793 5672 caleaneum,
834 5623 920 5674 qrrr
969 5602 1125 5660 terra:
1164 5609 1437 5669 adlta'rct,
1485 5604 1718 5658 carnalia
1765 5602 2022 5657 desideria

454 5675 822 5741 designantur,
865 5678 1057 5743 quibus
1088 5695 1182 5730 nos
1227 5680 1547 5730 inhaerentes
1577 5675 1728 5728 facile
1775 5677 2020 5726 labimur.

456 5743 523 5797 ιιι
550 5750 669 5797 idco
701 5749 866 5813 magis
895 5747 943 5798 in
977 5746 1077 5800 hac
1109 5763 1164 5802 re
1205 5747 1422 5801 insidias
1453 5746 1744 5800 inccmoris
1771 5747 2019 5814 patimur,

2119 4558 2408 4608 thesaurum
2440 4572 2541 4607 non
2571 4555 2880 4620 deficientem
2909 4554 2960 4606 in
2990 4553 3127 4605 caelis
3151 4592 3163 4616 ,
3199 4568 3302 4620 quo
3347 4550 3431 4601 fur
3450 4563 3568 4620 non
3599 4560 3692 4598 ac-

2119 4626 2291 4689 cedit,
2329 4636 2383 4679 et
2427 4627 2564 4679 tinea
2609 4619 2714 4677 non
2755 4625 3008 4677 corrodit.
3037 4625 3128 4675 Ille
3156 4619 3298 4674 enim
3332 4619 3559 4689 pretium
3613 4629 3696 4668 re-

2118 4688 2440 4764 dernptimris
2472 4696 2661 4747 animm
2699 4710 2808 4746 sua:
2838 4710 2958 4746 vere
2998 4693 3109 4753 dat,
3141 4692 3228 4759 qui
3268 4692 3427 4764 digne
3451 4688 3694 4764 electuri-

2119 4757 2302 4834 synain
2341 4767 2451 4826 dat,
2485 4766 2535 4834 id
2579 4777 2682 4828 est,
2715 4765 2802 4832 qui
2835 4775 2886 4814 et
2914 4757 3231 4826 seipsurn‘et
3259 4775 3351 4811 sua
3381 4761 3495 4834 dat.
3543 4757 3696 4834 Unde

2120 4827 2322 4890 dictum
2350 4846 2430 4888 est
2459 4851 2472 4887 :
2503 4833 2632 4887 Date
2663 4827 3050 4902 ele'emoaynam,
3083 4843 3128 4884 et
3159 4847 3271 4883 ecce
3300 4830 3476 4881 omnia
3503 4827 3696 4878 munda

2120 4916 2237 4958 sunt
2267 4906 2420 4959 vobis.
2458 4903 2577 4956 Non
2623 4904 2784 4965 dabit,
2834 4905 3068 4972 inquam,
3115 4903 3332 4967 pretium
3376 4912 3472 4964 pro
3518 4909 3698 4972 annua

2121 4991 2237 5040 sua,
2269 4986 2314 5029 et
2345 4975 2464 5028 ideo
2493 4976 2740 5027 laborabit
2771 4977 2822 5025 in
2848 4969 3093 5026 (ct-eruum
3119 5013 3132 5034 ,
3168 4973 3219 5024 id
3257 4983 3339 5024 est
3362 5008 3379 5034 ,
3412 4969 3697 5036 temporali

2123 5039 2238 5114 ejus
2261 5046 2605 5100 sollicitudini
2631 5045 2859 5098 addetrrr
2882 5043 3182 5097 solltcitudo
3204 5051 3416 5093 :eteroa:
3439 5039 3698 5114 miseriae.

2125 5109 2187 5169 Et
2213 5120 2290 5170 sic
2318 5117 2440 5169 licet
2469 5117 2582 5183 ejus
2606 5124 2710 5167 vrta
2739 5117 2973 5178 littrarur,
3019 5114 3168 5166 labor
3192 5125 3364 5163 tamen
3409 5109 3700 5183 nottlinie-

2125 5197 2227 5241 tur.
2264 5188 2327 5239 Et
2355 5186 2468 5255 ipse
2498 5178 2712 5239 veniens
2753 5187 2801 5236 in
2844 5185 3000 5237 linetrr
3041 5185 3163 5255 vitae
3220 5197 3371 5245 suae,
3429 5178 3701 5232 deliciosa

2124 5260 2321 5310 scilicet
2345 5252 2545 5324 ,unanr
2577 5255 2673 5307 sibi
2705 5255 2880 5324 elegit,
2925 5256 3048 5305 vivet
3076 5252 3245 5305 adhuc
3267 5291 3284 5315 ,
3322 5267 3425 5305 non
3455 5258 3516 5303 ut
3537 5263 3702 5302 coro-

2127 5338 2304 5390 netur,
2336 5329 2430 5380 sed
2462 5336 2516 5378 ut
2545 5327 2786 5393 puniatur
2822 5328 2870 5376 in
2903 5326 3130 5377 interno.

2199 5389 2321 5449 Non
2359 5389 2559 5449 videbit
2588 5397 2868 5448 interitum.
2905 5396 3024 5447 ideo
3055 5395 3244 5447 merito
3274 5391 3424 5445 labor
3452 5389 3570 5460 ejus
3602 5390 3707 5444 erit

2125 5477 2378 5531 aeternus,
2410 5469 2530 5535 quia
2563 5467 2675 5534 ipse
2708 5480 2876 5532 neque
2910 5465 3051 5516 vidt-t
3082 5479 3240 5529 neque
3275 5463 3479 5524 videbit,
3515 5462 3565 5535 td
3598 5471 3705 5523 est,

2130 5555 2231 5592 non
2280 5532 2514 5589 attettdet
2551 5532 2734 5589 verum
2775 5539 3049 5599 interitum,
3101 5535 3430 5590 interiorem.
3475 5532 3705 5593 scilicet,

2129 5611 2220 5660 scd
2251 5619 2451 5658 tantum
2479 5609 2822 5665 exteriorem,
2850 5621 2962 5656 cum
2989 5607 3165 5656 rtderit
3191 5605 3442 5672 sapientes
3467 5603 3710 5654 exterius

2131 5681 2412 5731 morientes.
2451 5678 2582 5728 dicit
2607 5693 2747 5728 enrtn
2777 5676 2845 5728 ira
2879 5692 2890 5727 :
2925 5676 3060 5728 Ecce
3087 5683 3169 5728 lnc
3197 5677 3412 5742 sapiens
3433 5683 3566 5736 crat,
3592 5685 3710 5725 ser-

2133 5751 2243 5803 vire
2272 5747 2379 5803 Deo
2409 5749 2652 5802 omnibus
2692 5747 2862 5801 modis
2906 5746 3202 5815 satagebat;
3247 5755 3298 5800 ct
3329 5754 3504 5800 tamen
3549 5756 3716 5796 tuor-
