3922 6190
256 309 356 362 τ37

945 312 1007 366 IN
1047 311 1456 368 PSALMORUM
1498 313 1751 368 LIBRUM
1797 312 2152 370 EXEGESIS.
2196 344 2262 354 —
2304 315 2546 371 PSALM.
2591 317 2815 374 XLVI".

3389 324 3494 382 728

255 433 376 502 tuus
400 430 496 476 cst.
525 419 1112 503 Quid.prol‘iiitnefgonei
1144 427 1396 503 sanetitas
1420 425 1558 503 sua_?
1585 425 1665 477 vel
1682 424 1817 503 quid
1854 430 1895 488 Α
1924 425 2137 503 placere
2170 427 2372 503 volunt,
2393 439 2459 503 nt
2489 431 2738 503 qu:e__ipsi
2772 445 2930 498 prave
2959 433 3230 498 insistunt,
3263 435 3344 488 eis
3372 453 3492 503 per-

249 493 384 563 juvit
409 507 525 544 etim
557 493 759 543 bonitas
781 492 912 544 sua?
938 493 1069 545 Nihil
1096 495 1296 561 utique.
1331 497 1466 563 Ergo
1495 496 1618 547 dum
1646 493 1816 547 vivam

250 561 815 634 epiilalior,_gainlebo.
863 563 968 616 Nec
1000 565 1049 615 in
1097 571 1378 618 sanctitate
1406 561 1709 634 liujnsmodi
1745 566 1820 616 la-

253 631 472 694 borabo.
509 632 571 683 Et
611 630 723 683 haec
751 631 931 684 dicens
969 635 1130 686 miser
1156 630 1492 689 exteriorem
1513 645 1735 694 tantum,
1768 643 1821 687 et

250 688 570 755 n0n°verum
599 701 792 754 mentis
817 704 1041 754 attendit
1073 688 1364 756 interitum.
1399 703 1464 756 Et
1488 707 1606 770 quia
1635 688 1816 755 verum

255 786 360 823 non
395 770 616 823 attendit
647 771 912 823 interitum
937 818 948 833 ,
983 771 1100 825 ideo
1129 774 1368 838 insipiens
1394 782 1442 825 et
1488 775 1671 824 stultus
1701 790 1816 833 pet-

249 841 342 892 ibit
369 841 540 901 simul,
573 840 622 892 id
651 850 754 898 est,
789 842 837 890 in
867 856 1089 907 corpore
1119 852 1171 893 et
1203 843 1397 894 anima.
1424 844 1680 910 Insipieus
1713 853 1814 905 est,

250 911 489 976 quisquis
519 925 623 962 non
649 913 871 962 attendit
901 913 950 961 in
984 923 1178 977 qu-inta
1209 913 1288 963 hic
1316 914 1383 964 sit
1415 915 1656 975 miseria;
1687 914 1818 965 stul-

254 990 336 1031 tus
367 994 510 1042 vero,
544 979 632 1046 qui
665 981 758 1030 sibi
793 996 894 1032 non
931 982 1169 1035 providet
1201 983 1248 1031 in
1280 983 1474 1034 futuro.

326 1047 392 1100 Et
419 1050 662 1116 relinquet
703 1051 883 1100 alienis
912 1050 1115 1101 divitias
1150 1067 1286 1101 suos.
1330 1051 1580 1104 Peribnnt
1605 1051 1814 1116 quidem

249 1119 445 1171 stultus
475 1119 746 1183 insipiens,
775 1131 826 1169 et
857 1130 1140 1182 pereuntes
1167 1123 1366 1172 divitias
1391 1138 1526 1181 sitas,
1553 1122 1602 1172 iu
1627 1122 1816 1184 quibus

250 1188 855 1254 scilicetgloriabantur,
886 1190 1164 1256 relinquent
1197 1190 1299 1242 illis
1323 1193 1406 1255 qui
1440 1191 1564 1242 nihil
1595 1191 1692 1242 sibi
1721 1205 1816 1242 uec

248 1256 605 1325 eleemosynis
646 1272 742 1310 nec
785 1261 1114 1311 orationibus
1155 1261 1462 1327 proderunt.
1501 1261 1630 1313 Nam
1673 1271 1724 1314 et
1769 1261 1811 1313 si

248 1327 554 1394 relinquent
577 1327 874 1397 nepotibus
910 1329 989 1381 vel
1025 1329 1164 1391 liiiis,
1209 1331 1492 1397 relinquent
1534 1341 1707 1382 tamen
1738 1331 1814 1382 eis

253 1406 315 1449 ut
339 1397 538 1458 alienis,
575 1396 621 1449 id
647 1407 748 1462 est,
775 1397 903 1449 nihil
933 1399 1030 1450 sibi
1063 1399 1474 1465 proficientibus.
1509 1399 1642 1452 Nihil
1671 1402 1811 1452 enim

249 1466 485 1532 proderit
517 1467 671 1520 alicui
703 1475 820 1536 post
867 1478 1088 1520 mortem
1116 1510 1131 1535 ,
1173 1470 1269 1521 nisi
1301 1471 1440 1536 quod
1485 1484 1665 1522 secum
1697 1471 1815 1523 hinc

248 1537 503 1603 portabit,
537 1548 623 1588 aut
658 1539 754 1590 nisi
785 1539 902 1591 talis
935 1538 1089 1590 fuerit
1113 1578 1128 1600 ,
1176 1540 1262 1607 qui
1296 1538 1392 1592 hoc
1423 1541 1772 1605 promeruerit
1795 1579 1810 1600 ,

248 1617 309 1658 ut
338 1609 666 1660 orationibus
695 1617 748 1658 et
795 1608 1146 1674 eleeiiiosynis
1196 1610 1357 1675 possit
1385 1609 1582 1675 juvari.
1634 1609 1814 1662 Relin-

245 1687 401 1746 quent
428 1677 641 1746 quidem
673 1677 853 1730 alienis
876 1717 891 1741 ,
923 1686 977 1732 et
1006 1678 1204 1730 nullam
1235 1679 1514 1730 utilitatem
1547 1677 1814 1731 habebunt.

1921 496 2197 567 suadeant.
2235 495 2324 548 Vel
2358 495 2551 554 aliter:
2586 499 2714 552 Ηωσ
2752 495 2832 552 via
2861 503 3087 562 illorum,
3131 495 3491 567 scilicetfuon

1923 564 2278 639 intellegenter
2307 583 2483 634 agere,
2513 580 2590 622 est
2622 571 2742 636 ipsis
2765 572 2833 622 ad
2861 574 3181 639 scandalum,
3214 575 3262 626 id
3293 564 3392 636 est,
3427 579 3488 629 ad

1919 631 2264 710 offensionem
2297 631 2357 688 et
2379 631 2768 710 daimiaiionein
2792 680 2808 703 ,
2843 643 3121 704 videlicet,
3158 631 3276 710 quia
3319 631 3490 698 se'laa

1918 713 2032 754 etos
2080 705 2145 755 ad
2189 705 2440 759 honorem
2491 708 2583 760 Dei
2639 724 2740 761 non
2790 705 3254 773 attenderuut,'et
3309 725 3490 769 tamen

1918 782 2090 844 postea
2115 815 2130 838 ,
2156 773 2206 824 id
2235 785 2316 827 est
2337 817 2350 837 ,
2394 788 2666 844 postquam
2693 779 2770 832 sic
2817 779 3036 832 interius
3066 781 3406 836 scandalizati
3437 793 3492 837 et

1918 841 2118 916 similes
2153 841 2406 908 jumentis
2439 841 2557 899 lacti
2597 856 2756 911 sunt,
2805 850 3187 913 complacebunt
3215 892 3228 912 ,
3273 855 3319 903 id
3365 865 3444 907 est
3470 894 3487 916 ,

1917 912 2250 985 Complacere
2291 924 2344 967 et
2391 915 2500 969 Deo
2543 924 2596 968 et
2642 918 2782 981 sibi,
2832 912 3046 985 suiSqtte
3091 921 3386 984 similibus,
3436 912 3491 976 ei.

1919 981 2028 1060 veri
2073 983 2522 1060 praedicatoribus.
2572 985 2763 1060 Volunt
2809 987 2916 1039 Deo
2947 981 3155 1055 quidem
3186 1029 3199 1052 ,
3250 981 3382 1060 quia
3419 993 3490 1044 de

1917 1048 2234 1103 abundantia
2271 1054 2481 1128 irugum
2507 1065 2558 1107 et
2589 1055 2926 1128 dominorum
2958 1048 3486 1128 suoruin'ei'gratias

1917 1128 2096 1184 agunt,
2128 1123 2361 1175 exterius
2392 1125 2436 1176 ei
2472 1125 2877 1186 benedicentes,
2931 1129 3013 1178 cui
3065 1128 3228 1181 corde
3265 1123 3486 1182 maledi-

1916 1200 2070 1267 cunt;
2106 1189 2360 1244 sibi.vero
2389 1197 2604 1262 suisque
2633 1195 2893 1248 similibus
2926 1199 3153 1262 placent,
3185 1199 3306 1250 dum
3334 1200 3482 1252 infir-

1917 1269 2150 1310 mitatem
2191 1275 2342 1313 suam
2384 1274 2632 1316 accusant
2676 1274 2729 1318 et
2776 1267 2980 1318 dicunt.
3029 1267 3132 1318 Nos
3173 1270 3481 1320 naturaliter

1918 1326 2109 1378 iniirnii
2144 1345 2348 1393 sumus,
2379 1347 2432 1385 et
2464 1335 2582 1386 ideo
2613 1349 2714 1385 non
2749 1349 3028 1400 pDSSlimllS
3057 1337 3181 1400 quin
3216 1335 3479 1404 fragilitati

1916 1408 2112 1450 nostrte
2134 1405 2548 1475 consentiamus,
2576 1413 2627 1457 et
2651 1405 2862 1456 similia.
2893 1406 3329 1459 Pricdicatoribus
3353 1423 3479 1475 quo-

1915 1482 2016 1532 que
2058 1469 2163 1519 veri
2215 1471 2420 1534 placere
2469 1478 2690 1532 volunt,
2745 1475 2982 1528 dicentes
3024 1493 3034 1526 :
3088 1477 3308 1528 Uouiinu
3351 1469 3477 1529 tiiltil

1915 1539 2172 1614 sanctius,
2207 1539 2334 1592 nihil
2369 1545 2585 1614 rectius,
2609 1559 2763 1614 quam
2792 1544 3054 1608 jejuuare,
3086 1547 3477 1614 eleemosyuum

1914 1605 2062 1679 dare,
2095 1619 2147 1679 et
2183 1621 2370 1662 cuncta
2415 1628 2530 1679 que
2559 1605 2739 1666 diz'itis
2770 1605 2942 1668 facere
2971 1655 2984 1675 ,
3030 1605 3120 1668 Sed
3152 1605 3340 1667 tameii
3367 1617 3480 1669 bzec

1915 1677 2100 1728 eadem
2128 1678 2178 1751 in
2209 1677 2456 1751 cordibus
2479 1681 2684 1751 oiliiiut.
2713 1684 2896 1736 Adhuc
2919 1698 3128 1751 quoque
3160 1685 3474 1749 principium

246 1744 527 1820 inde,__iiisi
557 1749 695 1820 quod
727 1751 958 1813 sepulcra
987 1763 1160 1820 eorum
1189 1762 1486 1800 marmorea
1532 1758 1684 1813 sunt,
1714 1749 1811 1820 do-
1849 1765 1889 1820 Β
1920 1759 2104 1820 versus
2135 1747 2288 1812 hujus
2317 1751 2471 1802 aliter
2497 1750 2598 1804 dici
2633 1763 2806 1817 po'est
2826 1794 2840 1815 ,
2873 1744 2947 1805 ita
2969 1796 2982 1812 ,
3027 1744 3228 1806 scilicet
3265 1772 3276 1805 :
3313 1744 3485 1808 llomo

245 1830 364 1866 mus
393 1817 596 1868 illorum
628 1817 677 1868 in
707 1827 954 1870 wternum
973 1857 987 1879 ,
1021 1817 1070 1870 id
1102 1827 1202 1883 est,
1235 1819 1302 1870 ita
1332 1827 1588 1870 ornantur
1613 1820 1680 1869 ab
1711 1819 1812 1871 illis

243 1886 438 1954 alienis
465 1887 705 1952 sepulcra
737 1888 942 1940 illorum
966 1931 980 1953 ,
1012 1889 1160 1954 quasi
1199 1889 1420 1941 credant
1447 1902 1540 1940 eos
1582 1895 1810 1940 :rtcrna-

248 1953 372 2008 liter
417 1955 488 2009 ibi
521 1971 816 2010 mansuros.
859 1953 1060 2012 Urnant
1102 1958 1244 2011 enim
1291 1957 1460 2010 locum
1503 1957 1590 2010 ubi
1621 1972 1813 2022 corpus

245 2035 497 2091 ponatur,
527 2026 620 2077 sed
651 2042 754 2078 non
788 2030 1067 2080 attendunt
1097 2028 1182 2080 tibi
1211 2029 1426 2094 spiritus
1453 2027 1589 2093 apud
1614 2026 1812 2080 inferos

247 2106 581 2166 torqueatur.
629 2097 909 2162 Propterea
943 2113 1151 2166 quoque
1179 2100 1245 2150 ab
1275 2098 1475 2150 eisdem
1503 2097 1688 2150 aiieuis
1721 2098 1813 2150 ha-

243 2163 372 2218 bent
407 2166 505 2218 hoc
533 2165 676 2219 aliud
710 2167 913 2232 inutile,
951 2163 1177 2232 scilicet,
1209 2170 1346 2236 quod
1379 2167 1725 2235 tabernacula,
1762 2168 1811 2219 id

241 2244 350 2299 est,
385 2236 574 2302 palatia
606 2251 798 2301 eorum,
829 2253 858 2290 a
887 2239 1075 2305 quibus
1104 2238 1221 2305 quia
1255 2236 1522 2305 migraturi
1552 2246 1691 2300 sunt,
1726 2237 1810 2289 di-

240 2315 439 2357 cuntur
478 2306 816 2359 tabernacula
866 2309 1005 2361 entia
1050 2310 1097 2359 in
1149 2308 1301 2360 terris
1329 2309 1439 2360 suis
1463 2349 1476 2369 ,
1515 2305 1566 2358 id
1611 2317 1723 2370 est,
1759 2308 1810 2359 iu

247 2375 463 2439 praediis
496 2377 642 2439 suis;
676 2377 784 2440 illa,
820 2378 1051 2446 inquam,
1083 2378 1407 2430 tabernacula
1431 2391 1525 2445 per
1552 2377 1811 2429 inhabita-

242 2453 391 2496 tores
435 2461 559 2498 suos
587 2459 907 2500 vocaverunt
949 2451 1158 2500 nomina
1191 2462 1282 2499 sua
1309 2486 1322 2507 ,
1357 2449 1765 2513 relinquentium
1793 2487 1807 2510 ,

239 2513 472 2586 scilicet,
506 2515 555 2568 id
583 2525 692 2578 est,
723 2527 886 2586 agunt
917 2518 1225 2570 memoriam
1261 2532 1443 2570 eorum
1487 2517 1536 2568 iu
1569 2516 1810 2570 anniver-

238 2585 402 2638 sariis
435 2601 637 2649 eorum,
667 2585 867 2640 cientes
915 2602 1008 2640 eos
1038 2587 1252 2640 nomine
1272 2628 1286 2647 ,
1331 2596 1383 2640 et
1426 2589 1558 2639 bene
1587 2601 1645 2640 se
1669 2599 1811 2639 satu-

242 2665 466 2718 rautcs;
497 2667 550 2708 et
579 2659 677 2708 hoc
709 2673 812 2710 noii
847 2666 1050 2710 tantum
1081 2657 1138 2709 lit
1169 2659 1217 2708 in
1252 2658 1392 2715 liliis,
1424 2657 1474 2709 in
1508 2658 1805 2722 nepotibus,

235 2723 336 2795 sed
367 2725 420 2776 in
452 2727 686 2795 progenie
710 2728 988 2780 tlccedenti
1020 2730 1144 2781 etin
1173 2730 1411 2795 progenie
1439 2727 1805 2793 subsequenti,

238 2792 289 2844 id
318 2805 426 2858 est,
462 2794 510 2846 in
537 2792 782 2850 omnibus
809 2792 1212 2862 p05terio'ihus,
1241 2792 1327 2865 qui
1357 2798 1508 2860 ritus,
1538 2807 1594 2849 ut
1619 2792 1808 2862 fertur,

235 2871 294 2914 et
324 2865 420 2915 luit
460 2875 514 2916 et
552 2868 724 2920 adhuc
767 2878 847 2919 est
896 2869 1194 2934 gentilium.
1240 2870 1345 2919 Nos
1385 2883 1509 2919 vero
1541 2867 1806 2919 transtuli-

234 2947 362 2985 mus
408 2935 553 2987 itlniu
603 2938 654 2989 in
680 2939 950 3004 religionis
980 2939 1289 3003 obsequium
1316 2978 1330 3002 ,
1377 2946 1434 2988 ut
1465 2938 1514 2989 in
1565 2936 1810 2989 anniver-

234 3005 399 3054 sariis
425 3015 748 3069 nostrorum,
775 3007 999 3068 scilicet,
1031 3018 1235 3075 patrum
1267 3023 1368 3059 non
1394 3021 1485 3059 eos
1509 3005 1809 3060 nominibus

233 3085 557 3146 evocemus,
599 3077 689 3130 sed
726 3081 885 3129 υυιιιιι
921 3094 1016 3146 pro
1061 3079 1186 3144 ipsis
1217 3092 1309 3144 per
1349 3078 1624 3130 missarum
1666 3078 1807 3130 cele-

235 3143 513 3216 brationes
545 3155 596 3198 et
624 3143 988 3216 elecinosyiias
1021 3143 1343 3201 invocemus.

308 3211 490 3265 Homo
534 3232 648 3268 cum
693 3218 746 3269 in
781 3211 971 3270 [tonare
1013 3229 1158 3271 esset.
1193 3218 1354 3282 Quasi
1403 3216 1540 3269 dicat
1569 3233 1583 3270 ε
1615 3216 1770 3272 Tales
1795 3257 1809 3281 ,

233 3281 478 3356 inquam,
526 3301 626 3337 u0n
654 3288 840 3339 dantes
883 3286 991 3340 Deo
1035 3281 1370 3356 placationein
1409 3304 1551 3340 suain
1577 3327 1592 3351 ,
1644 3304 1815 3356 neque

231 3354 463 3426 pretium
509 3357 868 3423 redemptionis
919 3354 1102 3410 animo:
1150 3372 1298 3422 sum,
1347 3367 1402 3411 et
1454 3354 1814 3426 relinquentes

229 3423 429 3496 alienis
457 3426 669 3477 divitias
689 3467 702 3487 ,
739 3429 922 3493 perditi
962 3438 1116 3492 sunt,
1147 3432 1266 3496 quia
1295 3430 1347 3480 in
1373 3423 1630 3480 :cternum
1663 3429 1811 3480 labo-

232 3495 456 3556 rabunt,
491 3503 546 3547 et
572 3496 691 3550 inde
731 3513 833 3550 non
861 3507 983 3551 sunt
1011 3498 1108 3565 ipsi
1151 3497 1506 3561 excusabiles,
1551 3508 1603 3550 et
1631 3507 1816 3550 auctor

230 3567 588 3635 accusabilis,
633 3567 739 3622 imo
769 3569 866 3635 ipsi
897 3569 1226 3622 accusabiles
1250 3608 1265 3631 ,
1297 3577 1350 3619 et
1378 3576 1563 3620 auctor
1591 3581 1814 3621 excusa-

232 3631 361 3684 bilis
389 3673 403 3691 ,
448 3640 564 3702 quia
609 3637 721 3704 ipse
766 3631 949 3691 auctor
987 3645 1116 3692 tales
1153 3653 1246 3691 eos
1287 3639 1442 3699 fecit,
1477 3639 1565 3705 qui
1610 3639 1814 3691 ratione

231 3715 461 3766 possent
503 3709 573 3757 uti
599 3744 614 3768 ,
657 3708 751 3760 sed
792 3709 947 3774 culpa
977 3724 1162 3762 eorum
1207 3709 1307 3762 hoc
1345 3717 1428 3762 est
1473 3709 1708 3772 factum,
1760 3716 1816 3761 ut

229 3785 425 3825 essent
447 3775 580 3848 sicut
596 3791 754 3848 equus
775 3788 822 3830 et
853 3778 1043 3838 mulus,
1075 3776 1256 3848 quibus
1283 3794 1384 3830 non
1410 3787 1482 3830 est
1508 3778 1811 3848 intellectus.

228 3848 391 3904 Quod
437 3846 514 3898 sic
553 3847 680 3900 dicit
709 3865 721 3900 :
771 3847 934 3901 llomo
965 3846 1161 3901 cuin-in
1189 3849 1380 3901 honore
1409 3860 1531 3900 esset
1573 3847 1772 3915 positus
1796 3889 1810 3912 ,

227 3915 358 3984 quia
403 3915 475 3967 ad
516 3918 794 3984 imaginem
839 3927 893 3971 et
928 3919 1332 3973 similitudinem
1383 3919 1470 3972 Dei
1504 3919 1674 3973 lactus
1700 3963 1714 3984 ,
1760 3929 1816 3972 et

229 3983 451 4039 ratione
486 3984 555 4057 uti
589 3983 788 4055 posset,
812 4005 912 4042 non
943 3991 1226 4057 intellexit,
1261 3989 1311 4042 id
1342 4000 1442 4054 est,
1479 4005 1584 4042 non
1615 3983 1812 4043 intelli-

227 4064 430 4121 geuter
457 4055 584 4125 egit,
629 4061 749 4124 quia
782 4059 1039 4112 rationein
1076 4076 1178 4113 non
1213 4055 1471 4112 attendit.
1509 4057 1657 4112 Unde
1688 4061 1811 4112 reli-

229 4137 353 4198 quit
377 4128 571 4198 alienis
595 4128 804 4181 divitias
833 4143 974 4184 suas.
1007 4129 1137 4183 Nam
1161 4129 1205 4183 si
1230 4128 1587 4196 intelligenter
1610 4141 1809 4198 ageret,

230 4193 418 4262 patius
449 4197 521 4268 illi
555 4198 699 4251 l'ratri
733 4200 950 4260 llutnilti,
977 4200 1043 4254 de
1070 4217 1174 4268 quo
1195 4215 1354 4266 supra
1370 4193 1568 4252 dictum
1598 4193 1701 4264 est,
1721 4216 1812 4254 eas

228 4267 625 4339 commisisset,
661 4272 895 4323 membra
928 4269 1042 4339 ejus
1074 4267 1298 4323 fovendo
1329 4280 1486 4337 atque
1515 4271 1810 4332 vestienda,

228 4338 323 4408 qui
356 4337 525 4408 ipsas
571 4337 1026 4407 titultiplicatasei
1071 4341 1398 4394 restitueret.
1439 4340 1504 4393 Et
1549 4341 1668 4408 quia
1708 4358 1810 4394 non

230 4405 601 4480 iuielbgenter
629 4405 770 4476 egit,
804 4411 922 4464 ideo
952 4420 1281 4478 comparatus
1310 4422 1380 4463 est
1408 4405 1656 4480 jumentis
1682 4411 1809 4463 insi-

228 4478 518 4540 pientibus,
553 4481 600 4529 id
630 4489 735 4541 est,
767 4495 1015 4535 curvatus
1050 4492 1132 4535 est
1161 4484 1212 4535 in
1259 4483 1369 4535 haec
1399 4478 1640 4545 terrena,
1673 4483 1812 4534 sicut

230 4553 395 4618 bruta
427 4551 698 4618 attttitalia,
731 4566 847 4616 qua}
877 4563 1060 4604 natura
1092 4553 1241 4605 l-tnxil.
1274 4567 1461 4618 prona,
1492 4563 1652 4618 atque
1682 4567 1810 4606 ven-

232 4615 667 4687 triiobedientia.
707 4615 776 4672 liii
815 4627 912 4673 hoc
945 4621 1110 4674 lactus
1141 4632 1224 4675 est
1262 4615 1365 4674 illis
1399 4636 1522 4673 vere
1547 4615 1811 4687 similiter,

229 4686 472 4750 scilicet,
507 4697 560 4740 ut
587 4691 801 4742 raionis
825 4707 921 4744 usu
949 4703 1173 4752 careret,
1207 4693 1344 4745 sicut
1367 4700 1419 4743 et
1445 4692 1550 4742 illa.
1587 4686 1815 4746 Attende

230 4754 537 4831 humanum
573 4773 738 4826 genus
769 4772 934 4814 totum
971 4777 1064 4829 per
1094 4763 1362 4814 hominem
1397 4761 1479 4813 hic
1510 4762 1811 4831 designari,

228 4830 384 4897 quod
421 4828 470 4876 in
506 4845 673 4889 prium
706 4835 917 4883 homine
961 4828 1182 4884 ralimiis
1211 4833 1462 4884 damnum
1497 4828 1730 4897 perltilit.

311 4894 450 4970 Ilico
477 4913 554 4950 vta
581 4902 784 4951 όέιοηιηι
811 4905 1107 4953 δεειηιίαικιιι
1137 4905 1279 4970 ipsis.
1319 4902 1405 4952 Via
1434 4894 1689 4965 accipitur
1721 4918 1814 4968 pro

228 4968 371 5020 vita.
506 4979 585 5020 est
615 4984 764 5036 quasi
803 4979 941 5023 dii-at
971 4989 985 5023 :
1019 4967 1164 5025 'l‘alis
1193 4986 1293 5026 Vita
1329 4971 1535 5024 illorum
1565 4987 1698 5039 quos
1724 4967 1812 5024 Su-

228 5052 333 5106 pra
356 5036 631 5110 diximus,
681 5041 924 5104 scilicet,
974 5059 1077 5094 non
1111 5045 1464 5110 intelligenter
1515 5036 1612 5095 hoc
1643 5053 1696 5094 et
1726 5042 1814 5096 illo

230 5109 409 5160 modo
446 5123 634 5176 agere,
669 5123 722 5163 et
741 5111 987 5180 juutentis
1028 5109 1383 5175 insipientibus
1417 5111 1622 5165 similes
1653 5127 1770 5165 esse
1793 5151 1809 5175 ,

226 5182 304 5233 sit
342 5180 476 5245 ipsis
509 5187 706 5231 tantum
739 5184 802 5232 ad
834 5183 1139 5234 scandalum
1161 5222 1174 5243 ,
1208 5183 1259 5235 id
1289 5193 1393 5246 est,
1425 5183 1488 5233 ad
1519 5183 1816 5235 damnatio—

228 5266 365 5304 nein
400 5257 678 5314 aeternam,
709 5268 812 5304 non
846 5252 959 5316 tibi,
991 5268 1023 5303 o
1049 5251 1371 5313 Christiane,
1404 5254 1486 5305 cui
1521 5254 1726 5319 loquor,
1761 5251 1813 5304 id

226 5332 345 5385 est,
382 5331 440 5372 tu
470 5336 573 5373 non
604 5326 865 5389 appiobea
902 5338 998 5374 nec
1032 5324 1242 5375 in~istas
1271 5325 1390 5375 talia
1420 5325 1594 5390 qualia
1626 5323 1698 5374 illi
1735 5324 1815 5372 iii-

224 5401 464 5452 ειδωιιι,
495 5407 560 5444 ne
590 5405 642 5445 et
673 5393 763 5444 tibi
788 5395 892 5444 sint
922 5395 985 5443 ad
1011 5394 1344 5454 seandalum,
1373 5394 1508 5446 sicut
1531 5393 1636 5446 illis
1667 5401 1810 5445 sunt.

230 5463 302 5514 Et
334 5463 464 5514 ideo
492 5462 610 5514 diu)
642 5462 744 5514 iiiis
775 5465 882 5514 sint
910 5467 973 5514 ad
1018 5465 1322 5516 scandalum
1349 5505 1363 5528 ,
1397 5480 1498 5515 non
1542 5464 1658 5524 tibi,
1693 5463 1815 5530 quia

225 5543 444 5599 postea,
479 5534 528 5584 id
558 5542 658 5595 est,
694 5543 971 5599 pOslqttam
1019 5535 1116 5602 ipsi
1147 5535 1224 5586 sic
1259 5533 1572 5594 insuterint,
1605 5537 1646 5586 si
1682 5537 1816 5586 male

229 5614 501 5665 Vixerint,
532 5606 938 5670 coutpluceliunt,
972 5607 1020 5656 id
1051 5615 1150 5667 est,
1181 5603 1297 5655 ιιιιίς
1325 5604 1462 5656 sicut
1493 5614 1544 5653 et
1575 5605 1674 5655 sibi
1706 5604 1814 5670 pla-

223 5687 367 5725 cere
401 5674 601 5726 volunt.
637 5676 700 5725 Et
730 5676 830 5727 hoc
860 5680 912 5725 in
943 5690 1028 5726 ore
1059 5691 1090 5726 ιι
1116 5693 1161 5724 in
1202 5675 1315 5738 l)ei,
1347 5675 1436 5725 sed
1473 5687 1592 5736 suo,
1629 5675 1677 5724 id
1712 5684 1812 5736 est,

227 5742 371 5796 talia
422 5745 756 5812 persuadcuti
786 5785 800 5810 ,
849 5749 988 5814 quod
1035 5757 1117 5799 est
1163 5744 1382 5798 dicere:
1430 5743 1510 5798 Ad
1555 5750 1655 5798 huc
1699 5745 1815 5796 aliis

1917 1814 2368 1889 quidemppositus
2394 1828 2476 1871 est
2506 1820 2555 1870 in
2592 1814 2793 1874 honore
2869 1823 2989 1889 quia
3023 1825 3085 1874 ad
3116 1825 3396 1887 imaginem
3428 1836 3483 1878 et

1914 1885 2310 1954 similitudinem
2360 1889 2446 1941 l)ei
2491 1890 2659 1941 factus
2688 1901 2810 1947 est,
2859 1885 2953 1944 sed
2986 1904 3160 1943 tamen
3209 1885 3306 1945 hic
3352 1895 3428 1945 via
3465 1936 3478 1954 ,

1915 1953 2110 2030 imago,
2163 1957 2383 2023 scilicet,
2431 1967 2485 2030 et
2533 1960 2822 2013 similitudo
2856 1961 2966 2022 Dei,
2998 1975 3115 2030 qua:
3141 1964 3333 2014 debent
3363 1978 3484 2016 esse

1914 2023 1994 2073 via
2025 2025 2255 2100 illorum,
2285 2031 2404 2100 quia
2433 2029 2529 2080 hoc.
2555 2033 2829 2084 attendere
2852 2023 3127 2089 deberEnt.
3157 2049 3275 2085 cuin
3304 2036 3480 2100 aliqua-

1915 2095 2112 2167 tucutio
2144 2096 2266 2167 inde
2300 2099 2375 2160 Iit,
2410 2108 2489 2150 est
2523 2100 2625 2151 illis
2656 2101 2985 2159 scandalum,
3016 2105 3135 2167 quia
3167 2102 3351 2155 audire
3385 2095 3478 2152 nn-

1913 2161 2046 2227 lunt,
2081 2166 2158 2218 vel
2192 2177 2271 2218 est
2299 2167 2379 2219 eis
2416 2169 2743 2231 scandalum,
2775 2170 2824 2222 id
2856 2181 2957 2231 est,
2993 2161 3090 2223 iter
3121 2172 3186 2223 ad
3222 2183 3475 2224 aeternam

1911 2232 2328 2308 damnationem,
2358 2237 2478 2305 quia
2510 2240 2797 2307 negligunt.
2836 2239 2900 2292 Et
2930 2250 3101 2293 tamen
3133 2249 3478 2308 posteaqua-u

1912 2303 1988 2354 sic
1995 2304 2162 2377 depra
2176 2310 2274 2356 vati
2299 2303 2440 2377 sunt,
2466 2303 2866 2370 compla'cebunt,
2887 2311 3020 2362 sicut
3041 2303 3348 2377 pnedicmni
3373 2326 3473 2363 esu

1983 2372 2129 2446 Sicut
2159 2389 2272 2427 oves
2301 2375 2351 2428 in
2379 2378 2598 2446 inferno.
2631 2378 2789 2444 Quasi
2832 2379 2972 2432 dicat
3007 2372 3181 2443 :‘Uuia
3213 2380 3479 2431 scaudali~

1911 2443 2163 2515 zatisuut
2189 2484 2204 2506 ,
2247 2457 2298 2497 et
2347 2443 2522 2499 tamen
2555 2443 2890 2515 complacare
2939 2451 3157 2511 volunt,
3205 2449 3326 2502 ideo
3355 2460 3479 2502 sunt

1913 2514 2065 2578 positi
2098 2513 2149 2566 in
2182 2515 2386 2568 inferno
2421 2513 2690 2580 interiori,
2719 2518 2768 2570 id
2793 2528 2892 2581 cst,
2917 2519 2968 2570 in
2998 2521 3235 2571 c;ecit.ite
3262 2520 3477 2581 ineutie,

1911 2581 2008 2655 ipsi
2037 2583 2158 2655 dico
2177 2595 2327 2638 entes
2347 2587 2476 2638 sicut
2503 2603 2636 2651 oves,
2663 2590 2711 2641 id
2735 2599 2814 2640 est
2843 2604 2944 2640 non
2969 2590 3154 2653 Spiritu
3190 2589 3479 2655 ferventes,

1908 2653 2000 2704 sed
2033 2653 2236 2706 debiles
2278 2663 2330 2707 ut
2365 2671 2511 2718 oves,
2548 2667 2602 2709 et
2649 2659 2864 2711 herbam
2913 2659 3191 2712 tondentes
3217 2697 3232 2720 ,
3270 2657 3319 2710 id
3359 2653 3480 2719 est,

1909 2725 2150 2795 carnales
2181 2725 2398 2778 delicnis
2441 2738 2770 2793 appetentes.
2824 2728 2886 2779 Et.
2927 2727 3044 2795 quia
3089 2729 3238 2794 positi
3272 2739 3389 2778 sunt
3430 2730 3482 2780 in

1908 2791 2110 2858 inferno
2139 2806 2291 2847 entes
2319 2797 2455 2849 sicut
2479 2791 2626 2859 oves,
2661 2800 2778 2851 ideo
2810 2791 2978 2858 mors,
3017 2798 3063 2848 i.l
3089 2791 3173 2849 est
3195 2838 3208 2856 ,
3241 2798 3485 2852 diabolus

1909 2863 2142 2929 depascet
2174 2880 2278 2928 eos,
2315 2866 2362 2917 id
2405 2875 2506 2930 est,
2536 2870 2636 2919 erit
2669 2877 2845 2933 pastor
2871 2882 3077 2920 eorum.
3111 2867 3357 2920 Diabolus
3387 2883 3482 2920 ειη-

1913 2941 2017 2986 tem
2059 2934 2177 2985 ideo
2209 2949 2350 2988 mors
2381 2936 2465 2990 dic
2489 2948 2591 2999 tur,
2629 2940 2752 3006 quia
2783 2951 2936 2989 causa
2981 2947 3034 2990 et
3077 2947 3260 2990 morts
3292 2936 3433 2990 anim
3454 2955 3484 2989 υ

1910 3013 1964 3053 et
1993 3013 2178 3055 mortis
2210 3005 2447 3072 corporis
2482 3007 2594 3069 fuit,
2630 3005 2748 3060 eum
2796 3011 2966 3073 priuto
3006 3008 3201 3060 homini
3237 3009 3367 3060 utin
3404 3025 3486 3060 re-

1918 3074 2126 3140 gionem
2153 3073 2595 3130 dissimilitudinis
2638 3096 2663 3128 a
2701 3079 2806 3129 υιεει
2850 3094 2944 3129 suo
2985 3081 3253 3130 recederet
3300 3079 3486 3130 suasit.

1919 3143 1991 3195 lbi
2030 3143 2170 3195 enim
2207 3161 2348 3195 mors
2378 3151 2568 3201 ammte
2601 3147 2731 3200 laeta
2773 3156 2884 3208 est,
2917 3163 3073 3214 quam
3109 3162 3257 3213 prima
3303 3148 3490 3200 moi-tis

1915 3215 2209 3276 corporalis
2239 3226 2518 3268 suis-ecula
2548 3229 2646 3269 cst.
2685 3218 2749 3268 Et
2791 3222 2926 3268 sicut
2959 3217 3081 3274 vita.
3115 3220 3161 3267 id
3202 3227 3303 3272 est.
3336 3217 3489 3268 libri.

1917 3291 2030 3334 stus
2061 3295 2240 3350 pastor
2281 3286 2515 3338 omnium
2557 3287 2766 3338 illorum
2812 3301 3034 3350 quorum
3069 3289 3406 3338 coiiversatio
3438 3288 3488 3340 iu

1917 3353 2222 3424 cwlestibus
2253 3364 2331 3405 est
2367 3358 2431 3406 ad
2479 3359 2706 3408 salutem
2731 3396 2745 3417 ,
2798 3356 2865 3406 iti
2905 3355 3147 3406 diabolus
3179 3365 3262 3407 6".
3310 3366 3490 3424 pastor

1917 3435 2156 3496 omnium
2187 3423 2430 3496 illorum,
2463 3426 2551 3492 qui
2584 3429 2831 3496 animum
2861 3425 2910 3476 in
2954 3427 3178 3477 terrenis
3209 3423 3374 3496 ligant
3422 3428 3488 3480 ad

1917 3492 2332 3563 damnationem.
2364 3494 2453 3549 Vel
2484 3511 2560 3548 SIC
2587 3507 2756 3563 patest
2784 3495 2835 3547 di
2860 3497 2886 3546 -i
2915 3511 2927 3546 :
2958 3496 3096 3545 .ilors
3121 3492 3352 3560 depascet
3379 3512 3484 3558 eos,

1919 3561 1968 3620 id
2001 3574 2082 3615 est
2105 3603 2119 3626 ,
2151 3564 2398 3617 comedet
2427 3580 2518 3618 eos
2543 3605 2555 3626 ,
2588 3561 2710 3633 quza
2741 3566 3092 3619 delectabitur
3137 3566 3188 3618 in
3219 3567 3315 3618 eis.
3363 3566 3488 3620 Ser-

1919 3634 2061 3704 penti
2091 3637 2264 3698 enim,
2299 3635 2348 3686 id
2378 3647 2458 3689 est
2488 3637 2537 3688 di
2559 3637 2718 3699 ibolo,
2753 3640 2950 3689 ilicium
2977 3647 3078 3700 est,
3109 3637 3230 3704 quia
3265 3645 3482 3700 terrain,

1917 3703 1968 3754 id
1998 3714 2100 3766 est,
2135 3705 2323 3766 malos,
2358 3708 2617 3761 eumedei.

1987 3770 2054 3824 Et
2085 3774 2476 3828 dominabuntur
2511 3792 2702 3829 eorum.
2739 3777 2899 3843 Quasi
2931 3775 3071 3828 dicat
3101 3792 3114 3827 :
3159 3775 3291 3840 Quia
3343 3789 3488 3828 mors

1915 3844 2165 3910 depascet
2194 3845 2312 3898 illos
2342 3861 2537 3908 ptiSilos
2569 3850 2617 3898 in
2653 3848 2876 3909 inferno,
2914 3860 3129 3898 necesse
3156 3848 3257 3898 erit
3286 3853 3340 3898 ut
3369 3861 3486 3910 per-

1914 3926 2204 3979 sequantur
2237 3917 2368 3981 pios,
2407 3928 2456 3968 et
2486 3930 2657 3968 tamen
2693 3919 2830 3968 nulla
2863 3931 3007 3973 cura,
3040 3920 3159 3980 quia
3191 3925 3244 3968 et
3272 3917 3312 3967 si
3344 3930 3484 3968 nunc

1915 3983 2039 4035 dum
2066 3995 2272 4052 tempus
2298 3987 2485 4039 hiemis
2505 3998 2559 4038 et
2581 3988 2753 4040 noctis
2781 3997 2880 4049 est,
2907 3987 3029 4038 du.u
3057 3985 3287 4038 herbula:
3313 3986 3487 4037 virent

1914 4063 1968 4104 et
1996 4055 2214 4107 arbores
2243 4067 2414 4120 arent,
2451 4059 2593 4120 impii
2639 4071 2799 4110 secuu
2827 4074 2929 4107 illlll
2960 4072 3172 4110 carnem
3211 4057 3486 4108 videantur

1915 4125 2218 4192 opprimere
2247 4124 2442 4193 justus,
2475 4135 2649 4181 lainen
2686 4130 2930 4180 veniente
2959 4134 3142 4178 testate
3182 4126 3336 4178 aliter
3363 4123 3483 4188 erit,

1914 4208 2034 4260 quia
2067 4196 2117 4247 in
2148 4202 2426 4260 matutino,
2463 4199 2512 4249 id
2539 4210 2640 4259 εει,
2676 4200 2726 4249 in
2762 4213 2915 4249 inane
2946 4197 3053 4253 illo,
3087 4199 3299 4263 quando
3327 4210 3485 4248 verus

1915 4265 1994 4316 sal
2032 4265 2252 4331 justitite
2296 4282 2552 4336 apparere
2600 4267 2833 4335 incipiet,
2869 4271 3004 4336 quod
3050 4283 3203 4318 mine
3239 4266 3340 4319 erit
3369 4266 3486 4320 sine

1915 4337 2236 4409 succedente
2275 4352 2446 4401 noete,
2495 4349 2616 4409 tunc
2656 4339 2790 4409 justi
2839 4337 3232 4409 douiinulntntur
3269 4351 3482 4400 eorum,

1919 4405 2160 4478 scilicet,
2207 4406 2487 4472 impiorum
2515 4452 2527 4474 ,
2571 4405 2721 4478 jix'ta
2759 4409 2884 4460 illiti
2922 4405 3281 4478 :Judieubunt
3323 4409 3488 4478 sancti

1917 4477 2144 4529 nationes
2166 4515 2180 4539 ,
2212 4488 2257 4529 et
2285 4475 2682 4530 donttnabnntur
2713 4479 2932 4545 populis.
2984 4477 3046 4527 Et
3077 4475 3194 4527 ideo
3229 4476 3356 4542 juin
3387 4476 3484 4526 do-

1918 4547 2246 4599 minabuntur
2271 4564 2464 4610 eorum,
2496 4550 2615 4613 quia
2645 4551 2740 4616 ipsi
2773 4551 3037 4615 peribunt,
3065 4547 3312 4616 quoniam
3337 4545 3486 4596 auxi-

1916 4617 2043 4668 lium
2076 4633 2245 4670 t'orttin
2277 4614 2734 4684 pl‘JESlllllpltllllVlll
2769 4614 2864 4670 hac
2899 4630 2999 4667 vita
3033 4634 3061 4664 ιι
3093 4614 3257 4682 gloria
3287 4629 3482 4676 eorum,

1917 4687 1966 4738 id
1995 4697 2094 4751 est,
2122 4701 2150 4739 a
2176 4690 2259 4738 div
2289 4690 2372 4741 liis
2393 4701 2447 4740 et
2471 4690 2535 4741 ah
2564 4690 2750 4742 amicis
2777 4701 2829 4741 et
2856 4699 3064 4738 ueteris
3092 4684 3279 4736 talibus
3299 4725 3315 4750 ,
3346 4694 3489 4737 vete—

1915 4769 2075 4808 rascet
2103 4799 2117 4822 ,
2160 4759 2208 4808 id
2241 4768 2351 4819 est,
2400 4761 2794 4821 annibi.aliitur,
2846 4756 2922 4808 eis
2963 4756 3152 4824 positis
3198 4756 3248 4806 in
3290 4757 3488 4816 inferno

1915 4830 2187 4890 exteriori,
2222 4827 2323 4890 ibi,
2359 4839 2494 4881 ssent
2525 4834 2668 4896 prius
2702 4831 2908 4880 fuerant
2936 4830 2986 4878 iu
3020 4827 3224 4877 inl'ei'uu
3254 4825 3485 4877 interiori

1918 4896 2002 4948 liic
2033 4899 2209 4963 positi.

1998 4966 2350 5018 Verumtamen
2417 4969 2552 5021 Deus
2581 4969 2810 5020 redimet.
2849 4967 2934 5019 Sic
2981 4966 3318 5019 continuatur
3349 4981 3361 5015 :
3391 4963 3492 5017 Ta-

1915 5036 2012 5098 les,
2045 5041 2228 5102 qualei
2257 5038 2622 5104 praediximus,
2653 5055 2756 5090 nou
2787 5040 2973 5090 dantes
3003 5035 3112 5088 Deo
3141 5034 3487 5104 placationein

1915 5121 2090 5170 suam,
2140 5119 2270 5172 etc.,
2305 5110 2466 5160 lrater
2508 5112 2666 5160 homo
2715 5123 2819 5160 non
2862 5107 3126 5169 redimet,
3177 5104 3270 5158 sed
3317 5114 3491 5155 tamen

1917 5175 2058 5229 Deus
2080 5178 2289 5230 redimet
2315 5180 2536 5229 animum
2561 5195 2721 5230 meam
2749 5183 2810 5231 de
2838 5193 2989 5229 manu
3015 5177 3187 5244 inferi,
3219 5175 3268 5227 id
3297 5184 3396 5234 est,
3426 5174 3494 5224 de

1915 5251 2342 5301 coulormatione
2391 5252 2569 5301 talium
2629 5249 2917 5302 iul'eroruiu
2949 5287 2964 5311 ,
3013 5260 3066 5299 et
3113 5248 3180 5298 de
3231 5253 3494 5310 potestate

1917 5319 2075 5370 ctiam
2109 5318 2300 5370 inferni
2329 5320 2632 5378 exterioris,
2670 5336 2784 5370 cum
2813 5322 2920 5385 jam
2951 5318 3198 5391 acceperit
3239 5329 3319 5391 ine
3347 5313 3490 5391 itide.

1921 5391 2258 5442 Assumeudo
2291 5389 2431 5440 enim
2465 5405 2546 5441 me
2579 5406 2670 5456 per
2698 5382 2939 5440 naturain
2969 5401 3139 5438 meatu
3168 5385 3233 5434 de
3267 5382 3494 5452 Virginis

1921 5468 2071 5511 utero
2117 5470 2170 5512 et
2207 5459 2274 5512 de
2313 5459 2558 5524 sepulcro
2585 5499 2597 5518 ,
2646 5459 2966 5530 assuaiendo
3016 5472 3101 5530 me
3141 5467 3353 5530 quoque
3405 5466 3498 5530 per

1920 5531 2048 5581 mihi
2081 5530 2385 5582 consimiles
2422 5538 2539 5594 post
2584 5529 2852 5582 victoriam
2899 5527 3082 5578 mortis
3109 5562 3123 5585 ,
3171 5526 3238 5577 ab
3269 5524 3483 5586 inieris,

1919 5602 2128 5666 accepit
2161 5615 2245 5652 me
2271 5601 2376 5667 jam
2408 5601 2473 5652 de
2502 5603 2615 5667 ipso
2646 5603 2850 5650 interno
2881 5594 3154 5667 exteriori,
3190 5594 3334 5667 unde
3379 5608 3501 5645 cer-

1923 5679 2006 5720 tus
2038 5664 2153 5722 sum
2187 5664 2308 5738 quia
2347 5664 2556 5722 tandem
2589 5669 2747 5722 etiam
2781 5684 2864 5720 lue
2900 5666 3148 5742 accipiet.
3177 5665 3266 5718 Sic
3296 5664 3500 5742 dicetur

1923 5742 2022 5792 hoc
2043 5779 2058 5806 ,
2089 5736 2379 5794 secundum
2427 5741 2567 5810 qqu
2600 5755 2701 5795 Vox
2740 5747 2822 5795 est
2851 5737 3072 5806 alienius
3119 5736 3186 5790 de
3217 5736 3502 5804 posteriori
