  <div class='ocr_page' id='page_1' title='image "/cluster/home/n/w/nwhite01/storage/ocr_20150623/93/hvd.32044052820016/380.png"; bbox 0 0 3922 6190; ppageno 0'>
   <div class='ocr_carea' id='block_1_1' title="bbox 261 380 359 441">
    <p class='ocr_par' dir='ltr' id='par_1_1' title="bbox 261 380 359 441">
     <span class='ocr_line' id='line_1_1' title="bbox 261 380 359 441; baseline 0.092 -8"><span class='ocrx_word' id='word_1_1' title='bbox 261 380 359 441; x_wconf 68' lang='grc'><strong>745</strong></span> 
     </span>
    </p>
   </div>
   <div class='ocr_carea' id='block_1_2' title="bbox 967 371 2811 435">
    <p class='ocr_par' dir='ltr' id='par_1_2' title="bbox 967 371 2811 435">
     <span class='ocr_line' id='line_1_2' title="bbox 967 371 2811 435; baseline -0.002 -1"><span class='ocrx_word' id='word_1_2' title='bbox 967 378 1031 435; x_wconf 83' lang='grc' dir='ltr'><strong>ΙΝ</strong></span> <span class='ocrx_word' id='word_1_3' title='bbox 1070 375 1491 433; x_wconf 64' lang='grc' dir='ltr'>ινδιιιιοιιυιι</span> <span class='ocrx_word' id='word_1_4' title='bbox 1532 374 1787 432; x_wconf 77' lang='lat' dir='ltr'><strong>LIBRUM</strong></span> <span class='ocrx_word' id='word_1_5' title='bbox 1830 372 2194 431; x_wconf 81' lang='lat' dir='ltr'><strong>EXEGESIS.</strong></span> <span class='ocrx_word' id='word_1_6' title='bbox 2234 403 2305 416; x_wconf 93' lang='lat'><strong><em>—</em></strong></span> <span class='ocrx_word' id='word_1_7' title='bbox 2346 371 2586 428; x_wconf 59' lang='lat' dir='ltr'><strong>PSALM.</strong></span> <span class='ocrx_word' id='word_1_8' title='bbox 2629 372 2811 432; x_wconf 73' lang='lat' dir='ltr'><strong>XLIX.</strong></span> 
     </span>
    </p>
   </div>
   <div class='ocr_carea' id='block_1_3' title="bbox 3391 377 3492 432">
    <p class='ocr_par' dir='ltr' id='par_1_3' title="bbox 3391 377 3492 432">
     <span class='ocr_line' id='line_1_3' title="bbox 3391 377 3492 432; baseline 0.03 -3"><span class='ocrx_word' id='word_1_9' title='bbox 3391 377 3492 432; x_wconf 67' lang='grc' dir='ltr'><strong>ιιι</strong></span> 
     </span>
    </p>
   </div>
   <div class='ocr_carea' id='block_1_4' title="bbox 253 488 3495 565">
    <p class='ocr_par' dir='ltr' id='par_1_4' title="bbox 253 488 3495 565">
     <span class='ocr_line' id='line_1_4' title="bbox 253 488 3495 565; baseline -0.002 -15"><span class='ocrx_word' id='word_1_10' title='bbox 253 513 430 553; x_wconf 77' lang='lat' dir='ltr'><strong>omnis</strong></span> <span class='ocrx_word' id='word_1_11' title='bbox 458 507 624 560; x_wconf 86' lang='lat' dir='ltr'><strong>terra,</strong></span> <span class='ocrx_word' id='word_1_12' title='bbox 654 508 773 565; x_wconf 68' lang='lat' dir='ltr'><strong>qua}</strong></span> <span class='ocrx_word' id='word_1_13' title='bbox 798 493 1091 546; x_wconf 75' lang='lat' dir='ltr'><strong>orbiculata</strong></span> <span class='ocrx_word' id='word_1_14' title='bbox 1115 502 1193 547; x_wconf 85' lang='lat' dir='ltr'><strong>est</strong></span> <span class='ocrx_word' id='word_1_15' title='bbox 1212 534 1227 557; x_wconf 94' lang='lat'><strong>,</strong></span> <span class='ocrx_word' id='word_1_16' title='bbox 1258 493 1309 565; x_wconf 83' lang='lat' dir='ltr'><strong>id</strong></span> <span class='ocrx_word' id='word_1_17' title='bbox 1332 503 1653 565; x_wconf 12' lang='lat' dir='ltr'><strong>est,iomnes</strong></span> <span class='ocrx_word' id='word_1_18' title='bbox 1691 507 1815 560; x_wconf 87' lang='lat' dir='ltr'><strong>per-</strong></span> <span class='ocrx_word' id='word_1_19' title='bbox 1848 492 1897 552; x_wconf 75' lang='grc' dir='ltr'><strong>Α</strong></span> <span class='ocrx_word' id='word_1_20' title='bbox 1994 490 2058 565; x_wconf 81' lang='lat' dir='ltr'><strong>Si</strong></span> <span class='ocrx_word' id='word_1_21' title='bbox 2080 489 2280 543; x_wconf 83' lang='lat' dir='ltr'><strong>videbas</strong></span> <span class='ocrx_word' id='word_1_22' title='bbox 2312 495 2472 557; x_wconf 72' lang='lat' dir='ltr'><strong>furem</strong></span> <span class='ocrx_word' id='word_1_23' title='bbox 2502 490 2743 565; x_wconf 79' lang='lat' dir='ltr'><strong>currest</strong></span> <span class='ocrx_word' id='word_1_24' title='bbox 2772 504 2891 565; x_wconf 63' lang='lat' dir='ltr'><strong>cuni</strong></span> <span class='ocrx_word' id='word_1_25' title='bbox 2910 504 2998 553; x_wconf 90' lang='lat' dir='ltr'><strong>eo;</strong></span> <span class='ocrx_word' id='word_1_26' title='bbox 3029 495 3076 541; x_wconf 81' lang='lat' dir='ltr'><strong>et</strong></span> <span class='ocrx_word' id='word_1_27' title='bbox 3104 502 3217 540; x_wconf 88' lang='lat' dir='ltr'><strong>cum</strong></span> <span class='ocrx_word' id='word_1_28' title='bbox 3245 488 3495 565; x_wconf 73' lang='lat' dir='ltr'><strong>adulteris</strong></span> 
     </span>
    </p>
   </div>
   <div class='ocr_carea' id='block_1_5' title="bbox 261 563 1819 633">
    <p class='ocr_par' dir='ltr' id='par_1_5' title="bbox 261 563 1819 633">
     <span class='ocr_line' id='line_1_5' title="bbox 261 563 1819 633; baseline -0.006 -9"><span class='ocrx_word' id='word_1_29' title='bbox 261 572 377 623; x_wconf 82' lang='lat' dir='ltr'><strong>lecti</strong></span> <span class='ocrx_word' id='word_1_30' title='bbox 403 577 526 622; x_wconf 88' lang='lat' dir='ltr'><strong>sunt</strong></span> <span class='ocrx_word' id='word_1_31' title='bbox 558 563 685 620; x_wconf 74' lang='lat' dir='ltr'><strong>mei.</strong></span> <span class='ocrx_word' id='word_1_32' title='bbox 721 564 783 616; x_wconf 83' lang='lat' dir='ltr'><strong>Et</strong></span> <span class='ocrx_word' id='word_1_33' title='bbox 812 565 1104 633; x_wconf 69' lang='lat' dir='ltr'><strong>praesertim</strong></span> <span class='ocrx_word' id='word_1_34' title='bbox 1129 563 1389 630; x_wconf 75' lang='lat' dir='ltr'><strong>plenitudo</strong></span> <span class='ocrx_word' id='word_1_35' title='bbox 1413 564 1520 631; x_wconf 89' lang='lat' dir='ltr'><strong>ejus</strong></span> <span class='ocrx_word' id='word_1_36' title='bbox 1551 571 1706 633; x_wconf 69' lang='lat' dir='ltr'><strong>terra:</strong></span> <span class='ocrx_word' id='word_1_37' title='bbox 1732 578 1819 614; x_wconf 87' lang='lat' dir='ltr'><strong>or-</strong></span> 
     </span>
    </p>
   </div>
   <div class='ocr_carea' id='block_1_6' title="bbox 258 630 1824 701">
    <p class='ocr_par' dir='ltr' id='par_1_6' title="bbox 258 630 1824 701">
     <span class='ocr_line' id='line_1_6' title="bbox 258 630 1824 701; baseline -0.005 -8"><span class='ocrx_word' id='word_1_38' title='bbox 258 641 522 701; x_wconf 77' lang='lat' dir='ltr'><strong>biculatae,</strong></span> <span class='ocrx_word' id='word_1_39' title='bbox 553 635 603 689; x_wconf 89' lang='lat' dir='ltr'><strong>id</strong></span> <span class='ocrx_word' id='word_1_40' title='bbox 629 645 729 699; x_wconf 79' lang='lat' dir='ltr'><strong>est,</strong></span> <span class='ocrx_word' id='word_1_41' title='bbox 756 630 828 686; x_wconf 86' lang='lat' dir='ltr'><strong>illi</strong></span> <span class='ocrx_word' id='word_1_42' title='bbox 853 633 941 700; x_wconf 87' lang='lat' dir='ltr'><strong>qui</strong></span> <span class='ocrx_word' id='word_1_43' title='bbox 965 635 1112 701; x_wconf 88' lang='lat' dir='ltr'><strong>quasi</strong></span> <span class='ocrx_word' id='word_1_44' title='bbox 1137 633 1368 685; x_wconf 88' lang='lat' dir='ltr'><strong>medium</strong></span> <span class='ocrx_word' id='word_1_45' title='bbox 1394 630 1447 685; x_wconf 84' lang='lat' dir='ltr'><strong>et</strong></span> <span class='ocrx_word' id='word_1_46' title='bbox 1478 630 1824 699; x_wconf 74' lang='lat' dir='ltr'><strong>perfectiores</strong></span> 
     </span>
    </p>
   </div>
   <div class='ocr_carea' id='block_1_7' title="bbox 256 703 1283 770">
    <p class='ocr_par' dir='ltr' id='par_1_7' title="bbox 256 703 1283 770">
     <span class='ocr_line' id='line_1_7' title="bbox 256 703 1283 770; baseline -0.011 -6"><span class='ocrx_word' id='word_1_47' title='bbox 256 720 386 765; x_wconf 82' lang='lat' dir='ltr'><strong>sunt</strong></span> <span class='ocrx_word' id='word_1_48' title='bbox 412 709 549 762; x_wconf 89' lang='lat' dir='ltr'><strong>inter</strong></span> <span class='ocrx_word' id='word_1_49' title='bbox 575 706 695 757; x_wconf 86' lang='lat' dir='ltr'><strong>illos</strong></span> <span class='ocrx_word' id='word_1_50' title='bbox 718 704 979 770; x_wconf 83' lang='lat' dir='ltr'><strong>perfectos</strong></span> <span class='ocrx_word' id='word_1_51' title='bbox 1008 712 1131 754; x_wconf 90' lang='lat' dir='ltr'><strong>sunt</strong></span> <span class='ocrx_word' id='word_1_52' title='bbox 1160 703 1283 755; x_wconf 91' lang='lat' dir='ltr'><strong>mei.</strong></span> 
     </span>
    </p>
   </div>
   <div class='ocr_carea' id='block_1_8' title="bbox 332 768 1824 842">
    <p class='ocr_par' dir='ltr' id='par_1_8' title="bbox 332 768 1824 842">
     <span class='ocr_line' id='line_1_8' title="bbox 332 768 1824 842; baseline -0.006 -11"><span class='ocrx_word' id='word_1_53' title='bbox 332 776 580 842; x_wconf 81' lang='lat' dir='ltr'><strong>Nunquid</strong></span> <span class='ocrx_word' id='word_1_54' title='bbox 625 768 963 826; x_wconf 78' lang='lat' dir='ltr'><strong>manducabo.</strong></span> <span class='ocrx_word' id='word_1_55' title='bbox 1016 772 1139 825; x_wconf 87' lang='lat' dir='ltr'><strong>Ideo</strong></span> <span class='ocrx_word' id='word_1_56' title='bbox 1182 771 1340 824; x_wconf 88' lang='lat' dir='ltr'><strong>etiam</strong></span> <span class='ocrx_word' id='word_1_57' title='bbox 1385 785 1489 824; x_wconf 89' lang='lat' dir='ltr'><strong>non</strong></span> <span class='ocrx_word' id='word_1_58' title='bbox 1517 770 1697 842; x_wconf 77' lang='lat' dir='ltr'><strong>dicam</strong></span> <span class='ocrx_word' id='word_1_59' title='bbox 1731 768 1824 823; x_wconf 88' lang='lat' dir='ltr'><strong>tibi</strong></span> 
     </span>
    </p>
   </div>
   <div class='ocr_carea' id='block_1_9' title="bbox 257 839 1821 911">
    <p class='ocr_par' dir='ltr' id='par_1_9' title="bbox 257 839 1821 911">
     <span class='ocr_line' id='line_1_9' title="bbox 257 839 1821 911; baseline -0.006 -10"><span class='ocrx_word' id='word_1_60' title='bbox 257 839 485 901; x_wconf 82' lang='lat' dir='ltr'><strong>esuriem</strong></span> <span class='ocrx_word' id='word_1_61' title='bbox 520 860 689 897; x_wconf 90' lang='lat' dir='ltr'><strong>meam</strong></span> <span class='ocrx_word' id='word_1_62' title='bbox 715 882 731 907; x_wconf 92' lang='lat'><strong>,</strong></span> <span class='ocrx_word' id='word_1_63' title='bbox 763 844 885 911; x_wconf 83' lang='lat' dir='ltr'><strong>quia</strong></span> <span class='ocrx_word' id='word_1_64' title='bbox 917 851 969 895; x_wconf 90' lang='lat' dir='ltr'><strong>tu</strong></span> <span class='ocrx_word' id='word_1_65' title='bbox 1006 842 1210 911; x_wconf 80' lang='lat' dir='ltr'><strong>cibares</strong></span> <span class='ocrx_word' id='word_1_66' title='bbox 1244 854 1328 893; x_wconf 90' lang='lat' dir='ltr'><strong>me</strong></span> <span class='ocrx_word' id='word_1_67' title='bbox 1362 839 1614 911; x_wconf 74' lang='lat' dir='ltr'><strong>carnibus</strong></span> <span class='ocrx_word' id='word_1_68' title='bbox 1640 847 1821 911; x_wconf 79' lang='lat' dir='ltr'><strong>tauro-</strong></span> 
     </span>
    </p>
   </div>
   <div class='ocr_carea' id='block_1_10' title="bbox 256 909 1822 980">
    <p class='ocr_par' dir='ltr' id='par_1_10' title="bbox 256 909 1822 980">
     <span class='ocr_line' id='line_1_10' title="bbox 256 909 1822 980; baseline -0.005 -10"><span class='ocrx_word' id='word_1_69' title='bbox 256 933 399 980; x_wconf 87' lang='lat' dir='ltr'><strong>rum,</strong></span> <span class='ocrx_word' id='word_1_70' title='bbox 433 915 481 968; x_wconf 93' lang='lat' dir='ltr'><strong>id</strong></span> <span class='ocrx_word' id='word_1_71' title='bbox 512 923 615 976; x_wconf 87' lang='lat' dir='ltr'><strong>est,</strong></span> <span class='ocrx_word' id='word_1_72' title='bbox 649 909 952 966; x_wconf 85' lang='lat' dir='ltr'><strong>recurreres</strong></span> <span class='ocrx_word' id='word_1_73' title='bbox 982 911 1048 964; x_wconf 90' lang='lat' dir='ltr'><strong>ad</strong></span> <span class='ocrx_word' id='word_1_74' title='bbox 1083 910 1253 980; x_wconf 74' lang='lat' dir='ltr'><strong>priora</strong></span> <span class='ocrx_word' id='word_1_75' title='bbox 1278 909 1535 980; x_wconf 88' lang='lat' dir='ltr'><strong>sacrilicia</strong></span> <span class='ocrx_word' id='word_1_76' title='bbox 1557 950 1572 974; x_wconf 91' lang='lat'><strong>,</strong></span> <span class='ocrx_word' id='word_1_77' title='bbox 1606 909 1686 961; x_wconf 85' lang='lat' dir='ltr'><strong>vel</strong></span> <span class='ocrx_word' id='word_1_78' title='bbox 1717 924 1822 962; x_wconf 93' lang='lat' dir='ltr'><strong>non</strong></span> 
     </span>
    </p>
   </div>
   <div class='ocr_carea' id='block_1_11' title="bbox 256 979 1825 1045">
    <p class='ocr_par' dir='ltr' id='par_1_11' title="bbox 256 979 1825 1045">
     <span class='ocr_line' id='line_1_11' title="bbox 256 979 1825 1045; baseline -0.006 -4"><span class='ocrx_word' id='word_1_79' title='bbox 256 979 592 1041; x_wconf 76' lang='lat' dir='ltr'><strong>minisrrares</strong></span> <span class='ocrx_word' id='word_1_80' title='bbox 623 983 747 1034; x_wconf 90' lang='lat' dir='ltr'><strong>mihi</strong></span> <span class='ocrx_word' id='word_1_81' title='bbox 770 1022 785 1045; x_wconf 95' lang='lat'><strong>,</strong></span> <span class='ocrx_word' id='word_1_82' title='bbox 818 982 917 1034; x_wconf 87' lang='lat' dir='ltr'><strong>nisi</strong></span> <span class='ocrx_word' id='word_1_83' title='bbox 952 991 1130 1033; x_wconf 86' lang='lat' dir='ltr'><strong>tauros</strong></span> <span class='ocrx_word' id='word_1_84' title='bbox 1158 990 1212 1033; x_wconf 85' lang='lat' dir='ltr'><strong>et</strong></span> <span class='ocrx_word' id='word_1_85' title='bbox 1242 979 1419 1033; x_wconf 80' lang='lat' dir='ltr'><strong>hircos</strong></span> <span class='ocrx_word' id='word_1_86' title='bbox 1444 1019 1460 1041; x_wconf 89' lang='lat'><strong>,</strong></span> <span class='ocrx_word' id='word_1_87' title='bbox 1506 979 1557 1033; x_wconf 88' lang='lat' dir='ltr'><strong>id</strong></span> <span class='ocrx_word' id='word_1_88' title='bbox 1586 988 1705 1042; x_wconf 91' lang='lat' dir='ltr'><strong>est,</strong></span> <span class='ocrx_word' id='word_1_89' title='bbox 1732 994 1825 1033; x_wconf 86' lang='lat' dir='ltr'><strong>su-</strong></span> 
     </span>
    </p>
   </div>
   <div class='ocr_carea' id='block_1_12' title="bbox 255 1049 1871 1125">
    <p class='ocr_par' dir='ltr' id='par_1_12' title="bbox 255 1049 1871 1125">
     <span class='ocr_line' id='line_1_12' title="bbox 255 1049 1871 1125; baseline -0.006 -16"><span class='ocrx_word' id='word_1_90' title='bbox 255 1058 474 1125; x_wconf 86' lang='lat' dir='ltr'><strong>perbos,</strong></span> <span class='ocrx_word' id='word_1_91' title='bbox 507 1062 560 1125; x_wconf 86' lang='lat' dir='ltr'><strong>et</strong></span> <span class='ocrx_word' id='word_1_92' title='bbox 591 1055 641 1105; x_wconf 89' lang='lat' dir='ltr'><strong>in</strong></span> <span class='ocrx_word' id='word_1_93' title='bbox 671 1051 900 1125; x_wconf 75' lang='lat' dir='ltr'><strong>peccatis</strong></span> <span class='ocrx_word' id='word_1_94' title='bbox 925 1049 1233 1125; x_wconf 79' lang='lat' dir='ltr'><strong>fetidos,__de</strong></span> <span class='ocrx_word' id='word_1_95' title='bbox 1254 1049 1446 1125; x_wconf 81' lang='lat' dir='ltr'><strong>quibus</strong></span> <span class='ocrx_word' id='word_1_96' title='bbox 1473 1064 1706 1125; x_wconf 69' lang='lat' dir='ltr'><strong>egenou</strong></span> <span class='ocrx_word' id='word_1_97' title='bbox 1726 1064 1822 1101; x_wconf 85' lang='lat' dir='ltr'><strong>cu-</strong></span> <span class='ocrx_word' id='word_1_98' title='bbox 1868 1052 1871 1055; x_wconf 44' lang='grc' dir='ltr'>λ</span> 
     </span>
    </p>
   </div>
   <div class='ocr_carea' id='block_1_13' title="bbox 256 1118 1825 1193">
    <p class='ocr_par' dir='ltr' id='par_1_13' title="bbox 256 1118 1825 1193">
     <span class='ocr_line' id='line_1_13' title="bbox 256 1118 1825 1193; baseline -0.005 -15"><span class='ocrx_word' id='word_1_99' title='bbox 256 1118 323 1178; x_wconf 79' lang='lat' dir='ltr'><strong>i&#39;o</strong></span> <span class='ocrx_word' id='word_1_100' title='bbox 344 1166 360 1190; x_wconf 94' lang='lat'><strong>,</strong></span> <span class='ocrx_word' id='word_1_101' title='bbox 388 1125 525 1193; x_wconf 90' lang='lat' dir='ltr'><strong>quod</strong></span> <span class='ocrx_word' id='word_1_102' title='bbox 553 1122 899 1193; x_wconf 81' lang='lat' dir='ltr'><strong>interrogatio</strong></span> <span class='ocrx_word' id='word_1_103' title='bbox 922 1120 1325 1193; x_wconf 68' lang='lat' dir='ltr'><strong>a~quipolleuter</strong></span> <span class='ocrx_word' id='word_1_104' title='bbox 1357 1118 1534 1173; x_wconf 90' lang='lat' dir='ltr'><strong>habet.</strong></span> <span class='ocrx_word' id='word_1_105' title='bbox 1558 1119 1707 1193; x_wconf 82' lang='lat' dir='ltr'><strong>Quod</strong></span> <span class='ocrx_word' id='word_1_106' title='bbox 1730 1133 1825 1170; x_wconf 88' lang='lat' dir='ltr'><strong>au-</strong></span> 
     </span>
    </p>
   </div>
   <div class='ocr_carea' id='block_1_14' title="bbox 257 1188 1823 1257">
    <p class='ocr_par' dir='ltr' id='par_1_14' title="bbox 257 1188 1823 1257">
     <span class='ocr_line' id='line_1_14' title="bbox 257 1188 1823 1257; baseline -0.005 -8"><span class='ocrx_word' id='word_1_107' title='bbox 257 1188 367 1250; x_wconf 86' lang='lat' dir='ltr'><strong>tem</strong></span> <span class='ocrx_word' id='word_1_108' title='bbox 407 1188 558 1257; x_wconf 81' lang='lat' dir='ltr'><strong>dicit,</strong></span> <span class='ocrx_word' id='word_1_109' title='bbox 614 1192 727 1245; x_wconf 84' lang='lat' dir='ltr'><strong>Non</strong></span> <span class='ocrx_word' id='word_1_110' title='bbox 759 1188 927 1243; x_wconf 77' lang='lat' dir='ltr'><strong>dicant</strong></span> <span class='ocrx_word' id='word_1_111' title='bbox 970 1190 1063 1243; x_wconf 84' lang='lat' dir='ltr'><strong>tibi</strong></span> <span class='ocrx_word' id='word_1_112' title='bbox 1106 1189 1336 1242; x_wconf 87' lang='lat' dir='ltr'><strong>esuriem</strong></span> <span class='ocrx_word' id='word_1_113' title='bbox 1378 1202 1550 1242; x_wconf 85' lang='lat' dir='ltr'><strong>meam</strong></span> <span class='ocrx_word' id='word_1_114' title='bbox 1591 1188 1823 1257; x_wconf 87' lang='lat' dir='ltr'><strong>(videtur</strong></span> 
     </span>
    </p>
   </div>
   <div class='ocr_carea' id='block_1_15' title="bbox 254 1258 1820 1329">
    <p class='ocr_par' dir='ltr' id='par_1_15' title="bbox 254 1258 1820 1329">
     <span class='ocr_line' id='line_1_15' title="bbox 254 1258 1820 1329; baseline -0.004 -11"><span class='ocrx_word' id='word_1_115' title='bbox 254 1267 451 1319; x_wconf 89' lang='lat' dir='ltr'><strong>mirum</strong></span> <span class='ocrx_word' id='word_1_116' title='bbox 478 1264 496 1329; x_wconf 95' lang='lat'><strong>)</strong></span> <span class='ocrx_word' id='word_1_117' title='bbox 526 1278 642 1315; x_wconf 91' lang='lat' dir='ltr'><strong>cum</strong></span> <span class='ocrx_word' id='word_1_118' title='bbox 675 1262 920 1314; x_wconf 90' lang='lat' dir='ltr'><strong>omnibus</strong></span> <span class='ocrx_word' id='word_1_119' title='bbox 960 1258 1352 1329; x_wconf 78' lang='lat' dir='ltr'><strong>annuntiaverit</strong></span> <span class='ocrx_word' id='word_1_120' title='bbox 1388 1272 1506 1310; x_wconf 86' lang='lat' dir='ltr'><strong>eam</strong></span> <span class='ocrx_word' id='word_1_121' title='bbox 1532 1275 1547 1323; x_wconf 92' lang='lat'><strong>;</strong></span> <span class='ocrx_word' id='word_1_122' title='bbox 1578 1258 1671 1329; x_wconf 87' lang='lat' dir='ltr'><strong>sed</strong></span> <span class='ocrx_word' id='word_1_123' title='bbox 1700 1274 1820 1329; x_wconf 87' lang='lat' dir='ltr'><strong>non</strong></span> 
     </span>
    </p>
   </div>
   <div class='ocr_carea' id='block_1_16' title="bbox 250 1327 1819 1405">
    <p class='ocr_par' dir='ltr' id='par_1_16' title="bbox 250 1327 1819 1405">
     <span class='ocr_line' id='line_1_16' title="bbox 250 1327 1819 1405; baseline -0.006 -16"><span class='ocrx_word' id='word_1_124' title='bbox 250 1345 360 1397; x_wconf 75' lang='lat' dir='ltr'><strong>est,</strong></span> <span class='ocrx_word' id='word_1_125' title='bbox 408 1327 528 1405; x_wconf 86' lang='lat' dir='ltr'><strong>quia</strong></span> <span class='ocrx_word' id='word_1_126' title='bbox 554 1330 838 1405; x_wconf 23' lang='lat' dir='ltr'><strong>Ahocudicit</strong></span> <span class='ocrx_word' id='word_1_127' title='bbox 884 1340 1157 1405; x_wconf 64' lang='lat' dir='ltr'><strong>quantum</strong></span> <span class='ocrx_word' id='word_1_128' title='bbox 1179 1328 1242 1380; x_wconf 86' lang='lat' dir='ltr'><strong>ad</strong></span> <span class='ocrx_word' id='word_1_129' title='bbox 1277 1328 1570 1405; x_wconf 73' lang='lat' dir='ltr'><strong>_alIectutn_,_</strong></span> <span class='ocrx_word' id='word_1_130' title='bbox 1596 1327 1819 1405; x_wconf 79' lang='lat' dir='ltr'><strong>scilicet,</strong></span> 
     </span>
    </p>
   </div>
   <div class='ocr_carea' id='block_1_17' title="bbox 250 1396 1820 1475">
    <p class='ocr_par' dir='ltr' id='par_1_17' title="bbox 250 1396 1820 1475">
     <span class='ocr_line' id='line_1_17' title="bbox 250 1396 1820 1475; baseline -0.004 -17"><span class='ocrx_word' id='word_1_131' title='bbox 250 1396 377 1475; x_wconf 89' lang='lat' dir='ltr'><strong>quia</strong></span> <span class='ocrx_word' id='word_1_132' title='bbox 412 1396 633 1472; x_wconf 78' lang='lat' dir='ltr'><strong>populus</strong></span> <span class='ocrx_word' id='word_1_133' title='bbox 674 1401 763 1454; x_wconf 91' lang='lat' dir='ltr'><strong>ille</strong></span> <span class='ocrx_word' id='word_1_134' title='bbox 790 1401 938 1454; x_wconf 77' lang='lat' dir='ltr'><strong>durae</strong></span> <span class='ocrx_word' id='word_1_135' title='bbox 968 1397 1186 1453; x_wconf 74' lang='lat' dir='ltr'><strong>cervicis</strong></span> <span class='ocrx_word' id='word_1_136' title='bbox 1214 1400 1438 1452; x_wconf 85' lang='lat' dir='ltr'><strong>salutem</strong></span> <span class='ocrx_word' id='word_1_137' title='bbox 1469 1396 1573 1451; x_wconf 84' lang='lat' dir='ltr'><strong>sibi</strong></span> <span class='ocrx_word' id='word_1_138' title='bbox 1603 1398 1820 1453; x_wconf 86' lang='lat' dir='ltr'><strong>missam</strong></span> 
     </span>
    </p>
   </div>
   <div class='ocr_carea' id='block_1_18' title="bbox 254 1477 474 1530">
    <p class='ocr_par' dir='ltr' id='par_1_18' title="bbox 254 1477 474 1530">
     <span class='ocr_line' id='line_1_18' title="bbox 254 1477 474 1530; baseline -0.014 0"><span class='ocrx_word' id='word_1_139' title='bbox 254 1477 474 1530; x_wconf 84' lang='lat' dir='ltr'><strong>renulit.</strong></span> 
     </span>
    </p>
   </div>
   <div class='ocr_carea' id='block_1_19' title="bbox 326 1494 1820 1616">
    <p class='ocr_par' dir='ltr' id='par_1_19' title="bbox 326 1494 1820 1616">
     <span class='ocr_line' id='line_1_19' title="bbox 326 1494 1820 1616; baseline -0.006 -18"><span class='ocrx_word' id='word_1_140' title='bbox 326 1494 549 1598; x_wconf 57' lang='grc' dir='ltr'>Τιῖἶξιξὲιια</span> <span class='ocrx_word' id='word_1_141' title='bbox 596 1540 1074 1616; x_wconf 48' lang='grc' dir='ltr'><strong>Πεσβιηνξβοὶιιηι..</strong></span> <span class='ocrx_word' id='word_1_142' title='bbox 1100 1538 1232 1616; x_wconf 82' lang='lat' dir='ltr'><strong>Quia</strong></span> <span class='ocrx_word' id='word_1_143' title='bbox 1270 1534 1526 1616; x_wconf 72' lang='lat' dir='ltr'><strong>sacriﬁcia</strong></span> <span class='ocrx_word' id='word_1_144' title='bbox 1572 1534 1820 1616; x_wconf 65' lang='lat' dir='ltr'><strong>praedicta</strong></span> 
     </span>
    </p>
   </div>
   <div class='ocr_carea' id='block_1_20' title="bbox 253 1607 1823 1684">
    <p class='ocr_par' dir='ltr' id='par_1_20' title="bbox 253 1607 1823 1684">
     <span class='ocr_line' id='line_1_20' title="bbox 253 1607 1823 1684; baseline -0.006 -17"><span class='ocrx_word' id='word_1_145' title='bbox 253 1617 483 1684; x_wconf 79' lang='lat' dir='ltr'><strong>amplius</strong></span> <span class='ocrx_word' id='word_1_146' title='bbox 502 1628 605 1667; x_wconf 90' lang='lat' dir='ltr'><strong>non</strong></span> <span class='ocrx_word' id='word_1_147' title='bbox 619 1611 839 1684; x_wconf 81' lang='lat' dir='ltr'><strong>accipio,</strong></span> <span class='ocrx_word' id='word_1_148' title='bbox 859 1626 984 1684; x_wconf 80' lang='lat' dir='ltr'><strong>ergo</strong></span> <span class='ocrx_word' id='word_1_149' title='bbox 1004 1607 1160 1684; x_wconf 71' lang='lat' dir='ltr'><strong>tu&#39;qui</strong></span> <span class='ocrx_word' id='word_1_150' title='bbox 1176 1607 1505 1684; x_wconf 75' lang='lat' dir='ltr'><strong>veruslsrael</strong></span> <span class='ocrx_word' id='word_1_151' title='bbox 1523 1620 1602 1684; x_wconf 73' lang='lat' dir='ltr'><strong>es,</strong></span> <span class='ocrx_word' id='word_1_152' title='bbox 1615 1607 1823 1684; x_wconf 58' lang='lat' dir='ltr'><strong>immoia</strong></span> 
     </span>
    </p>
   </div>
   <div class='ocr_carea' id='block_1_21' title="bbox 252 1676 1825 1749">
    <p class='ocr_par' dir='ltr' id='par_1_21' title="bbox 252 1676 1825 1749">
     <span class='ocr_line' id='line_1_21' title="bbox 252 1676 1825 1749; baseline -0.006 -10"><span class='ocrx_word' id='word_1_153' title='bbox 252 1676 385 1739; x_wconf 77' lang='lat' dir='ltr'><strong>milii</strong></span> <span class='ocrx_word' id='word_1_154' title='bbox 419 1686 521 1739; x_wconf 90' lang='lat' dir='ltr'><strong>Deo</strong></span> <span class='ocrx_word' id='word_1_155' title='bbox 549 1676 859 1749; x_wconf 78' lang='lat' dir='ltr'><strong>sacriﬁcium</strong></span> <span class='ocrx_word' id='word_1_156' title='bbox 889 1676 1081 1743; x_wconf 81' lang='lat' dir='ltr'><strong>laudis,</strong></span> <span class='ocrx_word' id='word_1_157' title='bbox 1112 1678 1162 1731; x_wconf 97' lang='lat' dir='ltr'><strong>id</strong></span> <span class='ocrx_word' id='word_1_158' title='bbox 1193 1688 1296 1741; x_wconf 88' lang='lat' dir='ltr'><strong>est,</strong></span> <span class='ocrx_word' id='word_1_159' title='bbox 1330 1677 1594 1749; x_wconf 82' lang='lat' dir='ltr'><strong>laudabile</strong></span> <span class='ocrx_word' id='word_1_160' title='bbox 1621 1676 1825 1749; x_wconf 48' lang='lat' dir='ltr'><strong>sacrtﬁf</strong></span> 
     </span>
    </p>
   </div>
   <div class='ocr_carea' id='block_1_22' title="bbox 251 1746 1820 1818">
    <p class='ocr_par' dir='ltr' id='par_1_22' title="bbox 251 1746 1820 1818">
     <span class='ocr_line' id='line_1_22' title="bbox 251 1746 1820 1818; baseline -0.006 -9"><span class='ocrx_word' id='word_1_161' title='bbox 251 1758 420 1818; x_wconf 89' lang='lat' dir='ltr'><strong>cium,</strong></span> <span class='ocrx_word' id='word_1_162' title='bbox 452 1746 900 1816; x_wconf 49' lang='lat' dir='ltr'><strong>scilicet,&#39;vitulos</strong></span> <span class='ocrx_word' id='word_1_163' title='bbox 929 1765 1032 1803; x_wconf 91' lang='lat' dir='ltr'><strong>non</strong></span> <span class='ocrx_word' id='word_1_164' title='bbox 1060 1750 1266 1818; x_wconf 78' lang='lat' dir='ltr'><strong>gregis,</strong></span> <span class='ocrx_word' id='word_1_165' title='bbox 1296 1748 1390 1818; x_wconf 84' lang='lat' dir='ltr'><strong>sed</strong></span> <span class='ocrx_word' id='word_1_166' title='bbox 1432 1747 1692 1818; x_wconf 83' lang='lat' dir='ltr'><strong>labiorum</strong></span> <span class='ocrx_word' id='word_1_167' title='bbox 1720 1788 1735 1811; x_wconf 90' lang='lat'><strong>,</strong></span> <span class='ocrx_word' id='word_1_168' title='bbox 1772 1746 1820 1799; x_wconf 87' lang='lat' dir='ltr'><strong>id</strong></span> 
     </span>
    </p>
   </div>
   <div class='ocr_carea' id='block_1_23' title="bbox 252 1816 1900 1896">
    <p class='ocr_par' dir='ltr' id='par_1_23' title="bbox 252 1816 1900 1896">
     <span class='ocr_line' id='line_1_23' title="bbox 252 1816 1900 1896; baseline -0.008 -17"><span class='ocrx_word' id='word_1_169' title='bbox 252 1838 376 1896; x_wconf 86' lang='lat' dir='ltr'><strong>est,</strong></span> <span class='ocrx_word' id='word_1_170' title='bbox 405 1816 617 1889; x_wconf 74' lang='lat' dir='ltr'><strong>Semper</strong></span> <span class='ocrx_word' id='word_1_171' title='bbox 642 1822 928 1892; x_wconf 77' lang='lat' dir='ltr'><strong>gratiarum</strong></span> <span class='ocrx_word' id='word_1_172' title='bbox 962 1816 1205 1896; x_wconf 71' lang='lat' dir='ltr'><strong>actiones</strong></span> <span class='ocrx_word' id='word_1_173' title='bbox 1231 1816 1374 1896; x_wconf 71' lang='lat' dir='ltr'><strong>refer</strong></span> <span class='ocrx_word' id='word_1_174' title='bbox 1400 1816 1625 1896; x_wconf 76' lang='lat' dir='ltr'><strong>interius</strong></span> <span class='ocrx_word' id='word_1_175' title='bbox 1646 1825 1701 1869; x_wconf 90' lang='lat' dir='ltr'><strong>et</strong></span> <span class='ocrx_word' id='word_1_176' title='bbox 1730 1831 1823 1869; x_wconf 72' lang='grc' dir='ltr'>ει-</span> <span class='ocrx_word' id='word_1_177' title='bbox 1858 1840 1900 1896; x_wconf 68' lang='grc' dir='ltr'><strong>Β</strong></span> 
     </span>
    </p>
   </div>
   <div class='ocr_carea' id='block_1_24' title="bbox 253 1887 1824 1959">
    <p class='ocr_par' dir='ltr' id='par_1_24' title="bbox 253 1887 1824 1959">
     <span class='ocr_line' id='line_1_24' title="bbox 253 1887 1824 1959; baseline -0.005 -11"><span class='ocrx_word' id='word_1_178' title='bbox 253 1895 424 1950; x_wconf 87' lang='lat' dir='ltr'><strong>terius</strong></span> <span class='ocrx_word' id='word_1_179' title='bbox 458 1887 587 1957; x_wconf 86' lang='lat' dir='ltr'><strong>Deo,</strong></span> <span class='ocrx_word' id='word_1_180' title='bbox 619 1887 779 1959; x_wconf 47' lang='lat' dir='ltr'><strong>a&#39;quo</strong></span> <span class='ocrx_word' id='word_1_181' title='bbox 799 1900 880 1943; x_wconf 86' lang='lat' dir='ltr'><strong>est</strong></span> <span class='ocrx_word' id='word_1_182' title='bbox 908 1889 1162 1958; x_wconf 80' lang='lat' dir='ltr'><strong>quidquid</strong></span> <span class='ocrx_word' id='word_1_183' title='bbox 1196 1887 1546 1959; x_wconf 80' lang='lat' dir='ltr'><strong>beni_babes,</strong></span> <span class='ocrx_word' id='word_1_184' title='bbox 1576 1894 1629 1959; x_wconf 80' lang='lat' dir='ltr'><strong>et</strong></span> <span class='ocrx_word' id='word_1_185' title='bbox 1658 1900 1688 1959; x_wconf 84' lang='lat' dir='ltr'><strong>_a</strong></span> <span class='ocrx_word' id='word_1_186' title='bbox 1717 1899 1824 1959; x_wconf 86' lang='lat' dir='ltr'><strong>quo</strong></span> 
     </span>
    </p>
   </div>
   <div class='ocr_carea' id='block_1_25' title="bbox 252 1955 1824 2030">
    <p class='ocr_par' dir='ltr' id='par_1_25' title="bbox 252 1955 1824 2030">
     <span class='ocr_line' id='line_1_25' title="bbox 252 1955 1824 2030; baseline -0.006 -12"><span class='ocrx_word' id='word_1_187' title='bbox 252 1968 556 2019; x_wconf 88' lang='lat' dir='ltr'><strong>remittetur</strong></span> <span class='ocrx_word' id='word_1_188' title='bbox 575 1955 842 2030; x_wconf 78' lang='lat' dir='ltr'><strong>quidquid</strong></span> <span class='ocrx_word' id='word_1_189' title='bbox 875 1955 997 2013; x_wconf 86' lang='lat' dir='ltr'><strong>mali</strong></span> <span class='ocrx_word' id='word_1_190' title='bbox 1030 1955 1079 2013; x_wconf 86' lang='lat' dir='ltr'><strong>in</strong></span> <span class='ocrx_word' id='word_1_191' title='bbox 1110 1969 1161 2013; x_wconf 88' lang='lat' dir='ltr'><strong>te</strong></span> <span class='ocrx_word' id='word_1_192' title='bbox 1189 1969 1291 2013; x_wconf 88' lang='lat' dir='ltr'><strong>est.</strong></span> <span class='ocrx_word' id='word_1_193' title='bbox 1324 1955 1545 2030; x_wconf 5' lang='lat' dir='ltr'><strong>Etgmihi</strong></span> <span class='ocrx_word' id='word_1_194' title='bbox 1576 1955 1824 2030; x_wconf 83' lang='lat' dir='ltr'><strong>altissimo</strong></span> 
     </span>
    </p>
   </div>
   <div class='ocr_carea' id='block_1_26' title="bbox 252 2026 1821 2104">
    <p class='ocr_par' dir='ltr' id='par_1_26' title="bbox 252 2026 1821 2104">
     <span class='ocr_line' id='line_1_26' title="bbox 252 2026 1821 2104; baseline -0.006 -18"><span class='ocrx_word' id='word_1_195' title='bbox 252 2036 432 2102; x_wconf 80' lang='lat' dir='ltr'><strong>redde,</strong></span> <span class='ocrx_word' id='word_1_196' title='bbox 465 2035 584 2104; x_wconf 87' lang='lat' dir='ltr'><strong>quia</strong></span> <span class='ocrx_word' id='word_1_197' title='bbox 608 2026 642 2083; x_wconf 19' lang='lat' dir='ltr'><strong>Va</strong></span> <span class='ocrx_word' id='word_1_198' title='bbox 676 2026 761 2085; x_wconf 82' lang='lat' dir='ltr'><strong>me</strong></span> <span class='ocrx_word' id='word_1_199' title='bbox 793 2030 953 2084; x_wconf 63' lang='lat' dir='ltr'><strong>babes</strong></span> <span class='ocrx_word' id='word_1_200' title='bbox 974 2039 1112 2104; x_wconf 72' lang='lat' dir='ltr'><strong>uota,</strong></span> <span class='ocrx_word' id='word_1_201' title='bbox 1143 2045 1249 2082; x_wconf 85' lang='lat' dir='ltr'><strong>non</strong></span> <span class='ocrx_word' id='word_1_202' title='bbox 1273 2027 1542 2104; x_wconf 64' lang='lat' dir='ltr'><strong>quaelibet,</strong></span> <span class='ocrx_word' id='word_1_203' title='bbox 1574 2026 1674 2104; x_wconf 59' lang='lat' dir='ltr'><strong>sed</strong></span> <span class='ocrx_word' id='word_1_204' title='bbox 1697 2038 1821 2104; x_wconf 76' lang='lat' dir='ltr'><strong>tua,</strong></span> 
     </span>
    </p>
   </div>
   <div class='ocr_carea' id='block_1_27' title="bbox 252 2095 1827 2171">
    <p class='ocr_par' dir='ltr' id='par_1_27' title="bbox 252 2095 1827 2171">
     <span class='ocr_line' id='line_1_27' title="bbox 252 2095 1827 2171; baseline -0.006 -13"><span class='ocrx_word' id='word_1_205' title='bbox 252 2106 306 2158; x_wconf 88' lang='lat' dir='ltr'><strong>id</strong></span> <span class='ocrx_word' id='word_1_206' title='bbox 333 2095 453 2170; x_wconf 55' lang='lat' dir='ltr'><strong>est&#39;,</strong></span> <span class='ocrx_word' id='word_1_207' title='bbox 484 2095 603 2171; x_wconf 68' lang='lat' dir='ltr'><strong>quae</strong></span> <span class='ocrx_word' id='word_1_208' title='bbox 636 2105 687 2155; x_wconf 88' lang='lat' dir='ltr'><strong>in</strong></span> <span class='ocrx_word' id='word_1_209' title='bbox 718 2112 768 2155; x_wconf 92' lang='lat' dir='ltr'><strong>te</strong></span> <span class='ocrx_word' id='word_1_210' title='bbox 795 2109 951 2165; x_wconf 89' lang='lat' dir='ltr'><strong>sunt,</strong></span> <span class='ocrx_word' id='word_1_211' title='bbox 984 2100 1085 2153; x_wconf 91' lang='lat' dir='ltr'><strong>hoc</strong></span> <span class='ocrx_word' id='word_1_212' title='bbox 1111 2110 1191 2152; x_wconf 90' lang='lat' dir='ltr'><strong>est</strong></span> <span class='ocrx_word' id='word_1_213' title='bbox 1216 2139 1233 2171; x_wconf 88' lang='lat'><strong>,</strong></span> <span class='ocrx_word' id='word_1_214' title='bbox 1282 2097 1532 2171; x_wconf 69' lang='lat' dir='ltr'><strong>teipsum.</strong></span> <span class='ocrx_word' id='word_1_215' title='bbox 1576 2095 1827 2171; x_wconf 80' lang='lat' dir='ltr'><strong>Quisquis</strong></span> 
     </span>
    </p>
   </div>
   <div class='ocr_carea' id='block_1_28' title="bbox 250 2166 1823 2245">
    <p class='ocr_par' dir='ltr' id='par_1_28' title="bbox 250 2166 1823 2245">
     <span class='ocr_line' id='line_1_28' title="bbox 250 2166 1823 2245; baseline -0.006 -17"><span class='ocrx_word' id='word_1_216' title='bbox 250 2177 396 2229; x_wconf 90' lang='lat' dir='ltr'><strong>enim</strong></span> <span class='ocrx_word' id='word_1_217' title='bbox 426 2166 624 2245; x_wconf 79' lang='lat' dir='ltr'><strong>cogitat</strong></span> <span class='ocrx_word' id='word_1_218' title='bbox 663 2172 802 2240; x_wconf 88' lang='lat' dir='ltr'><strong>quod</strong></span> <span class='ocrx_word' id='word_1_219' title='bbox 834 2172 991 2245; x_wconf 81' lang='lat' dir='ltr'><strong>digne</strong></span> <span class='ocrx_word' id='word_1_220' title='bbox 1013 2166 1567 2245; x_wconf 76' lang='lat' dir='ltr'><strong>loveat_Deo,_olTera_t</strong></span> <span class='ocrx_word' id='word_1_221' title='bbox 1592 2166 1823 2233; x_wconf 86' lang='lat' dir='ltr'><strong>seipsum</strong></span> 
     </span>
    </p>
   </div>
   <div class='ocr_carea' id='block_1_29' title="bbox 267 2237 1716 2310">
    <p class='ocr_par' dir='ltr' id='par_1_29' title="bbox 267 2237 1716 2310">
     <span class='ocr_line' id='line_1_29' title="bbox 267 2237 1716 2310; baseline -0.006 -13"><span class='ocrx_word' id='word_1_222' title='bbox 267 2256 464 2310; x_wconf 72' lang='lat' dir='ltr'><strong>totum,</strong></span> <span class='ocrx_word' id='word_1_223' title='bbox 493 2237 544 2297; x_wconf 68' lang='lat' dir='ltr'><strong>Et</strong></span> <span class='ocrx_word' id='word_1_224' title='bbox 567 2237 775 2307; x_wconf 81' lang='lat' dir='ltr'><strong>voveat,</strong></span> <span class='ocrx_word' id='word_1_225' title='bbox 805 2237 924 2310; x_wconf 84' lang='lat' dir='ltr'><strong>quia</strong></span> <span class='ocrx_word' id='word_1_226' title='bbox 954 2241 1052 2294; x_wconf 90' lang='lat' dir='ltr'><strong>hoc</strong></span> <span class='ocrx_word' id='word_1_227' title='bbox 1072 2240 1319 2310; x_wconf 73' lang='lat' dir='ltr'><strong>exigitur,</strong></span> <span class='ocrx_word' id='word_1_228' title='bbox 1348 2238 1448 2291; x_wconf 75' lang='lat' dir='ltr'><strong>bne</strong></span> <span class='ocrx_word' id='word_1_229' title='bbox 1475 2237 1716 2290; x_wconf 85' lang='lat' dir='ltr'><strong>debetur.</strong></span> 
     </span>
    </p>
   </div>
   <div class='ocr_carea' id='block_1_30' title="bbox 328 2309 1827 2378">
    <p class='ocr_par' dir='ltr' id='par_1_30' title="bbox 328 2309 1827 2378">
     <span class='ocr_line' id='line_1_30' title="bbox 328 2309 1827 2378; baseline -0.006 -9"><span class='ocrx_word' id='word_1_230' title='bbox 328 2314 397 2369; x_wconf 85' lang='lat' dir='ltr'><strong>Et</strong></span> <span class='ocrx_word' id='word_1_231' title='bbox 442 2318 617 2367; x_wconf 77' lang='lat' dir='ltr'><strong>invoca</strong></span> <span class='ocrx_word' id='word_1_232' title='bbox 658 2329 759 2368; x_wconf 85' lang='lat' dir='ltr'><strong>me.</strong></span> <span class='ocrx_word' id='word_1_233' title='bbox 813 2309 1034 2373; x_wconf 76' lang='lat' dir='ltr'><strong>Redde,</strong></span> <span class='ocrx_word' id='word_1_234' title='bbox 1079 2309 1292 2378; x_wconf 90' lang='lat' dir='ltr'><strong>inquam</strong></span> <span class='ocrx_word' id='word_1_235' title='bbox 1318 2350 1333 2374; x_wconf 92' lang='lat'><strong>,</strong></span> <span class='ocrx_word' id='word_1_236' title='bbox 1386 2317 1503 2360; x_wconf 72' lang='lat' dir='ltr'><strong>rota</strong></span> <span class='ocrx_word' id='word_1_237' title='bbox 1528 2346 1543 2370; x_wconf 90' lang='lat'><strong>,</strong></span> <span class='ocrx_word' id='word_1_238' title='bbox 1572 2316 1657 2378; x_wconf 15' lang='lat' dir='ltr'><strong>Wet</strong></span> <span class='ocrx_word' id='word_1_239' title='bbox 1702 2316 1827 2378; x_wconf 85' lang='lat' dir='ltr'><strong>tunc</strong></span> 
     </span>
    </p>
   </div>
   <div class='ocr_carea' id='block_1_31' title="bbox 250 2375 1828 2449">
    <p class='ocr_par' dir='ltr' id='par_1_31' title="bbox 250 2375 1828 2449">
     <span class='ocr_line' id='line_1_31' title="bbox 250 2375 1828 2449; baseline -0.008 -10"><span class='ocrx_word' id='word_1_240' title='bbox 250 2386 433 2439; x_wconf 79' lang='lat' dir='ltr'><strong>invoca</strong></span> <span class='ocrx_word' id='word_1_241' title='bbox 460 2402 575 2447; x_wconf 88' lang='lat' dir='ltr'><strong>me,</strong></span> <span class='ocrx_word' id='word_1_242' title='bbox 618 2383 744 2436; x_wconf 87' lang='lat' dir='ltr'><strong>nihil</strong></span> <span class='ocrx_word' id='word_1_243' title='bbox 794 2375 1164 2449; x_wconf 68' lang='lat' dir='ltr'><strong>praesumendo</strong></span> <span class='ocrx_word' id='word_1_244' title='bbox 1204 2380 1271 2434; x_wconf 87' lang='lat' dir='ltr'><strong>de</strong></span> <span class='ocrx_word' id='word_1_245' title='bbox 1319 2388 1405 2446; x_wconf 86' lang='lat' dir='ltr'><strong>te,</strong></span> <span class='ocrx_word' id='word_1_246' title='bbox 1453 2379 1504 2430; x_wconf 87' lang='lat' dir='ltr'><strong>in</strong></span> <span class='ocrx_word' id='word_1_247' title='bbox 1544 2377 1625 2449; x_wconf 78' lang='lat' dir='ltr'><strong>die</strong></span> <span class='ocrx_word' id='word_1_248' title='bbox 1667 2375 1828 2428; x_wconf 86' lang='lat' dir='ltr'><strong>tribu-</strong></span> 
     </span>
    </p>
   </div>
   <div class='ocr_carea' id='block_1_32' title="bbox 250 2446 1829 2521">
    <p class='ocr_par' dir='ltr' id='par_1_32' title="bbox 250 2446 1829 2521">
     <span class='ocr_line' id='line_1_32' title="bbox 250 2446 1829 2521; baseline -0.005 -13"><span class='ocrx_word' id='word_1_249' title='bbox 250 2457 483 2517; x_wconf 83' lang='lat' dir='ltr'><strong>lationis,</strong></span> <span class='ocrx_word' id='word_1_250' title='bbox 535 2446 584 2507; x_wconf 88' lang='lat' dir='ltr'><strong>id</strong></span> <span class='ocrx_word' id='word_1_251' title='bbox 643 2460 746 2516; x_wconf 86' lang='lat' dir='ltr'><strong>est,</strong></span> <span class='ocrx_word' id='word_1_252' title='bbox 796 2446 1264 2521; x_wconf 59' lang='lat' dir='ltr'><strong>peregrinationis,</strong></span> <span class='ocrx_word' id='word_1_253' title='bbox 1309 2449 1431 2518; x_wconf 89' lang='lat' dir='ltr'><strong>quia</strong></span> <span class='ocrx_word' id='word_1_254' title='bbox 1491 2446 1829 2521; x_wconf 23' lang='lat' dir='ltr'><strong>nttlla‘major</strong></span> 
     </span>
    </p>
   </div>
   <div class='ocr_carea' id='block_1_33' title="bbox 249 2516 1827 2591">
    <p class='ocr_par' dir='ltr' id='par_1_33' title="bbox 249 2516 1827 2591">
     <span class='ocr_line' id='line_1_33' title="bbox 249 2516 1827 2591; baseline -0.008 -11"><span class='ocrx_word' id='word_1_255' title='bbox 249 2535 336 2580; x_wconf 89' lang='lat' dir='ltr'><strong>est</strong></span> <span class='ocrx_word' id='word_1_256' title='bbox 378 2516 666 2588; x_wconf 85' lang='lat' dir='ltr'><strong>tribulatio,</strong></span> <span class='ocrx_word' id='word_1_257' title='bbox 712 2516 833 2591; x_wconf 76' lang='lat' dir='ltr'><strong>quia</strong></span> <span class='ocrx_word' id='word_1_258' title='bbox 875 2516 1114 2589; x_wconf 74' lang='lat' dir='ltr'><strong>quisquis</strong></span> <span class='ocrx_word' id='word_1_259' title='bbox 1142 2520 1278 2591; x_wconf 73' lang='lat' dir='ltr'><strong>hanc</strong></span> <span class='ocrx_word' id='word_1_260' title='bbox 1307 2516 1410 2591; x_wconf 79' lang='lat' dir='ltr'><strong>non</strong></span> <span class='ocrx_word' id='word_1_261' title='bbox 1453 2516 1700 2591; x_wconf 77' lang='lat' dir='ltr'><strong>attendit,</strong></span> <span class='ocrx_word' id='word_1_262' title='bbox 1739 2533 1827 2591; x_wconf 69' lang='lat' dir='ltr'><strong>pa-</strong></span> 
     </span>
    </p>
   </div>
   <div class='ocr_carea' id='block_1_34' title="bbox 251 2586 1829 2659">
    <p class='ocr_par' dir='ltr' id='par_1_34' title="bbox 251 2586 1829 2659">
     <span class='ocr_line' id='line_1_34' title="bbox 251 2586 1829 2659; baseline -0.005 -12"><span class='ocrx_word' id='word_1_263' title='bbox 251 2597 411 2648; x_wconf 89' lang='lat' dir='ltr'><strong>triam</strong></span> <span class='ocrx_word' id='word_1_264' title='bbox 445 2611 510 2648; x_wconf 80' lang='lat' dir='ltr'><strong>ex</strong></span> <span class='ocrx_word' id='word_1_265' title='bbox 542 2586 704 2648; x_wconf 88' lang='lat' dir='ltr'><strong>corde</strong></span> <span class='ocrx_word' id='word_1_266' title='bbox 731 2586 833 2645; x_wconf 78' lang='lat' dir='ltr'><strong>non</strong></span> <span class='ocrx_word' id='word_1_267' title='bbox 863 2586 1101 2659; x_wconf 77' lang='lat' dir='ltr'><strong>requirit.</strong></span> <span class='ocrx_word' id='word_1_268' title='bbox 1132 2588 1355 2650; x_wconf 78' lang='lat' dir='ltr'><strong>Invoco,</strong></span> <span class='ocrx_word' id='word_1_269' title='bbox 1396 2589 1633 2659; x_wconf 78' lang='lat' dir='ltr'><strong>inquam,</strong></span> <span class='ocrx_word' id='word_1_270' title='bbox 1662 2587 1717 2639; x_wconf 80' lang='lat' dir='ltr'><strong>in</strong></span> <span class='ocrx_word' id='word_1_271' title='bbox 1746 2586 1829 2659; x_wconf 88' lang='lat' dir='ltr'><strong>die</strong></span> 
     </span>
    </p>
   </div>
   <div class='ocr_carea' id='block_1_35' title="bbox 248 2658 1828 2732">
    <p class='ocr_par' dir='ltr' id='par_1_35' title="bbox 248 2658 1828 2732">
     <span class='ocr_line' id='line_1_35' title="bbox 248 2658 1828 2732; baseline -0.006 -13"><span class='ocrx_word' id='word_1_272' title='bbox 248 2666 605 2719; x_wconf 70' lang='lat' dir='ltr'><strong>tribulationis</strong></span> <span class='ocrx_word' id='word_1_273' title='bbox 630 2704 644 2727; x_wconf 87' lang='lat'><strong>,</strong></span> <span class='ocrx_word' id='word_1_274' title='bbox 690 2666 811 2732; x_wconf 88' lang='lat' dir='ltr'><strong>quia</strong></span> <span class='ocrx_word' id='word_1_275' title='bbox 853 2658 957 2715; x_wconf 87' lang='lat' dir='ltr'><strong>non</strong></span> <span class='ocrx_word' id='word_1_276' title='bbox 991 2661 1246 2713; x_wconf 88' lang='lat' dir='ltr'><strong>inutiliter</strong></span> <span class='ocrx_word' id='word_1_277' title='bbox 1276 2659 1564 2732; x_wconf 75' lang='lat' dir='ltr'><strong>tribularis.</strong></span> <span class='ocrx_word' id='word_1_278' title='bbox 1598 2658 1654 2710; x_wconf 85' lang='lat' dir='ltr'><strong>Si</strong></span> <span class='ocrx_word' id='word_1_279' title='bbox 1685 2658 1828 2710; x_wconf 87' lang='lat' dir='ltr'><strong>enim</strong></span> 
     </span>
    </p>
   </div>
   <div class='ocr_carea' id='block_1_36' title="bbox 248 2726 1826 2799">
    <p class='ocr_par' dir='ltr' id='par_1_36' title="bbox 248 2726 1826 2799">
     <span class='ocr_line' id='line_1_36' title="bbox 248 2726 1826 2799; baseline -0.005 -10"><span class='ocrx_word' id='word_1_280' title='bbox 248 2751 360 2789; x_wconf 89' lang='lat' dir='ltr'><strong>non</strong></span> <span class='ocrx_word' id='word_1_281' title='bbox 411 2726 764 2799; x_wconf 58' lang='lat' dir='ltr'><strong>tribulareri&#39;s,</strong></span> <span class='ocrx_word' id='word_1_282' title='bbox 822 2748 925 2786; x_wconf 90' lang='lat' dir='ltr'><strong>non</strong></span> <span class='ocrx_word' id='word_1_283' title='bbox 972 2746 1058 2785; x_wconf 92' lang='lat' dir='ltr'><strong>me</strong></span> <span class='ocrx_word' id='word_1_284' title='bbox 1108 2732 1425 2799; x_wconf 53' lang='lat' dir='ltr'><strong>invocares.</strong></span> <span class='ocrx_word' id='word_1_285' title='bbox 1455 2726 1615 2799; x_wconf 83' lang='lat' dir='ltr'><strong>Nune</strong></span> <span class='ocrx_word' id='word_1_286' title='bbox 1648 2740 1826 2781; x_wconf 87' lang='lat' dir='ltr'><strong>autem</strong></span> 
     </span>
    </p>
   </div>
   <div class='ocr_carea' id='block_1_37' title="bbox 248 2797 1824 2874">
    <p class='ocr_par' dir='ltr' id='par_1_37' title="bbox 248 2797 1824 2874">
     <span class='ocr_line' id='line_1_37' title="bbox 248 2797 1824 2874; baseline -0.007 -16"><span class='ocrx_word' id='word_1_287' title='bbox 248 2805 379 2874; x_wconf 87' lang='lat' dir='ltr'><strong>quia</strong></span> <span class='ocrx_word' id='word_1_288' title='bbox 408 2804 699 2868; x_wconf 87' lang='lat' dir='ltr'><strong>tribularis,</strong></span> <span class='ocrx_word' id='word_1_289' title='bbox 734 2797 818 2857; x_wconf 86' lang='lat' dir='ltr'><strong>me</strong></span> <span class='ocrx_word' id='word_1_290' title='bbox 854 2800 1149 2874; x_wconf 81' lang='lat' dir='ltr'><strong>invocabis.</strong></span> <span class='ocrx_word' id='word_1_291' title='bbox 1183 2799 1250 2853; x_wconf 80' lang='lat' dir='ltr'><strong>Et</strong></span> <span class='ocrx_word' id='word_1_292' title='bbox 1272 2798 1393 2868; x_wconf 82' lang='lat' dir='ltr'><strong>quia</strong></span> <span class='ocrx_word' id='word_1_293' title='bbox 1416 2797 1687 2874; x_wconf 70' lang='lat' dir='ltr'><strong>invocabis</strong></span> <span class='ocrx_word' id='word_1_294' title='bbox 1718 2813 1824 2874; x_wconf 74' lang='lat' dir='ltr'><strong>tne,</strong></span> 
     </span>
    </p>
   </div>
   <div class='ocr_carea' id='block_1_38' title="bbox 245 2866 1826 2934">
    <p class='ocr_par' dir='ltr' id='par_1_38' title="bbox 245 2866 1826 2934">
     <span class='ocr_line' id='line_1_38' title="bbox 245 2866 1826 2934; baseline -0.005 -6"><span class='ocrx_word' id='word_1_295' title='bbox 245 2866 428 2928; x_wconf 59' lang='lat' dir='ltr'><strong>imm</strong></span> <span class='ocrx_word' id='word_1_296' title='bbox 463 2884 510 2927; x_wconf 90' lang='lat' dir='ltr'><strong>te</strong></span> <span class='ocrx_word' id='word_1_297' title='bbox 534 2876 601 2928; x_wconf 90' lang='lat' dir='ltr'><strong>de</strong></span> <span class='ocrx_word' id='word_1_298' title='bbox 643 2866 1003 2926; x_wconf 80' lang='lat' dir='ltr'><strong>tribulatione.</strong></span> <span class='ocrx_word' id='word_1_299' title='bbox 1051 2870 1113 2922; x_wconf 83' lang='lat' dir='ltr'><strong>Et</strong></span> <span class='ocrx_word' id='word_1_300' title='bbox 1146 2880 1199 2923; x_wconf 91' lang='lat' dir='ltr'><strong>tu</strong></span> <span class='ocrx_word' id='word_1_301' title='bbox 1235 2866 1420 2924; x_wconf 79' lang='lat' dir='ltr'><strong>erutus</strong></span> <span class='ocrx_word' id='word_1_302' title='bbox 1444 2866 1826 2934; x_wconf 77' lang='lat' dir='ltr'><strong>Itonoriﬁcabis,</strong></span> 
     </span>
    </p>
   </div>
   <div class='ocr_carea' id='block_1_39' title="bbox 248 2937 1826 3008">
    <p class='ocr_par' dir='ltr' id='par_1_39' title="bbox 248 2937 1826 3008">
     <span class='ocr_line' id='line_1_39' title="bbox 248 2937 1826 3008; baseline -0.005 -9"><span class='ocrx_word' id='word_1_303' title='bbox 248 2947 302 2999; x_wconf 97' lang='lat' dir='ltr'><strong>id</strong></span> <span class='ocrx_word' id='word_1_304' title='bbox 330 2955 413 3000; x_wconf 86' lang='lat' dir='ltr'><strong>est</strong></span> <span class='ocrx_word' id='word_1_305' title='bbox 438 2986 455 3008; x_wconf 94' lang='lat'><strong>,</strong></span> <span class='ocrx_word' id='word_1_306' title='bbox 490 2944 727 2997; x_wconf 81' lang='lat' dir='ltr'><strong>laudabis</strong></span> <span class='ocrx_word' id='word_1_307' title='bbox 755 2960 830 2993; x_wconf 88' lang='lat' dir='ltr'><strong>me</strong></span> <span class='ocrx_word' id='word_1_308' title='bbox 852 2985 863 3000; x_wconf 85' lang='lat'><strong><em>.</em></strong></span> <span class='ocrx_word' id='word_1_309' title='bbox 898 2956 1167 3008; x_wconf 86' lang='lat' dir='ltr'><strong>nunquam</strong></span> <span class='ocrx_word' id='word_1_310' title='bbox 1208 2942 1435 3007; x_wconf 83' lang='lat' dir='ltr'><strong>amplius</strong></span> <span class='ocrx_word' id='word_1_311' title='bbox 1463 2937 1767 3008; x_wconf 73' lang='lat' dir='ltr'><strong>recedendi)</strong></span> <span class='ocrx_word' id='word_1_312' title='bbox 1797 2954 1826 2991; x_wconf 79' lang='grc' dir='ltr'><strong>ιι</strong></span> 
     </span>
    </p>
   </div>
   <div class='ocr_carea' id='block_1_40' title="bbox 251 3007 1829 3078">
    <p class='ocr_par' dir='ltr' id='par_1_40' title="bbox 251 3007 1829 3078">
     <span class='ocr_line' id='line_1_40' title="bbox 251 3007 1829 3078; baseline -0.004 -11"><span class='ocrx_word' id='word_1_313' title='bbox 251 3032 340 3069; x_wconf 67' lang='lat' dir='ltr'><strong>uie</strong></span> <span class='ocrx_word' id='word_1_314' title='bbox 366 3035 378 3068; x_wconf 91' lang='lat'>:</span> <span class='ocrx_word' id='word_1_315' title='bbox 406 3007 554 3067; x_wconf 82' lang='lat' dir='ltr'><strong>Beati</strong></span> <span class='ocrx_word' id='word_1_316' title='bbox 582 3016 716 3067; x_wconf 84' lang='lat' dir='ltr'><strong>enim</strong></span> <span class='ocrx_word' id='word_1_317' title='bbox 744 3013 824 3078; x_wconf 86' lang='lat' dir='ltr'><strong>qui</strong></span> <span class='ocrx_word' id='word_1_318' title='bbox 853 3007 1087 3063; x_wconf 83' lang='lat' dir='ltr'><strong>habitant</strong></span> <span class='ocrx_word' id='word_1_319' title='bbox 1120 3012 1173 3062; x_wconf 89' lang='lat' dir='ltr'><strong>in</strong></span> <span class='ocrx_word' id='word_1_320' title='bbox 1196 3011 1347 3064; x_wconf 87' lang='lat' dir='ltr'><strong>domo</strong></span> <span class='ocrx_word' id='word_1_321' title='bbox 1369 3021 1480 3074; x_wconf 87' lang='lat' dir='ltr'><strong>tua,</strong></span> <span class='ocrx_word' id='word_1_322' title='bbox 1508 3007 1748 3075; x_wconf 81' lang='lat' dir='ltr'><strong>Domine,</strong></span> <span class='ocrx_word' id='word_1_323' title='bbox 1776 3008 1829 3061; x_wconf 90' lang='lat' dir='ltr'><strong>in</strong></span> 
     </span>
    </p>
   </div>
   <div class='ocr_carea' id='block_1_41' title="bbox 246 3081 1158 3139">
    <p class='ocr_par' dir='ltr' id='par_1_41' title="bbox 246 3081 1158 3139">
     <span class='ocr_line' id='line_1_41' title="bbox 246 3081 1158 3139; baseline -0.007 -1"><span class='ocrx_word' id='word_1_324' title='bbox 246 3086 443 3139; x_wconf 81' lang='lat' dir='ltr'><strong>stecala</strong></span> <span class='ocrx_word' id='word_1_325' title='bbox 464 3083 766 3137; x_wconf 81' lang='lat' dir='ltr'><strong>sa&#39;culorurn</strong></span> <span class='ocrx_word' id='word_1_326' title='bbox 788 3081 1063 3134; x_wconf 84' lang='lat' dir='ltr'><strong>laudabunt</strong></span> <span class='ocrx_word' id='word_1_327' title='bbox 1091 3092 1158 3133; x_wconf 89' lang='lat' dir='ltr'><strong>te.</strong></span> 
     </span>
    </p>
   </div>
   <div class='ocr_carea' id='block_1_42' title="bbox 325 3147 1825 3219">
    <p class='ocr_par' dir='ltr' id='par_1_42' title="bbox 325 3147 1825 3219">
     <span class='ocr_line' id='line_1_42' title="bbox 325 3147 1825 3219; baseline -0.002 -12"><span class='ocrx_word' id='word_1_328' title='bbox 325 3155 594 3207; x_wconf 83' lang='lat' dir='ltr'><strong>Peccatori</strong></span> <span class='ocrx_word' id='word_1_329' title='bbox 640 3166 805 3205; x_wconf 85' lang='lat' dir='ltr'><strong>au&#39;em</strong></span> <span class='ocrx_word' id='word_1_330' title='bbox 840 3152 969 3203; x_wconf 63' lang='lat' dir='ltr'><strong>didit</strong></span> <span class='ocrx_word' id='word_1_331' title='bbox 1000 3151 1156 3205; x_wconf 84' lang='lat' dir='ltr'><strong>Deus.</strong></span> <span class='ocrx_word' id='word_1_332' title='bbox 1206 3148 1358 3213; x_wconf 80' lang='lat' dir='ltr'><strong>Ihec,</strong></span> <span class='ocrx_word' id='word_1_333' title='bbox 1411 3147 1628 3219; x_wconf 86' lang='lat' dir='ltr'><strong>inquam</strong></span> <span class='ocrx_word' id='word_1_334' title='bbox 1652 3190 1669 3218; x_wconf 85' lang='lat'><strong>,</strong></span> <span class='ocrx_word' id='word_1_335' title='bbox 1706 3162 1825 3219; x_wconf 61' lang='lat' dir='ltr'><strong>qua!</strong></span> 
     </span>
    </p>
   </div>
   <div class='ocr_carea' id='block_1_43' title="bbox 250 3220 1826 3293">
    <p class='ocr_par' dir='ltr' id='par_1_43' title="bbox 250 3220 1826 3293">
     <span class='ocr_line' id='line_1_43' title="bbox 250 3220 1826 3293; baseline -0.002 -17"><span class='ocrx_word' id='word_1_336' title='bbox 250 3228 510 3293; x_wconf 60' lang='lat' dir='ltr'><strong>pradicta</strong></span> <span class='ocrx_word' id='word_1_337' title='bbox 556 3233 679 3276; x_wconf 83' lang='lat' dir='ltr'><strong>sunt</strong></span> <span class='ocrx_word' id='word_1_338' title='bbox 705 3264 720 3287; x_wconf 97' lang='lat'><strong>,</strong></span> <span class='ocrx_word' id='word_1_339' title='bbox 751 3223 884 3274; x_wconf 80' lang='lat' dir='ltr'><strong>dixit</strong></span> <span class='ocrx_word' id='word_1_340' title='bbox 913 3221 1163 3273; x_wconf 83' lang='lat' dir='ltr'><strong>Dominus</strong></span> <span class='ocrx_word' id='word_1_341' title='bbox 1186 3220 1332 3293; x_wconf 69' lang='lat' dir='ltr'><strong>Deus</strong></span> <span class='ocrx_word' id='word_1_342' title='bbox 1360 3220 1585 3293; x_wconf 89' lang='lat' dir='ltr'><strong>deorum</strong></span> <span class='ocrx_word' id='word_1_343' title='bbox 1623 3221 1826 3293; x_wconf 80' lang='lat' dir='ltr'><strong>popqu</strong></span> 
     </span>
    </p>
   </div>
   <div class='ocr_carea' id='block_1_44' title="bbox 249 3290 1822 3363">
    <p class='ocr_par' dir='ltr' id='par_1_44' title="bbox 249 3290 1822 3363">
     <span class='ocr_line' id='line_1_44' title="bbox 249 3290 1822 3363; baseline -0.002 -16"><span class='ocrx_word' id='word_1_344' title='bbox 249 3290 389 3359; x_wconf 69' lang='lat' dir='ltr'><strong>suo;</strong></span> <span class='ocrx_word' id='word_1_345' title='bbox 439 3311 555 3363; x_wconf 68' lang='lat' dir='ltr'><strong>quae</strong></span> <span class='ocrx_word' id='word_1_346' title='bbox 586 3301 763 3345; x_wconf 87' lang='lat' dir='ltr'><strong>autem</strong></span> <span class='ocrx_word' id='word_1_347' title='bbox 804 3301 1130 3363; x_wconf 87' lang='lat' dir='ltr'><strong>sequuntur,</strong></span> <span class='ocrx_word' id='word_1_348' title='bbox 1161 3290 1295 3363; x_wconf 80' lang='lat' dir='ltr'><strong>dixit</strong></span> <span class='ocrx_word' id='word_1_349' title='bbox 1320 3292 1590 3357; x_wconf 86' lang='lat' dir='ltr'><strong>peccatori,</strong></span> <span class='ocrx_word' id='word_1_350' title='bbox 1620 3290 1672 3343; x_wconf 91' lang='lat' dir='ltr'><strong>id</strong></span> <span class='ocrx_word' id='word_1_351' title='bbox 1700 3301 1822 3363; x_wconf 84' lang='lat' dir='ltr'><strong>est,</strong></span> 
     </span>
    </p>
   </div>
   <div class='ocr_carea' id='block_1_45' title="bbox 248 3361 1827 3435">
    <p class='ocr_par' dir='ltr' id='par_1_45' title="bbox 248 3361 1827 3435">
     <span class='ocr_line' id='line_1_45' title="bbox 248 3361 1827 3435; baseline -0.001 -19"><span class='ocrx_word' id='word_1_352' title='bbox 248 3361 468 3435; x_wconf 75' lang='lat' dir='ltr'><strong>populo</strong></span> <span class='ocrx_word' id='word_1_353' title='bbox 498 3380 600 3417; x_wconf 90' lang='lat' dir='ltr'><strong>non</strong></span> <span class='ocrx_word' id='word_1_354' title='bbox 631 3377 728 3435; x_wconf 82' lang='lat' dir='ltr'><strong>suo</strong></span> <span class='ocrx_word' id='word_1_355' title='bbox 749 3405 762 3422; x_wconf 85' lang='lat'><strong>,</strong></span> <span class='ocrx_word' id='word_1_356' title='bbox 799 3362 911 3435; x_wconf 68' lang='lat' dir='ltr'><strong>haec</strong></span> <span class='ocrx_word' id='word_1_357' title='bbox 934 3402 952 3435; x_wconf 13' lang='grc' dir='ltr'><strong>ν,</strong></span> <span class='ocrx_word' id='word_1_358' title='bbox 985 3361 1187 3414; x_wconf 82' lang='lat' dir='ltr'><strong>scilicet</strong></span> <span class='ocrx_word' id='word_1_359' title='bbox 1218 3377 1231 3412; x_wconf 91' lang='lat'><strong>:</strong></span> <span class='ocrx_word' id='word_1_360' title='bbox 1265 3361 1431 3435; x_wconf 76' lang='lat' dir='ltr'><strong>Quare</strong></span> <span class='ocrx_word' id='word_1_361' title='bbox 1460 3371 1513 3412; x_wconf 92' lang='lat' dir='ltr'><strong>tu</strong></span> <span class='ocrx_word' id='word_1_362' title='bbox 1538 3401 1553 3425; x_wconf 94' lang='lat'><strong>,</strong></span> <span class='ocrx_word' id='word_1_363' title='bbox 1585 3374 1707 3414; x_wconf 89' lang='lat' dir='ltr'><strong>cum</strong></span> <span class='ocrx_word' id='word_1_364' title='bbox 1751 3362 1827 3415; x_wconf 86' lang='lat' dir='ltr'><strong>sis</strong></span> 
     </span>
    </p>
   </div>
   <div class='ocr_carea' id='block_1_46' title="bbox 253 3431 1829 3504">
    <p class='ocr_par' dir='ltr' id='par_1_46' title="bbox 253 3431 1829 3504">
     <span class='ocr_line' id='line_1_46' title="bbox 253 3431 1829 3504; baseline -0.001 -20"><span class='ocrx_word' id='word_1_365' title='bbox 253 3431 510 3504; x_wconf 68' lang='lat' dir='ltr'><strong>peccator</strong></span> <span class='ocrx_word' id='word_1_366' title='bbox 533 3474 548 3497; x_wconf 95' lang='lat'><strong>,</strong></span> <span class='ocrx_word' id='word_1_367' title='bbox 597 3433 648 3487; x_wconf 90' lang='lat' dir='ltr'><strong>id</strong></span> <span class='ocrx_word' id='word_1_368' title='bbox 689 3442 770 3485; x_wconf 83' lang='lat' dir='ltr'><strong>est</strong></span> <span class='ocrx_word' id='word_1_369' title='bbox 794 3474 809 3497; x_wconf 91' lang='lat'><strong>,</strong></span> <span class='ocrx_word' id='word_1_370' title='bbox 840 3432 975 3504; x_wconf 81' lang='lat' dir='ltr'><strong>legis</strong></span> <span class='ocrx_word' id='word_1_371' title='bbox 1006 3446 1138 3504; x_wconf 75' lang='lat' dir='ltr'><strong>mea:</strong></span> <span class='ocrx_word' id='word_1_372' title='bbox 1185 3431 1586 3504; x_wconf 69' lang='lat' dir='ltr'><strong>praevaricator,</strong></span> <span class='ocrx_word' id='word_1_373' title='bbox 1618 3445 1829 3483; x_wconf 88' lang='lat' dir='ltr'><strong>enarras</strong></span> 
     </span>
    </p>
   </div>
   <div class='ocr_carea' id='block_1_47' title="bbox 247 3499 1823 3575">
    <p class='ocr_par' dir='ltr' id='par_1_47' title="bbox 247 3499 1823 3575">
     <span class='ocr_line' id='line_1_47' title="bbox 247 3499 1823 3575; baseline -0.004 -17"><span class='ocrx_word' id='word_1_374' title='bbox 247 3499 375 3559; x_wconf 75' lang='lat' dir='ltr'><strong>aliis</strong></span> <span class='ocrx_word' id='word_1_375' title='bbox 391 3505 626 3575; x_wconf 84' lang='lat' dir='ltr'><strong>justitias</strong></span> <span class='ocrx_word' id='word_1_376' title='bbox 648 3519 806 3566; x_wconf 75' lang='lat' dir='ltr'><strong>nicas,</strong></span> <span class='ocrx_word' id='word_1_377' title='bbox 838 3503 886 3554; x_wconf 91' lang='lat' dir='ltr'><strong>id</strong></span> <span class='ocrx_word' id='word_1_378' title='bbox 913 3510 1015 3565; x_wconf 82' lang='lat' dir='ltr'><strong>est,</strong></span> <span class='ocrx_word' id='word_1_379' title='bbox 1043 3501 1198 3554; x_wconf 82' lang='lat' dir='ltr'><strong>iidem</strong></span> <span class='ocrx_word' id='word_1_380' title='bbox 1227 3516 1398 3554; x_wconf 88' lang='lat' dir='ltr'><strong>meam</strong></span> <span class='ocrx_word' id='word_1_381' title='bbox 1423 3499 1823 3575; x_wconf 73' lang='lat' dir='ltr'><strong>iustiﬁcaiitem,</strong></span> 
     </span>
    </p>
   </div>
   <div class='ocr_carea' id='block_1_48' title="bbox 249 3571 1829 3645">
    <p class='ocr_par' dir='ltr' id='par_1_48' title="bbox 249 3571 1829 3645">
     <span class='ocr_line' id='line_1_48' title="bbox 249 3571 1829 3645; baseline -0.003 -21"><span class='ocrx_word' id='word_1_382' title='bbox 249 3580 335 3630; x_wconf 84' lang='lat' dir='ltr'><strong>vel</strong></span> <span class='ocrx_word' id='word_1_383' title='bbox 377 3571 519 3645; x_wconf 55' lang='lat' dir='ltr'><strong>j&#39;usta</strong></span> <span class='ocrx_word' id='word_1_384' title='bbox 556 3583 816 3645; x_wconf 68' lang='lat' dir='ltr'><strong>prtecepta</strong></span> <span class='ocrx_word' id='word_1_385' title='bbox 852 3587 987 3635; x_wconf 87' lang='lat' dir='ltr'><strong>tttea,</strong></span> <span class='ocrx_word' id='word_1_386' title='bbox 1032 3579 1078 3645; x_wconf 82' lang='lat' dir='ltr'><strong>et</strong></span> <span class='ocrx_word' id='word_1_387' title='bbox 1109 3585 1274 3645; x_wconf 80' lang='lat' dir='ltr'><strong>quare</strong></span> <span class='ocrx_word' id='word_1_388' title='bbox 1312 3571 1526 3623; x_wconf 75' lang='lat' dir='ltr'><strong>assumis</strong></span> <span class='ocrx_word' id='word_1_389' title='bbox 1559 3579 1829 3645; x_wconf 76' lang='lat' dir='ltr'><strong>testamen-</strong></span> 
     </span>
    </p>
   </div>
   <div class='ocr_carea' id='block_1_49' title="bbox 248 3640 1829 3709">
    <p class='ocr_par' dir='ltr' id='par_1_49' title="bbox 248 3640 1829 3709">
     <span class='ocr_line' id='line_1_49' title="bbox 248 3640 1829 3709; baseline -0.003 -12"><span class='ocrx_word' id='word_1_390' title='bbox 248 3640 605 3707; x_wconf 52' lang='lat' dir='ltr'><strong>tam&#39;meum&#39;,</strong></span> <span class='ocrx_word' id='word_1_391' title='bbox 653 3643 702 3695; x_wconf 89' lang='lat' dir='ltr'><strong>id</strong></span> <span class='ocrx_word' id='word_1_392' title='bbox 748 3651 868 3705; x_wconf 69' lang='lat' dir='ltr'><strong>est,</strong></span> <span class='ocrx_word' id='word_1_393' title='bbox 910 3641 1292 3709; x_wconf 87' lang='lat' dir='ltr'><strong>promissiones</strong></span> <span class='ocrx_word' id='word_1_394' title='bbox 1332 3655 1474 3693; x_wconf 86' lang='lat' dir='ltr'><strong>meas</strong></span> <span class='ocrx_word' id='word_1_395' title='bbox 1500 3640 1829 3694; x_wconf 85' lang='lat' dir='ltr'><strong>enarrandas</strong></span> 
     </span>
    </p>
   </div>
   <div class='ocr_carea' id='block_1_50' title="bbox 246 3710 1830 3787">
    <p class='ocr_par' dir='ltr' id='par_1_50' title="bbox 246 3710 1830 3787">
     <span class='ocr_line' id='line_1_50' title="bbox 246 3710 1830 3787; baseline -0.006 -19"><span class='ocrx_word' id='word_1_396' title='bbox 246 3733 344 3787; x_wconf 87' lang='lat' dir='ltr'><strong>per</strong></span> <span class='ocrx_word' id='word_1_397' title='bbox 395 3733 450 3767; x_wconf 87' lang='lat' dir='ltr'><strong>os</strong></span> <span class='ocrx_word' id='word_1_398' title='bbox 504 3713 691 3766; x_wconf 86' lang='lat' dir='ltr'><strong>tuum?</strong></span> <span class='ocrx_word' id='word_1_399' title='bbox 741 3710 1255 3787; x_wconf 28' lang='lat' dir='ltr'><strong>Non.en_int_(qna_si_</strong></span> <span class='ocrx_word' id='word_1_400' title='bbox 1294 3710 1459 3787; x_wconf 81' lang='lat' dir='ltr'><strong>dicat)</strong></span> <span class='ocrx_word' id='word_1_401' title='bbox 1498 3721 1571 3762; x_wconf 88' lang='lat' dir='ltr'><strong>est</strong></span> <span class='ocrx_word' id='word_1_402' title='bbox 1600 3714 1830 3787; x_wconf 74' lang='lat' dir='ltr'><strong>speciosa</strong></span> 
     </span>
    </p>
   </div>
   <div class='ocr_carea' id='block_1_51' title="bbox 249 3776 1830 3849">
    <p class='ocr_par' dir='ltr' id='par_1_51' title="bbox 249 3776 1830 3849">
     <span class='ocr_line' id='line_1_51' title="bbox 249 3776 1830 3849; baseline -0.004 -11"><span class='ocrx_word' id='word_1_403' title='bbox 249 3776 373 3838; x_wconf 70' lang='lat' dir='ltr'><strong>iaas</strong></span> <span class='ocrx_word' id='word_1_404' title='bbox 414 3787 465 3836; x_wconf 89' lang='lat' dir='ltr'><strong>in</strong></span> <span class='ocrx_word' id='word_1_405' title='bbox 503 3800 588 3837; x_wconf 88' lang='lat' dir='ltr'><strong>ore</strong></span> <span class='ocrx_word' id='word_1_406' title='bbox 630 3781 924 3849; x_wconf 78' lang='lat' dir='ltr'><strong>peccatoris.</strong></span> <span class='ocrx_word' id='word_1_407' title='bbox 957 3776 1179 3834; x_wconf 84' lang='lat' dir='ltr'><strong>Videtur</strong></span> <span class='ocrx_word' id='word_1_408' title='bbox 1205 3779 1290 3834; x_wconf 84' lang='lat' dir='ltr'><strong>hic</strong></span> <span class='ocrx_word' id='word_1_409' title='bbox 1317 3776 1616 3847; x_wconf 73' lang='lat' dir='ltr'><strong>absterrere</strong></span> <span class='ocrx_word' id='word_1_410' title='bbox 1644 3783 1830 3848; x_wconf 64' lang='lat' dir='ltr'><strong>praedi-</strong></span> 
     </span>
    </p>
   </div>
   <div class='ocr_carea' id='block_1_52' title="bbox 246 3849 1826 3921">
    <p class='ocr_par' dir='ltr' id='par_1_52' title="bbox 246 3849 1826 3921">
     <span class='ocr_line' id='line_1_52' title="bbox 246 3849 1826 3921; baseline -0.003 -13"><span class='ocrx_word' id='word_1_411' title='bbox 246 3865 470 3908; x_wconf 78' lang='lat' dir='ltr'><strong>catores</strong></span> <span class='ocrx_word' id='word_1_412' title='bbox 502 3863 781 3921; x_wconf 86' lang='lat' dir='ltr'><strong>peccantes</strong></span> <span class='ocrx_word' id='word_1_413' title='bbox 808 3868 835 3902; x_wconf 90' lang='lat' dir='ltr'><strong>a</strong></span> <span class='ocrx_word' id='word_1_414' title='bbox 873 3851 1273 3921; x_wconf 65' lang='lat' dir='ltr'><strong>praedicatione,</strong></span> <span class='ocrx_word' id='word_1_415' title='bbox 1299 3858 1355 3903; x_wconf 90' lang='lat' dir='ltr'><strong>et</strong></span> <span class='ocrx_word' id='word_1_416' title='bbox 1385 3849 1575 3921; x_wconf 85' lang='lat' dir='ltr'><strong>mirum</strong></span> <span class='ocrx_word' id='word_1_417' title='bbox 1600 3862 1681 3903; x_wconf 89' lang='lat' dir='ltr'><strong>est</strong></span> <span class='ocrx_word' id='word_1_418' title='bbox 1707 3867 1826 3903; x_wconf 84' lang='lat' dir='ltr'><strong>cunt</strong></span> 
     </span>
    </p>
   </div>
   <div class='ocr_carea' id='block_1_53' title="bbox 249 3916 1827 3989">
    <p class='ocr_par' dir='ltr' id='par_1_53' title="bbox 249 3916 1827 3989">
     <span class='ocr_line' id='line_1_53' title="bbox 249 3916 1827 3989; baseline -0.003 -11"><span class='ocrx_word' id='word_1_419' title='bbox 249 3926 382 3980; x_wconf 84' lang='lat' dir='ltr'><strong>alibi</strong></span> <span class='ocrx_word' id='word_1_420' title='bbox 411 3916 538 3977; x_wconf 81' lang='lat' dir='ltr'><strong>dicit</strong></span> <span class='ocrx_word' id='word_1_421' title='bbox 570 3941 583 3974; x_wconf 90' lang='lat'><strong>:</strong></span> <span class='ocrx_word' id='word_1_422' title='bbox 622 3922 796 3989; x_wconf 81' lang='lat' dir='ltr'><strong>Supra</strong></span> <span class='ocrx_word' id='word_1_423' title='bbox 834 3921 1127 3974; x_wconf 82' lang='lat' dir='ltr'><strong>cathedram</strong></span> <span class='ocrx_word' id='word_1_424' title='bbox 1161 3916 1331 3989; x_wconf 77' lang='lat' dir='ltr'><strong>Moysi</strong></span> <span class='ocrx_word' id='word_1_425' title='bbox 1367 3920 1607 3972; x_wconf 87' lang='lat' dir='ltr'><strong>sederunt</strong></span> <span class='ocrx_word' id='word_1_426' title='bbox 1649 3921 1827 3973; x_wconf 75' lang='lat' dir='ltr'><strong>scriba:</strong></span> 
     </span>
    </p>
   </div>
   <div class='ocr_carea' id='block_1_54' title="bbox 247 3988 1828 4060">
    <p class='ocr_par' dir='ltr' id='par_1_54' title="bbox 247 3988 1828 4060">
     <span class='ocr_line' id='line_1_54' title="bbox 247 3988 1828 4060; baseline -0.004 -13"><span class='ocrx_word' id='word_1_427' title='bbox 247 4004 300 4047; x_wconf 80' lang='lat' dir='ltr'><strong>et</strong></span> <span class='ocrx_word' id='word_1_428' title='bbox 330 3993 603 4047; x_wconf 67' lang='lat' dir='ltr'><strong>Pharisaei.</strong></span> <span class='ocrx_word' id='word_1_429' title='bbox 636 3988 959 4060; x_wconf 76' lang='lat' dir='ltr'><strong>Quazcunque</strong></span> <span class='ocrx_word' id='word_1_430' title='bbox 989 3991 1209 4043; x_wconf 78' lang='lat' dir='ltr'><strong>dixerint</strong></span> <span class='ocrx_word' id='word_1_431' title='bbox 1239 3988 1372 4042; x_wconf 66' lang='lat' dir='ltr'><strong>nobis</strong></span> <span class='ocrx_word' id='word_1_432' title='bbox 1398 3999 1590 4043; x_wconf 82' lang='lat' dir='ltr'><strong>servate</strong></span> <span class='ocrx_word' id='word_1_433' title='bbox 1618 4000 1665 4042; x_wconf 86' lang='lat' dir='ltr'><strong>et</strong></span> <span class='ocrx_word' id='word_1_434' title='bbox 1695 3988 1828 4057; x_wconf 80' lang='lat' dir='ltr'><strong>[aci-</strong></span> 
     </span>
    </p>
   </div>
   <div class='ocr_carea' id='block_1_55' title="bbox 250 4060 1829 4130">
    <p class='ocr_par' dir='ltr' id='par_1_55' title="bbox 250 4060 1829 4130">
     <span class='ocr_line' id='line_1_55' title="bbox 250 4060 1829 4130; baseline -0.001 -15"><span class='ocrx_word' id='word_1_435' title='bbox 250 4077 321 4117; x_wconf 73' lang='grc' dir='ltr'>ιε.</span> <span class='ocrx_word' id='word_1_436' title='bbox 359 4065 428 4117; x_wconf 83' lang='grc' dir='ltr'>Ει</span> <span class='ocrx_word' id='word_1_437' title='bbox 453 4065 645 4116; x_wconf 80' lang='lat' dir='ltr'><strong>Paulus</strong></span> <span class='ocrx_word' id='word_1_438' title='bbox 672 4064 797 4114; x_wconf 81' lang='lat' dir='ltr'><strong>dicit</strong></span> <span class='ocrx_word' id='word_1_439' title='bbox 826 4078 840 4114; x_wconf 87' lang='lat'><strong>:</strong></span> <span class='ocrx_word' id='word_1_440' title='bbox 880 4061 1197 4130; x_wconf 80' lang='lat' dir='ltr'><strong>Quacunque</strong></span> <span class='ocrx_word' id='word_1_441' title='bbox 1235 4061 1501 4113; x_wconf 88' lang='lat' dir='ltr'><strong>occasione</strong></span> <span class='ocrx_word' id='word_1_442' title='bbox 1524 4060 1829 4128; x_wconf 74' lang='lat' dir='ltr'><strong>prazdicetur</strong></span> 
     </span>
    </p>
   </div>
   <div class='ocr_carea' id='block_1_56' title="bbox 246 4130 1827 4202">
    <p class='ocr_par' dir='ltr' id='par_1_56' title="bbox 246 4130 1827 4202">
     <span class='ocr_line' id='line_1_56' title="bbox 246 4130 1827 4202; baseline -0.003 -13"><span class='ocrx_word' id='word_1_443' title='bbox 246 4133 514 4198; x_wconf 76' lang='lat' dir='ltr'><strong>Christus,</strong></span> <span class='ocrx_word' id='word_1_444' title='bbox 544 4133 872 4202; x_wconf 76' lang='lat' dir='ltr'><strong>suscipiatur.</strong></span> <span class='ocrx_word' id='word_1_445' title='bbox 900 4134 1029 4197; x_wconf 77' lang='lat' dir='ltr'><strong>Qua:</strong></span> <span class='ocrx_word' id='word_1_446' title='bbox 1052 4130 1315 4202; x_wconf 85' lang='lat' dir='ltr'><strong>contraria</strong></span> <span class='ocrx_word' id='word_1_447' title='bbox 1344 4130 1588 4202; x_wconf 82' lang='lat' dir='ltr'><strong>videntur</strong></span> <span class='ocrx_word' id='word_1_448' title='bbox 1611 4132 1659 4202; x_wconf 87' lang='lat' dir='ltr'><strong>ei</strong></span> <span class='ocrx_word' id='word_1_449' title='bbox 1688 4131 1827 4200; x_wconf 88' lang='lat' dir='ltr'><strong>qttod</strong></span> 
     </span>
    </p>
   </div>
   <div class='ocr_carea' id='block_1_57' title="bbox 248 4199 1830 4271">
    <p class='ocr_par' dir='ltr' id='par_1_57' title="bbox 248 4199 1830 4271">
     <span class='ocr_line' id='line_1_57' title="bbox 248 4199 1830 4271; baseline -0.002 -13"><span class='ocrx_word' id='word_1_450' title='bbox 248 4205 340 4258; x_wconf 86' lang='lat' dir='ltr'><strong>hic</strong></span> <span class='ocrx_word' id='word_1_451' title='bbox 369 4204 590 4269; x_wconf 61' lang='lat' dir='ltr'><strong>dicaur,</strong></span> <span class='ocrx_word' id='word_1_452' title='bbox 620 4199 711 4255; x_wconf 81' lang='lat' dir='ltr'><strong>sed</strong></span> <span class='ocrx_word' id='word_1_453' title='bbox 745 4218 847 4255; x_wconf 91' lang='lat' dir='ltr'><strong>non</strong></span> <span class='ocrx_word' id='word_1_454' title='bbox 878 4213 1026 4267; x_wconf 89' lang='lat' dir='ltr'><strong>sunt,</strong></span> <span class='ocrx_word' id='word_1_455' title='bbox 1055 4200 1181 4271; x_wconf 90' lang='lat' dir='ltr'><strong>quia</strong></span> <span class='ocrx_word' id='word_1_456' title='bbox 1210 4202 1299 4254; x_wconf 88' lang='lat' dir='ltr'><strong>illa</strong></span> <span class='ocrx_word' id='word_1_457' title='bbox 1327 4199 1573 4271; x_wconf 87' lang='lat' dir='ltr'><strong>dicuntur</strong></span> <span class='ocrx_word' id='word_1_458' title='bbox 1604 4199 1740 4263; x_wconf 88' lang='lat' dir='ltr'><strong>ideo,</strong></span> <span class='ocrx_word' id='word_1_459' title='bbox 1773 4210 1830 4255; x_wconf 91' lang='lat' dir='ltr'><strong>ut</strong></span> 
     </span>
    </p>
   </div>
   <div class='ocr_carea' id='block_1_58' title="bbox 247 4270 1830 4343">
    <p class='ocr_par' dir='ltr' id='par_1_58' title="bbox 247 4270 1830 4343">
     <span class='ocr_line' id='line_1_58' title="bbox 247 4270 1830 4343; baseline 0 -17"><span class='ocrx_word' id='word_1_460' title='bbox 247 4276 342 4343; x_wconf 86' lang='lat' dir='ltr'><strong>qui</strong></span> <span class='ocrx_word' id='word_1_461' title='bbox 398 4274 621 4327; x_wconf 90' lang='lat' dir='ltr'><strong>audiunt</strong></span> <span class='ocrx_word' id='word_1_462' title='bbox 664 4271 880 4343; x_wconf 82' lang='lat' dir='ltr'><strong>aliquod</strong></span> <span class='ocrx_word' id='word_1_463' title='bbox 926 4270 1158 4337; x_wconf 86' lang='lat' dir='ltr'><strong>bonum,</strong></span> <span class='ocrx_word' id='word_1_464' title='bbox 1218 4288 1321 4343; x_wconf 88' lang='lat' dir='ltr'><strong>non</strong></span> <span class='ocrx_word' id='word_1_465' title='bbox 1378 4270 1597 4343; x_wconf 80' lang='lat' dir='ltr'><strong>timeant</strong></span> <span class='ocrx_word' id='word_1_466' title='bbox 1641 4272 1830 4326; x_wconf 89' lang='lat' dir='ltr'><strong>audire</strong></span> 
     </span>
    </p>
   </div>
   <div class='ocr_carea' id='block_1_59' title="bbox 248 4340 1829 4413">
    <p class='ocr_par' dir='ltr' id='par_1_59' title="bbox 248 4340 1829 4413">
     <span class='ocr_line' id='line_1_59' title="bbox 248 4340 1829 4413; baseline -0.002 -15"><span class='ocrx_word' id='word_1_467' title='bbox 248 4340 641 4413; x_wconf 81' lang='lat' dir='ltr'><strong>qualiscunque</strong></span> <span class='ocrx_word' id='word_1_468' title='bbox 671 4340 765 4396; x_wconf 34' lang='lat' dir='ltr'><strong>sit’</strong></span> <span class='ocrx_word' id='word_1_469' title='bbox 790 4342 879 4397; x_wconf 89' lang='lat' dir='ltr'><strong>ille</strong></span> <span class='ocrx_word' id='word_1_470' title='bbox 914 4357 944 4395; x_wconf 91' lang='lat' dir='ltr'><strong>a</strong></span> <span class='ocrx_word' id='word_1_471' title='bbox 984 4356 1089 4412; x_wconf 88' lang='lat' dir='ltr'><strong>quo</strong></span> <span class='ocrx_word' id='word_1_472' title='bbox 1129 4342 1368 4395; x_wconf 88' lang='lat' dir='ltr'><strong>audiant.</strong></span> <span class='ocrx_word' id='word_1_473' title='bbox 1413 4340 1523 4413; x_wconf 81' lang='lat' dir='ltr'><strong>Hoc</strong></span> <span class='ocrx_word' id='word_1_474' title='bbox 1552 4356 1678 4395; x_wconf 91' lang='lat' dir='ltr'><strong>vero</strong></span> <span class='ocrx_word' id='word_1_475' title='bbox 1710 4343 1829 4395; x_wconf 92' lang='lat' dir='ltr'><strong>ideo</strong></span> 
     </span>
    </p>
   </div>
   <div class='ocr_carea' id='block_1_60' title="bbox 251 4410 1828 4479">
    <p class='ocr_par' dir='ltr' id='par_1_60' title="bbox 251 4410 1828 4479">
     <span class='ocr_line' id='line_1_60' title="bbox 251 4410 1828 4479; baseline -0.001 -12"><span class='ocrx_word' id='word_1_476' title='bbox 251 4410 473 4479; x_wconf 81' lang='lat' dir='ltr'><strong>dicitur,</strong></span> <span class='ocrx_word' id='word_1_477' title='bbox 505 4410 571 4469; x_wconf 84' lang='lat' dir='ltr'><strong>ne</strong></span> <span class='ocrx_word' id='word_1_478' title='bbox 598 4414 672 4467; x_wconf 89' lang='lat' dir='ltr'><strong>illi</strong></span> <span class='ocrx_word' id='word_1_479' title='bbox 697 4413 784 4479; x_wconf 90' lang='lat' dir='ltr'><strong>qui</strong></span> <span class='ocrx_word' id='word_1_480' title='bbox 816 4413 952 4467; x_wconf 87' lang='lat' dir='ltr'><strong>bene</strong></span> <span class='ocrx_word' id='word_1_481' title='bbox 982 4410 1168 4467; x_wconf 87' lang='lat' dir='ltr'><strong>dicunt</strong></span> <span class='ocrx_word' id='word_1_482' title='bbox 1190 4453 1206 4477; x_wconf 93' lang='lat'><strong>,</strong></span> <span class='ocrx_word' id='word_1_483' title='bbox 1240 4421 1293 4464; x_wconf 92' lang='lat' dir='ltr'><strong>et</strong></span> <span class='ocrx_word' id='word_1_484' title='bbox 1321 4412 1459 4465; x_wconf 90' lang='lat' dir='ltr'><strong>male</strong></span> <span class='ocrx_word' id='word_1_485' title='bbox 1490 4410 1710 4477; x_wconf 82' lang='lat' dir='ltr'><strong>faciunt,</strong></span> <span class='ocrx_word' id='word_1_486' title='bbox 1744 4428 1828 4465; x_wconf 85' lang='lat' dir='ltr'><strong>se-</strong></span> 
     </span>
    </p>
   </div>
   <div class='ocr_carea' id='block_1_61' title="bbox 248 4482 1827 4551">
    <p class='ocr_par' dir='ltr' id='par_1_61' title="bbox 248 4482 1827 4551">
     <span class='ocr_line' id='line_1_61' title="bbox 248 4482 1827 4551; baseline -0.001 -13"><span class='ocrx_word' id='word_1_487' title='bbox 248 4487 537 4538; x_wconf 82' lang='lat' dir='ltr'><strong>curitatem</strong></span> <span class='ocrx_word' id='word_1_488' title='bbox 580 4485 810 4551; x_wconf 83' lang='lat' dir='ltr'><strong>aliquam</strong></span> <span class='ocrx_word' id='word_1_489' title='bbox 844 4482 1115 4548; x_wconf 87' lang='lat' dir='ltr'><strong>habeant,</strong></span> <span class='ocrx_word' id='word_1_490' title='bbox 1155 4484 1261 4535; x_wconf 88' lang='lat' dir='ltr'><strong>imo</strong></span> <span class='ocrx_word' id='word_1_491' title='bbox 1289 4498 1503 4548; x_wconf 80' lang='lat' dir='ltr'><strong>semper</strong></span> <span class='ocrx_word' id='word_1_492' title='bbox 1527 4484 1827 4536; x_wconf 83' lang='lat' dir='ltr'><strong>damnatio-</strong></span> 
     </span>
    </p>
   </div>
   <div class='ocr_carea' id='block_1_62' title="bbox 252 4553 1824 4623">
    <p class='ocr_par' dir='ltr' id='par_1_62' title="bbox 252 4553 1824 4623">
     <span class='ocr_line' id='line_1_62' title="bbox 252 4553 1824 4623; baseline -0.002 -16"><span class='ocrx_word' id='word_1_493' title='bbox 252 4572 380 4609; x_wconf 86' lang='lat' dir='ltr'><strong>nem</strong></span> <span class='ocrx_word' id='word_1_494' title='bbox 406 4570 471 4608; x_wconf 81' lang='lat' dir='ltr'><strong>ex</strong></span> <span class='ocrx_word' id='word_1_495' title='bbox 496 4555 711 4623; x_wconf 87' lang='lat' dir='ltr'><strong>propria</strong></span> <span class='ocrx_word' id='word_1_496' title='bbox 739 4567 870 4606; x_wconf 89' lang='lat' dir='ltr'><strong>voce</strong></span> <span class='ocrx_word' id='word_1_497' title='bbox 893 4557 1133 4618; x_wconf 88' lang='lat' dir='ltr'><strong>timeant,</strong></span> <span class='ocrx_word' id='word_1_498' title='bbox 1163 4554 1286 4622; x_wconf 89' lang='lat' dir='ltr'><strong>quia</strong></span> <span class='ocrx_word' id='word_1_499' title='bbox 1316 4557 1448 4606; x_wconf 73' lang='lat' dir='ltr'><strong>bene</strong></span> <span class='ocrx_word' id='word_1_500' title='bbox 1474 4553 1615 4620; x_wconf 88' lang='lat' dir='ltr'><strong>loqui</strong></span> <span class='ocrx_word' id='word_1_501' title='bbox 1644 4562 1696 4606; x_wconf 91' lang='lat' dir='ltr'><strong>et</strong></span> <span class='ocrx_word' id='word_1_502' title='bbox 1716 4567 1824 4605; x_wconf 87' lang='lat' dir='ltr'><strong>ma-</strong></span> 
     </span>
    </p>
   </div>
   <div class='ocr_carea' id='block_1_63' title="bbox 253 4623 1830 4694">
    <p class='ocr_par' dir='ltr' id='par_1_63' title="bbox 253 4623 1830 4694">
     <span class='ocr_line' id='line_1_63' title="bbox 253 4623 1830 4694; baseline 0.001 -17"><span class='ocrx_word' id='word_1_503' title='bbox 253 4624 310 4679; x_wconf 91' lang='lat' dir='ltr'><strong>le</strong></span> <span class='ocrx_word' id='word_1_504' title='bbox 339 4625 522 4679; x_wconf 85' lang='lat' dir='ltr'><strong>vivere</strong></span> <span class='ocrx_word' id='word_1_505' title='bbox 545 4625 674 4677; x_wconf 87' lang='lat' dir='ltr'><strong>ttihil</strong></span> <span class='ocrx_word' id='word_1_506' title='bbox 699 4623 860 4677; x_wconf 87' lang='lat' dir='ltr'><strong>.aliud</strong></span> <span class='ocrx_word' id='word_1_507' title='bbox 898 4633 981 4679; x_wconf 86' lang='lat' dir='ltr'><strong>est</strong></span> <span class='ocrx_word' id='word_1_508' title='bbox 1017 4639 1174 4694; x_wconf 89' lang='lat' dir='ltr'><strong>quam</strong></span> <span class='ocrx_word' id='word_1_509' title='bbox 1211 4638 1271 4677; x_wconf 87' lang='lat' dir='ltr'><strong>se</strong></span> <span class='ocrx_word' id='word_1_510' title='bbox 1298 4624 1467 4692; x_wconf 88' lang='lat' dir='ltr'><strong>ipsum</strong></span> <span class='ocrx_word' id='word_1_511' title='bbox 1494 4623 1706 4692; x_wconf 87' lang='lat' dir='ltr'><strong>propria</strong></span> <span class='ocrx_word' id='word_1_512' title='bbox 1734 4638 1830 4678; x_wconf 84' lang='lat' dir='ltr'><strong>sua</strong></span> 
     </span>
    </p>
   </div>
   <div class='ocr_carea' id='block_1_64' title="bbox 250 4694 690 4748">
    <p class='ocr_par' dir='ltr' id='par_1_64' title="bbox 250 4694 690 4748">
     <span class='ocr_line' id='line_1_64' title="bbox 250 4694 690 4748; baseline -0.002 -3"><span class='ocrx_word' id='word_1_513' title='bbox 250 4710 391 4748; x_wconf 84' lang='lat' dir='ltr'><strong>voce</strong></span> <span class='ocrx_word' id='word_1_514' title='bbox 416 4694 690 4748; x_wconf 88' lang='lat' dir='ltr'><strong>damnare.</strong></span> 
     </span>
    </p>
   </div>
   <div class='ocr_carea' id='block_1_65' title="bbox 330 4762 1829 4836">
    <p class='ocr_par' dir='ltr' id='par_1_65' title="bbox 330 4762 1829 4836">
     <span class='ocr_line' id='line_1_65' title="bbox 330 4762 1829 4836; baseline 0.001 -20"><span class='ocrx_word' id='word_1_515' title='bbox 330 4763 410 4816; x_wconf 84' lang='grc' dir='ltr'>Τιι</span> <span class='ocrx_word' id='word_1_516' title='bbox 432 4780 546 4816; x_wconf 83' lang='lat' dir='ltr'><strong>vero</strong></span> <span class='ocrx_word' id='word_1_517' title='bbox 592 4764 743 4817; x_wconf 87' lang='lat' dir='ltr'><strong>odisti</strong></span> <span class='ocrx_word' id='word_1_518' title='bbox 766 4764 1149 4836; x_wconf 10' lang='lat' dir='ltr'><strong>_disciplinam,g</strong></span> <span class='ocrx_word' id='word_1_519' title='bbox 1179 4774 1227 4818; x_wconf 90' lang='lat' dir='ltr'><strong>et</strong></span> <span class='ocrx_word' id='word_1_520' title='bbox 1271 4762 1530 4836; x_wconf 84' lang='lat' dir='ltr'><strong>projecisti</strong></span> <span class='ocrx_word' id='word_1_521' title='bbox 1573 4780 1829 4817; x_wconf 79' lang='lat' dir='ltr'><strong>sermones</strong></span> 
     </span>
    </p>
   </div>
   <div class='ocr_carea' id='block_1_66' title="bbox 250 4831 1828 4904">
    <p class='ocr_par' dir='ltr' id='par_1_66' title="bbox 250 4831 1828 4904">
     <span class='ocr_line' id='line_1_66' title="bbox 250 4831 1828 4904; baseline -0.002 -16"><span class='ocrx_word' id='word_1_522' title='bbox 250 4850 394 4888; x_wconf 82' lang='lat' dir='ltr'><strong>meos</strong></span> <span class='ocrx_word' id='word_1_523' title='bbox 422 4844 721 4887; x_wconf 85' lang='lat' dir='ltr'><strong>retrorsum.</strong></span> <span class='ocrx_word' id='word_1_524' title='bbox 757 4831 984 4889; x_wconf 77' lang='lat' dir='ltr'><strong>Enarras</strong></span> <span class='ocrx_word' id='word_1_525' title='bbox 1027 4834 1242 4904; x_wconf 86' lang='lat' dir='ltr'><strong>quidem</strong></span> <span class='ocrx_word' id='word_1_526' title='bbox 1271 4831 1390 4888; x_wconf 79' lang='lat' dir='ltr'><strong>aliis</strong></span> <span class='ocrx_word' id='word_1_527' title='bbox 1419 4836 1652 4903; x_wconf 83' lang='lat' dir='ltr'><strong>justitias</strong></span> <span class='ocrx_word' id='word_1_528' title='bbox 1678 4843 1727 4887; x_wconf 87' lang='lat' dir='ltr'><strong>et</strong></span> <span class='ocrx_word' id='word_1_529' title='bbox 1751 4845 1828 4904; x_wconf 86' lang='lat' dir='ltr'><strong>te-</strong></span> 
     </span>
    </p>
   </div>
   <div class='ocr_carea' id='block_1_67' title="bbox 250 4903 1830 4972">
    <p class='ocr_par' dir='ltr' id='par_1_67' title="bbox 250 4903 1830 4972">
     <span class='ocr_line' id='line_1_67' title="bbox 250 4903 1830 4972; baseline 0.001 -15"><span class='ocrx_word' id='word_1_530' title='bbox 250 4912 565 4957; x_wconf 82' lang='lat' dir='ltr'><strong>stamentum</strong></span> <span class='ocrx_word' id='word_1_531' title='bbox 606 4921 791 4967; x_wconf 81' lang='lat' dir='ltr'><strong>meum,</strong></span> <span class='ocrx_word' id='word_1_532' title='bbox 826 4905 920 4960; x_wconf 89' lang='lat' dir='ltr'><strong>sed</strong></span> <span class='ocrx_word' id='word_1_533' title='bbox 950 4903 1056 4960; x_wconf 85' lang='lat' dir='ltr'><strong>non</strong></span> <span class='ocrx_word' id='word_1_534' title='bbox 1080 4906 1303 4960; x_wconf 85' lang='lat' dir='ltr'><strong>deberes</strong></span> <span class='ocrx_word' id='word_1_535' title='bbox 1325 4944 1342 4970; x_wconf 94' lang='lat'><strong>,</strong></span> <span class='ocrx_word' id='word_1_536' title='bbox 1374 4906 1496 4972; x_wconf 88' lang='lat' dir='ltr'><strong>quia</strong></span> <span class='ocrx_word' id='word_1_537' title='bbox 1529 4913 1583 4957; x_wconf 95' lang='lat' dir='ltr'><strong>tu</strong></span> <span class='ocrx_word' id='word_1_538' title='bbox 1609 4904 1678 4957; x_wconf 91' lang='lat' dir='ltr'><strong>de</strong></span> <span class='ocrx_word' id='word_1_539' title='bbox 1707 4903 1830 4959; x_wconf 84' lang='lat' dir='ltr'><strong>liliis</strong></span> 
     </span>
    </p>
   </div>
   <div class='ocr_carea' id='block_1_68' title="bbox 253 4972 1830 5043">
    <p class='ocr_par' dir='ltr' id='par_1_68' title="bbox 253 4972 1830 5043">
     <span class='ocr_line' id='line_1_68' title="bbox 253 4972 1830 5043; baseline 0 -16"><span class='ocrx_word' id='word_1_540' title='bbox 253 4990 367 5027; x_wconf 86' lang='lat' dir='ltr'><strong>non</strong></span> <span class='ocrx_word' id='word_1_541' title='bbox 396 4987 457 5026; x_wconf 84' lang='lat' dir='ltr'><strong>es</strong></span> <span class='ocrx_word' id='word_1_542' title='bbox 478 5014 495 5037; x_wconf 94' lang='lat'><strong>,</strong></span> <span class='ocrx_word' id='word_1_543' title='bbox 537 4972 602 5026; x_wconf 90' lang='lat' dir='ltr'><strong>ad</strong></span> <span class='ocrx_word' id='word_1_544' title='bbox 632 4989 766 5043; x_wconf 92' lang='lat' dir='ltr'><strong>quos</strong></span> <span class='ocrx_word' id='word_1_545' title='bbox 800 4975 900 5029; x_wconf 92' lang='lat' dir='ltr'><strong>hoc</strong></span> <span class='ocrx_word' id='word_1_546' title='bbox 943 4975 1193 5043; x_wconf 84' lang='lat' dir='ltr'><strong>pertinet.</strong></span> <span class='ocrx_word' id='word_1_547' title='bbox 1237 4974 1405 5027; x_wconf 81' lang='lat' dir='ltr'><strong>Odisti</strong></span> <span class='ocrx_word' id='word_1_548' title='bbox 1426 4975 1567 5028; x_wconf 91' lang='lat' dir='ltr'><strong>enim</strong></span> <span class='ocrx_word' id='word_1_549' title='bbox 1597 4976 1830 5042; x_wconf 86' lang='lat' dir='ltr'><strong>discipli-</strong></span> 
     </span>
    </p>
   </div>
   <div class='ocr_carea' id='block_1_69' title="bbox 250 5044 1830 5112">
    <p class='ocr_par' dir='ltr' id='par_1_69' title="bbox 250 5044 1830 5112">
     <span class='ocr_line' id='line_1_69' title="bbox 250 5044 1830 5112; baseline 0.001 -15"><span class='ocrx_word' id='word_1_550' title='bbox 250 5060 381 5097; x_wconf 76' lang='lat' dir='ltr'><strong>nam</strong></span> <span class='ocrx_word' id='word_1_551' title='bbox 404 5082 422 5108; x_wconf 94' lang='lat'><strong>,</strong></span> <span class='ocrx_word' id='word_1_552' title='bbox 470 5044 521 5112; x_wconf 86' lang='lat' dir='ltr'><strong>id</strong></span> <span class='ocrx_word' id='word_1_553' title='bbox 560 5054 683 5107; x_wconf 85' lang='lat' dir='ltr'><strong>est,</strong></span> <span class='ocrx_word' id='word_1_554' title='bbox 716 5056 988 5112; x_wconf 77' lang='lat' dir='ltr'><strong>paternam</strong></span> <span class='ocrx_word' id='word_1_555' title='bbox 1016 5044 1401 5100; x_wconf 88' lang='lat' dir='ltr'><strong>correctionem</strong></span> <span class='ocrx_word' id='word_1_556' title='bbox 1447 5060 1639 5099; x_wconf 89' lang='lat' dir='ltr'><strong>meam.</strong></span> <span class='ocrx_word' id='word_1_557' title='bbox 1664 5045 1830 5110; x_wconf 83' lang='lat' dir='ltr'><strong>Quasi</strong></span> 
     </span>
    </p>
   </div>
   <div class='ocr_carea' id='block_1_70' title="bbox 251 5111 1832 5182">
    <p class='ocr_par' dir='ltr' id='par_1_70' title="bbox 251 5111 1832 5182">
     <span class='ocr_line' id='line_1_70' title="bbox 251 5111 1832 5182; baseline 0.001 -15"><span class='ocrx_word' id='word_1_558' title='bbox 251 5113 405 5167; x_wconf 84' lang='lat' dir='ltr'><strong>dicat</strong></span> <span class='ocrx_word' id='word_1_559' title='bbox 433 5129 446 5164; x_wconf 86' lang='lat'><strong>:</strong></span> <span class='ocrx_word' id='word_1_560' title='bbox 478 5111 611 5167; x_wconf 87' lang='lat' dir='ltr'><strong>Cum</strong></span> <span class='ocrx_word' id='word_1_561' title='bbox 644 5111 802 5182; x_wconf 83' lang='lat' dir='ltr'><strong>parco</strong></span> <span class='ocrx_word' id='word_1_562' title='bbox 826 5155 841 5179; x_wconf 94' lang='lat'><strong>,</strong></span> <span class='ocrx_word' id='word_1_563' title='bbox 875 5125 1060 5170; x_wconf 88' lang='lat' dir='ltr'><strong>cantas</strong></span> <span class='ocrx_word' id='word_1_564' title='bbox 1087 5125 1142 5170; x_wconf 90' lang='lat' dir='ltr'><strong>et</strong></span> <span class='ocrx_word' id='word_1_565' title='bbox 1182 5115 1401 5178; x_wconf 88' lang='lat' dir='ltr'><strong>laudas;</strong></span> <span class='ocrx_word' id='word_1_566' title='bbox 1432 5128 1552 5166; x_wconf 87' lang='lat' dir='ltr'><strong>cum</strong></span> <span class='ocrx_word' id='word_1_567' title='bbox 1578 5130 1704 5169; x_wconf 90' lang='lat' dir='ltr'><strong>vero</strong></span> <span class='ocrx_word' id='word_1_568' title='bbox 1743 5129 1832 5168; x_wconf 81' lang='lat' dir='ltr'><strong>ar-</strong></span> 
     </span>
    </p>
   </div>
   <div class='ocr_carea' id='block_1_71' title="bbox 250 5184 1828 5254">
    <p class='ocr_par' dir='ltr' id='par_1_71' title="bbox 250 5184 1828 5254">
     <span class='ocr_line' id='line_1_71' title="bbox 250 5184 1828 5254; baseline 0.002 -19"><span class='ocrx_word' id='word_1_569' title='bbox 250 5198 387 5254; x_wconf 80' lang='lat' dir='ltr'><strong>guo,</strong></span> <span class='ocrx_word' id='word_1_570' title='bbox 421 5199 739 5240; x_wconf 86' lang='lat' dir='ltr'><strong>murmuras.</strong></span> <span class='ocrx_word' id='word_1_571' title='bbox 779 5186 941 5250; x_wconf 84' lang='lat' dir='ltr'><strong>Quasi</strong></span> <span class='ocrx_word' id='word_1_572' title='bbox 974 5194 1176 5239; x_wconf 87' lang='lat' dir='ltr'><strong>tantum</strong></span> <span class='ocrx_word' id='word_1_573' title='bbox 1221 5194 1347 5238; x_wconf 92' lang='lat' dir='ltr'><strong>tunc</strong></span> <span class='ocrx_word' id='word_1_574' title='bbox 1375 5188 1475 5237; x_wconf 89' lang='lat' dir='ltr'><strong>sim</strong></span> <span class='ocrx_word' id='word_1_575' title='bbox 1507 5184 1677 5250; x_wconf 89' lang='lat' dir='ltr'><strong>Deus,</strong></span> <span class='ocrx_word' id='word_1_576' title='bbox 1710 5201 1828 5239; x_wconf 89' lang='lat' dir='ltr'><strong>cum</strong></span> 
     </span>
    </p>
   </div>
   <div class='ocr_carea' id='block_1_72' title="bbox 254 5256 1830 5324">
    <p class='ocr_par' dir='ltr' id='par_1_72' title="bbox 254 5256 1830 5324">
     <span class='ocr_line' id='line_1_72' title="bbox 254 5256 1830 5324; baseline 0.001 -17"><span class='ocrx_word' id='word_1_577' title='bbox 254 5267 425 5322; x_wconf 82' lang='lat' dir='ltr'><strong>parco</strong></span> <span class='ocrx_word' id='word_1_578' title='bbox 445 5293 463 5318; x_wconf 94' lang='lat'><strong>,</strong></span> <span class='ocrx_word' id='word_1_579' title='bbox 509 5270 615 5306; x_wconf 84' lang='lat' dir='ltr'><strong>non</strong></span> <span class='ocrx_word' id='word_1_580' title='bbox 650 5258 751 5308; x_wconf 87' lang='lat' dir='ltr'><strong>sim</strong></span> <span class='ocrx_word' id='word_1_581' title='bbox 777 5270 905 5309; x_wconf 80' lang='lat' dir='ltr'><strong>vero</strong></span> <span class='ocrx_word' id='word_1_582' title='bbox 934 5256 1072 5310; x_wconf 87' lang='lat' dir='ltr'><strong>Deus</strong></span> <span class='ocrx_word' id='word_1_583' title='bbox 1095 5295 1113 5321; x_wconf 89' lang='lat'><strong>,</strong></span> <span class='ocrx_word' id='word_1_584' title='bbox 1141 5271 1260 5309; x_wconf 91' lang='lat' dir='ltr'><strong>cum</strong></span> <span class='ocrx_word' id='word_1_585' title='bbox 1300 5269 1495 5323; x_wconf 88' lang='lat' dir='ltr'><strong>arguo;</strong></span> <span class='ocrx_word' id='word_1_586' title='bbox 1526 5269 1626 5324; x_wconf 75' lang='lat' dir='ltr'><strong>ego</strong></span> <span class='ocrx_word' id='word_1_587' title='bbox 1651 5267 1830 5308; x_wconf 89' lang='lat' dir='ltr'><strong>autem</strong></span> 
     </span>
    </p>
   </div>
   <div class='ocr_carea' id='block_1_73' title="bbox 248 5324 1832 5394">
    <p class='ocr_par' dir='ltr' id='par_1_73' title="bbox 248 5324 1832 5394">
     <span class='ocr_line' id='line_1_73' title="bbox 248 5324 1832 5394; baseline 0.002 -19"><span class='ocrx_word' id='word_1_588' title='bbox 248 5337 400 5394; x_wconf 82' lang='lat' dir='ltr'><strong>quos</strong></span> <span class='ocrx_word' id='word_1_589' title='bbox 426 5337 547 5394; x_wconf 87' lang='lat' dir='ltr'><strong>amo</strong></span> <span class='ocrx_word' id='word_1_590' title='bbox 570 5365 587 5388; x_wconf 92' lang='lat'><strong>,</strong></span> <span class='ocrx_word' id='word_1_591' title='bbox 619 5338 786 5394; x_wconf 91' lang='lat' dir='ltr'><strong>arguo</strong></span> <span class='ocrx_word' id='word_1_592' title='bbox 815 5338 971 5393; x_wconf 85' lang='lat' dir='ltr'><strong>atque</strong></span> <span class='ocrx_word' id='word_1_593' title='bbox 1007 5329 1227 5394; x_wconf 86' lang='lat' dir='ltr'><strong>castigo.</strong></span> <span class='ocrx_word' id='word_1_594' title='bbox 1272 5324 1378 5381; x_wconf 90' lang='lat' dir='ltr'><strong>Sed</strong></span> <span class='ocrx_word' id='word_1_595' title='bbox 1410 5335 1461 5377; x_wconf 92' lang='lat' dir='ltr'><strong>tu</strong></span> <span class='ocrx_word' id='word_1_596' title='bbox 1506 5327 1641 5378; x_wconf 88' lang='lat' dir='ltr'><strong>hanc</strong></span> <span class='ocrx_word' id='word_1_597' title='bbox 1670 5326 1832 5378; x_wconf 86' lang='lat' dir='ltr'><strong>disci-</strong></span> 
     </span>
    </p>
   </div>
   <div class='ocr_carea' id='block_1_74' title="bbox 255 5393 1833 5462">
    <p class='ocr_par' dir='ltr' id='par_1_74' title="bbox 255 5393 1833 5462">
     <span class='ocr_line' id='line_1_74' title="bbox 255 5393 1833 5462; baseline 0.004 -18"><span class='ocrx_word' id='word_1_598' title='bbox 255 5395 464 5462; x_wconf 86' lang='lat' dir='ltr'><strong>plinam</strong></span> <span class='ocrx_word' id='word_1_599' title='bbox 486 5393 665 5459; x_wconf 80' lang='lat' dir='ltr'><strong>edisti,</strong></span> <span class='ocrx_word' id='word_1_600' title='bbox 694 5393 815 5462; x_wconf 85' lang='lat' dir='ltr'><strong>quia</strong></span> <span class='ocrx_word' id='word_1_601' title='bbox 844 5393 1178 5450; x_wconf 82' lang='lat' dir='ltr'><strong>adulterinus</strong></span> <span class='ocrx_word' id='word_1_602' title='bbox 1208 5410 1269 5449; x_wconf 85' lang='lat' dir='ltr'><strong>es</strong></span> <span class='ocrx_word' id='word_1_603' title='bbox 1291 5436 1306 5461; x_wconf 92' lang='lat'><strong>,</strong></span> <span class='ocrx_word' id='word_1_604' title='bbox 1340 5411 1444 5448; x_wconf 90' lang='lat' dir='ltr'><strong>non</strong></span> <span class='ocrx_word' id='word_1_605' title='bbox 1477 5394 1635 5448; x_wconf 83' lang='lat' dir='ltr'><strong>lilius.</strong></span> <span class='ocrx_word' id='word_1_606' title='bbox 1680 5395 1833 5450; x_wconf 87' lang='lat' dir='ltr'><strong>Unde</strong></span> 
     </span>
    </p>
   </div>
   <div class='ocr_carea' id='block_1_75' title="bbox 251 5463 1833 5535">
    <p class='ocr_par' dir='ltr' id='par_1_75' title="bbox 251 5463 1833 5535">
     <span class='ocr_line' id='line_1_75' title="bbox 251 5463 1833 5535; baseline 0 -17"><span class='ocrx_word' id='word_1_607' title='bbox 251 5464 556 5535; x_wconf 78' lang='lat' dir='ltr'><strong>Apostolus</strong></span> <span class='ocrx_word' id='word_1_608' title='bbox 606 5480 624 5517; x_wconf 86' lang='lat'><strong>:</strong></span> <span class='ocrx_word' id='word_1_609' title='bbox 671 5463 819 5529; x_wconf 85' lang='lat' dir='ltr'><strong>Quod</strong></span> <span class='ocrx_word' id='word_1_610' title='bbox 864 5466 908 5519; x_wconf 87' lang='lat' dir='ltr'><strong>si</strong></span> <span class='ocrx_word' id='word_1_611' title='bbox 956 5479 1102 5520; x_wconf 76' lang='lat' dir='ltr'><strong>extra</strong></span> <span class='ocrx_word' id='word_1_612' title='bbox 1150 5467 1480 5534; x_wconf 72' lang='lat' dir='ltr'><strong>disciplinam</strong></span> <span class='ocrx_word' id='word_1_613' title='bbox 1528 5467 1669 5529; x_wconf 84' lang='lat' dir='ltr'><strong>estis,</strong></span> <span class='ocrx_word' id='word_1_614' title='bbox 1711 5483 1833 5535; x_wconf 81' lang='lat' dir='ltr'><strong>ergo</strong></span> 
     </span>
    </p>
   </div>
   <div class='ocr_carea' id='block_1_76' title="bbox 254 5533 1833 5604">
    <p class='ocr_par' dir='ltr' id='par_1_76' title="bbox 254 5533 1833 5604">
     <span class='ocr_line' id='line_1_76' title="bbox 254 5533 1833 5604; baseline 0.001 -18"><span class='ocrx_word' id='word_1_615' title='bbox 254 5533 545 5586; x_wconf 78' lang='lat' dir='ltr'><strong>adulterini</strong></span> <span class='ocrx_word' id='word_1_616' title='bbox 584 5535 699 5587; x_wconf 86' lang='lat' dir='ltr'><strong>estis</strong></span> <span class='ocrx_word' id='word_1_617' title='bbox 727 5575 742 5598; x_wconf 94' lang='lat'><strong>,</strong></span> <span class='ocrx_word' id='word_1_618' title='bbox 774 5550 875 5588; x_wconf 89' lang='lat' dir='ltr'><strong>non</strong></span> <span class='ocrx_word' id='word_1_619' title='bbox 913 5536 1029 5601; x_wconf 80' lang='lat' dir='ltr'><strong>ﬁlii.</strong></span> <span class='ocrx_word' id='word_1_620' title='bbox 1076 5533 1288 5603; x_wconf 78' lang='lat' dir='ltr'><strong>Odisti,</strong></span> <span class='ocrx_word' id='word_1_621' title='bbox 1314 5536 1526 5604; x_wconf 89' lang='lat' dir='ltr'><strong>inquam</strong></span> <span class='ocrx_word' id='word_1_622' title='bbox 1553 5575 1570 5597; x_wconf 89' lang='lat'><strong>,</strong></span> <span class='ocrx_word' id='word_1_623' title='bbox 1601 5533 1833 5601; x_wconf 72' lang='lat' dir='ltr'><strong>discipli-</strong></span> 
     </span>
    </p>
   </div>
   <div class='ocr_carea' id='block_1_77' title="bbox 253 5605 1831 5673">
    <p class='ocr_par' dir='ltr' id='par_1_77' title="bbox 253 5605 1831 5673">
     <span class='ocr_line' id='line_1_77' title="bbox 253 5605 1831 5673; baseline 0.003 -19"><span class='ocrx_word' id='word_1_624' title='bbox 253 5617 385 5655; x_wconf 77' lang='lat' dir='ltr'><strong>nam</strong></span> <span class='ocrx_word' id='word_1_625' title='bbox 410 5642 427 5667; x_wconf 90' lang='lat'><strong>,</strong></span> <span class='ocrx_word' id='word_1_626' title='bbox 454 5610 503 5655; x_wconf 86' lang='lat' dir='ltr'><strong>et</strong></span> <span class='ocrx_word' id='word_1_627' title='bbox 538 5605 791 5673; x_wconf 87' lang='lat' dir='ltr'><strong>projecisti</strong></span> <span class='ocrx_word' id='word_1_628' title='bbox 828 5622 1081 5660; x_wconf 84' lang='lat' dir='ltr'><strong>sermones</strong></span> <span class='ocrx_word' id='word_1_629' title='bbox 1112 5622 1248 5659; x_wconf 85' lang='lat' dir='ltr'><strong>meos</strong></span> <span class='ocrx_word' id='word_1_630' title='bbox 1284 5618 1561 5659; x_wconf 87' lang='lat' dir='ltr'><strong>retrorsum</strong></span> <span class='ocrx_word' id='word_1_631' title='bbox 1584 5644 1602 5669; x_wconf 94' lang='lat'><strong>,</strong></span> <span class='ocrx_word' id='word_1_632' title='bbox 1648 5607 1699 5658; x_wconf 90' lang='lat' dir='ltr'><strong>id</strong></span> <span class='ocrx_word' id='word_1_633' title='bbox 1728 5618 1831 5671; x_wconf 90' lang='lat' dir='ltr'><strong>est,</strong></span> 
     </span>
    </p>
   </div>
   <div class='ocr_carea' id='block_1_78' title="bbox 254 5673 1831 5742">
    <p class='ocr_par' dir='ltr' id='par_1_78' title="bbox 254 5673 1831 5742">
     <span class='ocr_line' id='line_1_78' title="bbox 254 5673 1831 5742; baseline 0.003 -17"><span class='ocrx_word' id='word_1_634' title='bbox 254 5679 388 5741; x_wconf 85' lang='lat' dir='ltr'><strong>post</strong></span> <span class='ocrx_word' id='word_1_635' title='bbox 417 5680 468 5726; x_wconf 86' lang='lat' dir='ltr'><strong>te</strong></span> <span class='ocrx_word' id='word_1_636' title='bbox 489 5714 506 5737; x_wconf 89' lang='lat'><strong>,</strong></span> <span class='ocrx_word' id='word_1_637' title='bbox 532 5674 621 5741; x_wconf 91' lang='lat' dir='ltr'><strong>qui</strong></span> <span class='ocrx_word' id='word_1_638' title='bbox 647 5673 923 5728; x_wconf 85' lang='lat' dir='ltr'><strong>dicebatur</strong></span> <span class='ocrx_word' id='word_1_639' title='bbox 954 5692 1046 5742; x_wconf 87' lang='lat' dir='ltr'><strong>per</strong></span> <span class='ocrx_word' id='word_1_640' title='bbox 1075 5684 1146 5730; x_wconf 88' lang='lat' dir='ltr'><strong>te.</strong></span> <span class='ocrx_word' id='word_1_641' title='bbox 1180 5675 1247 5731; x_wconf 90' lang='lat' dir='ltr'><strong>Ut</strong></span> <span class='ocrx_word' id='word_1_642' title='bbox 1273 5678 1415 5730; x_wconf 86' lang='lat' dir='ltr'><strong>enim</strong></span> <span class='ocrx_word' id='word_1_643' title='bbox 1458 5692 1564 5729; x_wconf 90' lang='lat' dir='ltr'><strong>nou</strong></span> <span class='ocrx_word' id='word_1_644' title='bbox 1599 5676 1831 5742; x_wconf 86' lang='lat' dir='ltr'><strong>videres,</strong></span> 
     </span>
    </p>
   </div>
   <div class='ocr_carea' id='block_1_79' title="bbox 256 5741 1830 5867">
    <p class='ocr_par' dir='ltr' id='par_1_79' title="bbox 256 5741 1830 5867">
     <span class='ocr_line' id='line_1_79' title="bbox 256 5741 1830 5867; baseline 0.004 -72"><span class='ocrx_word' id='word_1_645' title='bbox 256 5741 536 5867; x_wconf 48' lang='lat' dir='ltr'><strong>proie‘cisti</strong></span> <span class='ocrx_word' id='word_1_646' title='bbox 562 5758 655 5798; x_wconf 88' lang='lat' dir='ltr'><strong>eos</strong></span> <span class='ocrx_word' id='word_1_647' title='bbox 678 5754 797 5813; x_wconf 89' lang='lat' dir='ltr'><strong>post</strong></span> <span class='ocrx_word' id='word_1_648' title='bbox 824 5752 900 5811; x_wconf 87' lang='lat' dir='ltr'><strong>te,</strong></span> <span class='ocrx_word' id='word_1_649' title='bbox 927 5741 1048 5801; x_wconf 88' lang='lat' dir='ltr'><strong>cum</strong></span> <span class='ocrx_word' id='word_1_650' title='bbox 1077 5758 1252 5803; x_wconf 83' lang='lat' dir='ltr'><strong>tamen</strong></span> <span class='ocrx_word' id='word_1_651' title='bbox 1281 5747 1469 5813; x_wconf 77' lang='lat' dir='ltr'><strong>velles,</strong></span> <span class='ocrx_word' id='word_1_652' title='bbox 1503 5756 1564 5801; x_wconf 89' lang='lat' dir='ltr'><strong>ut</strong></span> <span class='ocrx_word' id='word_1_653' title='bbox 1595 5749 1830 5803; x_wconf 87' lang='lat' dir='ltr'><strong>honora-</strong></span> 
     </span>
     <span class='ocr_line' id='line_1_80' title="bbox 256 5827 482 5867; baseline -0.004 0"><span class='ocrx_word' id='word_1_654' title='bbox 256 5827 362 5867; x_wconf 90' lang='lat' dir='ltr'><strong>ren</strong></span> <span class='ocrx_word' id='word_1_655' title='bbox 431 5827 482 5867; x_wconf 90' lang='lat' dir='ltr'><strong>e.</strong></span> 
     </span>
    </p>
   </div>
   <div class='ocr_carea' id='block_1_80' title="bbox 255 5827 482 5868">
    <p class='ocr_par' dir='ltr' id='par_1_80' title="bbox 255 5827 482 5868">
     <span class='ocr_line' id='line_1_81' title="bbox 255 5827 482 5868; baseline -0.009 0"><span class='ocrx_word' id='word_1_656' title='bbox 255 5827 386 5868; x_wconf 88' lang='lat' dir='ltr'><strong>rent</strong></span> <span class='ocrx_word' id='word_1_657' title='bbox 411 5827 482 5867; x_wconf 85' lang='grc' dir='ltr'>ιε.</span> 
     </span>
    </p>
   </div>
   <div class='ocr_carea' id='block_1_81' title="bbox 509 5904 1029 5968">
    <p class='ocr_par' dir='ltr' id='par_1_81' title="bbox 509 5904 1029 5968">
     <span class='ocr_line' id='line_1_82' title="bbox 509 5904 1029 5968; baseline 0.006 -4"><span class='ocrx_word' id='word_1_658' title='bbox 509 5904 628 5965; x_wconf 75' lang='lat' dir='ltr'><strong>Pn</strong></span> <span class='ocrx_word' id='word_1_659' title='bbox 641 5922 780 5966; x_wconf 85' lang='grc' dir='ltr'>ιιοι..</span> <span class='ocrx_word' id='word_1_660' title='bbox 811 5907 1029 5968; x_wconf 71' lang='lat' dir='ltr'><strong>XCIII.</strong></span> 
     </span>
    </p>
   </div>
   <div class='ocr_carea' id='block_1_82' title="bbox 1852 3186 1899 3251">
    <p class='ocr_par' dir='ltr' id='par_1_82' title="bbox 1852 3186 1899 3251">
     <span class='ocr_line' id='line_1_83' title="bbox 1852 3186 1899 3251; baseline 0 -2"><span class='ocrx_word' id='word_1_661' title='bbox 1852 3186 1899 3251; x_wconf 80' lang='lat' dir='ltr'><strong><em>C</em></strong></span> 
     </span>
    </p>
   </div>
   <div class='ocr_carea' id='block_1_83' title="bbox 1927 558 3489 627">
    <p class='ocr_par' dir='ltr' id='par_1_83' title="bbox 1927 558 3489 627">
     <span class='ocr_line' id='line_1_84' title="bbox 1927 558 3489 627; baseline 0.003 -17"><span class='ocrx_word' id='word_1_662' title='bbox 1927 563 2207 626; x_wconf 87' lang='lat' dir='ltr'><strong>portionem</strong></span> <span class='ocrx_word' id='word_1_663' title='bbox 2244 569 2386 612; x_wconf 87' lang='lat' dir='ltr'><strong>tuam</strong></span> <span class='ocrx_word' id='word_1_664' title='bbox 2416 563 2653 627; x_wconf 81' lang='lat' dir='ltr'><strong>ponebas.</strong></span> <span class='ocrx_word' id='word_1_665' title='bbox 2686 559 2788 613; x_wconf 87' lang='lat' dir='ltr'><strong>Per</strong></span> <span class='ocrx_word' id='word_1_666' title='bbox 2815 559 3061 613; x_wconf 77' lang='lat' dir='ltr'><strong>elfecmm</strong></span> <span class='ocrx_word' id='word_1_667' title='bbox 3090 558 3326 612; x_wconf 80' lang='lat' dir='ltr'><strong>ostendit</strong></span> <span class='ocrx_word' id='word_1_668' title='bbox 3349 562 3489 627; x_wconf 82' lang='lat' dir='ltr'><strong>quod</strong></span> 
     </span>
    </p>
   </div>
   <div class='ocr_carea' id='block_1_84' title="bbox 1924 627 3488 696">
    <p class='ocr_par' dir='ltr' id='par_1_84' title="bbox 1924 627 3488 696">
     <span class='ocr_line' id='line_1_85' title="bbox 1924 627 3488 696; baseline 0.004 -15"><span class='ocrx_word' id='word_1_669' title='bbox 1924 645 2202 683; x_wconf 86' lang='lat' dir='ltr'><strong>sermones</strong></span> <span class='ocrx_word' id='word_1_670' title='bbox 2233 643 2525 682; x_wconf 87' lang='lat' dir='ltr'><strong>retrorsum</strong></span> <span class='ocrx_word' id='word_1_671' title='bbox 2577 630 2796 696; x_wconf 90' lang='lat' dir='ltr'><strong>projecit</strong></span> <span class='ocrx_word' id='word_1_672' title='bbox 2822 669 2837 690; x_wconf 92' lang='lat'><strong>,</strong></span> <span class='ocrx_word' id='word_1_673' title='bbox 2883 627 3002 696; x_wconf 89' lang='lat' dir='ltr'><strong>quia</strong></span> <span class='ocrx_word' id='word_1_674' title='bbox 3042 629 3221 689; x_wconf 89' lang='lat' dir='ltr'><strong>omni,</strong></span> <span class='ocrx_word' id='word_1_675' title='bbox 3265 630 3488 693; x_wconf 84' lang='lat' dir='ltr'><strong>scilicet.</strong></span> 
     </span>
    </p>
   </div>
   <div class='ocr_carea' id='block_1_85' title="bbox 1926 696 3490 770">
    <p class='ocr_par' dir='ltr' id='par_1_85' title="bbox 1926 696 3490 770">
     <span class='ocr_line' id='line_1_86' title="bbox 1926 696 3490 770; baseline 0.001 -19"><span class='ocrx_word' id='word_1_676' title='bbox 1926 699 2174 770; x_wconf 72' lang='lat' dir='ltr'><strong>nequitia:</strong></span> <span class='ocrx_word' id='word_1_677' title='bbox 2196 700 2482 752; x_wconf 83' lang='lat' dir='ltr'><strong>consensit.</strong></span> <span class='ocrx_word' id='word_1_678' title='bbox 2508 699 2657 764; x_wconf 89' lang='lat' dir='ltr'><strong>Quod</strong></span> <span class='ocrx_word' id='word_1_679' title='bbox 2686 701 2765 770; x_wconf 81' lang='lat' dir='ltr'><strong>sic</strong></span> <span class='ocrx_word' id='word_1_680' title='bbox 2785 698 2922 770; x_wconf 54' lang='lat' dir='ltr'><strong>dicii</strong></span> <span class='ocrx_word' id='word_1_681' title='bbox 2947 717 2957 750; x_wconf 91' lang='lat'>:</span> <span class='ocrx_word' id='word_1_682' title='bbox 2989 696 3051 770; x_wconf 72' lang='lat' dir='ltr'><strong>Si</strong></span> <span class='ocrx_word' id='word_1_683' title='bbox 3073 697 3274 770; x_wconf 55' lang='lat' dir='ltr'><strong>videgas</strong></span> <span class='ocrx_word' id='word_1_684' title='bbox 3302 698 3490 770; x_wconf 81' lang='lat' dir='ltr'><strong>furem,</strong></span> 
     </span>
    </p>
   </div>
   <div class='ocr_carea' id='block_1_86' title="bbox 1924 766 3493 835">
    <p class='ocr_par' dir='ltr' id='par_1_86' title="bbox 1924 766 3493 835">
     <span class='ocr_line' id='line_1_87' title="bbox 1924 766 3493 835; baseline 0.003 -15"><span class='ocrx_word' id='word_1_685' title='bbox 1924 766 2159 822; x_wconf 78' lang='lat' dir='ltr'><strong>cui-rebar</strong></span> <span class='ocrx_word' id='word_1_686' title='bbox 2181 809 2195 832; x_wconf 94' lang='lat'><strong>,</strong></span> <span class='ocrx_word' id='word_1_687' title='bbox 2231 770 2273 823; x_wconf 90' lang='lat' dir='ltr'><strong>si</strong></span> <span class='ocrx_word' id='word_1_688' title='bbox 2307 784 2411 821; x_wconf 86' lang='lat' dir='ltr'><strong>non</strong></span> <span class='ocrx_word' id='word_1_689' title='bbox 2445 773 2598 835; x_wconf 86' lang='lat' dir='ltr'><strong>pede,</strong></span> <span class='ocrx_word' id='word_1_690' title='bbox 2631 769 2818 821; x_wconf 90' lang='lat' dir='ltr'><strong>saltem</strong></span> <span class='ocrx_word' id='word_1_691' title='bbox 2848 766 3146 821; x_wconf 79' lang='lat' dir='ltr'><strong>aﬂ‘ectioue.</strong></span> <span class='ocrx_word' id='word_1_692' title='bbox 3175 766 3239 819; x_wconf 83' lang='lat' dir='ltr'><strong>Et</strong></span> <span class='ocrx_word' id='word_1_693' title='bbox 3271 766 3493 830; x_wconf 79' lang='lat' dir='ltr'><strong>ponebas</strong></span> 
     </span>
    </p>
   </div>
   <div class='ocr_carea' id='block_1_87' title="bbox 1923 838 3495 906">
    <p class='ocr_par' dir='ltr' id='par_1_87' title="bbox 1923 838 3495 906">
     <span class='ocr_line' id='line_1_88' title="bbox 1923 838 3495 906; baseline 0.004 -19"><span class='ocrx_word' id='word_1_694' title='bbox 1923 841 2204 906; x_wconf 81' lang='lat' dir='ltr'><strong>portionem</strong></span> <span class='ocrx_word' id='word_1_695' title='bbox 2246 849 2387 891; x_wconf 89' lang='lat' dir='ltr'><strong>tuam</strong></span> <span class='ocrx_word' id='word_1_696' title='bbox 2413 854 2526 889; x_wconf 83' lang='lat' dir='ltr'><strong>cum</strong></span> <span class='ocrx_word' id='word_1_697' title='bbox 2555 839 2825 898; x_wconf 82' lang='lat' dir='ltr'><strong>adulteris,</strong></span> <span class='ocrx_word' id='word_1_698' title='bbox 2865 839 2966 900; x_wconf 88' lang='lat' dir='ltr'><strong>eis,</strong></span> <span class='ocrx_word' id='word_1_699' title='bbox 2997 838 3236 900; x_wconf 87' lang='lat' dir='ltr'><strong>scilicet,</strong></span> <span class='ocrx_word' id='word_1_700' title='bbox 3266 852 3495 896; x_wconf 83' lang='lat' dir='ltr'><strong>consen-</strong></span> 
     </span>
    </p>
   </div>
   <div class='ocr_carea' id='block_1_88' title="bbox 1927 906 3495 975">
    <p class='ocr_par' dir='ltr' id='par_1_88' title="bbox 1927 906 3495 975">
     <span class='ocr_line' id='line_1_89' title="bbox 1927 906 3495 975; baseline 0.004 -17"><span class='ocrx_word' id='word_1_701' title='bbox 1927 906 2127 960; x_wconf 89' lang='lat' dir='ltr'><strong>tiettdo.</strong></span> <span class='ocrx_word' id='word_1_702' title='bbox 2166 911 2276 961; x_wconf 78' lang='lat' dir='ltr'><strong>Non</strong></span> <span class='ocrx_word' id='word_1_703' title='bbox 2305 911 2477 961; x_wconf 89' lang='lat' dir='ltr'><strong>solum</strong></span> <span class='ocrx_word' id='word_1_704' title='bbox 2504 908 2644 960; x_wconf 73' lang='lat' dir='ltr'><strong>enim</strong></span> <span class='ocrx_word' id='word_1_705' title='bbox 2677 908 2763 975; x_wconf 92' lang='lat' dir='ltr'><strong>qui</strong></span> <span class='ocrx_word' id='word_1_706' title='bbox 2799 906 3017 972; x_wconf 78' lang='lat' dir='ltr'><strong>faciunt,</strong></span> <span class='ocrx_word' id='word_1_707' title='bbox 3047 906 3140 960; x_wconf 86' lang='lat' dir='ltr'><strong>sed</strong></span> <span class='ocrx_word' id='word_1_708' title='bbox 3175 915 3228 960; x_wconf 89' lang='lat' dir='ltr'><strong>et</strong></span> <span class='ocrx_word' id='word_1_709' title='bbox 3254 909 3341 974; x_wconf 88' lang='lat' dir='ltr'><strong>qui</strong></span> <span class='ocrx_word' id='word_1_710' title='bbox 3366 924 3495 964; x_wconf 84' lang='lat' dir='ltr'><strong>eou-</strong></span> 
     </span>
    </p>
   </div>
   <div class='ocr_carea' id='block_1_89' title="bbox 1923 978 2715 1045">
    <p class='ocr_par' dir='ltr' id='par_1_89' title="bbox 1923 978 2715 1045">
     <span class='ocr_line' id='line_1_90' title="bbox 1923 978 2715 1045; baseline -0.001 -15"><span class='ocrx_word' id='word_1_711' title='bbox 1923 978 2181 1041; x_wconf 75' lang='lat' dir='ltr'><strong>Seutiunt,</strong></span> <span class='ocrx_word' id='word_1_712' title='bbox 2216 987 2385 1031; x_wconf 88' lang='lat' dir='ltr'><strong>morte</strong></span> <span class='ocrx_word' id='word_1_713' title='bbox 2406 978 2546 1045; x_wconf 78' lang='lat' dir='ltr'><strong>digiti</strong></span> <span class='ocrx_word' id='word_1_714' title='bbox 2570 988 2715 1030; x_wconf 90' lang='lat' dir='ltr'><strong>sunt.</strong></span> 
     </span>
    </p>
   </div>
   <div class='ocr_carea' id='block_1_90' title="bbox 1996 1044 3493 1115">
    <p class='ocr_par' dir='ltr' id='par_1_90' title="bbox 1996 1044 3493 1115">
     <span class='ocr_line' id='line_1_91' title="bbox 1996 1044 3493 1115; baseline 0.004 -17"><span class='ocrx_word' id='word_1_715' title='bbox 1996 1045 2067 1098; x_wconf 86' lang='lat' dir='ltr'><strong>Os</strong></span> <span class='ocrx_word' id='word_1_716' title='bbox 2095 1056 2235 1099; x_wconf 85' lang='lat' dir='ltr'><strong>tuum</strong></span> <span class='ocrx_word' id='word_1_717' title='bbox 2265 1044 2541 1100; x_wconf 85' lang='lat' dir='ltr'><strong>abundavit</strong></span> <span class='ocrx_word' id='word_1_718' title='bbox 2584 1046 2783 1099; x_wconf 84' lang='lat' dir='ltr'><strong>malitia</strong></span> <span class='ocrx_word' id='word_1_719' title='bbox 2809 1086 2823 1108; x_wconf 96' lang='lat'><strong>,</strong></span> <span class='ocrx_word' id='word_1_720' title='bbox 2866 1056 2913 1099; x_wconf 88' lang='lat' dir='ltr'><strong>et</strong></span> <span class='ocrx_word' id='word_1_721' title='bbox 2962 1044 3137 1115; x_wconf 80' lang='lat' dir='ltr'><strong>lingua</strong></span> <span class='ocrx_word' id='word_1_722' title='bbox 3165 1054 3253 1099; x_wconf 89' lang='lat' dir='ltr'><strong>tua</strong></span> <span class='ocrx_word' id='word_1_723' title='bbox 3283 1052 3493 1104; x_wconf 75' lang='lat' dir='ltr'><strong>concin~</strong></span> 
     </span>
    </p>
   </div>
   <div class='ocr_carea' id='block_1_91' title="bbox 1924 1116 3494 1175">
    <p class='ocr_par' dir='ltr' id='par_1_91' title="bbox 1924 1116 3494 1175">
     <span class='ocr_line' id='line_1_92' title="bbox 1924 1116 3494 1175; baseline 0.005 -7"><span class='ocrx_word' id='word_1_724' title='bbox 1924 1116 2077 1169; x_wconf 78' lang='lat' dir='ltr'><strong>nabat</strong></span> <span class='ocrx_word' id='word_1_725' title='bbox 2100 1118 2267 1170; x_wconf 85' lang='lat' dir='ltr'><strong>dolos.</strong></span> <span class='ocrx_word' id='word_1_726' title='bbox 2303 1118 2414 1170; x_wconf 82' lang='lat' dir='ltr'><strong>Non</strong></span> <span class='ocrx_word' id='word_1_727' title='bbox 2447 1118 2619 1170; x_wconf 91' lang='lat' dir='ltr'><strong>solum</strong></span> <span class='ocrx_word' id='word_1_728' title='bbox 2667 1117 2872 1169; x_wconf 81' lang='lat' dir='ltr'><strong>furibus</strong></span> <span class='ocrx_word' id='word_1_729' title='bbox 2899 1125 2954 1169; x_wconf 90' lang='lat' dir='ltr'><strong>et</strong></span> <span class='ocrx_word' id='word_1_730' title='bbox 2978 1116 3235 1169; x_wconf 83' lang='lat' dir='ltr'><strong>adulteris</strong></span> <span class='ocrx_word' id='word_1_731' title='bbox 3265 1132 3494 1175; x_wconf 87' lang='lat' dir='ltr'><strong>consen-</strong></span> 
     </span>
    </p>
   </div>
   <div class='ocr_carea' id='block_1_92' title="bbox 1922 1186 3487 1256">
    <p class='ocr_par' dir='ltr' id='par_1_92' title="bbox 1922 1186 3487 1256">
     <span class='ocr_line' id='line_1_93' title="bbox 1922 1186 3487 1256; baseline 0.001 -17"><span class='ocrx_word' id='word_1_732' title='bbox 1922 1187 2067 1250; x_wconf 80' lang='lat' dir='ltr'><strong>sisti,</strong></span> <span class='ocrx_word' id='word_1_733' title='bbox 2100 1187 2191 1240; x_wconf 89' lang='lat' dir='ltr'><strong>sed</strong></span> <span class='ocrx_word' id='word_1_734' title='bbox 2220 1189 2378 1240; x_wconf 88' lang='lat' dir='ltr'><strong>etiam</strong></span> <span class='ocrx_word' id='word_1_735' title='bbox 2403 1203 2459 1240; x_wconf 88' lang='lat' dir='ltr'><strong>os</strong></span> <span class='ocrx_word' id='word_1_736' title='bbox 2488 1198 2630 1240; x_wconf 88' lang='lat' dir='ltr'><strong>tuum</strong></span> <span class='ocrx_word' id='word_1_737' title='bbox 2657 1186 2929 1239; x_wconf 75' lang='lat' dir='ltr'><strong>abundauit</strong></span> <span class='ocrx_word' id='word_1_738' title='bbox 2961 1187 3159 1256; x_wconf 86' lang='lat' dir='ltr'><strong>malitia</strong></span> <span class='ocrx_word' id='word_1_739' title='bbox 3184 1226 3198 1247; x_wconf 92' lang='lat'><strong>,</strong></span> <span class='ocrx_word' id='word_1_740' title='bbox 3230 1190 3350 1256; x_wconf 87' lang='lat' dir='ltr'><strong>quia</strong></span> <span class='ocrx_word' id='word_1_741' title='bbox 3384 1207 3487 1245; x_wconf 87' lang='lat' dir='ltr'><strong>non</strong></span> 
     </span>
    </p>
   </div>
   <div class='ocr_carea' id='block_1_93' title="bbox 1922 1255 3491 1328">
    <p class='ocr_par' dir='ltr' id='par_1_93' title="bbox 1922 1255 3491 1328">
     <span class='ocr_line' id='line_1_94' title="bbox 1922 1255 3491 1328; baseline 0.004 -20"><span class='ocrx_word' id='word_1_742' title='bbox 1922 1257 2097 1309; x_wconf 87' lang='lat' dir='ltr'><strong>solum</strong></span> <span class='ocrx_word' id='word_1_743' title='bbox 2131 1260 2263 1309; x_wconf 83' lang='lat' dir='ltr'><strong>mala</strong></span> <span class='ocrx_word' id='word_1_744' title='bbox 2296 1258 2647 1328; x_wconf 77' lang='lat' dir='ltr'><strong>tacendonon</strong></span> <span class='ocrx_word' id='word_1_745' title='bbox 2674 1255 3088 1328; x_wconf 74' lang='lat' dir='ltr'><strong>reprehendisti,</strong></span> <span class='ocrx_word' id='word_1_746' title='bbox 3116 1259 3208 1310; x_wconf 90' lang='lat' dir='ltr'><strong>sed</strong></span> <span class='ocrx_word' id='word_1_747' title='bbox 3238 1255 3289 1328; x_wconf 86' lang='lat' dir='ltr'><strong>ut</strong></span> <span class='ocrx_word' id='word_1_748' title='bbox 3323 1264 3491 1328; x_wconf 81' lang='lat' dir='ltr'><strong>magis</strong></span> 
     </span>
    </p>
   </div>
   <div class='ocr_carea' id='block_1_94' title="bbox 1922 1327 3491 1392">
    <p class='ocr_par' dir='ltr' id='par_1_94' title="bbox 1922 1327 3491 1392">
     <span class='ocr_line' id='line_1_95' title="bbox 1922 1327 3491 1392; baseline 0.005 -15"><span class='ocrx_word' id='word_1_749' title='bbox 1922 1336 2204 1392; x_wconf 70' lang='lat' dir='ltr'><strong>augeretur</strong></span> <span class='ocrx_word' id='word_1_750' title='bbox 2228 1365 2243 1389; x_wconf 92' lang='lat'><strong>,</strong></span> <span class='ocrx_word' id='word_1_751' title='bbox 2275 1342 2390 1381; x_wconf 88' lang='lat' dir='ltr'><strong>eam</strong></span> <span class='ocrx_word' id='word_1_752' title='bbox 2422 1327 2665 1381; x_wconf 79' lang='lat' dir='ltr'><strong>laudasti.</strong></span> <span class='ocrx_word' id='word_1_753' title='bbox 2697 1328 2758 1379; x_wconf 80' lang='lat' dir='ltr'><strong>Et</strong></span> <span class='ocrx_word' id='word_1_754' title='bbox 2790 1329 2839 1379; x_wconf 94' lang='lat' dir='ltr'><strong>in</strong></span> <span class='ocrx_word' id='word_1_755' title='bbox 2871 1327 2971 1379; x_wconf 89' lang='lat' dir='ltr'><strong>hoc</strong></span> <span class='ocrx_word' id='word_1_756' title='bbox 3000 1329 3158 1379; x_wconf 88' lang='lat' dir='ltr'><strong>etiam</strong></span> <span class='ocrx_word' id='word_1_757' title='bbox 3186 1327 3491 1384; x_wconf 80' lang='lat' dir='ltr'><strong>delectaba-</strong></span> 
     </span>
    </p>
   </div>
   <div class='ocr_carea' id='block_1_95' title="bbox 1924 1396 3489 1468">
    <p class='ocr_par' dir='ltr' id='par_1_95' title="bbox 1924 1396 3489 1468">
     <span class='ocr_line' id='line_1_96' title="bbox 1924 1396 3489 1468; baseline 0.001 -21"><span class='ocrx_word' id='word_1_758' title='bbox 1924 1396 2015 1468; x_wconf 83' lang='lat' dir='ltr'><strong>r_is.</strong></span> <span class='ocrx_word' id='word_1_759' title='bbox 2048 1396 2201 1468; x_wconf 84' lang='lat' dir='ltr'><strong>Quod</strong></span> <span class='ocrx_word' id='word_1_760' title='bbox 2241 1396 2318 1451; x_wconf 86' lang='lat' dir='ltr'><strong>sic</strong></span> <span class='ocrx_word' id='word_1_761' title='bbox 2344 1398 2472 1451; x_wconf 88' lang='lat' dir='ltr'><strong>dicit</strong></span> <span class='ocrx_word' id='word_1_762' title='bbox 2512 1415 2523 1449; x_wconf 91' lang='lat'><strong>:</strong></span> <span class='ocrx_word' id='word_1_763' title='bbox 2558 1396 2763 1468; x_wconf 85' lang='lat' dir='ltr'><strong>Lingua</strong></span> <span class='ocrx_word' id='word_1_764' title='bbox 2795 1406 2883 1449; x_wconf 87' lang='lat' dir='ltr'><strong>tua</strong></span> <span class='ocrx_word' id='word_1_765' title='bbox 2912 1398 3267 1461; x_wconf 79' lang='lat' dir='ltr'><strong>concinnabat,</strong></span> <span class='ocrx_word' id='word_1_766' title='bbox 3305 1399 3355 1453; x_wconf 90' lang='lat' dir='ltr'><strong>id</strong></span> <span class='ocrx_word' id='word_1_767' title='bbox 3387 1414 3489 1468; x_wconf 58' lang='lat' dir='ltr'><strong>est,</strong></span> 
     </span>
    </p>
   </div>
   <div class='ocr_carea' id='block_1_96' title="bbox 1922 1464 3495 1537">
    <p class='ocr_par' dir='ltr' id='par_1_96' title="bbox 1922 1464 3495 1537">
     <span class='ocr_line' id='line_1_97' title="bbox 1922 1464 3495 1537; baseline 0.004 -20"><span class='ocrx_word' id='word_1_768' title='bbox 1922 1464 2241 1537; x_wconf 62' lang='lat' dir='ltr'><strong>delectando</strong></span> <span class='ocrx_word' id='word_1_769' title='bbox 2270 1477 2521 1535; x_wconf 89' lang='lat' dir='ltr'><strong>tanquam</strong></span> <span class='ocrx_word' id='word_1_770' title='bbox 2553 1467 2605 1520; x_wconf 92' lang='lat' dir='ltr'><strong>in</strong></span> <span class='ocrx_word' id='word_1_771' title='bbox 2644 1464 2823 1535; x_wconf 81' lang='lat' dir='ltr'><strong>aliquo</strong></span> <span class='ocrx_word' id='word_1_772' title='bbox 2853 1472 3118 1521; x_wconf 89' lang='lat' dir='ltr'><strong>conclnno</strong></span> <span class='ocrx_word' id='word_1_773' title='bbox 3140 1470 3438 1537; x_wconf 62' lang='lat' dir='ltr'><strong>compont-b</strong></span> <span class='ocrx_word' id='word_1_774' title='bbox 3458 1464 3495 1524; x_wconf 67' lang='grc' dir='ltr'><strong>ιι</strong></span> 
     </span>
    </p>
   </div>
   <div class='ocr_carea' id='block_1_97' title="bbox 1924 1535 3494 1608">
    <p class='ocr_par' dir='ltr' id='par_1_97' title="bbox 1924 1535 3494 1608">
     <span class='ocr_line' id='line_1_98' title="bbox 1924 1535 3494 1608; baseline 0.005 -22"><span class='ocrx_word' id='word_1_775' title='bbox 1924 1535 2069 1608; x_wconf 71' lang='lat' dir='ltr'><strong>dolos</strong></span> <span class='ocrx_word' id='word_1_776' title='bbox 2095 1578 2111 1601; x_wconf 87' lang='lat'><strong>,</strong></span> <span class='ocrx_word' id='word_1_777' title='bbox 2142 1537 2194 1590; x_wconf 89' lang='lat' dir='ltr'><strong>id</strong></span> <span class='ocrx_word' id='word_1_778' title='bbox 2222 1548 2303 1608; x_wconf 79' lang='lat' dir='ltr'><strong>est</strong></span> <span class='ocrx_word' id='word_1_779' title='bbox 2325 1576 2341 1600; x_wconf 91' lang='lat'><strong>,</strong></span> <span class='ocrx_word' id='word_1_780' title='bbox 2374 1538 2558 1591; x_wconf 90' lang='lat' dir='ltr'><strong>dolosa</strong></span> <span class='ocrx_word' id='word_1_781' title='bbox 2588 1537 2771 1601; x_wconf 86' lang='lat' dir='ltr'><strong>verba,</strong></span> <span class='ocrx_word' id='word_1_782' title='bbox 2792 1537 3002 1608; x_wconf 84' lang='lat' dir='ltr'><strong>quibus</strong></span> <span class='ocrx_word' id='word_1_783' title='bbox 3035 1535 3287 1592; x_wconf 78' lang='lat' dir='ltr'><strong>laudabas</strong></span> <span class='ocrx_word' id='word_1_784' title='bbox 3314 1556 3494 1608; x_wconf 86' lang='lat' dir='ltr'><strong>repre-</strong></span> 
     </span>
    </p>
   </div>
   <div class='ocr_carea' id='block_1_98' title="bbox 1926 1603 3497 1676">
    <p class='ocr_par' dir='ltr' id='par_1_98' title="bbox 1926 1603 3497 1676">
     <span class='ocr_line' id='line_1_99' title="bbox 1926 1603 3497 1676; baseline 0.006 -22"><span class='ocrx_word' id='word_1_785' title='bbox 1926 1603 2222 1659; x_wconf 84' lang='lat' dir='ltr'><strong>hendenda.</strong></span> <span class='ocrx_word' id='word_1_786' title='bbox 2244 1607 2508 1661; x_wconf 61' lang='lat' dir='ltr'><strong>Praeterea</strong></span> <span class='ocrx_word' id='word_1_787' title='bbox 2532 1624 2744 1676; x_wconf 89' lang='lat' dir='ltr'><strong>quoque</strong></span> <span class='ocrx_word' id='word_1_788' title='bbox 2771 1603 3094 1660; x_wconf 82' lang='lat' dir='ltr'><strong>detrahebas</strong></span> <span class='ocrx_word' id='word_1_789' title='bbox 3127 1607 3273 1661; x_wconf 77' lang='lat' dir='ltr'><strong>fratri</strong></span> <span class='ocrx_word' id='word_1_790' title='bbox 3299 1603 3408 1674; x_wconf 78' lang='lat' dir='ltr'><strong>tuo,</strong></span> <span class='ocrx_word' id='word_1_791' title='bbox 3444 1625 3497 1663; x_wconf 89' lang='lat' dir='ltr'><strong>et</strong></span> 
     </span>
    </p>
   </div>
   <div class='ocr_carea' id='block_1_99' title="bbox 1924 1676 3497 1733">
    <p class='ocr_par' dir='ltr' id='par_1_99' title="bbox 1924 1676 3497 1733">
     <span class='ocr_line' id='line_1_100' title="bbox 1924 1676 3497 1733; baseline 0.003 -6"><span class='ocrx_word' id='word_1_792' title='bbox 1924 1677 2002 1729; x_wconf 83' lang='lat' dir='ltr'><strong>sic</strong></span> <span class='ocrx_word' id='word_1_793' title='bbox 2040 1676 2435 1730; x_wconf 81' lang='lat' dir='ltr'><strong>scandalizabas</strong></span> <span class='ocrx_word' id='word_1_794' title='bbox 2478 1677 2640 1729; x_wconf 89' lang='lat' dir='ltr'><strong>liliutn</strong></span> <span class='ocrx_word' id='word_1_795' title='bbox 2686 1678 2868 1731; x_wconf 87' lang='lat' dir='ltr'><strong>matris</strong></span> <span class='ocrx_word' id='word_1_796' title='bbox 2897 1686 3019 1732; x_wconf 60' lang='lat' dir='ltr'><strong>tute.</strong></span> <span class='ocrx_word' id='word_1_797' title='bbox 3066 1677 3250 1731; x_wconf 81' lang='lat' dir='ltr'><strong>Frater</strong></span> <span class='ocrx_word' id='word_1_798' title='bbox 3278 1694 3497 1733; x_wconf 76' lang='lat' dir='ltr'><strong>VOt&#39;ntttr</strong></span> 
     </span>
    </p>
   </div>
   <div class='ocr_carea' id='block_1_100' title="bbox 1926 1742 3499 1815">
    <p class='ocr_par' dir='ltr' id='par_1_100' title="bbox 1926 1742 3499 1815">
     <span class='ocr_line' id='line_1_101' title="bbox 1926 1742 3499 1815; baseline 0.006 -20"><span class='ocrx_word' id='word_1_799' title='bbox 1926 1742 2012 1798; x_wconf 90' lang='lat' dir='ltr'><strong>hic</strong></span> <span class='ocrx_word' id='word_1_800' title='bbox 2057 1745 2249 1815; x_wconf 87' lang='lat' dir='ltr'><strong>aliquis</strong></span> <span class='ocrx_word' id='word_1_801' title='bbox 2287 1746 2396 1815; x_wconf 84' lang='lat' dir='ltr'><strong>jam</strong></span> <span class='ocrx_word' id='word_1_802' title='bbox 2432 1749 2695 1814; x_wconf 80' lang='lat' dir='ltr'><strong>perlectus</strong></span> <span class='ocrx_word' id='word_1_803' title='bbox 2721 1787 2736 1811; x_wconf 94' lang='lat'><strong>,</strong></span> <span class='ocrx_word' id='word_1_804' title='bbox 2777 1756 2831 1801; x_wconf 93' lang='lat' dir='ltr'><strong>et</strong></span> <span class='ocrx_word' id='word_1_805' title='bbox 2857 1747 3141 1812; x_wconf 82' lang='lat' dir='ltr'><strong>Spiritualis</strong></span> <span class='ocrx_word' id='word_1_806' title='bbox 3184 1750 3295 1815; x_wconf 86' lang='lat' dir='ltr'><strong>vir;</strong></span> <span class='ocrx_word' id='word_1_807' title='bbox 3331 1749 3499 1804; x_wconf 79' lang='lat' dir='ltr'><strong>Filius</strong></span> 
     </span>
    </p>
   </div>
   <div class='ocr_carea' id='block_1_101' title="bbox 1929 1815 3498 1888">
    <p class='ocr_par' dir='ltr' id='par_1_101' title="bbox 1929 1815 3498 1888">
     <span class='ocr_line' id='line_1_102' title="bbox 1929 1815 3498 1888; baseline 0.003 -19"><span class='ocrx_word' id='word_1_808' title='bbox 1929 1829 2054 1888; x_wconf 63' lang='lat' dir='ltr'><strong>yero</strong></span> <span class='ocrx_word' id='word_1_809' title='bbox 2084 1820 2269 1888; x_wconf 75' lang='lat' dir='ltr'><strong>matris</strong></span> <span class='ocrx_word' id='word_1_810' title='bbox 2297 1815 2493 1870; x_wconf 90' lang='lat' dir='ltr'><strong>dicitur</strong></span> <span class='ocrx_word' id='word_1_811' title='bbox 2521 1817 2715 1886; x_wconf 87' lang='lat' dir='ltr'><strong>aliquis</strong></span> <span class='ocrx_word' id='word_1_812' title='bbox 2752 1816 2927 1869; x_wconf 85' lang='lat' dir='ltr'><strong>minus</strong></span> <span class='ocrx_word' id='word_1_813' title='bbox 2954 1818 3249 1885; x_wconf 86' lang='lat' dir='ltr'><strong>perlectus,</strong></span> <span class='ocrx_word' id='word_1_814' title='bbox 3288 1823 3375 1888; x_wconf 89' lang='lat' dir='ltr'><strong>qui</strong></span> <span class='ocrx_word' id='word_1_815' title='bbox 3404 1823 3498 1874; x_wconf 86' lang='lat' dir='ltr'><strong>ad-</strong></span> 
     </span>
    </p>
   </div>
   <div class='ocr_carea' id='block_1_102' title="bbox 1927 1883 3500 1949">
    <p class='ocr_par' dir='ltr' id='par_1_102' title="bbox 1927 1883 3500 1949">
     <span class='ocr_line' id='line_1_103' title="bbox 1927 1883 3500 1949; baseline 0.005 -13"><span class='ocrx_word' id='word_1_816' title='bbox 1927 1883 2030 1938; x_wconf 88' lang='lat' dir='ltr'><strong>huc</strong></span> <span class='ocrx_word' id='word_1_817' title='bbox 2059 1886 2288 1941; x_wconf 88' lang='lat' dir='ltr'><strong>carnalis</strong></span> <span class='ocrx_word' id='word_1_818' title='bbox 2329 1898 2446 1949; x_wconf 92' lang='lat' dir='ltr'><strong>est,</strong></span> <span class='ocrx_word' id='word_1_819' title='bbox 2487 1897 2541 1939; x_wconf 82' lang='lat' dir='ltr'><strong>et</strong></span> <span class='ocrx_word' id='word_1_820' title='bbox 2582 1883 2756 1941; x_wconf 77' lang='lat' dir='ltr'><strong>adhuc</strong></span> <span class='ocrx_word' id='word_1_821' title='bbox 2780 1890 2917 1942; x_wconf 87' lang='lat' dir='ltr'><strong>lacte</strong></span> <span class='ocrx_word' id='word_1_822' title='bbox 2945 1902 3049 1940; x_wconf 91' lang='lat' dir='ltr'><strong>non</strong></span> <span class='ocrx_word' id='word_1_823' title='bbox 3079 1883 3251 1945; x_wconf 86' lang='lat' dir='ltr'><strong>solido</strong></span> <span class='ocrx_word' id='word_1_824' title='bbox 3272 1883 3392 1944; x_wconf 86' lang='lat' dir='ltr'><strong>cibo</strong></span> <span class='ocrx_word' id='word_1_825' title='bbox 3422 1893 3500 1943; x_wconf 91' lang='lat' dir='ltr'><strong>in-</strong></span> 
     </span>
    </p>
   </div>
   <div class='ocr_carea' id='block_1_103' title="bbox 1925 1955 3499 2028">
    <p class='ocr_par' dir='ltr' id='par_1_103' title="bbox 1925 1955 3499 2028">
     <span class='ocr_line' id='line_1_104' title="bbox 1925 1955 3499 2028; baseline 0.004 -22"><span class='ocrx_word' id='word_1_826' title='bbox 1925 1955 2186 2028; x_wconf 31' lang='lat' dir='ltr'><strong>digetLEt</strong></span> <span class='ocrx_word' id='word_1_827' title='bbox 2220 1957 2638 2028; x_wconf 83' lang='lat' dir='ltr'><strong>solentquidam</strong></span> <span class='ocrx_word' id='word_1_828' title='bbox 2670 1960 2930 2028; x_wconf 75' lang='lat' dir='ltr'><strong>perfectos</strong></span> <span class='ocrx_word' id='word_1_829' title='bbox 2952 1973 3009 2011; x_wconf 91' lang='lat' dir='ltr'><strong>se</strong></span> <span class='ocrx_word' id='word_1_830' title='bbox 3046 1958 3357 2012; x_wconf 88' lang='lat' dir='ltr'><strong>simulantes</strong></span> <span class='ocrx_word' id='word_1_831' title='bbox 3392 1966 3499 2028; x_wconf 82' lang='lat' dir='ltr'><strong>spi-</strong></span> 
     </span>
    </p>
   </div>
   <div class='ocr_carea' id='block_1_104' title="bbox 1927 2025 3496 2095">
    <p class='ocr_par' dir='ltr' id='par_1_104' title="bbox 1927 2025 3496 2095">
     <span class='ocr_line' id='line_1_105' title="bbox 1927 2025 3496 2095; baseline 0.004 -18"><span class='ocrx_word' id='word_1_832' title='bbox 1927 2026 2207 2078; x_wconf 80' lang='lat' dir='ltr'><strong>r.tua|ibus</strong></span> <span class='ocrx_word' id='word_1_833' title='bbox 2243 2025 2370 2080; x_wconf 86' lang='lat' dir='ltr'><strong>viris</strong></span> <span class='ocrx_word' id='word_1_834' title='bbox 2398 2027 2449 2079; x_wconf 89' lang='lat' dir='ltr'><strong>in</strong></span> <span class='ocrx_word' id='word_1_835' title='bbox 2485 2026 2721 2082; x_wconf 86' lang='lat' dir='ltr'><strong>Ecclesia</strong></span> <span class='ocrx_word' id='word_1_836' title='bbox 2751 2027 3033 2081; x_wconf 83' lang='lat' dir='ltr'><strong>detrahere</strong></span> <span class='ocrx_word' id='word_1_837' title='bbox 3057 2069 3073 2091; x_wconf 94' lang='lat'><strong>,</strong></span> <span class='ocrx_word' id='word_1_838' title='bbox 3103 2040 3160 2081; x_wconf 80' lang='lat' dir='ltr'><strong>ut.</strong></span> <span class='ocrx_word' id='word_1_839' title='bbox 3189 2029 3266 2081; x_wconf 92' lang='lat' dir='ltr'><strong>sic</strong></span> <span class='ocrx_word' id='word_1_840' title='bbox 3297 2025 3496 2095; x_wconf 80' lang='lat' dir='ltr'><strong>possint</strong></span> 
     </span>
    </p>
   </div>
   <div class='ocr_carea' id='block_1_105' title="bbox 1928 2095 3497 2181">
    <p class='ocr_par' dir='ltr' id='par_1_105' title="bbox 1928 2095 3497 2181">
     <span class='ocr_line' id='line_1_106' title="bbox 1928 2095 3497 2181; baseline 0.006 -35"><span class='ocrx_word' id='word_1_841' title='bbox 1928 2095 2166 2181; x_wconf 70' lang='lat' dir='ltr'><strong>minores</strong></span> <span class='ocrx_word' id='word_1_842' title='bbox 2194 2096 2576 2181; x_wconf 70' lang='lat' dir='ltr'><strong>scandalizare,</strong></span> <span class='ocrx_word' id='word_1_843' title='bbox 2608 2107 2663 2151; x_wconf 91' lang='lat' dir='ltr'><strong>ut</strong></span> <span class='ocrx_word' id='word_1_844' title='bbox 2688 2097 2903 2181; x_wconf 62' lang='lat' dir='ltr'><strong>quidam</strong></span> <span class='ocrx_word' id='word_1_845' title='bbox 2932 2099 3079 2181; x_wconf 74' lang='lat' dir='ltr'><strong>apud</strong></span> <span class='ocrx_word' id='word_1_846' title='bbox 3100 2097 3403 2153; x_wconf 86' lang='lat' dir='ltr'><strong>Corinthios</strong></span> <span class='ocrx_word' id='word_1_847' title='bbox 3430 2103 3497 2156; x_wconf 86' lang='lat' dir='ltr'><strong>de</strong></span> 
     </span>
    </p>
   </div>
   <div class='ocr_carea' id='block_1_106' title="bbox 1929 2164 3497 2238">
    <p class='ocr_par' dir='ltr' id='par_1_106' title="bbox 1929 2164 3497 2238">
     <span class='ocr_line' id='line_1_107' title="bbox 1929 2164 3497 2238; baseline 0.005 -21"><span class='ocrx_word' id='word_1_848' title='bbox 1929 2164 2082 2238; x_wconf 63' lang='lat' dir='ltr'><strong>beato</strong></span> <span class='ocrx_word' id='word_1_849' title='bbox 2123 2165 2283 2221; x_wconf 84' lang='lat' dir='ltr'><strong>Paulo</strong></span> <span class='ocrx_word' id='word_1_850' title='bbox 2323 2167 2572 2220; x_wconf 83' lang='lat' dir='ltr'><strong>dixerunt</strong></span> <span class='ocrx_word' id='word_1_851' title='bbox 2618 2186 2632 2223; x_wconf 91' lang='lat'><strong>:</strong></span> <span class='ocrx_word' id='word_1_852' title='bbox 2680 2164 2926 2237; x_wconf 80' lang='lat' dir='ltr'><strong>Episton</strong></span> <span class='ocrx_word' id='word_1_853' title='bbox 2954 2168 3158 2237; x_wconf 87' lang='lat' dir='ltr'><strong>quidem</strong></span> <span class='ocrx_word' id='word_1_854' title='bbox 3182 2185 3355 2238; x_wconf 83' lang='lat' dir='ltr'><strong>graves</strong></span> <span class='ocrx_word' id='word_1_855' title='bbox 3382 2183 3497 2225; x_wconf 83' lang='lat' dir='ltr'><strong>sunt</strong></span> 
     </span>
    </p>
   </div>
   <div class='ocr_carea' id='block_1_107' title="bbox 1927 2235 3493 2310">
    <p class='ocr_par' dir='ltr' id='par_1_107' title="bbox 1927 2235 3493 2310">
     <span class='ocr_line' id='line_1_108' title="bbox 1927 2235 3493 2310; baseline 0.004 -24"><span class='ocrx_word' id='word_1_856' title='bbox 1927 2242 1970 2310; x_wconf 76' lang='lat' dir='ltr'><strong>et</strong></span> <span class='ocrx_word' id='word_1_857' title='bbox 2000 2235 2175 2310; x_wconf 65' lang='lat' dir='ltr'><strong>fortes,</strong></span> <span class='ocrx_word' id='word_1_858' title='bbox 2205 2240 2291 2288; x_wconf 84' lang='lat' dir='ltr'><strong>sed</strong></span> <span class='ocrx_word' id='word_1_859' title='bbox 2319 2240 2589 2310; x_wconf 68' lang='lat' dir='ltr'><strong>praesentia</strong></span> <span class='ocrx_word' id='word_1_860' title='bbox 2614 2235 2842 2310; x_wconf 57' lang='lat' dir='ltr'><strong>inﬁrma,</strong></span> <span class='ocrx_word' id='word_1_861' title='bbox 2871 2248 2917 2292; x_wconf 92' lang='lat' dir='ltr'><strong>et</strong></span> <span class='ocrx_word' id='word_1_862' title='bbox 2944 2235 3110 2310; x_wconf 78' lang='lat' dir='ltr'><strong>sermo</strong></span> <span class='ocrx_word' id='word_1_863' title='bbox 3141 2235 3493 2310; x_wconf 81' lang='lat' dir='ltr'><strong>contemptibi-</strong></span> 
     </span>
    </p>
   </div>
   <div class='ocr_carea' id='block_1_108' title="bbox 1928 2305 3500 2376">
    <p class='ocr_par' dir='ltr' id='par_1_108' title="bbox 1928 2305 3500 2376">
     <span class='ocr_line' id='line_1_109' title="bbox 1928 2305 3500 2376; baseline 0.006 -20"><span class='ocrx_word' id='word_1_864' title='bbox 1928 2305 2012 2357; x_wconf 86' lang='lat' dir='ltr'><strong>lis.</strong></span> <span class='ocrx_word' id='word_1_865' title='bbox 2046 2306 2109 2359; x_wconf 82' lang='lat' dir='ltr'><strong>Et</strong></span> <span class='ocrx_word' id='word_1_866' title='bbox 2154 2321 2249 2373; x_wconf 85' lang='lat' dir='ltr'><strong>per</strong></span> <span class='ocrx_word' id='word_1_867' title='bbox 2288 2310 2385 2360; x_wconf 91' lang='lat' dir='ltr'><strong>hoc</strong></span> <span class='ocrx_word' id='word_1_868' title='bbox 2414 2308 2594 2376; x_wconf 78' lang='lat' dir='ltr'><strong>plures</strong></span> <span class='ocrx_word' id='word_1_869' title='bbox 2623 2309 2687 2362; x_wconf 89' lang='lat' dir='ltr'><strong>de</strong></span> <span class='ocrx_word' id='word_1_870' title='bbox 2729 2309 3062 2361; x_wconf 79' lang='lat' dir='ltr'><strong>inferioribus</strong></span> <span class='ocrx_word' id='word_1_871' title='bbox 3100 2305 3500 2365; x_wconf 60' lang='lat' dir='ltr'><strong>seandaliiaw-</strong></span> 
     </span>
    </p>
   </div>
   <div class='ocr_carea' id='block_1_109' title="bbox 1928 2376 3497 2447">
    <p class='ocr_par' dir='ltr' id='par_1_109' title="bbox 1928 2376 3497 2447">
     <span class='ocr_line' id='line_1_110' title="bbox 1928 2376 3497 2447; baseline 0.005 -21"><span class='ocrx_word' id='word_1_872' title='bbox 1928 2388 2069 2428; x_wconf 89' lang='lat' dir='ltr'><strong>runt.</strong></span> <span class='ocrx_word' id='word_1_873' title='bbox 2101 2376 2250 2431; x_wconf 85' lang='lat' dir='ltr'><strong>Unde</strong></span> <span class='ocrx_word' id='word_1_874' title='bbox 2288 2377 2417 2431; x_wconf 88' lang='lat' dir='ltr'><strong>dicit</strong></span> <span class='ocrx_word' id='word_1_875' title='bbox 2452 2395 2463 2428; x_wconf 88' lang='lat'>:</span> <span class='ocrx_word' id='word_1_876' title='bbox 2511 2376 2589 2431; x_wconf 87' lang='lat' dir='ltr'><strong>Tu</strong></span> <span class='ocrx_word' id='word_1_877' title='bbox 2628 2380 2911 2447; x_wconf 85' lang='lat' dir='ltr'><strong>loquebaris</strong></span> <span class='ocrx_word' id='word_1_878' title='bbox 2951 2381 3000 2430; x_wconf 90' lang='lat' dir='ltr'><strong>in</strong></span> <span class='ocrx_word' id='word_1_879' title='bbox 3043 2382 3370 2435; x_wconf 80' lang='lat' dir='ltr'><strong>detractione</strong></span> <span class='ocrx_word' id='word_1_880' title='bbox 3404 2383 3497 2434; x_wconf 89' lang='lat' dir='ltr'><strong>ud-</strong></span> 
     </span>
    </p>
   </div>
   <div class='ocr_carea' id='block_1_110' title="bbox 1928 2447 3495 2517">
    <p class='ocr_par' dir='ltr' id='par_1_110' title="bbox 1928 2447 3495 2517">
     <span class='ocr_line' id='line_1_111' title="bbox 1928 2447 3495 2517; baseline 0.006 -21"><span class='ocrx_word' id='word_1_881' title='bbox 1928 2459 2095 2500; x_wconf 81' lang='lat' dir='ltr'><strong>versus</strong></span> <span class='ocrx_word' id='word_1_882' title='bbox 2126 2450 2351 2515; x_wconf 71' lang='lat' dir='ltr'><strong>fratrem,</strong></span> <span class='ocrx_word' id='word_1_883' title='bbox 2400 2447 2449 2501; x_wconf 89' lang='lat' dir='ltr'><strong>id</strong></span> <span class='ocrx_word' id='word_1_884' title='bbox 2494 2459 2595 2511; x_wconf 89' lang='lat' dir='ltr'><strong>est,</strong></span> <span class='ocrx_word' id='word_1_885' title='bbox 2643 2460 2824 2503; x_wconf 88' lang='lat' dir='ltr'><strong>contra</strong></span> <span class='ocrx_word' id='word_1_886' title='bbox 2855 2447 3145 2517; x_wconf 88' lang='lat' dir='ltr'><strong>quemlibet</strong></span> <span class='ocrx_word' id='word_1_887' title='bbox 3167 2448 3495 2516; x_wconf 85' lang='lat' dir='ltr'><strong>spiritualem</strong></span> 
     </span>
    </p>
   </div>
   <div class='ocr_carea' id='block_1_111' title="bbox 1928 2518 3495 2589">
    <p class='ocr_par' dir='ltr' id='par_1_111' title="bbox 1928 2518 3495 2589">
     <span class='ocr_line' id='line_1_112' title="bbox 1928 2518 3495 2589; baseline 0.004 -20"><span class='ocrx_word' id='word_1_888' title='bbox 1928 2527 1981 2569; x_wconf 89' lang='lat' dir='ltr'><strong>et</strong></span> <span class='ocrx_word' id='word_1_889' title='bbox 2019 2519 2390 2589; x_wconf 82' lang='lat' dir='ltr'><strong>perlectiorem</strong></span> <span class='ocrx_word' id='word_1_890' title='bbox 2425 2519 2616 2583; x_wconf 90' lang='lat' dir='ltr'><strong>virum,</strong></span> <span class='ocrx_word' id='word_1_891' title='bbox 2645 2520 2733 2587; x_wconf 90' lang='lat' dir='ltr'><strong>qui</strong></span> <span class='ocrx_word' id='word_1_892' title='bbox 2764 2518 2983 2589; x_wconf 83' lang='lat' dir='ltr'><strong>deberet</strong></span> <span class='ocrx_word' id='word_1_893' title='bbox 3004 2533 3121 2570; x_wconf 63' lang='lat' dir='ltr'><strong>esu:</strong></span> <span class='ocrx_word' id='word_1_894' title='bbox 3144 2519 3306 2572; x_wconf 73' lang='lat' dir='ltr'><strong>frater</strong></span> <span class='ocrx_word' id='word_1_895' title='bbox 3338 2534 3495 2589; x_wconf 84' lang='lat' dir='ltr'><strong>tuus;</strong></span> 
     </span>
    </p>
   </div>
   <div class='ocr_carea' id='block_1_112' title="bbox 1926 2587 3495 2656">
    <p class='ocr_par' dir='ltr' id='par_1_112' title="bbox 1926 2587 3495 2656">
     <span class='ocr_line' id='line_1_113' title="bbox 1926 2587 3495 2656; baseline 0.005 -18"><span class='ocrx_word' id='word_1_896' title='bbox 1926 2596 1974 2638; x_wconf 85' lang='lat' dir='ltr'><strong>et</strong></span> <span class='ocrx_word' id='word_1_897' title='bbox 2017 2587 2117 2642; x_wconf 90' lang='lat' dir='ltr'><strong>hoc</strong></span> <span class='ocrx_word' id='word_1_898' title='bbox 2146 2589 2305 2641; x_wconf 89' lang='lat' dir='ltr'><strong>modo</strong></span> <span class='ocrx_word' id='word_1_899' title='bbox 2337 2589 2553 2656; x_wconf 84' lang='lat' dir='ltr'><strong>ponebas</strong></span> <span class='ocrx_word' id='word_1_900' title='bbox 2585 2589 2881 2642; x_wconf 85' lang='lat' dir='ltr'><strong>scandalum</strong></span> <span class='ocrx_word' id='word_1_901' title='bbox 2910 2587 3151 2640; x_wconf 86' lang='lat' dir='ltr'><strong>adversus</strong></span> <span class='ocrx_word' id='word_1_902' title='bbox 3188 2589 3354 2656; x_wconf 80' lang='lat' dir='ltr'><strong>[ilium</strong></span> <span class='ocrx_word' id='word_1_903' title='bbox 3385 2587 3495 2646; x_wconf 42' lang='lat' dir='ltr'><strong>ma;</strong></span> 
     </span>
    </p>
   </div>
   <div class='ocr_carea' id='block_1_113' title="bbox 1928 2657 3498 2726">
    <p class='ocr_par' dir='ltr' id='par_1_113' title="bbox 1928 2657 3498 2726">
     <span class='ocr_line' id='line_1_114' title="bbox 1928 2657 3498 2726; baseline 0.006 -19"><span class='ocrx_word' id='word_1_904' title='bbox 1928 2657 2019 2710; x_wconf 86' lang='lat' dir='ltr'><strong>tris</strong></span> <span class='ocrx_word' id='word_1_905' title='bbox 2050 2666 2147 2711; x_wconf 77' lang='lat' dir='ltr'><strong>tute</strong></span> <span class='ocrx_word' id='word_1_906' title='bbox 2167 2698 2182 2723; x_wconf 89' lang='lat'><strong>,</strong></span> <span class='ocrx_word' id='word_1_907' title='bbox 2212 2659 2260 2711; x_wconf 90' lang='lat' dir='ltr'><strong>id</strong></span> <span class='ocrx_word' id='word_1_908' title='bbox 2291 2669 2398 2722; x_wconf 89' lang='lat' dir='ltr'><strong>est,</strong></span> <span class='ocrx_word' id='word_1_909' title='bbox 2426 2659 2754 2713; x_wconf 88' lang='lat' dir='ltr'><strong>detrahendo</strong></span> <span class='ocrx_word' id='word_1_910' title='bbox 2785 2657 2985 2726; x_wconf 81' lang='lat' dir='ltr'><strong>majora</strong></span> <span class='ocrx_word' id='word_1_911' title='bbox 3011 2665 3067 2710; x_wconf 89' lang='lat' dir='ltr'><strong>et</strong></span> <span class='ocrx_word' id='word_1_912' title='bbox 3087 2657 3313 2726; x_wconf 88' lang='lat' dir='ltr'><strong>digniori</strong></span> <span class='ocrx_word' id='word_1_913' title='bbox 3342 2675 3498 2716; x_wconf 83' lang='lat' dir='ltr'><strong>scau-</strong></span> 
     </span>
    </p>
   </div>
   <div class='ocr_carea' id='block_1_114' title="bbox 1928 2727 3500 2800">
    <p class='ocr_par' dir='ltr' id='par_1_114' title="bbox 1928 2727 3500 2800">
     <span class='ocr_line' id='line_1_115' title="bbox 1928 2727 3500 2800; baseline 0.005 -21"><span class='ocrx_word' id='word_1_914' title='bbox 1928 2727 2195 2800; x_wconf 78' lang='lat' dir='ltr'><strong>d-hzabas</strong></span> <span class='ocrx_word' id='word_1_915' title='bbox 2224 2728 2388 2781; x_wconf 79' lang='lat' dir='ltr'><strong>lilium</strong></span> <span class='ocrx_word' id='word_1_916' title='bbox 2433 2731 2614 2782; x_wconf 89' lang='lat' dir='ltr'><strong>matris</strong></span> <span class='ocrx_word' id='word_1_917' title='bbox 2646 2742 2745 2781; x_wconf 77' lang='lat' dir='ltr'><strong>tua:</strong></span> <span class='ocrx_word' id='word_1_918' title='bbox 2776 2730 3047 2800; x_wconf 67' lang='lat' dir='ltr'><strong>Ecclesiae,</strong></span> <span class='ocrx_word' id='word_1_919' title='bbox 3082 2727 3133 2780; x_wconf 89' lang='lat' dir='ltr'><strong>id</strong></span> <span class='ocrx_word' id='word_1_920' title='bbox 3162 2741 3240 2782; x_wconf 88' lang='lat' dir='ltr'><strong>est</strong></span> <span class='ocrx_word' id='word_1_921' title='bbox 3267 2769 3284 2795; x_wconf 93' lang='lat'><strong>,</strong></span> <span class='ocrx_word' id='word_1_922' title='bbox 3314 2748 3500 2800; x_wconf 59' lang='lat' dir='ltr'><strong>qui-m-</strong></span> 
     </span>
    </p>
   </div>
   <div class='ocr_carea' id='block_1_115' title="bbox 1928 2798 3502 2871">
    <p class='ocr_par' dir='ltr' id='par_1_115' title="bbox 1928 2798 3502 2871">
     <span class='ocr_line' id='line_1_116' title="bbox 1928 2798 3502 2871; baseline 0.006 -23"><span class='ocrx_word' id='word_1_923' title='bbox 1928 2798 2320 2871; x_wconf 60' lang='lat' dir='ltr'><strong>queininorem</strong></span> <span class='ocrx_word' id='word_1_924' title='bbox 2364 2808 2419 2871; x_wconf 83' lang='lat' dir='ltr'><strong>et</strong></span> <span class='ocrx_word' id='word_1_925' title='bbox 2446 2800 2795 2871; x_wconf 65' lang='lat' dir='ltr'><strong>indigniorem</strong></span> <span class='ocrx_word' id='word_1_926' title='bbox 2821 2799 2960 2871; x_wconf 77' lang='lat' dir='ltr'><strong>,_qu&#39;t</strong></span> <span class='ocrx_word' id='word_1_927' title='bbox 3015 2800 3248 2852; x_wconf 87' lang='lat' dir='ltr'><strong>nondum</strong></span> <span class='ocrx_word' id='word_1_928' title='bbox 3302 2798 3502 2871; x_wconf 73' lang='lat' dir='ltr'><strong>indiget</strong></span> 
     </span>
    </p>
   </div>
   <div class='ocr_carea' id='block_1_116' title="bbox 1928 2866 3499 2934">
    <p class='ocr_par' dir='ltr' id='par_1_116' title="bbox 1928 2866 3499 2934">
     <span class='ocr_line' id='line_1_117' title="bbox 1928 2866 3499 2934; baseline 0.005 -16"><span class='ocrx_word' id='word_1_929' title='bbox 1928 2866 2102 2921; x_wconf 78' lang='lat' dir='ltr'><strong>aolido</strong></span> <span class='ocrx_word' id='word_1_930' title='bbox 2132 2868 2293 2931; x_wconf 89' lang='lat' dir='ltr'><strong>cibo,</strong></span> <span class='ocrx_word' id='word_1_931' title='bbox 2330 2870 2421 2920; x_wconf 82' lang='lat' dir='ltr'><strong>Sed</strong></span> <span class='ocrx_word' id='word_1_932' title='bbox 2456 2866 2609 2922; x_wconf 83' lang='lat' dir='ltr'><strong>lacte.</strong></span> <span class='ocrx_word' id='word_1_933' title='bbox 2644 2869 2772 2922; x_wconf 75' lang='grc' dir='ltr'><strong>ΙΙωο</strong></span> <span class='ocrx_word' id='word_1_934' title='bbox 2796 2908 2810 2931; x_wconf 86' lang='grc'><em>,</em></span> <span class='ocrx_word' id='word_1_935' title='bbox 2855 2866 3090 2934; x_wconf 72' lang='lat' dir='ltr'><strong>inquam,</strong></span> <span class='ocrx_word' id='word_1_936' title='bbox 3134 2872 3311 2923; x_wconf 88' lang='lat' dir='ltr'><strong>omnia</strong></span> <span class='ocrx_word' id='word_1_937' title='bbox 3361 2866 3499 2926; x_wconf 64' lang='lat' dir='ltr'><strong>tn&#39;da</strong></span> 
     </span>
    </p>
   </div>
   <div class='ocr_carea' id='block_1_117' title="bbox 1930 2936 3500 3010">
    <p class='ocr_par' dir='ltr' id='par_1_117' title="bbox 1930 2936 3500 3010">
     <span class='ocr_line' id='line_1_118' title="bbox 1930 2936 3500 3010; baseline 0.003 -20"><span class='ocrx_word' id='word_1_938' title='bbox 1930 2936 2393 3010; x_wconf 17' lang='lat' dir='ltr'><strong>prtedicta‘fecisti,</strong></span> <span class='ocrx_word' id='word_1_939' title='bbox 2420 2947 2465 3010; x_wconf 74' lang='lat' dir='ltr'><strong>et</strong></span> <span class='ocrx_word' id='word_1_940' title='bbox 2490 2949 2665 2995; x_wconf 80' lang='lat' dir='ltr'><strong>tamen</strong></span> <span class='ocrx_word' id='word_1_941' title='bbox 2696 2955 2794 3010; x_wconf 69' lang='lat' dir='ltr'><strong>ego</strong></span> <span class='ocrx_word' id='word_1_942' title='bbox 2819 2941 2977 3003; x_wconf 86' lang='lat' dir='ltr'><strong>tacui,</strong></span> <span class='ocrx_word' id='word_1_943' title='bbox 3008 2937 3060 2991; x_wconf 87' lang='lat' dir='ltr'><strong>id</strong></span> <span class='ocrx_word' id='word_1_944' title='bbox 3088 2949 3190 3003; x_wconf 84' lang='lat' dir='ltr'><strong>est,</strong></span> <span class='ocrx_word' id='word_1_945' title='bbox 3216 2957 3244 2993; x_wconf 91' lang='lat' dir='ltr'><strong>a</strong></span> <span class='ocrx_word' id='word_1_946' title='bbox 3269 2943 3500 2998; x_wconf 83' lang='lat' dir='ltr'><strong>vindicta</strong></span> 
     </span>
    </p>
   </div>
   <div class='ocr_carea' id='block_1_118' title="bbox 1928 3008 3498 3079">
    <p class='ocr_par' dir='ltr' id='par_1_118' title="bbox 1928 3008 3498 3079">
     <span class='ocr_line' id='line_1_119' title="bbox 1928 3008 3498 3079; baseline 0.006 -20"><span class='ocrx_word' id='word_1_947' title='bbox 1928 3008 2243 3079; x_wconf 85' lang='lat' dir='ltr'><strong>supersedi,</strong></span> <span class='ocrx_word' id='word_1_948' title='bbox 2296 3009 2632 3063; x_wconf 76' lang='lat' dir='ltr'><strong>severitatem</strong></span> <span class='ocrx_word' id='word_1_949' title='bbox 2684 3008 2857 3063; x_wconf 80' lang='lat' dir='ltr'><strong>meam</strong></span> <span class='ocrx_word' id='word_1_950' title='bbox 2911 3010 3133 3075; x_wconf 88' lang='lat' dir='ltr'><strong>distuli,</strong></span> <span class='ocrx_word' id='word_1_951' title='bbox 3188 3010 3498 3079; x_wconf 58' lang='lat' dir='ltr'><strong>patientiam</strong></span> 
     </span>
    </p>
   </div>
   <div class='ocr_carea' id='block_1_119' title="bbox 1930 3078 3497 3148">
    <p class='ocr_par' dir='ltr' id='par_1_119' title="bbox 1930 3078 3497 3148">
     <span class='ocr_line' id='line_1_120' title="bbox 1930 3078 3497 3148; baseline 0.003 -18"><span class='ocrx_word' id='word_1_952' title='bbox 1930 3078 2262 3148; x_wconf 83' lang='lat' dir='ltr'><strong>prolongavi,</strong></span> <span class='ocrx_word' id='word_1_953' title='bbox 2304 3080 2667 3147; x_wconf 59' lang='lat' dir='ltr'><strong>paenitentiam</strong></span> <span class='ocrx_word' id='word_1_954' title='bbox 2698 3091 2840 3133; x_wconf 90' lang='lat' dir='ltr'><strong>tuam</strong></span> <span class='ocrx_word' id='word_1_955' title='bbox 2870 3081 3193 3145; x_wconf 69' lang='lat' dir='ltr'><strong>exstiectavi.</strong></span> <span class='ocrx_word' id='word_1_956' title='bbox 3227 3080 3302 3135; x_wconf 82' lang='lat' dir='ltr'><strong>Tu</strong></span> <span class='ocrx_word' id='word_1_957' title='bbox 3325 3094 3497 3138; x_wconf 87' lang='lat' dir='ltr'><strong>autem</strong></span> 
     </span>
    </p>
   </div>
   <div class='ocr_carea' id='block_1_120' title="bbox 1934 3150 3494 3220">
    <p class='ocr_par' dir='ltr' id='par_1_120' title="bbox 1934 3150 3494 3220">
     <span class='ocr_line' id='line_1_121' title="bbox 1934 3150 3494 3220; baseline 0.003 -21"><span class='ocrx_word' id='word_1_958' title='bbox 1934 3153 2209 3202; x_wconf 87' lang='lat' dir='ltr'><strong>secundum</strong></span> <span class='ocrx_word' id='word_1_959' title='bbox 2256 3150 2497 3203; x_wconf 85' lang='lat' dir='ltr'><strong>duritiam</strong></span> <span class='ocrx_word' id='word_1_960' title='bbox 2544 3162 2720 3215; x_wconf 85' lang='lat' dir='ltr'><strong>luant,</strong></span> <span class='ocrx_word' id='word_1_961' title='bbox 2770 3161 2819 3204; x_wconf 93' lang='lat' dir='ltr'><strong>et</strong></span> <span class='ocrx_word' id='word_1_962' title='bbox 2849 3151 3164 3220; x_wconf 70' lang='lat' dir='ltr'><strong>impaenitens</strong></span> <span class='ocrx_word' id='word_1_963' title='bbox 3204 3168 3291 3203; x_wconf 93' lang='lat' dir='ltr'><strong>cor</strong></span> <span class='ocrx_word' id='word_1_964' title='bbox 3331 3162 3494 3218; x_wconf 74' lang='lat' dir='ltr'><strong>luuvn,</strong></span> 
     </span>
    </p>
   </div>
   <div class='ocr_carea' id='block_1_121' title="bbox 1932 3220 3497 3291">
    <p class='ocr_par' dir='ltr' id='par_1_121' title="bbox 1932 3220 3497 3291">
     <span class='ocr_line' id='line_1_122' title="bbox 1932 3220 3497 3291; baseline 0.004 -20"><span class='ocrx_word' id='word_1_965' title='bbox 1932 3220 2247 3291; x_wconf 69' lang='lat' dir='ltr'><strong>thesaurizas</strong></span> <span class='ocrx_word' id='word_1_966' title='bbox 2268 3220 2356 3272; x_wconf 84' lang='lat' dir='ltr'><strong>tibi</strong></span> <span class='ocrx_word' id='word_1_967' title='bbox 2378 3222 2508 3272; x_wconf 91' lang='lat' dir='ltr'><strong>iram</strong></span> <span class='ocrx_word' id='word_1_968' title='bbox 2528 3222 2579 3273; x_wconf 91' lang='lat' dir='ltr'><strong>in</strong></span> <span class='ocrx_word' id='word_1_969' title='bbox 2598 3224 2677 3274; x_wconf 83' lang='lat' dir='ltr'><strong>die</strong></span> <span class='ocrx_word' id='word_1_970' title='bbox 2698 3220 3018 3275; x_wconf 70' lang='lat' dir='ltr'><strong>reuelationis</strong></span> <span class='ocrx_word' id='word_1_971' title='bbox 3031 3222 3161 3291; x_wconf 81' lang='lat' dir='ltr'><strong>justi</strong></span> <span class='ocrx_word' id='word_1_972' title='bbox 3173 3222 3361 3290; x_wconf 83' lang='lat' dir='ltr'><strong>judicii</strong></span> <span class='ocrx_word' id='word_1_973' title='bbox 3382 3224 3497 3278; x_wconf 84' lang='lat' dir='ltr'><strong>Dei.</strong></span> 
     </span>
    </p>
   </div>
   <div class='ocr_carea' id='block_1_122' title="bbox 2002 3287 3498 3361">
    <p class='ocr_par' dir='ltr' id='par_1_122' title="bbox 2002 3287 3498 3361">
     <span class='ocr_line' id='line_1_123' title="bbox 2002 3287 3498 3361; baseline 0.005 -21"><span class='ocrx_word' id='word_1_974' title='bbox 2002 3287 2321 3344; x_wconf 75' lang='lat' dir='ltr'><strong>Existimasti</strong></span> <span class='ocrx_word' id='word_1_975' title='bbox 2359 3293 2530 3360; x_wconf 86' lang='lat' dir='ltr'><strong>inique</strong></span> <span class='ocrx_word' id='word_1_976' title='bbox 2556 3293 2690 3358; x_wconf 90' lang='lat' dir='ltr'><strong>quod</strong></span> <span class='ocrx_word' id='word_1_977' title='bbox 2717 3308 2805 3344; x_wconf 87' lang='lat' dir='ltr'><strong>ero</strong></span> <span class='ocrx_word' id='word_1_978' title='bbox 2831 3293 2904 3343; x_wconf 86' lang='lat' dir='ltr'><strong>tui</strong></span> <span class='ocrx_word' id='word_1_979' title='bbox 2944 3287 3146 3355; x_wconf 77' lang='lat' dir='ltr'><strong>similis,</strong></span> <span class='ocrx_word' id='word_1_980' title='bbox 3174 3287 3401 3360; x_wconf 71' lang='lat' dir='ltr'><strong>arguam</strong></span> <span class='ocrx_word' id='word_1_981' title='bbox 3431 3306 3498 3361; x_wconf 79' lang='lat' dir='ltr'><strong>te,</strong></span> 
     </span>
    </p>
   </div>
   <div class='ocr_carea' id='block_1_123' title="bbox 1931 3361 3497 3429">
    <p class='ocr_par' dir='ltr' id='par_1_123' title="bbox 1931 3361 3497 3429">
     <span class='ocr_line' id='line_1_124' title="bbox 1931 3361 3497 3429; baseline 0.005 -19"><span class='ocrx_word' id='word_1_982' title='bbox 1931 3368 1979 3411; x_wconf 89' lang='lat' dir='ltr'><strong>et</strong></span> <span class='ocrx_word' id='word_1_983' title='bbox 2009 3371 2226 3412; x_wconf 84' lang='lat' dir='ltr'><strong>statuam</strong></span> <span class='ocrx_word' id='word_1_984' title='bbox 2268 3372 2443 3414; x_wconf 84' lang='lat' dir='ltr'><strong>contra</strong></span> <span class='ocrx_word' id='word_1_985' title='bbox 2470 3364 2653 3429; x_wconf 82' lang='lat' dir='ltr'><strong>[aciem</strong></span> <span class='ocrx_word' id='word_1_986' title='bbox 2685 3371 2840 3413; x_wconf 88' lang='lat' dir='ltr'><strong>tuam.</strong></span> <span class='ocrx_word' id='word_1_987' title='bbox 2874 3361 3009 3427; x_wconf 88' lang='lat' dir='ltr'><strong>Quia</strong></span> <span class='ocrx_word' id='word_1_988' title='bbox 3037 3376 3136 3429; x_wconf 84' lang='lat' dir='ltr'><strong>ego</strong></span> <span class='ocrx_word' id='word_1_989' title='bbox 3168 3365 3302 3415; x_wconf 88' lang='lat' dir='ltr'><strong>tacui</strong></span> <span class='ocrx_word' id='word_1_990' title='bbox 3326 3381 3354 3416; x_wconf 88' lang='lat' dir='ltr'><strong>a</strong></span> <span class='ocrx_word' id='word_1_991' title='bbox 3383 3364 3497 3418; x_wconf 82' lang='lat' dir='ltr'><strong>vitt-</strong></span> 
     </span>
    </p>
   </div>
   <div class='ocr_carea' id='block_1_124' title="bbox 1930 3429 3499 3501">
    <p class='ocr_par' dir='ltr' id='par_1_124' title="bbox 1930 3429 3499 3501">
     <span class='ocr_line' id='line_1_125' title="bbox 1930 3429 3499 3501; baseline 0.006 -21"><span class='ocrx_word' id='word_1_992' title='bbox 1930 3429 2092 3496; x_wconf 81' lang='lat' dir='ltr'><strong>dicta,</strong></span> <span class='ocrx_word' id='word_1_993' title='bbox 2128 3431 2245 3484; x_wconf 87' lang='lat' dir='ltr'><strong>ideo</strong></span> <span class='ocrx_word' id='word_1_994' title='bbox 2276 3441 2329 3483; x_wconf 94' lang='lat' dir='ltr'><strong>tu</strong></span> <span class='ocrx_word' id='word_1_995' title='bbox 2358 3433 2529 3501; x_wconf 72' lang='lat' dir='ltr'><strong>inique</strong></span> <span class='ocrx_word' id='word_1_996' title='bbox 2567 3432 2871 3484; x_wconf 67' lang='lat' dir='ltr'><strong>existimasti</strong></span> <span class='ocrx_word' id='word_1_997' title='bbox 2897 3432 3038 3499; x_wconf 91' lang='lat' dir='ltr'><strong>quod</strong></span> <span class='ocrx_word' id='word_1_998' title='bbox 3069 3446 3167 3500; x_wconf 82' lang='lat' dir='ltr'><strong>ego</strong></span> <span class='ocrx_word' id='word_1_999' title='bbox 3194 3431 3290 3483; x_wconf 85' lang='lat' dir='ltr'><strong>sim</strong></span> <span class='ocrx_word' id='word_1_1000' title='bbox 3317 3436 3499 3489; x_wconf 76' lang='lat' dir='ltr'><strong>similis</strong></span> 
     </span>
    </p>
   </div>
   <div class='ocr_carea' id='block_1_125' title="bbox 1932 3501 3503 3571">
    <p class='ocr_par' dir='ltr' id='par_1_125' title="bbox 1932 3501 3503 3571">
     <span class='ocr_line' id='line_1_126' title="bbox 1932 3501 3503 3571; baseline 0.008 -23"><span class='ocrx_word' id='word_1_1001' title='bbox 1932 3501 2029 3552; x_wconf 88' lang='lat' dir='ltr'><strong>tui.</strong></span> <span class='ocrx_word' id='word_1_1002' title='bbox 2057 3501 2187 3565; x_wconf 89' lang='lat' dir='ltr'><strong>Quia</strong></span> <span class='ocrx_word' id='word_1_1003' title='bbox 2224 3502 2363 3553; x_wconf 89' lang='lat' dir='ltr'><strong>enim</strong></span> <span class='ocrx_word' id='word_1_1004' title='bbox 2398 3513 2451 3555; x_wconf 92' lang='lat' dir='ltr'><strong>tu</strong></span> <span class='ocrx_word' id='word_1_1005' title='bbox 2478 3502 2712 3571; x_wconf 84' lang='lat' dir='ltr'><strong>uoluisti</strong></span> <span class='ocrx_word' id='word_1_1006' title='bbox 2750 3516 2871 3555; x_wconf 80' lang='lat' dir='ltr'><strong>esse</strong></span> <span class='ocrx_word' id='word_1_1007' title='bbox 2908 3501 3096 3555; x_wconf 89' lang='lat' dir='ltr'><strong>similis</strong></span> <span class='ocrx_word' id='word_1_1008' title='bbox 3134 3505 3277 3567; x_wconf 88' lang='lat' dir='ltr'><strong>mei,</strong></span> <span class='ocrx_word' id='word_1_1009' title='bbox 3309 3506 3503 3571; x_wconf 87' lang='lat' dir='ltr'><strong>putasti</strong></span> 
     </span>
    </p>
   </div>
   <div class='ocr_carea' id='block_1_126' title="bbox 1931 3570 3503 3640">
    <p class='ocr_par' dir='ltr' id='par_1_126' title="bbox 1931 3570 3503 3640">
     <span class='ocr_line' id='line_1_127' title="bbox 1931 3570 3503 3640; baseline 0.008 -22"><span class='ocrx_word' id='word_1_1010' title='bbox 1931 3572 2071 3636; x_wconf 92' lang='lat' dir='ltr'><strong>quod</strong></span> <span class='ocrx_word' id='word_1_1011' title='bbox 2104 3586 2203 3638; x_wconf 72' lang='lat' dir='ltr'><strong>ego</strong></span> <span class='ocrx_word' id='word_1_1012' title='bbox 2232 3584 2402 3623; x_wconf 75' lang='lat' dir='ltr'><strong>essem</strong></span> <span class='ocrx_word' id='word_1_1013' title='bbox 2445 3570 2637 3624; x_wconf 88' lang='lat' dir='ltr'><strong>similis</strong></span> <span class='ocrx_word' id='word_1_1014' title='bbox 2679 3574 2775 3626; x_wconf 90' lang='lat' dir='ltr'><strong>tui.</strong></span> <span class='ocrx_word' id='word_1_1015' title='bbox 2805 3571 2996 3625; x_wconf 88' lang='lat' dir='ltr'><strong>Parum</strong></span> <span class='ocrx_word' id='word_1_1016' title='bbox 3044 3587 3271 3640; x_wconf 84' lang='lat' dir='ltr'><strong>namque</strong></span> <span class='ocrx_word' id='word_1_1017' title='bbox 3305 3570 3394 3629; x_wconf 77' lang='lat' dir='ltr'><strong>tibi</strong></span> <span class='ocrx_word' id='word_1_1018' title='bbox 3426 3575 3503 3631; x_wconf 84' lang='lat' dir='ltr'><strong>vi-</strong></span> 
     </span>
    </p>
   </div>
   <div class='ocr_carea' id='block_1_127' title="bbox 1932 3641 3498 3708">
    <p class='ocr_par' dir='ltr' id='par_1_127' title="bbox 1932 3641 3498 3708">
     <span class='ocr_line' id='line_1_128' title="bbox 1932 3641 3498 3708; baseline 0.006 -18"><span class='ocrx_word' id='word_1_1019' title='bbox 1932 3641 2156 3694; x_wconf 87' lang='lat' dir='ltr'><strong>debatur</strong></span> <span class='ocrx_word' id='word_1_1020' title='bbox 2181 3642 2322 3708; x_wconf 90' lang='lat' dir='ltr'><strong>quod</strong></span> <span class='ocrx_word' id='word_1_1021' title='bbox 2353 3652 2404 3693; x_wconf 92' lang='lat' dir='ltr'><strong>tu</strong></span> <span class='ocrx_word' id='word_1_1022' title='bbox 2435 3644 2602 3695; x_wconf 89' lang='lat' dir='ltr'><strong>malus</strong></span> <span class='ocrx_word' id='word_1_1023' title='bbox 2631 3657 2778 3697; x_wconf 85' lang='lat' dir='ltr'><strong>esses</strong></span> <span class='ocrx_word' id='word_1_1024' title='bbox 2803 3680 2819 3705; x_wconf 84' lang='lat'><strong>,</strong></span> <span class='ocrx_word' id='word_1_1025' title='bbox 2847 3643 2945 3697; x_wconf 81' lang='lat' dir='ltr'><strong>nisi</strong></span> <span class='ocrx_word' id='word_1_1026' title='bbox 2985 3642 3144 3697; x_wconf 82' lang='lat' dir='ltr'><strong>etiam</strong></span> <span class='ocrx_word' id='word_1_1027' title='bbox 3187 3660 3271 3697; x_wconf 89' lang='lat' dir='ltr'><strong>me</strong></span> <span class='ocrx_word' id='word_1_1028' title='bbox 3302 3647 3498 3701; x_wconf 89' lang='lat' dir='ltr'><strong>tnalum</strong></span> 
     </span>
    </p>
   </div>
   <div class='ocr_carea' id='block_1_128' title="bbox 1935 3712 3500 3779">
    <p class='ocr_par' dir='ltr' id='par_1_128' title="bbox 1935 3712 3500 3779">
     <span class='ocr_line' id='line_1_129' title="bbox 1935 3712 3500 3779; baseline 0.007 -20"><span class='ocrx_word' id='word_1_1029' title='bbox 1935 3712 2072 3765; x_wconf 77' lang='lat' dir='ltr'><strong>velle</strong></span> <span class='ocrx_word' id='word_1_1030' title='bbox 2103 3722 2333 3779; x_wconf 84' lang='lat' dir='ltr'><strong>putares.</strong></span> <span class='ocrx_word' id='word_1_1031' title='bbox 2370 3712 2434 3765; x_wconf 81' lang='lat' dir='ltr'><strong>Et</strong></span> <span class='ocrx_word' id='word_1_1032' title='bbox 2460 3716 2581 3779; x_wconf 84' lang='lat' dir='ltr'><strong>quia</strong></span> <span class='ocrx_word' id='word_1_1033' title='bbox 2624 3729 2729 3765; x_wconf 87' lang='lat' dir='ltr'><strong>non</strong></span> <span class='ocrx_word' id='word_1_1034' title='bbox 2773 3714 3046 3767; x_wconf 86' lang='lat' dir='ltr'><strong>attendisti</strong></span> <span class='ocrx_word' id='word_1_1035' title='bbox 3087 3728 3171 3766; x_wconf 90' lang='lat' dir='ltr'><strong>me</strong></span> <span class='ocrx_word' id='word_1_1036' title='bbox 3212 3714 3435 3769; x_wconf 86' lang='lat' dir='ltr'><strong>ultorem</strong></span> <span class='ocrx_word' id='word_1_1037' title='bbox 3466 3728 3500 3769; x_wconf 89' lang='lat' dir='ltr'><strong>a</strong></span> 
     </span>
    </p>
   </div>
   <div class='ocr_carea' id='block_1_129' title="bbox 1932 3781 3502 3851">
    <p class='ocr_par' dir='ltr' id='par_1_129' title="bbox 1932 3781 3502 3851">
     <span class='ocr_line' id='line_1_130' title="bbox 1932 3781 3502 3851; baseline 0.004 -20"><span class='ocrx_word' id='word_1_1038' title='bbox 1932 3781 2164 3835; x_wconf 88' lang='lat' dir='ltr'><strong>vindicta</strong></span> <span class='ocrx_word' id='word_1_1039' title='bbox 2206 3782 2641 3849; x_wconf 88' lang='lat' dir='ltr'><strong>supersedentem</strong></span> <span class='ocrx_word' id='word_1_1040' title='bbox 2667 3823 2682 3847; x_wconf 93' lang='lat'><strong>,</strong></span> <span class='ocrx_word' id='word_1_1041' title='bbox 2729 3784 2921 3850; x_wconf 84' lang='lat' dir='ltr'><strong>putasti</strong></span> <span class='ocrx_word' id='word_1_1042' title='bbox 2964 3798 3052 3837; x_wconf 89' lang='lat' dir='ltr'><strong>me</strong></span> <span class='ocrx_word' id='word_1_1043' title='bbox 3093 3783 3397 3851; x_wconf 85' lang='lat' dir='ltr'><strong>participem</strong></span> <span class='ocrx_word' id='word_1_1044' title='bbox 3447 3799 3502 3838; x_wconf 85' lang='lat' dir='ltr'><strong>et</strong></span> 
     </span>
    </p>
   </div>
   <div class='ocr_carea' id='block_1_130' title="bbox 1930 3852 3499 3919">
    <p class='ocr_par' dir='ltr' id='par_1_130' title="bbox 1930 3852 3499 3919">
     <span class='ocr_line' id='line_1_131' title="bbox 1930 3852 3499 3919; baseline 0.003 -16"><span class='ocrx_word' id='word_1_1045' title='bbox 1930 3863 2239 3918; x_wconf 84' lang='lat' dir='ltr'><strong>corruptum</strong></span> <span class='ocrx_word' id='word_1_1046' title='bbox 2281 3852 2537 3919; x_wconf 82' lang='lat' dir='ltr'><strong>judicent.</strong></span> <span class='ocrx_word' id='word_1_1047' title='bbox 2582 3852 2623 3904; x_wconf 86' lang='lat' dir='ltr'><strong>&#39;I‘</strong></span> <span class='ocrx_word' id='word_1_1048' title='bbox 2630 3870 2680 3916; x_wconf 86' lang='grc' dir='ltr'><strong>υ,</strong></span> <span class='ocrx_word' id='word_1_1049' title='bbox 2735 3855 2974 3919; x_wconf 85' lang='lat' dir='ltr'><strong>inquam,</strong></span> <span class='ocrx_word' id='word_1_1050' title='bbox 3018 3855 3117 3906; x_wconf 87' lang='lat' dir='ltr'><strong>hoc</strong></span> <span class='ocrx_word' id='word_1_1051' title='bbox 3156 3855 3499 3919; x_wconf 74' lang='lat' dir='ltr'><strong>existimasti;</strong></span> 
     </span>
    </p>
   </div>
   <div class='ocr_carea' id='block_1_131' title="bbox 1931 3921 3499 3991">
    <p class='ocr_par' dir='ltr' id='par_1_131' title="bbox 1931 3921 3499 3991">
     <span class='ocr_line' id='line_1_132' title="bbox 1931 3921 3499 3991; baseline 0.004 -18"><span class='ocrx_word' id='word_1_1052' title='bbox 1931 3934 2031 3990; x_wconf 86' lang='lat' dir='ltr'><strong>ego</strong></span> <span class='ocrx_word' id='word_1_1053' title='bbox 2054 3932 2230 3975; x_wconf 86' lang='lat' dir='ltr'><strong>autem</strong></span> <span class='ocrx_word' id='word_1_1054' title='bbox 2276 3921 2488 3975; x_wconf 87' lang='lat' dir='ltr'><strong>tandem</strong></span> <span class='ocrx_word' id='word_1_1055' title='bbox 2529 3939 2742 3991; x_wconf 78' lang='lat' dir='ltr'><strong>arguam</strong></span> <span class='ocrx_word' id='word_1_1056' title='bbox 2784 3933 2829 3975; x_wconf 91' lang='lat' dir='ltr'><strong>te</strong></span> <span class='ocrx_word' id='word_1_1057' title='bbox 2862 3938 2955 3986; x_wconf 86' lang='lat' dir='ltr'><strong>per</strong></span> <span class='ocrx_word' id='word_1_1058' title='bbox 2986 3921 3270 3975; x_wconf 83' lang='lat' dir='ltr'><strong>vindictam</strong></span> <span class='ocrx_word' id='word_1_1059' title='bbox 3313 3928 3499 3979; x_wconf 80' lang='lat' dir='ltr'><strong>cotidi-</strong></span> 
     </span>
    </p>
   </div>
   <div class='ocr_carea' id='block_1_132' title="bbox 1930 3993 3497 4066">
    <p class='ocr_par' dir='ltr' id='par_1_132' title="bbox 1930 3993 3497 4066">
     <span class='ocr_line' id='line_1_133' title="bbox 1930 3993 3497 4066; baseline 0.006 -25"><span class='ocrx_word' id='word_1_1060' title='bbox 1930 4004 2110 4058; x_wconf 87' lang='lat' dir='ltr'><strong>gnam,</strong></span> <span class='ocrx_word' id='word_1_1061' title='bbox 2141 4003 2185 4043; x_wconf 87' lang='lat' dir='ltr'><strong>et</strong></span> <span class='ocrx_word' id='word_1_1062' title='bbox 2212 4002 2433 4043; x_wconf 89' lang='lat' dir='ltr'><strong>statuam</strong></span> <span class='ocrx_word' id='word_1_1063' title='bbox 2458 4001 2507 4046; x_wconf 90' lang='lat' dir='ltr'><strong>te</strong></span> <span class='ocrx_word' id='word_1_1064' title='bbox 2531 4003 2704 4044; x_wconf 89' lang='lat' dir='ltr'><strong>contra</strong></span> <span class='ocrx_word' id='word_1_1065' title='bbox 2728 3993 2911 4066; x_wconf 75' lang='lat' dir='ltr'><strong>[aciem</strong></span> <span class='ocrx_word' id='word_1_1066' title='bbox 2932 4002 3095 4058; x_wconf 88' lang='lat' dir='ltr'><strong>tuam,</strong></span> <span class='ocrx_word' id='word_1_1067' title='bbox 3131 3994 3179 4045; x_wconf 83' lang='lat' dir='ltr'><strong>td</strong></span> <span class='ocrx_word' id='word_1_1068' title='bbox 3206 4006 3305 4055; x_wconf 89' lang='lat' dir='ltr'><strong>est,</strong></span> <span class='ocrx_word' id='word_1_1069' title='bbox 3338 4005 3388 4049; x_wconf 88' lang='lat' dir='ltr'><strong>te</strong></span> <span class='ocrx_word' id='word_1_1070' title='bbox 3408 3998 3497 4066; x_wconf 91' lang='lat' dir='ltr'><strong>qui</strong></span> 
     </span>
    </p>
   </div>
   <div class='ocr_carea' id='block_1_133' title="bbox 1932 4062 3498 4132">
    <p class='ocr_par' dir='ltr' id='par_1_133' title="bbox 1932 4062 3498 4132">
     <span class='ocr_line' id='line_1_134' title="bbox 1932 4062 3498 4132; baseline 0.003 -19"><span class='ocrx_word' id='word_1_1071' title='bbox 1932 4074 2189 4132; x_wconf 57' lang='lat' dir='ltr'><strong>posueris</strong></span> <span class='ocrx_word' id='word_1_1072' title='bbox 2219 4070 2271 4114; x_wconf 91' lang='lat' dir='ltr'><strong>te</strong></span> <span class='ocrx_word' id='word_1_1073' title='bbox 2303 4075 2420 4127; x_wconf 88' lang='lat' dir='ltr'><strong>post</strong></span> <span class='ocrx_word' id='word_1_1074' title='bbox 2452 4071 2502 4115; x_wconf 92' lang='lat' dir='ltr'><strong>te</strong></span> <span class='ocrx_word' id='word_1_1075' title='bbox 2522 4103 2536 4126; x_wconf 91' lang='lat'><strong>,</strong></span> <span class='ocrx_word' id='word_1_1076' title='bbox 2568 4073 2623 4114; x_wconf 90' lang='lat' dir='ltr'><strong>ut</strong></span> <span class='ocrx_word' id='word_1_1077' title='bbox 2662 4077 2765 4115; x_wconf 92' lang='lat' dir='ltr'><strong>non</strong></span> <span class='ocrx_word' id='word_1_1078' title='bbox 2805 4062 3014 4117; x_wconf 85' lang='lat' dir='ltr'><strong>videres</strong></span> <span class='ocrx_word' id='word_1_1079' title='bbox 3039 4072 3122 4127; x_wconf 91' lang='lat' dir='ltr'><strong>te,</strong></span> <span class='ocrx_word' id='word_1_1080' title='bbox 3156 4078 3347 4132; x_wconf 81' lang='lat' dir='ltr'><strong>ponam</strong></span> <span class='ocrx_word' id='word_1_1081' title='bbox 3373 4062 3498 4123; x_wconf 79' lang='lat' dir='ltr'><strong>ante</strong></span> 
     </span>
    </p>
   </div>
   <div class='ocr_carea' id='block_1_134' title="bbox 1934 4131 3500 4202">
    <p class='ocr_par' dir='ltr' id='par_1_134' title="bbox 1934 4131 3500 4202">
     <span class='ocr_line' id='line_1_135' title="bbox 1934 4131 3500 4202; baseline 0.006 -21"><span class='ocrx_word' id='word_1_1082' title='bbox 1934 4141 2006 4198; x_wconf 84' lang='lat' dir='ltr'><strong>te,</strong></span> <span class='ocrx_word' id='word_1_1083' title='bbox 2036 4144 2093 4185; x_wconf 88' lang='lat' dir='ltr'><strong>ut</strong></span> <span class='ocrx_word' id='word_1_1084' title='bbox 2117 4131 2295 4185; x_wconf 73' lang='lat' dir='ltr'><strong>rideas</strong></span> <span class='ocrx_word' id='word_1_1085' title='bbox 2321 4141 2390 4185; x_wconf 93' lang='lat' dir='ltr'><strong>te.</strong></span> <span class='ocrx_word' id='word_1_1086' title='bbox 2422 4132 2479 4185; x_wconf 88' lang='lat' dir='ltr'><strong>Si</strong></span> <span class='ocrx_word' id='word_1_1087' title='bbox 2506 4135 2647 4187; x_wconf 90' lang='lat' dir='ltr'><strong>enim</strong></span> <span class='ocrx_word' id='word_1_1088' title='bbox 2674 4135 2879 4187; x_wconf 85' lang='lat' dir='ltr'><strong>videres</strong></span> <span class='ocrx_word' id='word_1_1089' title='bbox 2908 4142 2993 4198; x_wconf 93' lang='lat' dir='ltr'><strong>te,</strong></span> <span class='ocrx_word' id='word_1_1090' title='bbox 3023 4134 3337 4202; x_wconf 87' lang='lat' dir='ltr'><strong>displiceres</strong></span> <span class='ocrx_word' id='word_1_1091' title='bbox 3366 4138 3457 4191; x_wconf 89' lang='lat' dir='ltr'><strong>tibi</strong></span> <span class='ocrx_word' id='word_1_1092' title='bbox 3485 4177 3500 4200; x_wconf 88' lang='lat'><strong>,</strong></span> 
     </span>
    </p>
   </div>
   <div class='ocr_carea' id='block_1_135' title="bbox 1932 4202 3504 4272">
    <p class='ocr_par' dir='ltr' id='par_1_135' title="bbox 1932 4202 3504 4272">
     <span class='ocr_line' id='line_1_136' title="bbox 1932 4202 3504 4272; baseline 0.006 -19"><span class='ocrx_word' id='word_1_1093' title='bbox 1932 4211 1987 4254; x_wconf 90' lang='lat' dir='ltr'><strong>et</strong></span> <span class='ocrx_word' id='word_1_1094' title='bbox 2020 4202 2258 4269; x_wconf 85' lang='lat' dir='ltr'><strong>placeres</strong></span> <span class='ocrx_word' id='word_1_1095' title='bbox 2286 4204 2452 4269; x_wconf 90' lang='lat' dir='ltr'><strong>tnihi;</strong></span> <span class='ocrx_word' id='word_1_1096' title='bbox 2498 4218 2636 4256; x_wconf 90' lang='lat' dir='ltr'><strong>nunc</strong></span> <span class='ocrx_word' id='word_1_1097' title='bbox 2664 4218 2794 4257; x_wconf 83' lang='lat' dir='ltr'><strong>vero</strong></span> <span class='ocrx_word' id='word_1_1098' title='bbox 2834 4206 2958 4272; x_wconf 87' lang='lat' dir='ltr'><strong>quia</strong></span> <span class='ocrx_word' id='word_1_1099' title='bbox 2990 4213 3041 4256; x_wconf 90' lang='lat' dir='ltr'><strong>te</strong></span> <span class='ocrx_word' id='word_1_1100' title='bbox 3076 4220 3180 4257; x_wconf 88' lang='lat' dir='ltr'><strong>non</strong></span> <span class='ocrx_word' id='word_1_1101' title='bbox 3224 4206 3368 4259; x_wconf 86' lang='lat' dir='ltr'><strong>vides</strong></span> <span class='ocrx_word' id='word_1_1102' title='bbox 3392 4247 3409 4271; x_wconf 95' lang='lat'><strong>,</strong></span> <span class='ocrx_word' id='word_1_1103' title='bbox 3448 4222 3504 4263; x_wconf 91' lang='lat' dir='ltr'><strong>et</strong></span> 
     </span>
    </p>
   </div>
   <div class='ocr_carea' id='block_1_136' title="bbox 1935 4272 3497 4342">
    <p class='ocr_par' dir='ltr' id='par_1_136' title="bbox 1935 4272 3497 4342">
     <span class='ocr_line' id='line_1_137' title="bbox 1935 4272 3497 4342; baseline 0.006 -18"><span class='ocrx_word' id='word_1_1104' title='bbox 1935 4272 2108 4339; x_wconf 88' lang='lat' dir='ltr'><strong>places</strong></span> <span class='ocrx_word' id='word_1_1105' title='bbox 2135 4274 2253 4341; x_wconf 90' lang='lat' dir='ltr'><strong>tibi,</strong></span> <span class='ocrx_word' id='word_1_1106' title='bbox 2284 4274 2588 4342; x_wconf 88' lang='lat' dir='ltr'><strong>displicebis</strong></span> <span class='ocrx_word' id='word_1_1107' title='bbox 2618 4274 2747 4327; x_wconf 87' lang='lat' dir='ltr'><strong>mihi</strong></span> <span class='ocrx_word' id='word_1_1108' title='bbox 2770 4313 2787 4338; x_wconf 92' lang='lat'><strong>,</strong></span> <span class='ocrx_word' id='word_1_1109' title='bbox 2814 4287 2866 4327; x_wconf 90' lang='lat' dir='ltr'><strong>et</strong></span> <span class='ocrx_word' id='word_1_1110' title='bbox 2898 4274 2990 4327; x_wconf 89' lang='lat' dir='ltr'><strong>tibi</strong></span> <span class='ocrx_word' id='word_1_1111' title='bbox 3017 4275 3342 4342; x_wconf 80' lang='lat' dir='ltr'><strong>displicebis.</strong></span> <span class='ocrx_word' id='word_1_1112' title='bbox 3374 4279 3497 4334; x_wconf 83' lang='lat' dir='ltr'><strong>Mihi</strong></span> 
     </span>
    </p>
   </div>
   <div class='ocr_carea' id='block_1_137' title="bbox 1931 4343 3501 4415">
    <p class='ocr_par' dir='ltr' id='par_1_137' title="bbox 1931 4343 3501 4415">
     <span class='ocr_line' id='line_1_138' title="bbox 1931 4343 3501 4415; baseline 0.004 -20"><span class='ocrx_word' id='word_1_1113' title='bbox 1931 4343 2145 4415; x_wconf 83' lang='lat' dir='ltr'><strong>quidem</strong></span> <span class='ocrx_word' id='word_1_1114' title='bbox 2172 4343 2499 4415; x_wconf 84' lang='lat' dir='ltr'><strong>displicebis,</strong></span> <span class='ocrx_word' id='word_1_1115' title='bbox 2529 4360 2648 4398; x_wconf 87' lang='lat' dir='ltr'><strong>cum</strong></span> <span class='ocrx_word' id='word_1_1116' title='bbox 2678 4345 3003 4413; x_wconf 88' lang='lat' dir='ltr'><strong>judicaberis</strong></span> <span class='ocrx_word' id='word_1_1117' title='bbox 3022 4362 3037 4408; x_wconf 86' lang='lat'><strong>;</strong></span> <span class='ocrx_word' id='word_1_1118' title='bbox 3058 4346 3148 4398; x_wconf 89' lang='lat' dir='ltr'><strong>tibi</strong></span> <span class='ocrx_word' id='word_1_1119' title='bbox 3173 4360 3298 4399; x_wconf 82' lang='lat' dir='ltr'><strong>vero</strong></span> <span class='ocrx_word' id='word_1_1120' title='bbox 3318 4348 3501 4415; x_wconf 82' lang='lat' dir='ltr'><strong>displi-</strong></span> 
     </span>
    </p>
   </div>
   <div class='ocr_carea' id='block_1_138' title="bbox 1931 4414 3499 4482">
    <p class='ocr_par' dir='ltr' id='par_1_138' title="bbox 1931 4414 3499 4482">
     <span class='ocr_line' id='line_1_139' title="bbox 1931 4414 3499 4482; baseline 0.002 -14"><span class='ocrx_word' id='word_1_1121' title='bbox 1931 4414 2080 4468; x_wconf 87' lang='lat' dir='ltr'><strong>cebis</strong></span> <span class='ocrx_word' id='word_1_1122' title='bbox 2100 4454 2114 4478; x_wconf 94' lang='lat'><strong>,</strong></span> <span class='ocrx_word' id='word_1_1123' title='bbox 2142 4428 2260 4468; x_wconf 91' lang='lat' dir='ltr'><strong>cum</strong></span> <span class='ocrx_word' id='word_1_1124' title='bbox 2291 4414 2524 4468; x_wconf 87' lang='lat' dir='ltr'><strong>ardebis.</strong></span> <span class='ocrx_word' id='word_1_1125' title='bbox 2550 4415 2788 4469; x_wconf 57' lang='lat' dir='ltr'><strong>Statuam</strong></span> <span class='ocrx_word' id='word_1_1126' title='bbox 2815 4426 2885 4479; x_wconf 91' lang='lat' dir='ltr'><strong>te,</strong></span> <span class='ocrx_word' id='word_1_1127' title='bbox 2921 4416 3159 4481; x_wconf 83' lang='lat' dir='ltr'><strong>inquam,</strong></span> <span class='ocrx_word' id='word_1_1128' title='bbox 3188 4426 3310 4470; x_wconf 85' lang='lat' dir='ltr'><strong>ante</strong></span> <span class='ocrx_word' id='word_1_1129' title='bbox 3338 4414 3413 4482; x_wconf 82' lang='lat' dir='ltr'><strong>te,</strong></span> <span class='ocrx_word' id='word_1_1130' title='bbox 3442 4429 3499 4471; x_wconf 90' lang='lat' dir='ltr'><strong>ut</strong></span> 
     </span>
    </p>
   </div>
   <div class='ocr_carea' id='block_1_139' title="bbox 1932 4484 3498 4556">
    <p class='ocr_par' dir='ltr' id='par_1_139' title="bbox 1932 4484 3498 4556">
     <span class='ocr_line' id='line_1_140' title="bbox 1932 4484 3498 4556; baseline 0.003 -19"><span class='ocrx_word' id='word_1_1131' title='bbox 1932 4486 2115 4539; x_wconf 89' lang='lat' dir='ltr'><strong>videas</strong></span> <span class='ocrx_word' id='word_1_1132' title='bbox 2148 4485 2440 4539; x_wconf 66' lang='lat' dir='ltr'><strong>laeditatetn</strong></span> <span class='ocrx_word' id='word_1_1133' title='bbox 2474 4496 2643 4550; x_wconf 86' lang='lat' dir='ltr'><strong>tuam,</strong></span> <span class='ocrx_word' id='word_1_1134' title='bbox 2670 4500 2778 4539; x_wconf 89' lang='lat' dir='ltr'><strong>non</strong></span> <span class='ocrx_word' id='word_1_1135' title='bbox 2809 4493 2865 4537; x_wconf 89' lang='lat' dir='ltr'><strong>ut</strong></span> <span class='ocrx_word' id='word_1_1136' title='bbox 2892 4484 3149 4553; x_wconf 77' lang='lat' dir='ltr'><strong>corrigas,</strong></span> <span class='ocrx_word' id='word_1_1137' title='bbox 3178 4486 3271 4538; x_wconf 88' lang='lat' dir='ltr'><strong>sed</strong></span> <span class='ocrx_word' id='word_1_1138' title='bbox 3296 4495 3351 4540; x_wconf 92' lang='lat' dir='ltr'><strong>ut</strong></span> <span class='ocrx_word' id='word_1_1139' title='bbox 3376 4503 3498 4556; x_wconf 83' lang='lat' dir='ltr'><strong>per-</strong></span> 
     </span>
    </p>
   </div>
   <div class='ocr_carea' id='block_1_140' title="bbox 1937 4557 2425 4624">
    <p class='ocr_par' dir='ltr' id='par_1_140' title="bbox 1937 4557 2425 4624">
     <span class='ocr_line' id='line_1_141' title="bbox 1937 4557 2425 4624; baseline 0 -15"><span class='ocrx_word' id='word_1_1140' title='bbox 1937 4566 2094 4624; x_wconf 79' lang='lat' dir='ltr'><strong>petuo</strong></span> <span class='ocrx_word' id='word_1_1141' title='bbox 2119 4557 2425 4609; x_wconf 89' lang='lat' dir='ltr'><strong>erubescas.</strong></span> 
     </span>
    </p>
   </div>
   <div class='ocr_carea' id='block_1_141' title="bbox 2000 4622 3500 4696">
    <p class='ocr_par' dir='ltr' id='par_1_141' title="bbox 2000 4622 3500 4696">
     <span class='ocr_line' id='line_1_142' title="bbox 2000 4622 3500 4696; baseline 0.003 -20"><span class='ocrx_word' id='word_1_1142' title='bbox 2000 4622 2279 4696; x_wconf 79' lang='lat' dir='ltr'><strong>Intelligite</strong></span> <span class='ocrx_word' id='word_1_1143' title='bbox 2299 4625 2406 4679; x_wconf 78' lang='lat' dir='ltr'><strong>[nec</strong></span> <span class='ocrx_word' id='word_1_1144' title='bbox 2423 4626 2509 4693; x_wconf 85' lang='lat' dir='ltr'><strong>qui</strong></span> <span class='ocrx_word' id='word_1_1145' title='bbox 2534 4623 2883 4696; x_wconf 82' lang='lat' dir='ltr'><strong>obliviscimini</strong></span> <span class='ocrx_word' id='word_1_1146' title='bbox 2904 4622 3085 4687; x_wconf 85' lang='lat' dir='ltr'><strong>Deum,</strong></span> <span class='ocrx_word' id='word_1_1147' title='bbox 3110 4642 3170 4679; x_wconf 88' lang='lat' dir='ltr'><strong>ne</strong></span> <span class='ocrx_word' id='word_1_1148' title='bbox 3186 4627 3391 4693; x_wconf 87' lang='lat' dir='ltr'><strong>quando</strong></span> <span class='ocrx_word' id='word_1_1149' title='bbox 3415 4642 3500 4681; x_wconf 84' lang='lat' dir='ltr'><strong>ra-</strong></span> 
     </span>
    </p>
   </div>
   <div class='ocr_carea' id='block_1_142' title="bbox 1930 4695 3498 4767">
    <p class='ocr_par' dir='ltr' id='par_1_142' title="bbox 1930 4695 3498 4767">
     <span class='ocr_line' id='line_1_143' title="bbox 1930 4695 3498 4767; baseline 0.003 -20"><span class='ocrx_word' id='word_1_1150' title='bbox 1930 4695 2039 4764; x_wconf 85' lang='lat' dir='ltr'><strong>piat</strong></span> <span class='ocrx_word' id='word_1_1151' title='bbox 2060 4704 2106 4747; x_wconf 90' lang='lat' dir='ltr'><strong>et</strong></span> <span class='ocrx_word' id='word_1_1152' title='bbox 2129 4695 2230 4748; x_wconf 84' lang='lat' dir='ltr'><strong>non</strong></span> <span class='ocrx_word' id='word_1_1153' title='bbox 2250 4702 2313 4749; x_wconf 81' lang='lat' dir='ltr'><strong>sit</strong></span> <span class='ocrx_word' id='word_1_1154' title='bbox 2335 4702 2420 4764; x_wconf 85' lang='lat' dir='ltr'><strong>qui</strong></span> <span class='ocrx_word' id='word_1_1155' title='bbox 2441 4696 2641 4762; x_wconf 80' lang='lat' dir='ltr'><strong>eripiat.</strong></span> <span class='ocrx_word' id='word_1_1156' title='bbox 2667 4695 2949 4767; x_wconf 72' lang='lat' dir='ltr'><strong>[lucusque</strong></span> <span class='ocrx_word' id='word_1_1157' title='bbox 2974 4696 3181 4767; x_wconf 81' lang='lat' dir='ltr'><strong>locutus</strong></span> <span class='ocrx_word' id='word_1_1158' title='bbox 3207 4707 3290 4749; x_wconf 86' lang='lat' dir='ltr'><strong>est</strong></span> <span class='ocrx_word' id='word_1_1159' title='bbox 3318 4702 3498 4767; x_wconf 83' lang='lat' dir='ltr'><strong>Asaph</strong></span> 
     </span>
    </p>
   </div>
   <div class='ocr_carea' id='block_1_143' title="bbox 1930 4763 3497 4837">
    <p class='ocr_par' dir='ltr' id='par_1_143' title="bbox 1930 4763 3497 4837">
     <span class='ocr_line' id='line_1_144' title="bbox 1930 4763 3497 4837; baseline 0.003 -18"><span class='ocrx_word' id='word_1_1160' title='bbox 1930 4763 1984 4819; x_wconf 87' lang='lat' dir='ltr'><strong>in</strong></span> <span class='ocrx_word' id='word_1_1161' title='bbox 2014 4780 2238 4833; x_wconf 90' lang='lat' dir='ltr'><strong>persona</strong></span> <span class='ocrx_word' id='word_1_1162' title='bbox 2274 4763 2478 4819; x_wconf 84' lang='lat' dir='ltr'><strong>Domini</strong></span> <span class='ocrx_word' id='word_1_1163' title='bbox 2515 4763 2789 4837; x_wconf 83' lang='lat' dir='ltr'><strong>_loquentis</strong></span> <span class='ocrx_word' id='word_1_1164' title='bbox 2832 4765 3025 4832; x_wconf 81' lang='lat' dir='ltr'><strong>pepulo</strong></span> <span class='ocrx_word' id='word_1_1165' title='bbox 3060 4781 3176 4827; x_wconf 89' lang='lat' dir='ltr'><strong>suo,</strong></span> <span class='ocrx_word' id='word_1_1166' title='bbox 3215 4776 3270 4820; x_wconf 93' lang='lat' dir='ltr'><strong>et</strong></span> <span class='ocrx_word' id='word_1_1167' title='bbox 3299 4763 3497 4837; x_wconf 82' lang='lat' dir='ltr'><strong>populo</strong></span> 
     </span>
    </p>
   </div>
   <div class='ocr_carea' id='block_1_144' title="bbox 1932 4835 3497 4903">
    <p class='ocr_par' dir='ltr' id='par_1_144' title="bbox 1932 4835 3497 4903">
     <span class='ocr_line' id='line_1_145' title="bbox 1932 4835 3497 4903; baseline 0.004 -15"><span class='ocrx_word' id='word_1_1168' title='bbox 1932 4850 2038 4888; x_wconf 90' lang='lat' dir='ltr'><strong>non</strong></span> <span class='ocrx_word' id='word_1_1169' title='bbox 2067 4849 2199 4899; x_wconf 87' lang='lat' dir='ltr'><strong>suo;</strong></span> <span class='ocrx_word' id='word_1_1170' title='bbox 2233 4838 2317 4888; x_wconf 87' lang='lat' dir='ltr'><strong>hic</strong></span> <span class='ocrx_word' id='word_1_1171' title='bbox 2346 4850 2471 4889; x_wconf 90' lang='lat' dir='ltr'><strong>vero</strong></span> <span class='ocrx_word' id='word_1_1172' title='bbox 2496 4835 2627 4889; x_wconf 81' lang='lat' dir='ltr'><strong>dicit</strong></span> <span class='ocrx_word' id='word_1_1173' title='bbox 2657 4838 2708 4888; x_wconf 88' lang='lat' dir='ltr'><strong>in</strong></span> <span class='ocrx_word' id='word_1_1174' title='bbox 2732 4850 2958 4903; x_wconf 88' lang='lat' dir='ltr'><strong>persona</strong></span> <span class='ocrx_word' id='word_1_1175' title='bbox 2988 4849 3083 4889; x_wconf 86' lang='lat' dir='ltr'><strong>sua</strong></span> <span class='ocrx_word' id='word_1_1176' title='bbox 3111 4878 3126 4900; x_wconf 91' lang='lat'><strong>,</strong></span> <span class='ocrx_word' id='word_1_1177' title='bbox 3158 4835 3497 4895; x_wconf 77' lang='lat' dir='ltr'><strong>admonendo</strong></span> 
     </span>
    </p>
   </div>
   <div class='ocr_carea' id='block_1_145' title="bbox 1932 4904 3499 4973">
    <p class='ocr_par' dir='ltr' id='par_1_145' title="bbox 1932 4904 3499 4973">
     <span class='ocr_line' id='line_1_146' title="bbox 1932 4904 3499 4973; baseline 0.005 -16"><span class='ocrx_word' id='word_1_1178' title='bbox 1932 4915 2174 4973; x_wconf 88' lang='lat' dir='ltr'><strong>posteros</strong></span> <span class='ocrx_word' id='word_1_1179' title='bbox 2218 4916 2271 4959; x_wconf 89' lang='lat' dir='ltr'><strong>et</strong></span> <span class='ocrx_word' id='word_1_1180' title='bbox 2318 4906 2450 4959; x_wconf 83' lang='lat' dir='ltr'><strong>alios</strong></span> <span class='ocrx_word' id='word_1_1181' title='bbox 2479 4914 2777 4959; x_wconf 81' lang='lat' dir='ltr'><strong>consartes.</strong></span> <span class='ocrx_word' id='word_1_1182' title='bbox 2816 4905 2975 4972; x_wconf 88' lang='lat' dir='ltr'><strong>Quasi</strong></span> <span class='ocrx_word' id='word_1_1183' title='bbox 3015 4904 3158 4960; x_wconf 85' lang='lat' dir='ltr'><strong>dicat</strong></span> <span class='ocrx_word' id='word_1_1184' title='bbox 3189 4924 3202 4960; x_wconf 92' lang='lat'>:</span> <span class='ocrx_word' id='word_1_1185' title='bbox 3230 4909 3364 4973; x_wconf 86' lang='lat' dir='ltr'><strong>Quia</strong></span> <span class='ocrx_word' id='word_1_1186' title='bbox 3394 4909 3499 4965; x_wconf 91' lang='lat' dir='ltr'><strong>Do-</strong></span> 
     </span>
    </p>
   </div>
   <div class='ocr_carea' id='block_1_146' title="bbox 1930 4976 3499 5047">
    <p class='ocr_par' dir='ltr' id='par_1_146' title="bbox 1930 4976 3499 5047">
     <span class='ocr_line' id='line_1_147' title="bbox 1930 4976 3499 5047; baseline 0.003 -18"><span class='ocrx_word' id='word_1_1187' title='bbox 1930 4977 2105 5029; x_wconf 87' lang='lat' dir='ltr'><strong>minus</strong></span> <span class='ocrx_word' id='word_1_1188' title='bbox 2145 4976 2268 5029; x_wconf 88' lang='lat' dir='ltr'><strong>talia</strong></span> <span class='ocrx_word' id='word_1_1189' title='bbox 2315 4976 2446 5030; x_wconf 91' lang='lat' dir='ltr'><strong>dicit</strong></span> <span class='ocrx_word' id='word_1_1190' title='bbox 2477 4980 2673 5047; x_wconf 88' lang='lat' dir='ltr'><strong>populo</strong></span> <span class='ocrx_word' id='word_1_1191' title='bbox 2710 4989 2849 5041; x_wconf 90' lang='lat' dir='ltr'><strong>suo,</strong></span> <span class='ocrx_word' id='word_1_1192' title='bbox 2892 4984 2946 5029; x_wconf 92' lang='lat' dir='ltr'><strong>et</strong></span> <span class='ocrx_word' id='word_1_1193' title='bbox 2993 4978 3117 5029; x_wconf 85' lang='lat' dir='ltr'><strong>talia</strong></span> <span class='ocrx_word' id='word_1_1194' title='bbox 3168 4981 3364 5047; x_wconf 89' lang='lat' dir='ltr'><strong>populo</strong></span> <span class='ocrx_word' id='word_1_1195' title='bbox 3391 4995 3499 5033; x_wconf 85' lang='lat' dir='ltr'><strong>non</strong></span> 
     </span>
    </p>
   </div>
   <div class='ocr_carea' id='block_1_147' title="bbox 1931 5045 3498 5118">
    <p class='ocr_par' dir='ltr' id='par_1_147' title="bbox 1931 5045 3498 5118">
     <span class='ocr_line' id='line_1_148' title="bbox 1931 5045 3498 5118; baseline 0.004 -21"><span class='ocrx_word' id='word_1_1196' title='bbox 1931 5058 2062 5118; x_wconf 87' lang='lat' dir='ltr'><strong>suo;</strong></span> <span class='ocrx_word' id='word_1_1197' title='bbox 2107 5060 2236 5118; x_wconf 82' lang='lat' dir='ltr'><strong>ergo</strong></span> <span class='ocrx_word' id='word_1_1198' title='bbox 2265 5060 2365 5118; x_wconf 77' lang='lat' dir='ltr'><strong>vos</strong></span> <span class='ocrx_word' id='word_1_1199' title='bbox 2401 5045 2488 5115; x_wconf 87' lang='lat' dir='ltr'><strong>qui</strong></span> <span class='ocrx_word' id='word_1_1200' title='bbox 2528 5046 2701 5099; x_wconf 83' lang='lat' dir='ltr'><strong>adhuc</strong></span> <span class='ocrx_word' id='word_1_1201' title='bbox 2746 5046 3101 5100; x_wconf 80' lang='lat' dir='ltr'><strong>obliviscimini</strong></span> <span class='ocrx_word' id='word_1_1202' title='bbox 3142 5045 3305 5102; x_wconf 72' lang='lat' dir='ltr'><strong>[leum</strong></span> <span class='ocrx_word' id='word_1_1203' title='bbox 3333 5059 3453 5105; x_wconf 84' lang='lat' dir='ltr'><strong>actu</strong></span> <span class='ocrx_word' id='word_1_1204' title='bbox 3479 5091 3498 5118; x_wconf 93' lang='lat'><strong>,</strong></span> 
     </span>
    </p>
   </div>
   <div class='ocr_carea' id='block_1_148' title="bbox 1931 5115 3496 5183">
    <p class='ocr_par' dir='ltr' id='par_1_148' title="bbox 1931 5115 3496 5183">
     <span class='ocr_line' id='line_1_149' title="bbox 1931 5115 3496 5183; baseline 0.003 -14"><span class='ocrx_word' id='word_1_1205' title='bbox 1931 5115 2092 5169; x_wconf 82' lang='lat' dir='ltr'><strong>vitam</strong></span> <span class='ocrx_word' id='word_1_1206' title='bbox 2123 5117 2259 5169; x_wconf 90' lang='lat' dir='ltr'><strong>male</strong></span> <span class='ocrx_word' id='word_1_1207' title='bbox 2290 5115 2520 5183; x_wconf 89' lang='lat' dir='ltr'><strong>priorem</strong></span> <span class='ocrx_word' id='word_1_1208' title='bbox 2560 5132 2663 5170; x_wconf 92' lang='lat' dir='ltr'><strong>non</strong></span> <span class='ocrx_word' id='word_1_1209' title='bbox 2707 5118 3063 5181; x_wconf 85' lang='lat' dir='ltr'><strong>attendentes,</strong></span> <span class='ocrx_word' id='word_1_1210' title='bbox 3115 5128 3171 5173; x_wconf 89' lang='lat' dir='ltr'><strong>et</strong></span> <span class='ocrx_word' id='word_1_1211' title='bbox 3211 5120 3341 5174; x_wconf 90' lang='lat' dir='ltr'><strong>nihil</strong></span> <span class='ocrx_word' id='word_1_1212' title='bbox 3368 5115 3496 5174; x_wconf 77' lang='lat' dir='ltr'><strong>boni</strong></span> 
     </span>
    </p>
   </div>
   <div class='ocr_carea' id='block_1_149' title="bbox 1931 5186 3496 5258">
    <p class='ocr_par' dir='ltr' id='par_1_149' title="bbox 1931 5186 3496 5258">
     <span class='ocr_line' id='line_1_150' title="bbox 1931 5186 3496 5258; baseline 0.003 -20"><span class='ocrx_word' id='word_1_1213' title='bbox 1931 5196 2149 5253; x_wconf 87' lang='lat' dir='ltr'><strong>agentes</strong></span> <span class='ocrx_word' id='word_1_1214' title='bbox 2175 5225 2190 5250; x_wconf 91' lang='lat'><strong>,</strong></span> <span class='ocrx_word' id='word_1_1215' title='bbox 2218 5186 2485 5258; x_wconf 82' lang='lat' dir='ltr'><strong>intelligite</strong></span> <span class='ocrx_word' id='word_1_1216' title='bbox 2503 5196 2549 5239; x_wconf 90' lang='lat' dir='ltr'><strong>et</strong></span> <span class='ocrx_word' id='word_1_1217' title='bbox 2574 5192 2678 5240; x_wconf 83' lang='lat' dir='ltr'><strong>Iuec</strong></span> <span class='ocrx_word' id='word_1_1218' title='bbox 2706 5202 2825 5255; x_wconf 72' lang='lat' dir='ltr'><strong>qua:</strong></span> <span class='ocrx_word' id='word_1_1219' title='bbox 2858 5189 3116 5242; x_wconf 82' lang='lat' dir='ltr'><strong>Dominus</strong></span> <span class='ocrx_word' id='word_1_1220' title='bbox 3140 5189 3270 5243; x_wconf 89' lang='lat' dir='ltr'><strong>dicit</strong></span> <span class='ocrx_word' id='word_1_1221' title='bbox 3299 5193 3496 5258; x_wconf 88' lang='lat' dir='ltr'><strong>populo</strong></span> 
     </span>
    </p>
   </div>
   <div class='ocr_carea' id='block_1_150' title="bbox 1932 5256 3497 5326">
    <p class='ocr_par' dir='ltr' id='par_1_150' title="bbox 1932 5256 3497 5326">
     <span class='ocr_line' id='line_1_151' title="bbox 1932 5256 3497 5326; baseline 0.004 -19"><span class='ocrx_word' id='word_1_1222' title='bbox 1932 5272 2069 5319; x_wconf 81' lang='lat' dir='ltr'><strong>suo,</strong></span> <span class='ocrx_word' id='word_1_1223' title='bbox 2118 5267 2169 5308; x_wconf 91' lang='lat' dir='ltr'><strong>et</strong></span> <span class='ocrx_word' id='word_1_1224' title='bbox 2216 5273 2335 5324; x_wconf 71' lang='lat' dir='ltr'><strong>quae</strong></span> <span class='ocrx_word' id='word_1_1225' title='bbox 2386 5256 2513 5311; x_wconf 88' lang='lat' dir='ltr'><strong>dicit</strong></span> <span class='ocrx_word' id='word_1_1226' title='bbox 2551 5261 2745 5326; x_wconf 89' lang='lat' dir='ltr'><strong>populo</strong></span> <span class='ocrx_word' id='word_1_1227' title='bbox 2799 5273 2907 5312; x_wconf 90' lang='lat' dir='ltr'><strong>non</strong></span> <span class='ocrx_word' id='word_1_1228' title='bbox 2963 5274 3103 5321; x_wconf 89' lang='lat' dir='ltr'><strong>suo,</strong></span> <span class='ocrx_word' id='word_1_1229' title='bbox 3151 5256 3396 5323; x_wconf 67' lang='lat' dir='ltr'><strong>scilicet,</strong></span> <span class='ocrx_word' id='word_1_1230' title='bbox 3438 5268 3497 5313; x_wconf 89' lang='lat' dir='ltr'><strong>ut</strong></span> 
     </span>
    </p>
   </div>
   <div class='ocr_carea' id='block_1_151' title="bbox 1933 5326 3495 5383">
    <p class='ocr_par' dir='ltr' id='par_1_151' title="bbox 1933 5326 3495 5383">
     <span class='ocr_line' id='line_1_152' title="bbox 1933 5326 3495 5383; baseline 0.003 -4"><span class='ocrx_word' id='word_1_1231' title='bbox 1933 5326 2073 5379; x_wconf 89' lang='lat' dir='ltr'><strong>male</strong></span> <span class='ocrx_word' id='word_1_1232' title='bbox 2099 5338 2393 5380; x_wconf 84' lang='lat' dir='ltr'><strong>anteactam</strong></span> <span class='ocrx_word' id='word_1_1233' title='bbox 2426 5330 2582 5379; x_wconf 90' lang='lat' dir='ltr'><strong>vitam</strong></span> <span class='ocrx_word' id='word_1_1234' title='bbox 2622 5333 2671 5380; x_wconf 82' lang='lat' dir='ltr'><strong>in</strong></span> <span class='ocrx_word' id='word_1_1235' title='bbox 2698 5330 3049 5383; x_wconf 87' lang='lat' dir='ltr'><strong>amaritudine</strong></span> <span class='ocrx_word' id='word_1_1236' title='bbox 3077 5330 3271 5383; x_wconf 69' lang='lat' dir='ltr'><strong>animae</strong></span> <span class='ocrx_word' id='word_1_1237' title='bbox 3297 5340 3495 5383; x_wconf 68' lang='lat' dir='ltr'><strong>nostrae</strong></span> 
     </span>
    </p>
   </div>
   <div class='ocr_carea' id='block_1_152' title="bbox 1932 5396 3497 5467">
    <p class='ocr_par' dir='ltr' id='par_1_152' title="bbox 1932 5396 3497 5467">
     <span class='ocr_line' id='line_1_153' title="bbox 1932 5396 3497 5467; baseline 0.004 -20"><span class='ocrx_word' id='word_1_1238' title='bbox 1932 5398 2269 5451; x_wconf 87' lang='lat' dir='ltr'><strong>attendentes</strong></span> <span class='ocrx_word' id='word_1_1239' title='bbox 2317 5398 2529 5466; x_wconf 86' lang='lat' dir='ltr'><strong>possitis</strong></span> <span class='ocrx_word' id='word_1_1240' title='bbox 2570 5396 2729 5465; x_wconf 85' lang='lat' dir='ltr'><strong>digne</strong></span> <span class='ocrx_word' id='word_1_1241' title='bbox 2761 5400 2869 5453; x_wconf 84' lang='lat' dir='ltr'><strong>Deo</strong></span> <span class='ocrx_word' id='word_1_1242' title='bbox 2918 5400 3097 5453; x_wconf 82' lang='lat' dir='ltr'><strong>dicere</strong></span> <span class='ocrx_word' id='word_1_1243' title='bbox 3136 5416 3149 5450; x_wconf 91' lang='lat'><strong>:</strong></span> <span class='ocrx_word' id='word_1_1244' title='bbox 3184 5397 3497 5467; x_wconf 70' lang='lat' dir='ltr'><strong>ﬁecogt&#39;tabo</strong></span> 
     </span>
    </p>
   </div>
   <div class='ocr_carea' id='block_1_153' title="bbox 1934 5466 3499 5539">
    <p class='ocr_par' dir='ltr' id='par_1_153' title="bbox 1934 5466 3499 5539">
     <span class='ocr_line' id='line_1_154' title="bbox 1934 5466 3499 5539; baseline 0.004 -22"><span class='ocrx_word' id='word_1_1245' title='bbox 1934 5466 2019 5518; x_wconf 84' lang='lat' dir='ltr'><strong>ttln</strong></span> <span class='ocrx_word' id='word_1_1246' title='bbox 2044 5482 2215 5520; x_wconf 82' lang='lat' dir='ltr'><strong>omnes</strong></span> <span class='ocrx_word' id='word_1_1247' title='bbox 2238 5480 2381 5520; x_wconf 88' lang='lat' dir='ltr'><strong>actus</strong></span> <span class='ocrx_word' id='word_1_1248' title='bbox 2408 5483 2563 5533; x_wconf 83' lang='lat' dir='ltr'><strong>meos,</strong></span> <span class='ocrx_word' id='word_1_1249' title='bbox 2592 5478 2645 5521; x_wconf 89' lang='lat' dir='ltr'><strong>et</strong></span> <span class='ocrx_word' id='word_1_1250' title='bbox 2668 5468 2888 5537; x_wconf 91' lang='lat' dir='ltr'><strong>reliqua.</strong></span> <span class='ocrx_word' id='word_1_1251' title='bbox 2919 5467 3221 5539; x_wconf 75' lang='lat' dir='ltr'><strong>Intelligite,</strong></span> <span class='ocrx_word' id='word_1_1252' title='bbox 3254 5466 3499 5539; x_wconf 82' lang='lat' dir='ltr'><strong>inquam,</strong></span> 
     </span>
    </p>
   </div>
   <div class='ocr_carea' id='block_1_154' title="bbox 1935 5537 3499 5609">
    <p class='ocr_par' dir='ltr' id='par_1_154' title="bbox 1935 5537 3499 5609">
     <span class='ocr_line' id='line_1_155' title="bbox 1935 5537 3499 5609; baseline 0.003 -21"><span class='ocrx_word' id='word_1_1253' title='bbox 1935 5549 2077 5609; x_wconf 84' lang='lat' dir='ltr'><strong>nunc</strong></span> <span class='ocrx_word' id='word_1_1254' title='bbox 2103 5551 2221 5609; x_wconf 86' lang='lat' dir='ltr'><strong>cum</strong></span> <span class='ocrx_word' id='word_1_1255' title='bbox 2259 5548 2466 5606; x_wconf 80' lang='lat' dir='ltr'><strong>tempus</strong></span> <span class='ocrx_word' id='word_1_1256' title='bbox 2490 5548 2607 5604; x_wconf 85' lang='lat' dir='ltr'><strong>est,</strong></span> <span class='ocrx_word' id='word_1_1257' title='bbox 2637 5549 2698 5591; x_wconf 85' lang='lat' dir='ltr'><strong>ne</strong></span> <span class='ocrx_word' id='word_1_1258' title='bbox 2726 5541 2769 5592; x_wconf 91' lang='lat' dir='ltr'><strong>si</strong></span> <span class='ocrx_word' id='word_1_1259' title='bbox 2793 5554 2897 5592; x_wconf 88' lang='lat' dir='ltr'><strong>non</strong></span> <span class='ocrx_word' id='word_1_1260' title='bbox 2931 5537 3308 5593; x_wconf 77' lang='lat' dir='ltr'><strong>intellexeritis</strong></span> <span class='ocrx_word' id='word_1_1261' title='bbox 3328 5537 3499 5609; x_wconf 55' lang='lat' dir='ltr'><strong>quan;</strong></span> 
     </span>
    </p>
   </div>
   <div class='ocr_carea' id='block_1_155' title="bbox 1934 5606 3502 5677">
    <p class='ocr_par' dir='ltr' id='par_1_155' title="bbox 1934 5606 3502 5677">
     <span class='ocr_line' id='line_1_156' title="bbox 1934 5606 3502 5677; baseline 0.004 -19"><span class='ocrx_word' id='word_1_1262' title='bbox 1934 5606 2003 5659; x_wconf 87' lang='lat' dir='ltr'><strong>do</strong></span> <span class='ocrx_word' id='word_1_1263' title='bbox 2023 5610 2142 5675; x_wconf 92' lang='lat' dir='ltr'><strong>(pro</strong></span> <span class='ocrx_word' id='word_1_1264' title='bbox 2167 5608 2473 5676; x_wconf 84' lang='lat' dir='ltr'><strong>aliquando)</strong></span> <span class='ocrx_word' id='word_1_1265' title='bbox 2501 5609 2667 5677; x_wconf 80' lang='lat' dir='ltr'><strong>rapiat</strong></span> <span class='ocrx_word' id='word_1_1266' title='bbox 2688 5624 2789 5663; x_wconf 82' lang='lat' dir='ltr'><strong>nos</strong></span> <span class='ocrx_word' id='word_1_1267' title='bbox 2818 5619 2874 5662; x_wconf 85' lang='lat' dir='ltr'><strong>ut</strong></span> <span class='ocrx_word' id='word_1_1268' title='bbox 2903 5619 3109 5675; x_wconf 87' lang='lat' dir='ltr'><strong>potens,</strong></span> <span class='ocrx_word' id='word_1_1269' title='bbox 3146 5619 3200 5663; x_wconf 89' lang='lat' dir='ltr'><strong>et</strong></span> <span class='ocrx_word' id='word_1_1270' title='bbox 3224 5612 3310 5664; x_wconf 89' lang='lat' dir='ltr'><strong>cui</strong></span> <span class='ocrx_word' id='word_1_1271' title='bbox 3338 5606 3502 5664; x_wconf 75' lang='lat' dir='ltr'><strong>uento</strong></span> 
     </span>
    </p>
   </div>
   <div class='ocr_carea' id='block_1_156' title="bbox 1936 5680 3502 5751">
    <p class='ocr_par' dir='ltr' id='par_1_156' title="bbox 1936 5680 3502 5751">
     <span class='ocr_line' id='line_1_157' title="bbox 1936 5680 3502 5751; baseline 0.003 -20"><span class='ocrx_word' id='word_1_1272' title='bbox 1936 5688 2111 5745; x_wconf 75' lang='lat' dir='ltr'><strong>potest</strong></span> <span class='ocrx_word' id='word_1_1273' title='bbox 2135 5680 2536 5751; x_wconf 80' lang='lat' dir='ltr'><strong>coiitradicere;</strong></span> <span class='ocrx_word' id='word_1_1274' title='bbox 2578 5687 2627 5731; x_wconf 86' lang='lat' dir='ltr'><strong>et</strong></span> <span class='ocrx_word' id='word_1_1275' title='bbox 2660 5692 2793 5751; x_wconf 88' lang='lat' dir='ltr'><strong>_tuuc</strong></span> <span class='ocrx_word' id='word_1_1276' title='bbox 2837 5692 2939 5751; x_wconf 80' lang='lat' dir='ltr'><strong>non</strong></span> <span class='ocrx_word' id='word_1_1277' title='bbox 2972 5680 3036 5732; x_wconf 87' lang='lat' dir='ltr'><strong>sit</strong></span> <span class='ocrx_word' id='word_1_1278' title='bbox 3081 5680 3275 5748; x_wconf 83' lang='lat' dir='ltr'><strong>aliquis</strong></span> <span class='ocrx_word' id='word_1_1279' title='bbox 3314 5683 3398 5751; x_wconf 82' lang='lat' dir='ltr'><strong>qui</strong></span> <span class='ocrx_word' id='word_1_1280' title='bbox 3430 5683 3502 5735; x_wconf 79' lang='lat' dir='ltr'><strong>de</strong></span> 
     </span>
    </p>
   </div>
   <div class='ocr_carea' id='block_1_157' title="bbox 1936 5747 3255 5819">
    <p class='ocr_par' dir='ltr' id='par_1_157' title="bbox 1936 5747 3255 5819">
     <span class='ocr_line' id='line_1_158' title="bbox 1936 5747 3255 5819; baseline 0.001 -17"><span class='ocrx_word' id='word_1_1281' title='bbox 1936 5762 2093 5819; x_wconf 85' lang='lat' dir='ltr'><strong>manu</strong></span> <span class='ocrx_word' id='word_1_1282' title='bbox 2121 5747 2239 5814; x_wconf 85' lang='lat' dir='ltr'><strong>ejus</strong></span> <span class='ocrx_word' id='word_1_1283' title='bbox 2265 5764 2359 5804; x_wconf 77' lang='lat' dir='ltr'><strong>vos</strong></span> <span class='ocrx_word' id='word_1_1284' title='bbox 2384 5751 2588 5819; x_wconf 86' lang='lat' dir='ltr'><strong>eripiat,</strong></span> <span class='ocrx_word' id='word_1_1285' title='bbox 2623 5749 2675 5804; x_wconf 89' lang='lat' dir='ltr'><strong>id</strong></span> <span class='ocrx_word' id='word_1_1286' title='bbox 2703 5759 2806 5811; x_wconf 86' lang='lat' dir='ltr'><strong>est,</strong></span> <span class='ocrx_word' id='word_1_1287' title='bbox 2835 5749 3045 5815; x_wconf 84' lang='lat' dir='ltr'><strong>eripere</strong></span> <span class='ocrx_word' id='word_1_1288' title='bbox 3069 5747 3255 5817; x_wconf 73' lang='lat' dir='ltr'><strong>possit.</strong></span> 
     </span>
    </p>
   </div>
   <div class='ocr_carea' id='block_1_158' title="bbox 2011 5818 3500 5892">
    <p class='ocr_par' dir='ltr' id='par_1_158' title="bbox 2011 5818 3500 5892">
     <span class='ocr_line' id='line_1_159' title="bbox 2011 5818 3500 5892; baseline 0.002 -19"><span class='ocrx_word' id='word_1_1289' title='bbox 2011 5818 2331 5886; x_wconf 79' lang='lat' dir='ltr'><strong>Sacriﬁcium</strong></span> <span class='ocrx_word' id='word_1_1290' title='bbox 2352 5818 2520 5875; x_wconf 78' lang='lat' dir='ltr'><strong>laudis</strong></span> <span class='ocrx_word' id='word_1_1291' title='bbox 2539 5820 2895 5892; x_wconf 71' lang='lat' dir='ltr'><strong>honoriﬁcabit</strong></span> <span class='ocrx_word' id='word_1_1292' title='bbox 2920 5835 3017 5883; x_wconf 77' lang='lat' dir='ltr'><strong>me,</strong></span> <span class='ocrx_word' id='word_1_1293' title='bbox 3045 5831 3092 5875; x_wconf 88' lang='lat' dir='ltr'><strong>et</strong></span> <span class='ocrx_word' id='word_1_1294' title='bbox 3113 5822 3219 5877; x_wconf 77' lang='lat' dir='ltr'><strong>illic</strong></span> <span class='ocrx_word' id='word_1_1295' title='bbox 3247 5822 3341 5877; x_wconf 79' lang='lat' dir='ltr'><strong>iter</strong></span> <span class='ocrx_word' id='word_1_1296' title='bbox 3364 5825 3500 5892; x_wconf 76' lang='lat' dir='ltr'><strong>quod</strong></span> 
     </span>
    </p>
   </div>
   <div class='ocr_carea' id='block_1_159' title="bbox 2947 5908 3028 5971">
    <p class='ocr_par' dir='ltr' id='par_1_159' title="bbox 2947 5908 3028 5971">
     <span class='ocr_line' id='line_1_160' title="bbox 2947 5908 3028 5971; baseline -0.025 0"><span class='ocrx_word' id='word_1_1297' title='bbox 2947 5908 3028 5971; x_wconf 64' lang='lat' dir='ltr'><strong>2’s</strong></span> 
     </span>
    </p>
   </div>
  </div>
