3922 6190
194 335 302 390 753

947 335 1008 380 IN
1050 327 1468 385 PSALHORUM
1516 325 1772 382 LIBRUM
1817 325 2173 384 EXEGESIS.
2215 353 2283 366 —
2325 323 2569 382 PSALM‘.
2617 327 2700 382 Ll.

3351 329 3454 387 753

202 446 358 499 Ιιιιιιοιι
403 438 543 508 quod
577 434 936 508 paenitentiam
975 445 1040 508 et
1069 438 1459 508 confess'onem
1495 437 1640 500 facit,
1671 437 1763 490 sed
1796 437 1842 495 Α
1869 435 2213 508 acceptabile,
2247 437 2368 508 quia
2412 437 2512 508 erit
2559 435 2792 508 quando
2831 448 3038 492 taurum
3068 448 3120 494 et
3151 441 3356 494 ltircirn
3377 456 3446 508 Vni

203 531 294 582 per
324 507 574 580 Spiritum
610 509 719 571 Dei,
765 507 846 582 cui
878 507 1079 582 scelera
1131 507 1543 582 t-timmnnditia
1583 508 1770 582 displi-

199 575 568 645 centfslcnte
598 589 779 632 contra
823 575 1098 630 immundo
1142 577 1345 643 spiritui
1397 579 1621 643 placem.
1656 577 1770 632 Non

206 663 381 712 potest
405 667 529 718 ergo
561 647 890 718 negariquin
939 646 1126 718 David,
1160 661 1278 700 cum
1326 647 1432 712 jam
1465 648 1769 718 pinnitcret,

202 716 724 790 Spiritum—sanctum
750 717 990 790 haberet.
1021 717 1089 790 Et
1102 731 1210 790 pro
1242 716 1565 790 hliC‘Spll‘illl
1601 727 1770 790 rogat,

207 785 276 847 ne
301 793 398 844 sibi
436 793 570 844 Dens
598 805 715 840 eum
742 788 972 848 auferat,
998 787 1224 854 scilicet,
1255 799 1323 841 ne
1348 785 1484 840 forte
1505 799 1534 838 a
1565 800 1627 840 co
1652 786 1775 840 nfes-

204 866 358 919 sione
386 872 440 914 et
465 859 769 928 paenitentia
800 858 1039 928 desistat.

285 923 602 986 Redde-milii
627 928 853 981 (rutilium
881 926 1124 980 salutaris
1154 926 1246 989 tui,
1278 933 1327 978 et
1355 923 1551 995 Spiritu
1579 925 1773 994 princi-

206 1003 317 1072 pali
345 1002 591 1068 con/irino
617 1014 713 1052 me.
739 999 852 1072 l‘lon
883 1000 1105 1072 auferas,
1132 996 1365 1072 inquam,
1396 1013 1424 1047 a
1441 1010 1523 1072 me
1541 997 1776 1072 spiritum

207 1065 375 1132 iitum.
407 1065 482 1138 ci,
524 1085 627 1123 non
664 1067 955 1138 auferendo,
979 1067 1156 1129 illum,
1195 1066 1351 1120 redde
1384 1065 1510 1118 mihi
1549 1066 1777 1138 lwtitiam

205 1136 476 1196 salutaris
505 1141 602 1201 tui,
650 1152 806 1203 quam
857 1136 1089 1189 laatitiam
1143 1150 1234 1201 per
1275 1145 1550 1202 peccatum
1599 1137 1774 1198 amisi,

207 1214 334 1282 quia
369 1227 472 1264 non
501 1211 613 1264 scio
638 1222 757 1282 esse
788 1205 1432 1282 lwtandu_m_de_adventtt
1456 1207 1572 1282 eius
1593 1208 1775 1282 alicui,

213 1275 319 1336 nisi
346 1284 432 1349 qui
463 1297 521 1334 se
544 1278 952 1349 conformaverit
976 1277 1058 1349 ei_._
1083 1276 1147 1349 Et
1180 1275 1319 1328 illam
1352 1277 1509 1349 talem
1552 1275 1779 1349 laetitiam

211 1367 310 1422 per
336 1345 763 1422 Spiritum__tnum
790 1346 1116 1422 reddemihi,
1143 1345 1508 1422 e1e_a_re.ldita
1532 1346 1780 1422 confirma

209 1415 314 1483 ine,
347 1415 411 1476 ne
455 1419 680 1484 amplius
710 1433 825 1470 eam
856 1417 1126 1478 amittam,
1160 1415 1358 1480 Spiritu
1391 1416 1680 1483 principali,
1728 1416 1779 1470 id

213 1503 300 1547 est
331 1492 527 1558 Spiritu
555 1497 762 1552 sancto,
793 1488 878 1555 qui
913 1486 1032 1558 ideo
1062 1485 1258 1558 dicitur
1287 1485 1614 1558 principalis,
1658 1486 1778 1555 quia

209 1554 466 1632 quidquid
493 1559 613 1632 boni
639 1568 721 1612 est
745 1554 928 1632 uoStro
957 1556 1165 1632 spiritui
1195 1554 1261 1632 ab
1289 1555 1376 1632 illo
1405 1555 1658 1622 procedit.

293 1625 487 1685 Docebo
509 1630 706 1698 iniquos
728 1627 836 1679 vias
862 1638 997 1698 tuas,
1019 1635 1062 1677 rt
1085 1625 1228 1693 impii
1253 1625 1320 1698 ad
1344 1633 1390 1675 te
1407 1635 1666 1678 converten
1677 1632 1778 1678 tur.

211 1701 480 1766 Confirma
505 1696 601 1762 me,
634 1701 880 1763 inquam,
913 1696 1034 1763 quia
1065 1710 1162 1764 ego
1192 1697 1536 1766 conﬁrmatus
1559 1711 1661 1766 non
1688 1708 1781 1748 ero

1872 517 2060 585 caetera
2113 506 2234 559 talia
2293 505 2598 576 despicies,
2657 506 2796 560 istud
2844 523 2970 563 vero
3020 524 3289 578 nunquam
3353 507 3442 561 de-

1873 589 2055 642 ptctes.

1944 642 2172 714 Benigne
2206 648 2308 713 fac,
2356 645 2589 708 Domine,
2626 647 2678 699 in
2704 646 2832 701 bona
2872 648 3132 702 voluntate
3161 657 3250 702 tua
3290 648 3445 704 Sion.

1875 711 1942 788 Ut
1970 711 2093 788 talia
2121 711 2378 788 sacriﬁcia
2412 716 2502 768 tibi
2532 716 2821 788 oll'erantur
2843 758 2878 788 ,γ
2906 718 3027 770 ideo
3048 762 3060 781 ,
3098 718 3334 782 Domine,
3363 721 3446 788 [ac

1875 785 2086 854 benigne
2117 784 2268 851 Sion,
2298 785 2345 838 id
2378 795 2477 845 est,
2509 787 2658 840 tltille
2683 787 2933 841 Ecclesiae
2963 797 3065 842 tum
3090 784 3448 852 διιΙνίιιοιίιίιι-,

1875 869 2032 923 quem
2078 869 2137 908 es
2177 855 2254 908 eis
2299 855 2576 909 missurus.
2609 856 2738 923 Qua:
2778 857 3011 911 Ecclesia
3061 859 3188 913 Sion
3231 859 3450 922 dicitur,

1875 925 1996 990 quia
2027 940 2136 997 per,
2160 923 2288 978 Sion
2333 940 2537 997 omnes
2564 926 2638 978 illi
2688 927 3054 997 signiﬁcantur
3101 929 3189 995 qui
3238 937 3360 981 sunt
3395 929 3446 980 iu

1878 995 2265 1064 speculatione,
2300 1003 2352 1047 et
2399 995 2484 1060 qui
2527 995 2576 1047 in
2610 995 2858 1064 pnes-emi
2890 1008 3092 1050 tantum
3121 999 3301 1050 volunt
3333 1011 3454 1050 csse

1879 1063 1932 1116 in
1974 1079 2088 1130 spe,
2118 1077 2168 1119 et
2205 1064 2413 1118 tandem
2444 1065 2494 1118 in
2527 1063 2702 1119 reJEt
2733 1067 2832 1120 hoc
2859 1067 3018 1119 facias
3066 1082 3170 1120 non
3217 1069 3266 1119 in
3299 1068 3456 1120 meti-

1880 1132 1948 1186 tis
1986 1133 2144 1202 ejus,
2197 1135 2288 1187 sed
2343 1135 2394 1187 in
2424 1134 2553 1186 bona
2597 1143 2795 1189 tantum
2838 1138 3096 1191 voluntate
3122 1146 3227 1189 tua.
3277 1136 3456 1192 Gratia

1879 1203 2023 1258 enim
2057 1205 2220 1272 gratis
2249 1213 2330 1259 est
2361 1205 2509 1266 data,
2543 1216 2593 1258 et
2627 1205 2959 1260 aedificentur
2998 1208 3132 1260 muri
3162 1209 3458 1261 Jerusalem

1881 1273 2097 1337 l'uturtc,
2133 1274 2182 1326 id
2215 1285 2315 1335 est,
2362 1275 2685 1329 munimenta
2719 1290 2915 1330 nosmc
2947 1278 3360 1332 immortalitatis
3406 1285 3461 1329 et

1883 1344 2320 1413 incorruptionis.
2365 1344 2463 1410 Qui
2515 1347 2648 1398 tnuri
2682 1347 2839 1399 modo
2881 1348 3211 1401 a-dillcantur
3241 1349 3290 1400 in
3331 1348 3458 1400 Sion

1884 1428 1978 1482 per
1998 1412 2176 1475 lldein,
2204 1429 2375 1481 spem,
2406 1415 2745 1481 charitatetn,
2768 1427 2891 1469 tunc
2913 1430 3088 1470 autem
3117 1418 3252 1470 llrmi
3280 1425 3457 1480 erunt,

1882 1497 2004 1536 cum
2038 1485 2100 1536 ad
2132 1485 2454 1548 Jerusalem,
2489 1485 2536 1537 id
2563 1497 2662 1546 est,
2689 1492 2753 1539 ad
2780 1504 2956 1538 Vt'rmn
2985 1487 3243 1540 visionem
3279 1501 3464 1552 νεικε-

1886 1554 2114 1608 nietnus.
2160 1555 2298 1606 Nihil
2342 1554 2484 1607 cnim
2518 1556 2661 1608 aliud
2699 1557 2749 1609 hi
2785 1559 2919 1610 muri
2952 1567 3096 1618 sunt,
3132 1557 3228 1611 nisi
3277 1557 3462 1610 indeli—

1884 1625 2032 1675 ciens
2081 1625 2450 1676 immortalitas
2499 1635 2551 1677 et
2602 1627 3019 1694 impassibilitas.
3079 1627 3259 1682 Potest
3300 1627 3468 1680 etiam.

1886 1707 2073 1764 versus
2124 1694 2223 1747 iste
2254 1694 2316 1746 ad
2348 1709 2718 1764 quamcunque
2763 1697 2971 1750 ﬁdelem
3004 1699 3236 1751 animam
3281 1713 3376 1764 per
3405 1711 3464 1751 se

212 1761 475 1838 ingratus.
524 1761 761 1832 Namque
791 1761 977 1819 docebo
1019 1761 1180 1820 verbo
1227 1775 1278 1818 et
1313 1765 1557 1832 exemplo
1587 1765 1783 1846 iniquos
1819 1786 1862 1846 Β
1889 1761 2096 1846 referri,
2129 1764 2287 1846 utsic
2310 1761 2552 1846 dicatur”:
2582 1761 2946 1846 Benignejac,
2972 1767 3210 1846 Domine,
3253 1761 3462 1846 unicui-

212 1837 500 1908 quoslibet,
540 1850 594 1893 et
625 1853 719 1906 per
772 1852 857 1890 me
896 1846 949 1890 et
993 1850 1086 1902 per
1112 1848 1453 1908 successores
1483 1849 1630 1908 ιηὯε
1680 1837 1784 1908 vias

225 1904 363 1976 luas,
393 1911 442 1963 id
470 1919 571 1971 est,
596 1904 755 1976 opt-ra
781 1917 897 1970 tua;
927 1915 980 1958 et
1014 1921 1116 1959 non
1140 1905 1306 1958 solum
1331 1904 1536 1972 iniquos
1560 1906 1784 1968 docebo,

211 1982 310 2034 sed
342 1993 392 2035 et
421 1981 634 2047 impios,
668 1979 717 2032 id
746 1987 850 2041 est,
874 1976 1196 2037 idololatras,
1231 1977 1350 2047 quia
1383 1988 1679 2047 proponam
1704 1989 1789 2029 me

210 2045 516 2114 exemplum
553 2050 649 2112 eis,
684 2063 750 2101 ne
779 2049 1098 2112 desperent;
1153 2056 1206 2099 et
1247 2045 1325 2098 sic
1374 2045 1537 2112 impii,
1589 2045 1638 2098 id
1683 2053 1787 2111 est,

211 2122 336 2174 aliae
366 2122 469 2174 ilhc
494 2134 619 2173 oves
648 2120 714 2170 ad
743 2128 788 2170 te
818 2123 1030 2169 cont-ett.
1049 2126 1186 2170 ntur.

290 2191 468 2243 Libero
505 2205 584 2242 me
608 2190 671 2241 de
695 2185 1025 2256 sanguinibus
1062 2185 1220 2249 Deus,
1250 2183 1383 2237 Deus
1407 2185 1610 2256 salutis
1642 2202 1784 2241 meae.

213 2260 382 2326 Quasi
413 2261 553 2313 dicat
580 2277 592 2311 :
630 2259 694 2312 Et
725 2255 1036 2312 ut’duceam
1081 2258 1290 2326 iniquos
1319 2267 1369 2309 ει
1402 2255 1615 2324 impios,
1648 2256 1789 2321 ideo,

219 2325 382 2395 lieus,
418 2332 575 2384 libera
620 2344 699 2382 me
739 2329 802 2382 de
831 2325 1177 2395 sanguinibus,
1213 2325 1263 2378 id
1295 2335 1395 2388 est,
1438 2327 1502 2378 dc
1533 2329 1788 2395 concupi-

215 2404 442 2455 scentiis
471 2400 807 2462 carnalibus;
845 2399 939 2450 has
981 2397 1121 2448 enim
1164 2408 1414 2464 expertus
1447 2397 1642 2463 fuerat,
1669 2400 1789 2464 quia

216 2486 318 2540 per
349 2473 442 2524 ltas
472 2468 758 2535 ceciderat,
792 2479 853 2540 et,
874 2467 992 2520 ideo
1023 2468 1087 2519 ah
1123 2465 1201 2520 eis
1227 2465 1443 2540 liberari
1487 2468 1788 2540 rogatﬁl‘u,

213 2536 362 2602 dico,
394 2543 479 2609 qui
528 2554 585 2593 es
621 2541 776 2601 licus,
825 2538 976 2589 dator
1025 2550 1165 2589 vera:
1208 2536 1395 2609 salutis
1435 2551 1597 2609 mem,
1630 2537 1789 2601 illius,

215 2606 452 2673 scilicet,
484 2611 568 2662 cui
600 2609 738 2662 nulla
769 2611 1020 2674 subrepet
1042 2607 1336 2669 corru,.tio,
1363 2607 1446 2658 cui
1479 2606 1621 2658 nulla
1646 2621 1794 2660 acce-

216 2681 310 2734 det
343 2681 586 2743 delectio,
616 2680 699 2731 ubi
737 2679 858 2732 cibo
889 2692 991 2729 non
1018 2674 1313 2739 fulciatnur,
1351 2692 1522 2743 neque
1549 2691 1668 2728 esca
1703 2694 1790 2731 re-

217 2750 485 2815 ﬁciamur,
535 2751 626 2803 sed
669 2758 842 2802 tamen
887 2764 989 2800 non
1035 2746 1232 2800 erimus
1270 2756 1394 2800 tunc
1428 2746 1542 2799 sine
1573 2756 1696 2814 potu
1741 2758 1793 2801 ct

215 2823 366 2883 cibo,
397 2824 516 2887 quia
549 2821 660 2888 ipse
695 2819 834 2871 Deus
863 2819 961 2870 erit
1007 2827 1188 2870 noster
1229 2815 1461 2888 cibuset
1492 2818 1790 2888 potus,rci-

219 2889 349 2957 bus,
382 2886 607 2953 scilicet,
638 2891 902 2952 reficiens,
932 2896 983 2941 et
1010 2901 1276 2953 nunquam
1304 2887 1578 2940 deﬁciens.
1611 2886 1792 2940 Libera

215 2977 327 3025 me,
360 2962 589 3029 inquam.
625 2970 680 3014 et
705 2961 746 3011 si
781 2971 833 3010 tu
867 2973 949 3010 me
974 2958 1300 3029 liberareris,
1335 2968 1456 3010 tunc
1480 2957 1654 3029 lingua
1682 2974 1794 3012 mea

215 3027 516 3095 exsultabit,
551 3032 597 3082 id
628 3039 729 3093 est,
763 3029 1094 3082 exsultanter
1123 3027 1243 3080 aliis
1273 3027 1606 3080 annuntiabit
1634 3030 1760 3095 justi

217 3101 347 3153 tiam
378 3116 587 3154 omnem
629 3115 746 3154 esse
772 3107 931 3162 tuam,
976 3096 1171 3150 nullam
1202 3112 1394 3152 meam.
1426 3097 1585 3163 Quasi
1609 3098 1750 3150 dicat
1777 3116 1788 3150 :

217 3172 342 3224 Non
375 3185 469 3224 ero
515 3171 581 3224 de
609 3185 828 3223 numero
857 3169 1086 3230 illorum,
1118 3166 1203 3234 qui
1253 3167 1320 3220 de
1350 3168 1550 3220 meritis
1589 3182 1792 3233 praesu-

218 3249 459 3304 mentes,
489 3250 542 3294 et
570 3255 715 3293 suam
744 3238 1002 3308 justitiam
1037 3239 1554 3308 statuereivtilentes,
1577 3236 1799 3306 jtlSlilliB

220 3319 336 3363 tua:
385 3311 664 3363 noluerunt
711 3305 830 3363 εεεε
868 3305 1226 3375 suhjecti;.et
1277 3307 1394 3360 ideo
1445 3321 1550 3359 non
1583 3305 1797 3375 ’justitia

222 3381 568 3444 meritorum,
597 3381 688 3434 sed
722 3379 889 3432 solam
924 3377 1184 3447 justitiam
1216 3385 1358 3430 tuam
1403 3377 1568 3447 gratis
1603 3377 1793 3447 justiti-

220 3459 442 3505 canlem
465 3449 810 3503 annuntiabo.

302 3519 538 3583 Domine,
571 3520 703 3572 labia
745 3534 857 3573 mea
883 3517 1101 3586 aperies,
1132 3524 1181 3570 et
1221 3531 1275 3571 os
1319 3532 1484 3569 meum
1519 3521 1798 3586 annunt'n-

223 3590 299 3643 bit
328 3590 533 3643 laudent
563 3600 722 3642 tuam.
768 3584 1192 3643 Vere‘liberabis
1223 3601 1327 3652 me,
1359 3587 1478 3655 quia
1512 3594 1589 3651 tu,
1622 3584 1802 3640 Domi-

222 3677 316 3721 ne,
359 3662 554 3728 aperics
600 3658 735 3712 labia
765 3675 892 3722 meo,
926 3658 974 3711 id
1006 3669 1106 3722 est,
1153 3657 1288 3728 labia
1319 3659 1494 3728 cordis
1531 3655 1654 3720 mei,
1682 3673 1802 3728 qua:

225 3731 379 3794 prius
398 3727 577 3783 clausa
600 3739 752 3784 erant
776 3746 865 3797 per
889 3739 1183 3797 peccatum,
1212 3727 1296 3780 illa
1323 3727 1527 3795 aperies
1553 3727 1801 3797 adintel-

223 3799 537 3865 ligendutn;
565 3809 618 3852 et
647 3799 765 3854 ideo
779 3795 843 3852 Vos
868 3795 1034 3852 meum
1067 3799 1297 3851 exterius
1335 3795 1657 3849 onnuntiabit
1683 3798 1801 3850 lau-

225 3872 348 3923 dem
374 3879 533 3934 tuam,
567 3885 671 3923 non
699 3885 895 3934 meam,
944 3871 1098 3934 hanc,
1132 3867 1356 3929 Scilicet,
1389 3867 1621 3931 laudent,
1662 3867 1798 3934 quod

227 3954 259 3993 a
297 3949 352 3993 te
379 3951 591 3995 creatus
612 3955 751 4003 sum,
777 3953 1004 4009 peccans
1034 3954 1137 3991 non
1168 3937 1456 3991 derelctus
1480 3951 1619 4002 sum,
1644 3945 1802 4004 atque

228 4021 291 4062 ut
323 4012 608 4064 conliterer
655 4009 955 4063 admonitus
983 4023 1122 4072 sum,
1165 4014 1219 4061 et
1265 4015 1321 4059 ut
1365 4021 1585 4060 securus
1624 4019 1798 4060 essem

227 4079 525 4134 mundatus
569 4094 710 4133 sum.
761 4079 827 4133 Et
874 4079 974 4132 hoc
1027 4078 1174 4144 quasi
1226 4075 1418 4130 dicat:
1470 4076 1798 4131 Sacriﬁcium

228 4149 410 4203 laudis
442 4150 531 4202 tibi
575 4148 794 4204 offeram
835 4155 1060 4208 tantum,
1102 4147 1219 4201 ideo
1249 4149 1370 4215 quia
1412 4145 1552 4199 aliud
1593 4145 1802 4200 sacriﬁ-

226 4222 380 4275 cium
425 4233 528 4272 non
569 4222 647 4274 vis
677 4217 769 4272 tibi
797 4216 997 4272 offerri.
1030 4216 1158 4272 Nam
1185 4217 1231 4271 si
1273 4229 1323 4271 tu
1367 4216 1510 4270 aliud
1536 4216 1797 4282 voluisses,

226 4303 336 4358 ego
364 4290 546 4358 utique
576 4288 706 4342 illud
737 4289 1026 4358 dedissem,
1068 4287 1120 4341 id
1149 4295 1250 4358 est_,
1283 4287 1394 4355 jam
1424 4287 1645 4358 pridem,
1658 4303 1743 4358 me
1767 4303 1800 4340 a

229 4355 437 4413 talibus
462 4355 623 4412 etiam
656 4375 760 4413 non
789 4357 1186 4412 abstinuissem.
1214 4355 1316 4410 Sed
1339 4368 1420 4410 est
1442 4358 1591 4424 quasi
1618 4355 1760 4409 dicat
1783 4372 1798 4412 :

228 4431 462 4496 Quando
489 4444 592 4481 non
625 4428 722 4492 vis,
752 4429 872 4498 quia
904 4432 1135 4498 futurum
1166 4434 1248 4498 est
1273 4427 1413 4498 quod
1440 4437 1493 4479 tu
1517 4439 1621 4480 non
1651 4425 1798 4498 dele-

228 4481 468 4552 ;uberis
509 4513 612 4551 non
661 4481 834 4552 saltim
874 4497 1170 4553 minoribus
1215 4481 1468 4568 legalibus
1498 4496 1793 4568 sacriﬁciis,
1826 4481 1878 4541 D

229 4569 329 4622 sed
383 4568 544 4621 etiam
589 4569 932 4633 holocaustis,
986 4567 1179 4634 quibus
1210 4565 1464 4636 maxime,
1517 4565 1638 4636 quia
1668 4565 1796 4620 nihil

228 4639 570 4690 subtrahitur
617 4639 730 4700 tibi,
777 4638 828 4691 in
857 4638 933 4692 eis
972 4636 1222 4692 delectari
1255 4635 1468 4690 videris.
1513 4635 1798 4690 Sciendum

227 4710 361 4777 quia
394 4717 632 4776 tempore
663 4709 833 4761 sancti
874 4707 1038 4763 David
1062 4709 1242 4777 locum
1284 4707 1458 4758 adhuc
1492 4705 1804 4777 habuerunt

230 4775 428 4848 li-galia
448 4775 745 4848 sacriﬁcia,
777 4777 868 4832 sed
893 4776 1121 4831 attendit
1149 4779 1384 4848 iste‘per
1407 4775 1670 4848 Spiritum
1715 4775 1800 4827 illa

223 4844 359 4903 esse
411 4847 561 4916 signa
601 4857 654 4899 et
701 4849 1079 4914 prominentia,
1129 4855 1184 4901 et
1230 4844 1349 4900 ideo
1401 4844 1635 4898 futurum
1666 4859 1804 4916 esse

223 4917 454 4986 quando
472 4915 666 4970 tierent
697 4916 865 4986 irrita,
916 4927 970 4970 et
997 4917 1251 4970 haberent
1289 4917 1461 4970 locum
1508 4915 1803 4984 signiﬁcata

227 4985 452 5039 tantum
483 4996 638 5052 atque
669 4985 948 5053 promissa,
984 4997 1260 5054 postquam
1290 4986 1431 5039 enim
1487 4987 1681 5038 veritas
1722 4993 1809 5037 est

222 5057 442 5122 oblata,
493 5056 721 5109 cessavit
765 5057 968 5108 umbra.
1011 5054 1232 5124 Semper
1275 5063 1454 5108 tamen
1505 5055 1676 5108 locum
1710 5057 1806 5106 ha-

223 5127 473 5179 buerunt
515 5125 809 5194 signiﬁcata
858 5127 1137 5185 sacrillcia.
1186 5125 1308 5194 quia
1354 5127 1514 5179 etiam
1563 5134 1809 5178 manente

223 5197 428 5249 umbra
461 5195 570 5248 Dvo
591 5198 904 5248 exstiterunt
931 5196 1246 5261 gratissima.

308 5265 645 5330 Sacriﬁcium
678 5265 782 5317 Deo
809 5266 1017 5332 spiritus
1055 5263 1462 5332 contribulatus,
1499 5278 1586 5314 cor
1615 5274 1810 5314 contri-

225 5348 348 5388 tum
380 5346 430 5386 et
461 5335 805 5386 humiliatum.
831 5331 990 5399 Quasi
1017 5333 1204 5402 aliquis
1256 5331 1401 5386 dicat
1429 5351 1439 5384 :
1469 5332 1809 5402 Quandoquif

225 5407 366 5460 dem
393 5405 650 5457 Dominus
672 5420 774 5456 non
798 5405 908 5456 volt
931 5401 1208 5465 sacriﬁcia,
1230 5404 1354 5470 quid
1370 5419 1498 5468 ergo
1523 5401 1811 5454 faciemus?

232 5474 494 5542 nunquid
535 5475 597 5526 ad
640 5475 807 5527 altare
859 5474 974 5541 ejus
1003 5474 1182 5526 vacuis
1227 5473 1470 5525 manibus
1498 5470 1811 5542 veniemus?

225 5545 357 5598 Non
386 5541 592 5610 utique.
618 5543 752 5608 Quia
775 5543 868 5596 tibi
895 5542 1002 5595 Deo
1029 5544 1130 5596 erit
1155 5543 1458 5608 sacriﬁcium
1485 5541 1814 5610 acceptabile

223 5614 459 5681 spiritus
490 5609 873 5666 contribulatus.
905 5612 966 5664 Et
996 5613 1083 5681 qui
1114 5611 1182 5664 sit
1207 5613 1419 5678 spiritus
1444 5609 1814 5681 contribulatus

224 5679 486 5751 exponit,
517 5697 625 5747 cor,
663 5682 886 5746 scilicet,
919 5679 1188 5734 coniritum
1238 5681 1432 5751 labore
1456 5679 1814 5751 poenitentiae,

221 5766 279 5808 et
309 5749 698 5824 humiliatuma
726 5754 915 5807 timore
946 5753 1225 5822 superbire,
1251 5752 1350 5806 crit
1381 5750 1472 5805 tibi
1495 5749 1820 5805 sacriﬁcium

1821 3134 1868 3198 C

1888 1833 2162 1917 quis-inn,
2191 1833 2241 1886 id
2271 1841 2374 1896 est,
2407 1834 2547 1887 lidcli
2570 1845 2621 1888 et
2651 1833 2947 1917 speculanti
2972 1833 3466 1917 aniin:n_{mittendo

1889 1902 1936 1954 ei
1966 1903 2293 1957 Salvatoretn
2337 1917 2512 1970 suum,
2546 1919 2649 1957 non
2682 1902 2735 1959 in
2773 1907 2996 1972 meritis,
3027 1910 3117 1960 sed
3141 1909 3192 1960 in
3219 1908 3350 1960 bona
3376 1923 3463 1958 vo-

1889 1973 2240 2046 luntatetua;
2268 1980 2316 2025 et
2362 1973 2682 2046 mdiﬁccntur
2708 1977 2858 2039 muri,
2893 1979 2944 2032 id
2993 1984 3073 2032 est
3095 2018 3112 2046 ,
3144 1978 3466 2031 munimenta

1889 2041 2029 2110 ejus,
2061 2041 2564 2117 virtutes,_sciliCet.
2586 2045 2723 2117 _Ejus
2752 2047 2872 2100 dico
2902 2063 3020 2117 quae
3045 2041 3182 2102 nunc
3210 2058 3290 2102 est
3318 2047 3464 2110 Sion,

1891 2123 1945 2164 et
1989 2113 2200 2194 laudi-tn
2252 2113 2352 2193 erit
2392 2110 2711 2180 Jerusalem,
2758 2129 2880 2170 cum
2916 2110 2981 2171 ad
2999 2133 3199 2184 veram,
3233 2117 3460 2182 scilicet,

1893 2195 2191 2248 pervenerit
2231 2197 2514 2238 νιειοηειη.

1961 2251 2106 2326 Tunc
2149 2254 2426 2326 acceptabis
2462 2255 2770 2323 sacriﬁcium
2806 2257 3041 2326 justitite.
3076 2255 3238 2322 Quasi
3283 2257 3464 2312 dicat:

1894 2337 2045 2394 nunc
2066 2324 2274 2377 interim
2304 2326 2586 2391 acceptabis
2620 2342 2714 2393 pro
2758 2324 2972 2394 peccato
3023 2328 3330 2394 sacriﬁcium
3380 2341 3466 2381 cor

1891 2393 2159 2446 contritum
2199 2403 2244 2447 et
2293 2394 2650 2457 humilntum;
2679 2393 2770 2449 sed
2798 2411 2941 2460 tunc,
2976 2397 3024 2450 id
3054 2393 3165 2462 est,
3197 2395 3467 2452 :edzllcatis

1892 2466 2057 2535 muris
2098 2463 2418 2524 Jerusalem,
2447 2466 2752 2531 acceptabis,
2801 2467 2850 2518 id
2880 2475 2980 2530 est,
3028 2467 3350 2535 acceptabile
3379 2465 3465 2520 ha-

1895 2534 2044 2603 bebis
2077 2543 2278 2587 tantum
2326 2535 2629 2602 sacriﬁcium
2649 2537 2889 2603 justitiaz,
2922 2537 2970 2590 id
3021 2547 3122 2602 est,
3160 2534 3353 2589 vitulos
3397 2537 3468 2589 la~

1895 2601 2292 2675 bimutn,iqttus
2321 2601 2561 2675 tuttcitihi
2589 2601 2813 2660 ollereut
2845 2601 3028 2659 :Beati
3055 2601 3186 2660 enim
3213 2608 3300 2675 qui
3329 2604 3470 2657 habi-

1893 2681 1999 2724 tant
2027 2674 2078 2724 in
2109 2674 2262 2726 domo
2287 2682 2395 2735 tua,
2430 2672 2660 2739 Domine,
2695 2677 2746 2727 in
2802 2677 2988 2729 swcula
3018 2672 3323 2729 smculornm
3351 2677 3469 2728 lau-

1892 2744 2083 2816 dabunt
2107 2754 2172 2816 te.
2206 2744 2343 2816 Quali
2367 2743 2480 2796 laus
2527 2746 2646 2797 ideo
2673 2746 2870 2800 dicitur
2895 2747 3199 2813 sacri/icium
3218 2746 3434 2816 justitia:
3455 2784 3472 2808 ,

1891 2814 2012 2881 quia
2043 2811 2168 2882 quid
2215 2812 2409 2882 justius
2436 2830 2590 2880 quam
2622 2825 2676 2868 ut
2715 2816 2766 2868 in
2799 2831 2995 2870 aeterna
3027 2811 3347 2870 beatitudine
3380 2831 3473 2881 po-

1891 2883 1980 2953 siti
2011 2881 2154 2935 ill’mn
2188 2881 2424 2947 laudent,
2452 2900 2542 2948 per
2563 2899 2721 2952 quem
2754 2886 2862 2940 illic
2889 2885 3078 2939 erunt?
3107 2886 3246 2939 Nihil
3272 2885 3473 2953 utique.

1894 2952 1958 3004 Et
2011 2961 2129 3006 tunc
2156 2954 2461 3022 acceptabis,
2492 2955 2788 3020 oblationes,
2824 2955 2872 3009 :d
2901 2964 3014 3020 est,
3046 2952 3475 3011 sacril'tciutn’se-

1891 3023 2123 3076 cundum
2164 3025 2417 3078 animam.
2453 3023 2517 3076 Et
2559 3024 2855 3079 holocausta
2880 3066 2895 3090 ,
2927 3027 2976 3079 id
3007 3037 3087 3080 est
3111 3066 3124 3088 ,
3154 3025 3479 3079 sacriticiunt

1897 3093 2190 3147 Secundum
2225 3095 2523 3148 universam
2570 3105 2816 3149 naturam
2852 3099 3171 3160 humanam,
3202 3096 3321 3165 quia
3372 3110 3476 3148 non

1900 3166 2069 3216 solum
2103 3166 2280 3217 anima
2330 3168 2381 3216 in
2423 3178 2575 3217 usum
2625 3167 2868 3219 sacrilicii
2914 3173 3253 3220 consuntetur
3291 3179 3318 3216 a
3348 3165 3472 3218 cha-

1899 3233 2053 3288 ritate
2077 3234 2128 3287 in
2160 3249 2308 3288 suam
2364 3234 2814 3288 immortalitatem
2868 3244 2921 3289 et
2973 3233 3473 3303 impassibilitatetu,

1899 3305 1992 3356 sed
2035 3306 2193 3357 etiam
2244 3317 2438 3371 corpus
2480 3316 2827 3358 consumetur
2875 3305 2927 3358 in
2974 3304 3373 3372 corruptionem
3420 3311 3476 3356 et

1901 3373 2383 3439 itnpassibtlitatem
2430 3383 2714 3426 aeternam.
2742 3373 2806 3426 Et
2840 3375 2958 3428 ideo
2982 3384 3101 3427 tunc
3121 3375 3380 3440 imponent
3405 3375 3476 3425 vi-

1899 3445 2058 3508 tulos,
2091 3445 2140 3496 id
2172 3453 2276 3508 est,
2311 3458 2371 3496 se
2400 3444 2542 3510 ipsos
2573 3444 2625 3496 in
2657 3445 2960 3498 innocentia
2993 3459 3142 3498 nova:
3167 3447 3290 3496 vitae
3322 3459 3479 3497 reno-

1901 3523 2052 3567 vatos
2082 3529 2234 3581 super
2262 3519 2409 3565 tuum
2438 3511 2625 3578 altare,
2661 3514 2710 3566 id
2736 3522 2838 3580 est,
2875 3515 2924 3566 in
2951 3515 3132 3567 intima
3167 3515 3356 3566 mentis
3382 3514 3475 3567 de-

1902 3583 2136 3646 votione,
2167 3599 2285 3652 qua:
2329 3592 2411 3637 est
2458 3592 2603 3636 tuum
2637 3583 2822 3652 altare,
2873 3585 2995 3652 quia
3043 3583 3114 3637 ibi
3145 3583 3485 3637 sacriﬁcatur-

1902 3654 2019 3717 tibi,
2045 3651 2195 3722 quod
2228 3661 2310 3707 est
2334 3653 2547 3707 dicere:
2578 3651 2734 3706 Omni
2773 3651 3056 3710 devotione
3085 3655 3478 3723 priesentabuut

1901 3723 1992 3776 tibi
2022 3738 2080 3778 se
2106 3723 2156 3776 in
2187 3723 2490 3778 innocentia
2521 3738 2673 3777 nov:e
2703 3725 2844 3779 vitze.

2420 3833 2481 3887 ΙΝ
2522 3833 2647 3889 PSA
2656 3832 2851 3888 LMUM
2881 3833 2965 3890 LI.

1901 3923 1957 3978 lu
1988 3923 2145 3976 linem
2179 3923 2478 3978 intellectus
2508 3922 2826 3994 ipsiDavid,
2858 3938 2976 3979 cum
3009 3925 3155 3994 venit
3180 3922 3338 3994 θυεε-
3361 3923 3476 3978 ldu-

1974 4007 2162 4058 tomus,
2206 4003 2261 4047 et
2311 3993 2571 4047 nuntiavit
2611 3993 2782 4060 Sauli,
2815 4005 2865 4051 et
2906 3994 3080 4050 dixit:
3122 3993 3268 4050 Venit
3295 3992 3477 4050 'David

1909 4133 1913 4137 .
1970 4066 2023 4117 in
2049 4065 2256 4117 dontum
2283 4064 2588 4118 Abimelech.

2503 4171 2887 4214 ARGUMENTUIJ

1971 4248 2167 4322 Contra
2207 4248 2363 4322 verba
2411 4247 2671 4322 Balisacis
2705 4260 2900 4322 potest,
2923 4261 3190 4306 cantatum
3222 4251 3472 4322 intelligi.

1903 4319 2070 4373 Aliter
2101 4334 2198 4372 vox
2229 4317 2422 4373 Christi
2450 4319 2516 4373 ad
2548 4317 2735 4372 ludam
2769 4321 3100 4375 traditos-em.

2522 4425 2874 4465 EXPLANATNL

1980 4498 2112 4565 Quia
2139 4499 2313 4552 titulus
2346 4499 2499 4569 juxta
2542 4501 2809 4553 historiam
2850 4510 2998 4554 notus
3025 4511 3120 4564 est,
3163 4501 3376 4555 breviter
3419 4503 3500 4555 dc-

1904 4569 2152 4638 allegoria
2180 4567 2429 4622 dicamus.
2454 4567 2580 4622 Ideo
2610 4585 2784 4622 eorum
2819 4571 3098 4622 intellectus
3128 4572 3274 4624 titulo
3300 4573 3481 4624 inseri-

1903 4649 2018 4704 tur,
2051 4651 2104 4690 ut
2157 4639 2450 4706 mysterium
2490 4654 2713 4705 querere
2740 4655 2841 4691 non
2880 4640 3098 4704 dubites,
3143 4643 3260 4706 quia
3301 4652 3346 4694 et
3378 4642 3486 4705 ipse

1909 4707 2071 4780 David
2101 4708 2207 4780 suis
2254 4709 2626 4780 calamitatibus
2652 4709 2947 4780 admonitus
2978 4710 3041 4761 de
3084 4709 3287 4763 Christo
3332 4711 3486 4780 [utu-

1903 4795 2019 4831 rum
2046 4778 2350 4846 intellexisse
2379 4790 2636 4830 narratur.
2667 4777 2832 4830 David
2858 4794 2978 4846 ergo
3007 4789 3058 4831 ut
3095 4795 3293 4846 semper
3332 4777 3485 4834 Clari-

1907 4858 1985 4902 tus
2008 4850 2093 4910 sit,
2139 4848 2267 4900 Sout
2296 4844 2469 4899 Judwi
2491 4858 2855 4916 persequentes.
2895 4844 3046 4919 _Do_e’g
3076 4844 3362 4917 Idumwus,
3390 4852 3480 4918 qui

1907 4919 2266 4986 interpretatur
2298 4928 2469 4988 motus
2493 4922 2813 4984 sanguineus
2836 4957 2851 4981 ,
2878 4916 3044 4969 ludas
3065 4921 3294 4988 proditor
3313 4937 3332 4984 ;
3351 4916 3488 4973 'A'bi-

1908 4989 2095 5041 melecli
2137 4987 2379 5038 sacerdos
2417 4989 2560 5038 electi
2588 4988 2848 5053 discipuli,
2878 4990 3017 5056 apud
3045 4987 3180 5054 quos
3212 4987 3488 5041 Dominum

1909 5067 1954 5110 et
1978 5059 2099 5108 vidit
2127 5067 2173 5108 et
2196 5056 2429 5127 tradidit,
2464 5057 2686 5127 Quidam
2716 5059 2889 5110 dicunt
2933 5056 3076 5127 Doeg
3123 5059 3498 5112 Antichristunt

1909 5142 2038 5190 esse,
2091 5127 2238 5194 cujus
2277 5125 2553 5177 membrum
2599 5125 2765 5178 Judas
2809 5128 3018 5191 exstitit,
3049 5125 3180 5195 'quia
3219 5131 3351 5183 sicut
3400 5129 3489 5180 ille

1911 5198 2149 5249 sacerdos
2193 5197 2451 5263 octaginta
2481 5199 2712 5262 peremit,
2755 5197 2828 5248 sic
2867 5207 2915 5250 et
2939 5199 3034 5250 iste
3075 5208 3354 5265 martyres,
3397 5197 3489 5265 qui

1912 5267 2064 5333 ﬁdem
2094 5265 2475 5336 resurrectionis
2498 5273 2706 5336 _tenent,
2737 5267 3015 5320 occisurus.
3061 5264 3125 5319 In
3151 5264 3316 5334 prima
3344 5264 3501 5336 parte

1915 5331 2099 5404 psalmi
2131 5334 2376 5404 propheta
2406 5336 2457 5385 in
2483 5331 2675 5386 ludam
2715 5340 2789 5387 vel
2820 5331 3186 5389 Anticltristuin
3209 5331 3500 5399 inveliitur,

1914 5403 1975 5476 ne
1996 5406 2126 5456 sein
2171 5403 2382 5476 ﬂagitiis
2409 5406 2642 5476 extollat,
2673 5409 2752 5456 cui
2793 5407 2907 5466 ﬁnis
2951 5406 3281 5476 gravissimus
3311 5415 3485 5458 restet.

1914 5473 1982 5526 In
2003 5473 2226 5525 secunda
2254 5472 2376 5524 dicit
2395 5488 2511 5524 eum
2539 5474 2677 5524 ocius
2705 5472 2984 5540 perttuium
3004 5515 3016 5534 ,
3056 5485 3349 5527 sanctorum
3400 5489 3491 5541 per

1915 5544 2087 5597 omnia
2117 5544 2349 5594 societate
2390 5543 2714 5612 privandum.
2750 5542 2816 5594 In
2861 5545 3006 5596 tertia
3047 5553 3246 5598 sanctos
3290 5556 3500 5612 stupere-

1915 5613 2034 5666 dicit
2090 5613 2295 5681 quando
2340 5611 2600 5664 diabolum
2653 5613 2887 5681 nuncin
2919 5614 3107 5667 steculo
3164 5611 3490 5668 bacchantem

1917 5682 2269 5748 conspexerint
2299 5680 2352 5734 in
2379 5681 2483 5756 [ine
2510 5685 2764 5756 damnari.
2795 5680 2862 5756 In
2889 5693 3070 5751 quarta
3101 5684 3209 5753 ipse
3238 5688 3502 5756 propheta.

1911 5762 2085 5824 sperat
2110 5767 2161 5805 se
2180 5766 2291 5804 cum
2318 5753 2504 5806 sanctis
2527 5753 2578 5804 in
2605 5754 2782 5818 futura
2802 5754 2902 5808 vita
2929 5755 3199 5809 beandunt.
