3922 6190
199 281 295 337 ⁷57

947 275 1014 332 ΙΝ
1053 274 1473 334 PSALMORUM
1512 274 1770 332 LIBRUM
1810 274 2163 331 EXEGESIS.
2205 304 2275 315 —
2310 276 2555 332 PSALM.
2598 279 2682 333 Lf.

3348 266 3453 349 rita

193 388 461 458 deturpat,
496 389 564 466 ita
595 386 876 466 peculiaris
900 387 990 466 ill_e
1029 388 1282 466 iudaicus
1308 390 1533 459 populus
1564 392 1627 444 ad
1668 392 1767 444 hoc
1798 392 1847 451 Α
1876 400 1979 466 tu_s_,
2012 389 2101 457 qui
2130 398 2255 445 tunc
2276 390 2379 445 erit
2406 404 2458 447 te
2482 392 2817 459 judicaturus
2840 439 2854 461 ,
2902 402 3022 466 quia
3063 417 3203 458 nunc
3232 404 3454 461 habebis

198 466 417 519 electus,
463 470 517 514 ut
547 462 597 511 in
627 475 691 512 eo
722 459 897 512 vultus
946 460 1152 513 Domini
1200 473 1678 525 reprtesentaretur
1719 474 1774 517 et

198 542 499 597 amaretur,
532 532 705 597 potius
729 528 873 582 illum
900 530 1222 598 deturpavit,
1248 532 1366 598 quia
1401 542 1611 598 tempus
1642 534 1772 587 visi-

197 604 415 655 tationis
448 616 550 653 non
587 600 913 673 recognovit.
964 601 1103 673 Etgin
1137 602 1235 673 hoc
1260 601 1445 654 dolose
1482 603 1607 669 egit,
1653 606 1774 673 quia

198 675 342 728 aliud
370 673 512 736 let-it,
537 681 587 724 et
608 670 673 722 ad
697 670 837 722 aliud
871 684 990 723 eum
1016 670 1269 724 Dominus
1292 673 1469 739 elegit.

274 741 506 796 Dilexisti
529 740 777 794 malitiam
801 756 954 805 super
977 742 1263 794 bonitatem.
1290 741 1448 806 Quasi
1466 742 1598 796 dicat
1624 763 1633 796 :
1658 744 1778 797 Ideo

197 814 414 867 assidue
472 810 776 880 iniquitates
810 812 1074 879 cogitasti,
1109 812 1228 880 quia
1274 813 1521 865 malitiam
1553 814 1778 869 dilexisti

197 901 358 950 super
387 882 762 953 benignitatem,
787 880 972 953 id_est,
1002 880 1072 934 ita
1104 890 1161 953 ut
1188 896 1527 949 prreponcres
1552 900 1665 937 eam
1690 886 1781 941 be-

203 950 549 1022 nigtiitati,et
597 953 675 1006 sic
727 950 869 1019 quod
921 952 1159 1022 naturale
1216 960 1269 1006 et
1325 954 1646 1020 pervenisti.
1697 958 1777 1010 Ad

200 1024 346 1092 quod
377 1025 516 1076 enim
545 1022 963 1094 unumquodque
1001 1021 1196 1094 factum
1222 1030 1322 1089 est,
1356 1023 1483 1094 illud
1512 1024 1563 1077 in
1589 1039 1654 1079 eo
1676 1027 1780 1094 pri-

201 1094 449 1148 mitivum
495 1102 597 1146 est.
630 1093 812 1164 Quare
838 1092 1141 1160 benignitas
1187 1093 1498 1164 etaequitas
1524 1094 1589 1148 ad
1620 1092 1779 1164 quam

202 1165 371 1219 homo
396 1172 607 1217 creatus
631 1173 712 1217 est
737 1163 883 1231 prius
904 1174 1025 1215 sunt
1052 1164 1103 1215 in
1128 1163 1370 1227 homine,
1406 1165 1605 1219 malitia
1633 1163 1779 1231 vero,

201 1250 327 1299 qua:
351 1235 576 1288 accessit
602 1248 664 1286 ex
705 1232 1069 1300 corruptione,
1099 1243 1182 1285 est
1210 1235 1493 1299 posterius.
1522 1236 1781 1303 Dilexisti,

208 1306 450 1371 inquam,
478 1318 638 1371 super
675 1303 964 1357 bonitatem
998 1303 1276 1368 malitiam,
1320 1314 1373 1357 et
1402 1305 1521 1359 ideo
1550 1305 1783 1362 dilexisti

202 1376 378 1441 magis
408 1375 547 1443 loqui
601 1373 951 1443 iniquitatem,
987 1388 1145 1439 quam
1191 1374 1332 1441 quui
1363 1376 1685 1442 mquitatem.
1720 1381 1785 1433 Et

204 1446 263 1497 in
300 1440 396 1497 hoc
424 1440 572 1512 quasi
603 1440 743 1497 dicat
770 1458 786 1500 ;
816 1440 929 1497 Non
984 1444 1119 1496 idern
1150 1440 1288 1512 quod
1332 1444 1382 1497 in
1415 1440 1534 1499 aliis
1578 1462 1780 1502 servas.

205 1513 464 1568 Provides
489 1514 631 1567 enim
669 1528 735 1570 ne
779 1512 992 1584 acidum
1024 1514 1201 1567 cibum
1235 1516 1403 1568 ventri
1436 1526 1522 1568 tuo
1550 1517 1781 1584 ingeras,

205 1585 672 1658 etnon‘provides
701 1583 790 1658 qui
830 1584 880 1637 id
913 1583 965 1637 in
996 1585 1527 1658 ore‘liahcasISicut
1554 1583 1784 1658 namque

209 1655 513 1723 eligendum
544 1662 627 1708 est
664 1654 788 1723 quid
822 1655 1077 1716 vescaris,
1104 1655 1175 1707 ita
1206 1654 1330 1723 quid
1366 1656 1617 1723 loquaris.

1880 460 2204 539 adjutorem,
2239 477 2412 539 quem
2438 472 2561 539 tunc
2582 460 2847 534 judicem.
2870 460 3150 539 Postquam
3176 490 3305 529 vero
3326 460 3457 531 oves

1878 530 2271 611 separaliuittur
2302 532 2368 584 ab
2401 530 2597 611 haedis;
2624 545 2745 591 tunc
2776 540 2878 611 erit
2910 530 3116 610 tempus
3147 546 3376 611 ridendi,
3402 530 3454 600 id

1880 612 1999 661 est,
2052 600 2246 682 divitia:
2290 600 3322 682 sententia:_aggtatulatitli.'Iiidebtmt,
3364 600 3457 669 Iin-

1880 686 2035 735 quam
2070 671 2305 734 tandem,
2336 682 2390 725 et
2418 671 2803 737 exurobrautes
2831 682 2907 733 eis
2937 682 3113 736 dicent
3143 701 3155 737 :
3197 671 3325 739 Ecce
3354 686 3453 739 Ito-

1882 756 1998 821 mo_.
2043 740 2090 792 id
2123 750 2382 821 est,eece
2422 745 2661 821 aduqnid
2707 748 2831 801 dum
2881 766 2939 805 se
2987 754 3244 809 extollere
3272 757 3453 821 vellet,

1885 810 2139 897 redactus
2159 820 2241 897 est
2290 812 2452 893 Doeg.
2489 810 2589 897 Qui
2615 834 2714 897 non
2764 824 2947 897 posuit
2977 823 3136 876 Deum
3164 810 3454 897 adjutoreui

1881 896 2053 962 suum,
2091 886 2263 963 idest,
2291 886 2378 949 qui
2408 901 2510 937 non
2535 890 2601 940 de
2636 888 2762 956 Deo,
2794 892 2884 963 sed
2916 893 2981 945 de
3008 907 3065 947 se
3089 886 3458 963 prmsiinipsit,

1883 952 2003 1031 quia
2032 952 2084 1003 in
2116 952 2409 1031 divitiarum
2439 972 2657 1031 suarum
2696 952 3025 1031 ntulti‘udine
3065 952 3302 1028 speravit.
3327 952 3451 1019 ’Νοιῖ

1885 1019 2014 1073 dicit
2060 1024 2149 1100 qui
2190 1023 2338 1076 dives
2379 1023 2495 1100 fuit,
2522 1027 2615 1081 sed
2665 1028 2708 1082 si
2758 1031 2877 1098 quis
2907 1019 3119 1088 divitias
3170 1019 3356 1088 ιιειιηέει
3388 1037 3459 1088 αα

1888 1097 2275 1156 necessitatem,
2327 1102 2382 1147 et
2427 1097 2490 1148 ad
2549 1097 3188 1171 aliorumrefectionem,
3232 1122 3334 1158 non
3373 1118 3458 1160 est

1888 1174 2159 1227 peccatum
2183 1180 2200 1238 ;>
2231 1179 2450 1233 sperare
2479 1177 2654 1221 autem
2687 1169 2737 1222 in
2787 1170 3007 1232 divitiis.
3056 1175 3104 1226 id
3135 1169 3232 1238 est,
3259 1177 3461 1228 habere

1886 1243 1979 1283 eas
2009 1247 2112 1284 non
2140 1236 2622 1308 aditecessitutctii,
2656 1242 2746 1293 sed
2796 1244 2859 1293 ad
2908 1236 3340 1308 delectationem,
3370 1258 3456 1301 e~t

1888 1312 2186 1421 Beccalum.
2216 1304 2270 1357 Si
2300 1306 2439 1358 enim
2466 1306 2625 1361 libros
2651 1312 2905 1375 legamus.
2924 1314 3250 1369 inveniamus
3278 1304 3450 1369 Aiun-

1927 1386 2029 1421 am.
2064 1384 2118 1421 ﬁl
2166 1373 2351 1421 1200']-
2401 1386 2453 1421 ρΙΔ
2499 1380 2630 1421 nline
2684 1385 2885 1421 lirium-tu
2915 1394 3088 1421 tnta-nu
3168 1396 3216 1421 nl
3263 1388 3450 1421 diuisa:

1927 1386 2029 1451 ain,
2064 1384 2118 1426 et
2166 1373 2352 1438 Jacob,
2400 1380 2630 1451 elatius
2684 1373 2885 1448 priores
2915 1394 3121 1451 patres,
3168 1396 3218 1439 et
3263 1388 3452 1440 divites

1885 1438 2071 1521 fuisse,
2105 1454 2156 1521 et
2189 1454 2360 1521 tamen
2394 1446 2594 1511 felices,
2629 1438 2745 1516 quia
2777 1469 2877 1505 nou
2900 1438 2975 1505 est
3000 1438 3450 1510 considerandum

1893 1514 1939 1564 si
1962 1514 2169 1593 rgesiu
2195 1516 2463 1593 facultate,
2498 1522 2588 1572 sed
2620 1514 2663 1572 si
2689 1524 2845 1577 ardes
2898 1524 2946 1576 iii
2994 1528 3295 1593 cupiditate.
3336 1526 3449 1579 Non

1887 1583 2032 1661 enim
2068 1583 2205 1638 Deus
2254 1587 2485 1641 consulit
2531 1604 2707 1643 arcam
2735 1636 2747 1656 ,
2792 1595 2882 1647 sed
2916 1583 3322 1661 conscientiam;
3355 1612 3453 1649 nec

1890 1651 2180 1726 damnatur
2206 1661 2451 1721 pecunia,
2486 1663 2575 1713 sed
2608 1651 2853 1726 avaritia,
2883 1668 3022 1718 sient
3052 1684 3081 1720 e
3112 1651 3321 1720 contra,
3344 1684 3450 1720 non

339 1725 525 1799 ilexisti
551 1719 720 1799 omnia
741 1724 1099 1799 v_erba.__Quasi
1122 1719 1301 1799 dicat:
1326 1724 1386 1799 Ut
1412 1719 1673 1799 summam
1697 1744 1795 1784 ne.
1820 1722 1866 1783 Β
1895 1719 2139 1799 laudatur
2170 1719 2365 1799 inopia,
2418 1729 2511 1781 sed
2563 1719 2883 1786 iunocentii.
2935 1719 3081 1799 Quod
3122 1719 3459 1789 attendentes

211 1795 397 1867 quitiac
418 1804 525 1867 tua:
545 1795 883 1867 concludam,
902 1796 1022 1850 dico
1047 1792 1167 1867 quia
1199 1796 1420 1867 dileristi
1441 1798 1611 1850 omnia
1638 1801 1786 1853 verba

216 1865 664 1936 rwcipitationis,
694 1865 1045 1935 quodcunque
1076 1865 1141 1936 ad
1173 1866 1520 1933 praecipitium
1560 1870 1703 1922 ducit
1732 1879 1790 1924 et

220 1935 497 1990 interitum
528 1936 781 2001 dilexisti,
816 1936 1039 1999 scilicet,
1076 1935 1304 2003 linguam
1344 1938 1604 1994 dolosam.
1640 1939 1789 1993 Sicut

213 2010 360 2061 enim
380 2008 575 2061 habent
602 2008 811 2074 quidam
828 2006 1065 2067 libri,vel
1090 2016 1143 2058 tu
1169 2007 1305 2074 Doeg
1326 2024 1421 2060 cus
1443 2007 1616 2076 lingua
1634 2009 1790 2063 dolo-

218 2093 278 2130 sa
297 2118 313 2139 ,
336 2078 463 2130 nihil
483 2092 644 2146 agens
662 2080 741 2131 vel
773 2078 993 2147 loquens
1010 2078 1106 2131 nisi
1124 2076 1322 2147 dolum.
1340 2078 1594 2146 Etaccipe
1610 2080 1788 2133 dolum

219 2147 313 2201 hic
352 2148 497 2216 large
534 2163 629 2213 pro
670 2149 814 2202 omni
841 2146 1141 2215 iniquitate.
1187 2146 1289 2200 Sed
1333 2149 1456 2214 quid
1506 2148 1597 2202 tibi
1631 2149 1792 2204 inde?

217 2218 393 2271 Omtte
419 2218 609 2271 malum
642 2218 863 2285 scilicet,
894 2221 1011 2287 quia
1044 2224 1311 2288 propterea
1358 2217 1526 2283 Deus,
1558 2222 1643 2286 qui
1696 2235 1791 2288 po-

218 2296 354 2352 test,
381 2290 596 2340 destruet
622 2298 667 2341 te
694 2290 745 2341 in
765 2290 866 2357 ﬁne
889 2328 903 2349 ,
950 2290 1161 2354 quando
1191 2302 1294 2341 non
1328 2288 1505 2342 licebit
1530 2293 1661 2342 ultra
1705 2304 1785 2345 re-

218 2373 463 2425 surgere.
483 2357 574 2411 νει
603 2359 651 2410 in
670 2360 819 2423 ﬁnem
850 2374 1061 2426 semper
1081 2358 1355 2421 tendente,
1388 2358 1438 2411 id
1468 2368 1569 2425 est,
1593 2368 1793 2414 arterna

221 2429 584 2481 destructione
615 2431 851 2483 destruet
902 2440 952 2482 te
994 2445 1097 2482 non
1141 2427 1205 2480 ad
1240 2430 1669 2494 :t-dilicationem,
1700 2431 1794 2484 sed

220 2497 661 2551 destructionem.
696 2500 761 2551 Et
792 2516 927 2553 nunc
952 2499 1163 2553 interim
1195 2500 1369 2551 evellet
1393 2508 1437 2552 te
1459 2500 1522 2551 de
1552 2501 1797 2553 taberna-

223 2570 368 2633 ειιο,
396 2577 449 2621 ει
481 2570 579 2621 hoc
612 2570 677 2619 ita
709 2570 845 2637 quod
886 2569 1152 2639 emigrabit
1194 2579 1259 2632 te,
1296 2569 1343 2621 id
1377 2579 1478 2636 est,
1508 2570 1662 2639 longe
1700 2572 1799 2623 nti-

220 2653 385 2704 grare
416 2648 468 2691 te
498 2640 655 2691 l‘acict
682 2640 824 2702 inde,
858 2640 959 2693 hoc
1000 2648 1103 2700 est,
1133 2638 1185 2691 in
1230 2641 1477 2705 praesenti
1507 2656 1537 2692 a
1567 2638 1802 2694 cummu-

226 2710 392 2759 nione
423 2708 656 2760 lidcliutn
690 2712 968 2763 moraliter
995 2708 1262 2775 separabit
1288 2717 1359 2763 te.
1391 2709 1599 2763 llabent
1620 2721 1798 2764 autem

221 2778 443 2846 quidam
466 2779 584 2831 libri
620 2777 747 2844 Tuo,
782 2779 919 2847 quod
950 2779 1077 2833 satis
1119 2780 1255 2833 bene
1281 2788 1385 2840 est,
1410 2782 1531 2847 quia
1562 2791 1615 2834 et
1643 2793 1801 2834 natu-

222 2849 410 2901 ralizer
429 2848 602 2901 omnis
634 2849 793 2901 homo
821 2850 1085 2918 plautatus
1114 2860 1195 2903 est
1221 2851 1270 2901 in
1302 2849 1400 2901 hoc
1434 2850 1801 2915 tabernaculo,

220 2927 282 2970 et
308 2918 541 2972 radicem
569 2918 725 2974 liabet
758 2922 805 2973 in
828 2922 986 2977 caelo.
1018 2920 1168 2975 Unde
1212 2918 1335 2973 dicit
1369 2939 1380 2971 :
1414 2920 1608 2973 Evellet
1646 2932 1692 2974 te
1717 2922 1803 2976 hic

223 2990 290 3040 de
328 2992 652 3042 tabernacu’o
684 3002 791 3052 tuo,
824 2992 872 3043 id
904 3001 1005 3057 εει,
1050 2990 1191 3058 qttod
1224 3000 1367 3043 tuum
1414 2991 1634 3045 deberet
1660 3006 1801 3046 esse.

1893 1792 2059 1844 sancti
2091 1798 2337 1859 apostoli,
2370 1812 2488 1850 cum
2536 1799 2789 1855 Dominus
2839 1792 3038 1858 diceret
3066 1808 3141 1860 eis
3171 1826 3181 1859 :
3221 1805 3453 1859 Fat-ilius

1891 1872 1963 1941 est
1992 1864 2238 1916 cumulum
2272 1884 2359 1945 per
2380 1871 2610 1945 foramen
2640 1888 2760 1925 acus
2804 1876 3034 1945 tntnsirc,
3076 1894 3227 1945 quam
3254 1878 3457 1928 div'tem

1888 1940 1941 1983 in
1971 1948 2177 2015 renqnuqt
2211 1940 2745 2015 ccelorumudixerunt
2777 1961 2791 1997 :
2824 1943 2889 1997 Et
2928 1947 3039 2012 quis
3080 1940 3261 2015 piteril
3287 1948 3467 2000 salvus

1890 2003 2032 2079 esse?
2062 2003 2244 2058 Nullus
2273 2009 2413 2059 enim
2461 2008 2573 2063 fere
2598 2049 2613 2073 ,
2658 2015 2745 2079 qui
2793 2029 2897 2067 non
2926 2003 3195 2069 desideret
3236 2018 3455 2069 habere.

1894 2069 2089 2147 Petrus
2114 2088 2241 2127 vero
2271 2079 2399 2129 satis
2432 2069 2748 2135 liducialit'er
2786 2086 2990 2137 loeutus
3032 2095 3133 2147 est,
3167 2102 3286 2139 eum
3314 2090 3465 2139 dicc-

1894 2149 1977 2220 [ει
1999 2140 2172 2220 ξ-Εεεε
2201 2161 2289 2198 nos
2341 2149 2631 2215 reliquimus
2668 2154 2858 2213 omnia,
2891 2165 2937 2206 et
2986 2140 3142 2209 secuti
3185 2174 3359 2208 sumus
3389 2167 3457 2210 te.

1894 2210 2031 2265 Nihil
2064 2229 2289 2281 namque
2322 2210 2513 2282 praeter
2541 2230 2705 2274 ratem
2736 2210 2915 2277 vetere
2939 2243 2968 2276 n
3017 2235 3070 2279 et
3117 2227 3334 2279 Scissatn
3369 2244 3463 2277 ve-

1895 2293 2039 2363 stetn
2086 2283 2511 2363 reliqueratq‘et
2568 2299 2740 2363 tamen
2792 2308 2849 2345 se
2903 2295 3115 2348 dicebat
3182 2296 3463 2363 reliquisse

1896 2355 2277 2429 0tntiia._Quod
2301 2358 2665 2429 solvitbeatus
2689 2361 2977 2429 Gregorius
3008 2364 3190 2419 dicens
3216 2384 3227 2417 :
3264 2355 3456 2419 (Mul-

1902 2429 2013 2474 tum
2049 2424 2386 2502 reliqiiit,__qui
2419 2428 2548 2481 nihil
2571 2430 2668 2484 sibi
2688 2424 2923 2486 retinuit.
2945 2435 3110 2489 'l‘anta
3152 2436 3290 2489 enim
3319 2451 3347 2487 a
3378 2451 3467 2488 se-

1899 2495 2393 2574 quentibusrelicta
2413 2508 2556 2574 Sunt_,
2588 2515 2781 2574 quanta
2814 2512 2937 2556 ante
2966 2506 3245 2574 sequentib
3268 2521 3308 2557 ts
3334 2520 3465 2557 cou-

1900 2564 2098 2643 cupisci
2127 2573 2435 2645 potuerunt:
2469 2569 2580 2645 t_Et
2606 2564 2734 2645 item
2770 2590 2779 2625 :
2811 2564 3087 2645 rMultut'n
3136 2575 3345 2645 reliquit
3372 2575 3467 2642 qui

1902 2636 2072 2712 ipsum
2090 2636 2260 2712 etiam
2292 2637 2612 2713 desiderium
2646 2642 2871 2696 habendi
2920 2636 3284 2713 potsposnitft
3323 2636 3461 2711 Spe-

1902 2706 2060 2785 ravit,
2088 2706 2320 2785 inquam,
2354 2708 2645 2785 in_dii_'it_iis,
2676 2723 2723 2764 et
2746 2706 3007 2781 privvttluit
3033 2706 3083 2767 in
3106 2717 3326 2767 vanitate
3346 2706 3469 2777 sua,

1904 2772 1956 2825 id
1987 2784 2086 2836 est,
2114 2775 2281 2843 magis
2304 2777 2538 2852 profecit
2561 2783 2610 2834 in
2634 2772 2886 2847 vanitate,
2934 2786 2983 2836 id
3016 2794 3115 2847 est,
3153 2788 3200 2837 in
3233 2787 3315 2838 his
3344 2772 3471 2852 quas

1904 2856 2062 2921 mane
2080 2850 2436 2923 “concupiunt,
2467 2865 2623 2917 quam
2657 2854 2915 2919 prolicere
2946 2855 2996 2908 iii
3029 2856 3271 2923 veritate,
3301 2850 3473 2912 pluris

1905 2913 2045 2988 enim
2078 2913 2199 2968 fecit
2228 2913 2499 2988 nummum
2523 2913 2679 2988 quam
2715 2923 2901 2977 Deum.

1981 2980 2307 3065 Ego‘autem.
2348 2987 2441 3041 llic
2465 2980 2725 3065 loquitur
2770 3009 2873 3065 non
2931 2995 3147 3065 quilibet
3188 3008 3344 3057 unus,
3375 2993 3475 3048 sed

228 3061 298 3111 Et
326 3066 449 3125 quia
472 3060 644 3134 evellet
691 3070 736 3134 te
766 3063 827 3134 de
860 3052 1207 3134 tabernaculo,
1242 3060 1357 3134 ideo
1391 3065 1602 3134 tandem
1644 3063 1801 3134 etiam
1834 3073 1878 3134 ρ
1912 3052 2187 3134 ριιγειιιιιξ,
2223 3059 2287 3134 td_
2318 3066 2417 3123 est,
2465 3052 2724 3134 Eec'lesia,
2775 3064 2926 3132 cujus
2949 3052 3185 3132 'superbi
3218 3052 3351 3118 rami
3403 3067 3472 3116 de

228 3135 299 3180 de
326 3130 540 3194 palatio.
572 3130 722 3195 Quod
752 3132 829 3184 sic
859 3131 988 3184 dicit
1037 3150 1047 3182 :
1094 3128 1158 3182 Et
1191 3130 1401 3183 tandem
1441 3131 1637 3186 evellet
1666 3132 1807 3184 radi-

223 3214 341 3251 cem
369 3210 526 3263 luant,
553 3200 600 3252 id
648 3210 750 3262 est,
781 3217 897 3270 qua:
919 3202 1137 3255 deberet
1177 3215 1293 3254 esse
1343 3209 1429 3253 tua
1460 3203 1523 3252 de
1566 3211 1702 3255 terra
1728 3204 1807 3254 vi-

229 3271 475 3322 ventium.
501 3270 663 3323 ltadix
699 3282 876 3324 nostra
907 3273 1138 3325 charitas
1176 3279 1276 3333 est,
1310 3271 1512 3324 fructus
1543 3287 1667 3325 vero
1708 3273 1808 3325 hu-

222 3342 319 3407 jus
345 3339 542 3393 radicis
572 3350 696 3393 sunt
735 3341 869 3395 bona
901 3357 1082 3408 Opera.
1130 3339 1279 3393 Unde
1309 3340 1437 3394 dicit
1476 3342 1764 3409 Apostolus
1792 3360 1807 3396 :

230 3411 422 3461 Omnia
451 3420 613 3463 vestra
664 3411 715 3462 in
760 3412 1009 3465 charitate
1048 3411 1211 3479 ﬁant;
1242 3419 1296 3464 et
1342 3413 1467 3467 item
1516 3413 1639 3465 alibi
1687 3431 1700 3465 :
1745 3411 1811 3465 In

226 3480 483 3532 charitate
512 3482 727 3533 radit'ati
756 3493 801 3534 et
831 3483 1052 3550 fundati.
1090 3482 1236 3535 lianc
1286 3481 1558 3546 radicem,
1604 3482 1654 3535 id
1707 3493 1808 3550 est,

224 3549 573 3615 charitatvm,
602 3550 731 3605 dicit
759 3552 914 3605 evelli
949 3552 1012 3605 de
1039 3561 1173 3605 terra
1204 3552 1496 3617 viventium,
1529 3551 1579 3604 id
1611 3562 1713 3615 εει,
1746 3549 1813 3607 de

226 3635 465 3686 superna
498 3622 709 3688 requie,
739 3630 991 3688 quantum
1024 3622 1088 3674 ad
1138 3623 1328 3683 mulos,
1360 3622 1482 3688 quia
1534 3637 1650 3675 eam
1703 3638 1807 3676 non

230 3691 556 3754 habuerunt,
589 3702 640 3744 et
671 3693 789 3745 ideo
822 3707 917 3759 per
943 3708 1060 3745 eam
1092 3692 1201 3744 illic
1232 3706 1335 3744 non
1359 3690 1811 3758 complantabuu-

233 3770 349 3813 tur.
382 3759 625 3814 Charitas
648 3771 821 3814 autem
855 3762 924 3816 ibi
946 3777 1159 3831 semper
1190 3762 1507 3826 remanebit,
1536 3766 1657 3830 quia
1688 3766 1813 3817 cha-

236 3831 373 3884 ritas
406 3846 673 3897 nunquam
705 3832 916 3886 excidit.

325 3899 573 3954 Videbunt
611 3902 758 3971 justi.
800 3904 958 3968 Quasi
986 3902 1165 3957 dicat:
1199 3902 1348 3968 Quod
1397 3901 1535 3954 Deus
1564 3917 1691 3956 Vero
1736 3904 1815 3957 sic

234 3969 522 4024 damnabit
570 3969 732 4040 Doeg,
766 3988 868 4025 non
924 3975 1267 4039 infructuose,
1302 3972 1397 4027 sed
1455 3973 1653 4027 utiliter
1704 3974 1815 4025 suis

233 4043 425 4105 faciet,
455 4042 580 4114 quia
618 4044 751 4114 justi
773 4043 1033 4114 videbunt,
1066 4044 1117 4097 id
1140 4052 1241 4106 est,
1275 4045 1551 4114 attenderit
1600 4054 1653 4096 et
1684 4058 1818 4109 prie-

234 4121 452 4165 seutetn
476 4108 537 4165 et
561 4108 787 4166 iuius-aui
818 4113 934 4182 ejus
960 4108 1380 4168 damnationem.
1418 4108 1633 4182 lit-ideo
1678 4108 1817 4167 nunc

234 4183 368 4235 dum
419 4191 626 4250 tempus
666 4181 967 4251 noctisrcst,
1016 4183 1296 4239 timebunt.
1352 4183 1426 4236 De
1476 4181 1581 4235 hoc
1631 4185 1819 4236 timore

235 4252 370 4305 dicit
402 4252 729 4319 ApOstolus:
766 4254 829 4307 In
867 4256 1045 4307 timore
1073 4264 1117 4307 et
1164 4264 1377 4315 tremore
1414 4264 1631 4306 vestram
1674 4253 1817 4320 ipso-

237 4338 359 4373 rum
387 4335 649 4391 operantes
677 4325 919 4389 salutem;
962 4335 1015 4378 et
1044 4342 1057 4377 :
1090 4324 1190 4387 Qui
1212 4333 1331 4387 stat,
1359 4323 1520 4376 videat
1547 4340 1606 4375 ne
1627 4328 1776 4376 cadat
1798 4340 1817 4388 ;

240 4404 296 4445 et
323 4395 507 4484 itctuA:
528 4392 879 4484 .Considerans
902 4406 947 4484 te
974 4396 1159 4484 ipsum,
1188 4409 1250 4445 ne
1280 4404 1324 4446 et
1356 4405 1408 4447 tu
1440 4395 1659 4484 (emeris.
1680 4395 1816 4484 ⁸υιιιιι
1847 4426 1896 4484 D

240 4477 388 4516 enzm
431 4464 496 4515 ad
525 4464 789 4517 lucernam
821 4466 1155 4519 ambulamus
1176 4504 1188 4526 ,
1220 4478 1437 4518 necesse
1482 4475 1563 4517 est
1593 4475 1647 4517 ut
1679 4466 1728 4516 in
1764 4465 1823 4516 ti-

243 4547 397 4587 tnore
426 4535 693 4598 vivamus;
724 4550 863 4588 nunc
890 4546 1064 4588 autem
1084 4536 1149 4587 ad
1172 4538 1438 4586 lucernam
1466 4535 1815 4597 ambulamus,

241 4602 391 4674 juxta
416 4603 557 4670 quod
583 4604 712 4657 dicit
739 4605 926 4658 Petrus
948 4623 959 4656 :
988 4604 1198 4658 Habetis
1227 4613 1393 4655 autem
1421 4608 1685 4657 certiorem
1706 4619 1822 4674 pra-

243 4673 501 4741 plteticum
530 4689 828 4740 sermonem,
855 4676 935 4728 cui
967 4675 1087 4729 bene
1130 4674 1297 4741 facitis
1331 4677 1638 4727 attendentes
1676 4673 1824 4743 quasi

244 4747 473 4795 lucerna:
500 4746 550 4796 in
581 4743 790 4797 obscuro
828 4746 959 4805 loco,
1002 4744 1163 4797 donec
1202 4746 1306 4797 dies
1335 4745 1517 4813 veniat,
1562 4755 1609 4797 ct
1642 4745 1824 4813 lucifer

245 4815 451 4865 oriatur
500 4816 552 4867 in
588 4815 827 4868 cordibus
862 4818 1055 4869 vestris.
1088 4817 1238 4869 Nunc
1268 4812 1409 4867 enim
1451 4812 1823 4882 propheticum

245 4898 555 4937 sermonem
595 4887 909 4950 certiorem,
961 4890 1005 4940 id
1059 4900 1173 4951 est,
1231 4895 1407 4938 certas
1446 4885 1825 4952 promissiones

246 4956 534 5017 habemus,
564 4957 656 5008 sed
688 4957 739 5008 in
770 4957 998 5010 obscuro
1029 4956 1145 5009 loco
1174 4969 1356 5008 sumus
1382 4998 1395 5020 ,
1449 4956 1572 5022 quia
1622 4966 1823 5008 tantum

243 5039 315 5076 cx
356 5033 508 5089 parte
561 5026 926 5093 cognoscimus
954 5067 967 5089 ,
1020 5035 1073 5079 et
1125 5039 1509 5093 cognoscemus
1555 5040 1827 5093 quousque

245 5100 338 5146 lux
369 5095 455 5165 illa
482 5097 677 5161 veniat,
708 5096 775 5150 de
797 5112 898 5165 qua
929 5099 1126 5150 dictum
1151 5108 1229 5147 εει
1255 5094 1416 5147 :Cum
1446 5106 1614 5147 autem
1655 5113 1827 5164 appa-

241 5163 432 5227 ruerit,
457 5165 645 5219 similes
674 5169 720 5219 ei
747 5163 952 5231 erimus,
1004 5177 1048 5219 et
1088 5167 1366 5219 videbimus
1414 5182 1526 5217 eum
1555 5165 1707 5217 sicuti
1726 5163 1824 5219 cst.

243 5232 429 5297 Nunc,
479 5235 715 5303 inquam,
749 5237 1029 5298 timebunt,
1057 5246 1111 5291 et
1140 5237 1349 5288 tandem
1392 5237 1657 5297 ridebunt,
1704 5237 1827 5289 lacti

246 5318 384 5355 tunc
402 5318 569 5377 super
596 5322 717 5377 eum
740 5344 753 5369 ,
803 5309 1042 5377 quamvis
1072 5322 1210 5360 nunc
1241 5307 1346 5359 sitit
1375 5308 1473 5356 sub
1503 5322 1589 5357 eo.
1622 5307 1692 5358 lie
1730 5306 1829 5359 huc

248 5376 366 5425 risu
388 5374 668 5447 q$apieutia
697 5374 831 5429 dicit
856 5394 869 5428 :
906 5376 1188 5447 Loquebar,
1221 5390 1265 5428 et
1295 5393 1392 5427 non
1417 5377 1701 5426 attendislis
1725 5391 1831 5427 ser-

246 5443 492 5495 monibus
522 5448 660 5511 meis,
680 5463 770 5514 ego
787 5456 955 5500 autem
976 5443 1315 5507 subsunuubo,
1344 5455 1390 5496 et
1415 5447 1631 5507 desuper
1661 5447 1832 5497 ridebo

247 5515 317 5565 dc
347 5516 559 5567 interitu
592 5526 777 5570 nstro.
801 5517 948 5570 Nunc
970 5519 1110 5569 enim
1142 5528 1348 5583 tempus
1370 5514 1578 5567 dolendi
1608 5527 1659 5568 et
1683 5532 1829 5567 corn-

250 5586 499 5651 pattendi
521 5594 602 5636 est
634 5587 811 5652 malis,
842 5588 966 5640 dum
1001 5601 1282 5649 possumus
1311 5586 1390 5636 eis
1418 5586 1689 5651 prodesse,
1709 5600 1832 5652 quia

253 5663 310 5704 et
345 5664 473 5706 tunc
501 5657 714 5723 quidem
745 5658 845 5709 erit
893 5658 1199 5723 pmtiiteutia
1224 5697 1239 5721 ,
1270 5658 1362 5708 sed
1396 5657 1739 5709 iulructuosa.
1773 5658 1835 5708 Et

256 5723 389 5778 ideo
418 5733 474 5777 tu
513 5726 736 5795 quisque
764 5743 899 5782 nunc
935 5738 1215 5798 pmtuteas,
1236 5737 1291 5781 et
1321 5728 1419 5781 erit
1452 5735 1570 5782 tuus
1598 5728 1834 5781 advoca~

1911 3122 2109 3177 Judazis
2140 3126 2287 3178 fracti
2332 3122 2455 3181 sunt
2494 3140 2546 3183 et
2578 3122 2933 3188 loco'illor'um
2986 3122 3196 3188 humilis
3238 3139 3473 3188 oleaster

1906 3192 1975 3247 de
2002 3196 2254 3273 gentibus
2280 3200 2507 3273 insertus
2534 3211 2631 3254 est.
2656 3204 2814 3273 Quasi
2846 3206 3011 3256 dicat:
3044 3206 3184 3273 Docg
3214 3207 3330 3271 quia
3356 3220 3477 3271 spe-

1909 3267 2037 3315 ravit
2070 3266 2119 3316 in
2152 3268 2474 3340 multitudine
2517 3272 2813 3323 divitiarum
2841 3291 3068 3340 suarum,
3100 3266 3435 3327 dominabitur
3460 3289 3483 3335 ',

1909 3345 2219 3406 egogautem
2242 3337 2352 3404 jatu
2400 3340 2600 3404 positus
2646 3342 2696 3393 iit
2742 3344 2899 3396 domo
2934 3337 3118 3406 υείζιίι
3141 3355 3240 3405 εει,
3276 3342 3327 3396 iu
3359 3358 3472 3395 ete-

1910 3402 2028 3477 lesti
2062 3402 2264 3473 requie,
2295 3402 2411 3473 spe,
2444 3411 2542 3462 etsi
2571 3412 2803 3464 nondum
2838 3413 2891 3465 iii
2940 3430 2995 3467 re
3014 3402 3043 3477 ,⁷
3076 3402 3311 3468 exiSteus
3338 3414 3477 3466 sicut

1912 3474 2043 3525 oliva
2067 3478 2352 3544 fructifera.
2378 3477 2548 3551 _Olivaa
2576 3482 2714 3533 enim
2748 3484 2944 3537 fructus
2978 3474 3124 3537 tarde
3156 3494 3393 3551 apparet,
3417 3489 3477 3536 et

1913 3551 2089 3621 tamen
2121 3547 2461 3621 apparet.Sic
2476 3560 2527 3601 et
2550 3550 2751 3605 fructus
2774 3553 3037 3619 juStorum
3069 3547 3472 3621 tarde—quidem

1912 3616 2307 3689 eveniunt,sed
2343 3630 2517 3672 tamen
2549 3616 2898 3688 apparebunt.
2933 3624 2997 3677 Et
3046 3626 3161 3677 ideo
3190 3616 3386 3689 positus
3425 3625 3483 3675 in

1913 3684 2083 3762 domo
2114 3685 2225 3762 Dei,
2258 3690 2377 3762 quia
2424 3703 2526 3762 nou
2559 3684 2756 3759 speravi
2786 3695 2834 3744 in
2866 3696 3107 3762 pecunia,
3140 3684 3232 3745 sed
3284 3694 3335 3744 in
3387 3693 3487 3745 Dei

1914 3757 2278 3819 misericordia,
2314 3760 2446 3825 ipsa,
2475 3757 2614 3826 dico,
2649 3757 2881 3816 ducente
2925 3779 3008 3818 tne
3034 3757 3379 3825 inteternum.
3428 3762 3481 3815 id

1914 3834 2014 3889 est,
2046 3827 2118 3902 __iu
2174 3834 2424 3902 sacculum
2456 3831 2849 3885 subsecutivum
2895 3834 3046 3902 hujus
3091 3835 3283 3902 swculi.
3331 3832 3489 3896 Quod

1915 3906 1997 3947 cst
2025 3895 2234 3949 dicere:
2269 3899 2419 3963 Quod
2450 3916 2546 3966 ego
2567 3904 2763 3969 sperari
2788 3904 2838 3954 in
2868 3895 3210 3955 ritisizricordia
3243 3895 3480 3964 υίὶζῐεει

1916 3980 2020 4017 non
2050 3981 2145 4033 pro
2168 3970 2447 4035 teinpor..li
2479 3976 2779 4036 commodo,
2812 3974 2949 4026 sicut
2972 3976 3120 4025 inulti
3154 3973 3491 4035 l'aciunt,sed.

1919 4050 2014 4101 pro
2033 4048 2264 4109 Διιιτιετηο.
2290 4039 2429 4109 ‘Ego,
2472 4039 2705 4109 inquam,
2742 4044 2861 4096 talis
2906 4060 3012 4096 nun
3041 4045 3355 4107 damnabor,
3386 4043 3485 4095 sed

1917 4105 2195 4173 conﬁtebor
2243 4105 2362 4170 tibi,
2387 4110 2436 4161 id
2467 4105 2579 4175 εει,
2613 4112 2999 4166 confessionem
3049 4105 3367 4167 laudativam
3409 4111 3490 4165 ia-

1917 4176 2051 4227 ciant
2078 4176 2169 4228 tibi
2198 4178 2249 4230 in
2299 4181 2559 4241 saeculum.
2590 4181 2642 4234 id
2688 4192 2789 4246 est,
2840 4186 3185 4245 mteriialiter,
3232 4186 3330 4235 hoc
3380 4194 3487 4240 est.

1918 4250 2242 4301 a'lernatiler
2298 4250 2611 4305 sacrilicabo
2645 4252 2738 4305 tibi
2778 4254 2970 4307 vitulos
3022 4256 3299 4308 labiorum.
3347 4250 3489 4302 Beati

1919 4317 2049 4368 enim
2078 4319 2163 4384 qui
2191 4320 2414 4389 habitant
2444 4322 2495 4372 in
2521 4324 2668 4375 domo
2700 4332 2808 4389 tua,
2838 4322 3072 4388 Domine,
3094 4326 3145 4376 in
3177 4322 3365 4375 sarcula
3393 4336 3493 4373 ste-

1924 4389 2153 4437 culorum
2185 4387 2465 4442 laudabunt
2491 4399 2555 4443 te.
2591 4392 2653 4445 Et
2682 4387 2869 4447 merito
2900 4394 2989 4447 tibi
3017 4387 3331 4452 euulitebor,
3364 4390 3487 4457 quia

1924 4457 2095 4530 iecisti
2122 4460 2224 4511 tale
2249 4461 2462 4527 quidem
2506 4470 2561 4513 ut
2591 4463 2663 4515 sis
2693 4465 2885 4530 dignus
2927 4464 3149 4525 laudari,
3186 4463 3348 4530 Doeg.
3381 4475 3497 4513 set-

1922 4527 2064 4590 licet,
2098 4531 2379 4590 damnasti,
2410 4540 2463 4583 et
2515 4532 2677 4584 David
2728 4527 3018 4586 coronasti.
3054 4534 3146 4585 Vel
3180 4527 3347 4584 locasti
3406 4546 3496 4583 tne

1926 4598 2087 4669 talem
2112 4600 2199 4669 qui
2229 4599 2328 4653 situ
2356 4602 2548 4669 dignus
2572 4604 2894 4656 mtertialiter
2923 4614 2973 4657 te
3016 4604 3278 4655 damnari.
3313 4599 3492 4667 Con/i-

1923 4668 2065 4720 tebor
2096 4668 2185 4721 tibi
2216 4668 2447 4735 tandem,
2491 4681 2541 4723 et
2568 4687 2705 4725 nunc
2734 4674 2945 4727 interim
2974 4672 3273 4739 exspectabo
3311 4686 3495 4723 nomen

1926 4747 2090 4812 luunt,
2118 4740 2166 4792 id
2195 4748 2300 4805 est,
2333 4755 2436 4793 non
2471 4745 2802 4810 properando
2834 4744 3133 4812 praeripiam
3178 4744 3277 4795 hoc
3300 4756 3499 4794 nomen

1924 4810 2065 4876 quod
2096 4818 2179 4862 est
2210 4814 2371 4875 Deus,
2402 4812 2536 4864 sicut
2556 4814 2723 4866 Adam
2754 4810 2843 4878 qui
2872 4814 2972 4866 sibi
2996 4810 3156 4867 'Deus
3180 4826 3321 4875 esse,
3346 4819 3400 4864 et
3427 4812 3498 4864 de

1926 4893 2023 4931 suo
2055 4894 2205 4948 nutu,
2226 4882 2414 4935 nonde
2436 4891 2545 4946 tuo,
2578 4886 2744 4936 voluit
2774 4887 3026 4951 pendere,
3053 4890 3142 4937 sed
3174 4882 3501 4950 exspectabo

1929 4951 2194 5022 patienter
2221 4965 2499 5019 quousque
2533 4968 2627 5021 per
2654 4953 3070 5007 inisericot'diaut
3098 4964 3149 5007 et
3172 4953 3396 5022 gloriam
3428 4952 3497 5003 il-

1930 5020 2018 5072 lud
2051 5021 2245 5087 possim
2279 5020 2573 5090 acquirere.
2610 5025 2818 5077 Erimus
2850 5027 2989 5078 enim
3019 5020 3206 5079 omnes
3247 5022 3500 5090 SlClllhtlti

1932 5086 2281 5164 immortales
2305 5086 2375 5145 ει”
2405 5095 2755 5164 iinpassibiles
2788 5097 2928 5160 laeti,
2973 5095 3123 5164 juxta
3173 5094 3299 5148 illud
3342 5111 3355 5144 :
3389 5086 3503 5159 Ego

1930 5162 2070 5213 dat:
2093 5160 2176 5214 Dii
2193 5163 2329 5215 estis.
2357 5164 2419 5215 Et
2450 5163 2638 5215 merito
2670 5181 2845 5219 nomen
2875 5160 3015 5219 tuum
3041 5165 3351 5233 exspectabo,
3385 5174 3504 5226 qito-

1932 5247 2069 5284 niam
2099 5234 2270 5299 ipsum
2301 5243 2369 5285 cst
2393 5235 2603 5298 bonum,
2634 5234 2682 5285 id
2707 5248 2809 5301 cst,
2840 5249 2893 5289 et
2922 5252 3081 5288 suave
3111 5250 3161 5288 et
3203 5235 3355 5285 dulce
3384 5240 3500 5290 est;

1933 5313 1986 5355 et
2016 5305 2137 5369 quia
2170 5305 2317 5369 pauci
2350 5316 2472 5356 sunt
2504 5319 2589 5371 qun
2626 5306 2799 5357 adhuc
2828 5306 3165 5359 dulcedinem
3208 5304 3353 5356 illam
3385 5314 3505 5367 per-

1934 5384 2220 5439 cepisscut,
2250 5378 2315 5427 de
2336 5390 2435 5441 qua
2470 5376 2664 5427 dictum
2694 5390 2770 5427 est
2804 5394 2817 5427 :
2850 5375 3060 5429 Gustata
3092 5384 3135 5425 et
3169 5375 3344 5433 videte,
3373 5385 3506 5439 quo-

1935 5444 2074 5495 niam
2104 5447 2271 5497 suavis
2291 5455 2362 5497 est
2386 5444 2668 5509 Dominus;
2694 5454 2745 5498 et
2774 5446 2891 5499 ideo
2920 5444 3164 5499 nesciunt
3190 5442 3507 5495 suavitatem

1937 5516 2102 5579 illam,
2129 5517 2264 5567 sicut
2285 5526 2337 5567 et
2370 5514 2455 5567 ille
2481 5516 2567 5581 qui
2596 5515 2927 5570 dulcedinem
2960 5515 3132 5569 mellis
3166 5530 3268 5567 nou
3316 5519 3507 5579 gusta-

1939 5586 2031 5647 vit,
2058 5586 2226 5637 nescit
2252 5601 2407 5652 quam
2439 5586 2594 5637 dulce
2625 5587 2725 5639 incl
2757 5588 2845 5639 sit.
2872 5586 2993 5640 ldeo
3024 5586 3206 5639 subdit
3230 5594 3283 5637 et
3315 5582 3509 5651 quibus

1938 5670 2100 5707 suave
2131 5657 2218 5719 sit,
2250 5665 2303 5707 et
2339 5655 2575 5728 quando,
2608 5655 2788 5728 dicens
2822 5674 2832 5708 :
2870 5658 3124 5721 Quoniam
3154 5670 3333 5728 nomen
3363 5660 3540 5728 tuum.

1941 5736 2011 5779 cst
2043 5728 2253 5796 bonum,
2284 5726 2422 5795 quod
2456 5726 2731 5795 apparebit
2769 5728 2819 5785 in
2849 5736 3143 5798 conspectu,
3187 5726 3241 5783 id
3286 5732 3367 5781 est
3392 5762 3408 5789 ,
3450 5726 3535 5775 ω-
