3922 6190
520 286 627 343 750

1039 284 1241 342 BEDE
1287 282 1729 341 \‘ENERABILIS
1767 282 1915 337 Ol‘l’.
1954 279 2129 334 PARS
2169 281 2228 335 ll.
2262 280 2453 336 SECT.
2486 280 2642 335 ll.-—
2682 278 2879 334 DL'DIA
2923 279 3009 333 ET
3045 278 3304 336 SPURIA.

3603 281 3682 337 760

524 402 772 457 societate
801 411 1085 457 sanctorum
1114 410 1335 463 tuorum,
1367 398 1469 463 his,
1501 396 1721 461 scilicet,
1752 398 1838 461 qui
1870 394 1946 449 eis
1994 408 2084 447 as-
2113 394 2157 449 Α
2191 392 2452 452 ricndum,
2484 402 2623 447 nunc
2642 405 2759 444 esse
2786 392 3093 455 dolendum,
3130 391 3250 459 quia
3296 393 3423 445 hunc
3450 390 3586 463 linem
3612 393 3686 445 lia-

525 473 883 529 socitthttttlut‘.

1030 538 1092 595 IN
1132 536 1450 591 PSALSIUM
1493 536 1598 589 LII.

632 635 686 697 In
724 634 878 686 linem
912 644 1007 699 pro
1050 628 1391 696 Abimelech,
1426 628 1725 681 intellectus
1770 625 1955 679 David.

1128 734 1503 774 ARGUMENTUII.

600 813 661 868 Et
689 814 776 867 hic
820 814 1053 879 psalmus
1081 811 1356 865 Baltsacen
1388 810 1631 879 percutit.
1666 811 1829 861 Aliter
1861 810 2099 874 increpat

530 885 738 937 luiiwos
776 884 1072 937 incredulos
1097 882 1346 945 operibus
1377 895 1630 940 negantes
1675 879 1862 933 Deum.
1893 880 2095 948 Legen-

531 958 632 1009 dus
659 957 726 1008 ad
757 952 1096 1024 Evangelium
1129 953 1380 1009 Matthmi.

1140 1060 1486 1099 EXPLANATIO.

606 1138 800 1206 Ilegum
825 1146 998 1189 narrat
1026 1136 1253 1199 historia,
1298 1151 1411 1187 cum
1443 1134 1607 1187 David
1646 1136 1786 1202 apud
1812 1133 1965 1186 Achis
2010 1149 2099 1185 ex-

534 1205 745 1269 sularet,
768 1217 814 1259 et
836 1223 947 1258 cum
975 1222 1033 1259 eo
1064 1206 1383 1259 descenderet
1404 1206 1458 1258 in
1478 1218 1642 1257 castra
1664 1206 1731 1257 ad
1765 1205 2103 1269 prwliandum

535 1286 709 1329 contra
741 1276 891 1337 Saul,
911 1276 1227 1328 latrunculos
1259 1273 1462 1328 Amalec
1490 1286 1711 1328 vastasse
1736 1276 1981 1329 civitatem
2012 1274 2102 1328 Si-

536 1347 708 1415 ct'lcg,
747 1346 1003 1413 raptisque
1056 1344 1223 1399 David
1266 1358 1314 1399 et
1363 1347 1615 1398 sociorum
1668 1347 1779 1414 ejus
1829 1345 2101 1415 uxoribus.

537 1413 661 1485 [iiii
687 1433 746 1467 ac
770 1417 1081 1481 substantiis,
1110 1418 1323 1479 abiisse;
1351 1425 1396 1468 et
1419 1418 1513 1468 hoc
1541 1413 1795 1484 comperto
1831 1413 1992 1465 David
2020 1430 2105 1466 eos

540 1495 851 1554 persecutum
879 1502 1002 1550 esse,
1028 1500 1073 1537 et
1098 1487 1229 1539 inter
1255 1486 1482 1538 convivia
1526 1501 1615 1553 rep
1646 1495 1749 1537 rtos
1778 1486 2105 1538 internecioni

539 1557 752 1609 dedisse.
777 1554 1036 1609 Intellexit
1066 1572 1182 1625 ergo
1217 1556 1377 1608 David
1407 1556 1662 1608 Christum
1691 1558 1753 1606 de
1791 1571 1884 1625 sup
1921 1558 2108 1609 semine

543 1629 871 1690 nasciturum,
890 1624 1208 1695 gentiumque
1233 1628 1596 1695 persecutiones
1625 1634 1801 1676 Conlra
1826 1624 2107 1695 Ecclesium

543 1698 676 1767 ejus,
704 1698 853 1763 (ιιιπεὶ
883 1694 1086 1749 Amalec
1112 1694 1287 1748 contra
1312 1694 1510 1764 Siceleg
1539 1696 1787 1767 civitatem
1812 1694 1974 1767 David
2002 1710 2109 1767 ρπβ

541 1762 821 1830 δῖειεῆιιτιιε,
851 1768 937 1819 sed
984 1769 1182 1818 easdem
1222 1781 1340 1817 mox
1394 1780 1454 1817 ne
1482 1762 1695 1815 animos
1734 1781 1857 1831 quas
1896 1765 1957 1815 de
2005 1762 2107 1816 Ec-

543 1836 698 1895 clesia
727 1845 1001 1901 rapuerant
1032 1837 1220 1900 possint
1249 1836 1493 1895 occidere,
1527 1834 1727 1886 Christo
1754 1834 1957 1890 victore.
1990 1851 2110 1896 pro-

548 1910 865 1971 sternendas,
889 1904 966 1959 vel
992 1909 1059 1956 ad
1081 1906 1229 1970 ﬁdem
1267 1905 1475 1968 scilicet,
1521 1906 1596 1956 vel
1623 1905 1690 1955 ad
1716 1904 2107 1956 damnationem.

547 1973 614 2028 Et
635 1976 748 2028 ideo
773 1986 903 2027 recte
927 1975 1104 2027 titulus
1124 1975 1245 2026 dicit
1274 1990 1294 2028 :
1319 1973 1381 2026 In
1413 1974 1512 2041 ﬁne
1551 1991 1645 2043 pro
1677 1974 1900 2035 Amalec,
1928 1974 1981 2027 id
2009 1985 2106 2035 est,

547 2049 599 2096 in
636 2044 892 2097 Christum
921 2061 1013 2113 pro
1053 2046 1282 2113 gentibus
1310 2044 1590 2096 intellectus
1636 2044 1816 2105 David,
1842 2044 1961 2111 quia
2005 2045 2113 2113 ipse

549 2114 799 2168 intellexit
820 2115 941 2181 quid
982 2116 1086 2166 ha’c
1114 2131 1225 2181 qua:
1254 2124 1473 2184 gesserat
1504 2116 1728 2182 mysterii
1772 2114 2012 2167 salutaris
2042 2125 2112 2167 te-

553 2194 744 2237 nerent.
768 2187 975 2238 Amalec
1002 2183 1359 2253 interpretatur
1403 2186 1626 2250 pupulas
1675 2183 1912 2236 lambens
1939 2225 1952 2245 ,
1996 2187 2115 2252 quia

549 2255 635 2317 qui
666 2265 861 2307 terrena
904 2255 1115 2323 nimium
1154 2255 1469 2313 desiderant,
1502 2256 1653 2306 etiam
1681 2253 1945 2307 ambiendo
1967 2255 2115 2323 quasi

550 2325 769 2378 lambere
795 2325 1046 2378 videntur.
1082 2322 1183 2377 Pro
1212 2324 1392 2377 horum
1419 2340 1540 2393 ergo
1562 2325 1880 2377 conversione
1914 2322 1988 2377 vel
2015 2342 2112 2393 pu-

551 2396 738 2446 nitione
754 2398 979 2463 psalmus
1000 2398 1094 2447 iste
1114 2394 1383 2461 formatur.
1404 2396 1467 2446 lu
1494 2396 1658 2463 primo
1686 2393 1905 2446 membro
1934 2397 2117 2460 psalmi

556 2464 784 2517 Ecclesia
812 2466 1053 2528 loquitur,
1077 2467 1343 2534 increpans
1365 2480 1447 2517 eos
1469 2464 1554 2530 qui
1577 2464 1651 2516 vel
1681 2464 1832 2518 corde
1856 2466 1931 2515 vel
1970 2481 2119 2531 opere

552 2538 807 2601 corrumpi
842 2551 939 2587 non
964 2543 1209 2586 metuunt.
1236 2535 1299 2585 In
1322 2537 1542 2586 secundo
1565 2533 1688 2585 dicit
1718 2550 1802 2587 eos
1832 2548 2117 2600 recepIuros

553 2608 687 2655 mata
716 2620 829 2670 qute
856 2604 1057 2670 fecerint
1097 2601 1416 2657 Christianis.
1444 2601 1512 2655 In
1548 2605 1693 2657 tertio
1742 2604 1919 2667 ﬁdeles
1952 2612 2119 2657 monet

553 2674 899 2737 u'quanimiter
926 2672 1101 2726 surculi
1157 2676 1289 2741 ferre
1330 2675 1587 2726 molestias
1608 2711 1623 2731 .
1675 2676 1832 2726 donec
1853 2674 2117 2741 judicium

557 2744 835 2813 majestatis
862 2745 1115 2810 adveniat,
1146 2743 1230 2796 ubi
1270 2758 1441 2797 omnes
1485 2743 1614 2797 beati
1653 2744 1959 2811 induantur,
1991 2742 2122 2807 bona

555 2814 818 2882 recipient.

1129 2898 1549 2940 COIIENTAMUS.

633 2976 772 3029 Dixit
800 2976 1042 3043 insipiens
1082 2975 1135 3027 in
1172 2974 1326 3028 corde
1357 2990 1449 3030 suo
1489 2990 1590 3027 non
1628 2984 1701 3027 est
1732 2972 1887 3026 Deus.
1914 2973 2122 3029 Titulus

559 3059 635 3099 est
668 3048 784 3099 talis
816 3063 828 3098 :
859 3044 923 3096 In
945 3044 1097 3111 finem
1124 3062 1217 3114 pro
1249 3046 1471 3107 Amalec,
1505 3045 1585 3097 vel
1634 3058 1730 3114 pro
1775 3043 2000 3109 Melech,
2039 3060 2121 3098 su-

562 3118 783 3169 tellectus
824 3115 920 3182 ipsi
946 3113 1131 3167 David.
1174 3114 1388 3169 Amalec
1428 3114 1650 3182 populus
1678 3113 1776 3166 fuit
1821 3126 2125 3179 persecutor

560 3188 726 3240 sancti
757 3185 938 3250 David,
973 3196 1024 3241 et
1071 3187 1217 3253 regni
1248 3187 1311 3238 ad
1344 3185 1512 3252 ipsum
1554 3182 1897 3251 pertinentis,
1942 3186 1991 3235 id
2022 3196 2123 3249 est,

562 3256 887 3320 lsraeliticaa,
918 3254 1111 3325 gentis.
1144 3256 1241 3322 Qui
1283 3257 1483 3310 scilicet
1513 3256 1727 3309 Amalec
1764 3254 1972 3325 Siceleg
1997 3256 2127 3309 civi-

565 3337 723 3380 tatem
746 3323 1039 3390 succendit,
1072 3334 1125 3379 et
1152 3325 1274 3379 inde
1300 3341 1519 3380 uxorem
1552 3325 1717 3380 David
1770 3333 1825 3378 et
1868 3323 2126 3380 latuiliam

564 3410 684 3450 cum
717 3396 962 3450 facultate
985 3396 1099 3462 ejus
1138 3395 1375 3463 diripuit.
1412 3398 1476 3449 Et
1516 3396 1934 3460 interpretantur
1960 3398 2127 3448 Atua-

568 3467 739 3535 leciue
784 3466 1033 3535 tingentes
1082 3473 1289 3532 terram,
1322 3481 1415 3533 per
1463 3480 1598 3534 quos
1644 3474 1912 3519 amatores
1941 3466 2129 3520 mundi

568 3534 949 3603 intelliguntur,
974 3537 1042 3589 de
1066 3535 1255 3603 quibus
1277 3548 1495 3589 necesse
1518 3544 1599 3589 est
1623 3547 1675 3587 ut
1691 3542 1955 3589 amatores
1981 3537 2128 3600 cceli,

567 3605 655 3671 qui
688 3620 778 3675 per
813 3605 987 3675 David
1031 3605 1412 3675 intelliguntur,
1459 3607 1879 3675 persecutionem
1923 3606 2128 3675 patian-

574 3683 677 3727 tur.
708 3673 917 3727 Titulus
947 3674 1027 3728 sic
1053 3673 1335 3742 exponitur
1362 3692 1376 3727 :
1409 3675 1529 3728 llaec
1558 3675 1715 3727 verba
1748 3674 2046 3728 referuntur
2074 3674 2125 3729 in

574 3744 732 3797 ﬁnem
780 3754 1099 3812 temporum,
1148 3745 1197 3798 id
1251 3752 1367 3805 est.
1409 3746 1473 3797 ad
1522 3744 1793 3798 Christum
1845 3751 2026 3798 natum
2075 3744 2129 3799 in

570 3812 677 3867 line
705 3821 1023 3881 temporum,
1038 3814 1188 3882 juxta
1214 3814 1354 3881 quod
1380 3813 1456 3868 ait
1479 3814 1764 3880 Apostolus
1798 3832 1809 3866 :
1846 3813 2133 3870 Novissime

570 3884 711 3953 vobis
739 3885 937 3937 locutus
961 3893 1034 3937 est
1070 3885 1122 3938 in
1152 3884 1311 3949 Filio,
1344 3892 1397 3939 et
1443 3883 1564 3953 quia
1607 3884 1849 3938 Christus
1876 3894 1958 3937 est
1989 3885 2130 3950 linis,

575 3951 639 4023 in
659 3968 815 4016 quem
866 3955 1118 4022 quidquid
1170 3955 1292 4009 boni
1324 3951 1527 4023 agimus
1576 3954 1877 4022 dirigitnus.
1927 3963 1981 4007 et
2027 3969 2133 4021 quo

576 4021 771 4086 adepto
818 4021 949 4076 nihil
994 4021 1074 4077 est
1103 4025 1242 4093 quod
1293 4021 1427 4078 ult'ta
1488 4033 1750 4092 petamus.
1797 4023 1926 4090 Quae
1972 4026 2134 4080 verba

580 4101 705 4162 sunt
723 4093 1021 4158 promisitus
1047 4095 1343 4148 intellectus
1369 4094 1465 4161 ipsi
1497 4094 1777 4160 David,vel
1807 4093 2136 4162 dignioribus

578 4159 649 4214 de
673 4176 893 4231 corpore
914 4163 1131 4226 Christi,
1162 4179 1255 4229 pro
1284 4159 1516 4229 Atttalec,
1548 4165 1598 4217 id
1630 4159 1732 4228 est,
1766 4159 2137 4231 pro'persecua

580 4231 746 4283 tione.
781 4230 1068 4299 liedarguit
1095 4232 1235 4287 enim
1268 4233 1522 4301 propheta
1553 4234 1603 4287 in
1637 4236 1735 4286 hoc
1765 4238 1969 4300 psalmo
2017 4246 2135 4301 per-

578 4309 850 4370 secutores
881 4302 1117 4367 corporis
1144 4302 1363 4365 Christi,
1394 4312 1446 4355 et
1476 4302 1785 4355 exhortatur
1812 4302 1982 4370 ipsum
2010 4318 2132 4357 cor-

582 4381 701 4435 pus,
726 4369 905 4442 idest,
938 4370 1251 4437 Ecclesium,
1275 4380 1330 4424 ut
1358 4387 1477 4425 cum
1508 4373 1650 4426 omni
1691 4372 1941 4442 patientia
1972 4373 2134 4427 susti-

583 4424 706 4495 itea't
736 4424 1124 4510 tribulationem
1168 4424 1251 4495 et'
1270 4424 1715 4509 persecutionem:
1739 4424 1895 4510 atque
1923 4424 2135 4496 tandem
2166 4424 2210 4483 ι)

583 4508 768 4563 inserit
803 4508 967 4576 ipsius
991 4510 1232 4579 corporis
1272 4512 1711 4566 consolationem.
1749 4508 1896 4566 Utide
1924 4510 2053 4564 dicit
2084 4514 2136 4566 in

582 4579 733 4649 titulo
759 4580 898 4643 quod
928 4580 995 4633 sit
1041 4582 1274 4649 psalmus
1327 4582 1428 4636 iste
1474 4582 1798 4647 intellectus,
1841 4582 2139 4649 pr0positus

560 4647 808 4707 ﬁdelibus
833 4663 930 4718 pro
942 4647 1330 4716 persecutione,
1354 4652 1577 4719 scilicet,
1602 4662 1658 4705 ut
1681 4647 1978 4719 intelligant
2003 4652 2140 4705 tole-

582 4720 802 4789 randam
828 4733 949 4789 esse
981 4723 1422 4788 persecutionem,
1449 4726 1568 4789 quia
1600 4724 1757 4774 linem
1787 4722 2002 4774 habebit
2022 4736 2137 4787 per-

583 4787 807 4860 secutio,
829 4788 920 4841 sed
952 4790 1224 4860 pra-miunt
1248 4787 1630 4860 persecutionis
1660 4793 1819 4844 linem
1850 4804 1955 4847 non
1976 4790 2140 4844 habe-

585 4856 681 4910 bit.
717 4856 805 4910 Vel
840 4859 1180 4930 prttMelech,
1229 4856 1283 4912 tit
1314 4860 1665 4930 Hieronymus
1694 4863 1843 4926 dicit,
1867 4861 2141 4927 interpre-

586 4935 723 4977 tatur
751 4928 1054 4993 parturiens,
1088 4930 1202 4981 sive
1224 4931 1419 4983 dolens.
1448 4928 1576 4996 Quts
1604 4945 1777 4984 autem
1805 4931 1890 4983 hic
1919 4940 2000 4982 est
2022 4944 2141 4996 par-

586 4996 805 5067 turiens,
831 4998 950 5067 sive
979 4998 1197 5051 dolens?
1224 5000 1447 5067 Corpus,
1479 5001 1703 5062 scilicet,
1733 4998 1955 5053 Christi.
1984 4999 2140 5054 Dolet

586 5066 729 5138 enim
763 5065 944 5138 videns
985 5070 1123 5138 quod
1152 5069 1270 5135 quia
1305 5065 1729 5138 superabundabit
1766 5071 2029 5138 iniquitas,
2055 5084 2139 5121 re-

584 5135 729 5204 frixit
758 5135 982 5204 charitas
1004 5135 1307 5189 multorum.
1352 5135 1583 5193 Parturit
1611 5153 1738 5193 vero
1759 5135 1879 5193 illos
1922 5138 2140 5193 eosdem

582 5219 683 5332 pro
713 5204 897 5284 quibus
914 5203 1078 5285 dolet,
1093 5220 1212 5258 cum
1238 5208 1442 5277 aliquos
1467 5223 1532 5263 ex
1562 5210 1639 5263 eis
1657 5209 1832 5275 impiis
1857 5206 1981 5262 facit
2002 5209 2138 5275 pios.

628 5284 854 5327 arturtre
899 5288 1039 5327 enim
1084 5284 1167 5329 est
1212 5288 1333 5330 cum
1382 5278 1645 5332 laborare.
1681 5277 1833 5332 Unde
1877 5277 2138 5332 quoddam

628 5273 854 5327 arturire
899 5274 1039 5344 enim
1084 5284 1167 5329 est
1212 5273 1344 5330 cum'
1382 5278 1645 5332 laborare.
1681 5273 1833 5333 [inde
1877 5273 2141 5344 quoddam

582 5345 880 5418 membrum
914 5343 1068 5418 huius
1116 5346 1356 5418 corporis
1407 5346 1663 5401 charitate
1709 5343 1985 5418 praegnans
2007 5348 2140 5418 ait:

585 5411 765 5487 Filioli
827 5411 1173 5487 men—quos
1198 5411 1378 5469 iterum
1444 5411 1725 5487 partui-io;
1768 5411 1929 5470 dauec
1988 5414 2143 5487 Chri-

583 5492 692 5555 stus
720 5484 963 5552 formetur
985 5485 1038 5537 in
1063 5486 1220 5555 vobis.
1258 5488 1350 5542 Est
1380 5484 1556 5555 itaque
1586 5489 1819 5555 psalmus
1859 5488 1961 5539 iste
1984 5486 2139 5539 intel-

584 5552 754 5606 lectus
774 5555 1080 5624 propositus
1109 5553 1209 5623 ipsi
1244 5555 1407 5623 David
1436 5552 1532 5624 pro
1563 5552 1786 5621 Delecli,
1813 5556 1867 5610 id
1897 5567 1999 5621 est,
2048 5570 2143 5622 pro

581 5622 930 5695 parturiente,
966 5625 1082 5678 sive
1107 5622 1340 5695 dolente,
1379 5622 1479 5679 hoc
1506 5637 1608 5691 est,
1641 5637 1695 5679 ut
1722 5626 1982 5695 intelligat
2019 5639 2140 5678 cor-

588 5705 685 5755 pus
722 5691 923 5751 Christi
952 5693 1248 5764 parturiens
1296 5691 1349 5751 et
1396 5697 1583 5751 dolens
1626 5712 1769 5751 nunc
1821 5691 1940 5753 esse
1972 5708 2145 5765 partu-

2191 463 2413 526 bebunt,
2469 464 2684 529 praemia
2732 477 2855 514 vero
2902 476 3087 514 eorum
3155 477 3407 529 nunquam
3463 462 3686 516 habebunt

2194 532 2374 585 linem.
2422 532 2488 585 Et
2513 531 2784 597 redarguit
2820 531 2902 584 hic
2931 531 3181 597 propheta
3228 531 3341 584 illos
3367 546 3558 599 proper
3581 547 3689 593 quos

2193 616 2385 668 corpus
2407 600 2603 654 Christi
2634 600 2801 664 dolet,
2826 610 2985 668 atque
3013 600 3248 663 demum,
3277 603 3405 654 sicut
3427 600 3687 665 pra-dictum

2194 683 2298 739 est,
2319 672 2734 725 consolationem
2763 672 2880 738 ejus
2903 670 3189 724 interserit.
3215 670 3289 725 Ne
3308 668 3549 734 superﬂue
3580 672 3690 737 petil-

2196 757 2315 794 mus
2344 742 2442 796 iste
2489 743 2743 807 repetitus
2771 740 3050 803 videatur,
3091 740 3206 806 quia
3255 741 3318 795 ad
3346 740 3476 793 aliud
3509 740 3599 804 hic,
3636 740 3689 795 sd

2198 811 2339 864 aliud
2366 813 2627 879 superius,
2653 810 3046 870 intendebatur.
3092 811 3192 875 Qui
3224 824 3347 865 vero
3392 817 3504 863 sunt
3532 810 3593 863 illi
3620 824 3693 873 pro

2199 882 2389 943 quibus
2436 883 2578 933 dolet
2625 891 2680 934 et
2736 881 2963 947 parturit
3014 894 3207 948 corpus
3252 880 3453 943 Christi,
3503 881 3694 942 psalmus

2201 951 2300 1002 iste
2329 953 2497 1018 aperit
2525 949 2710 1003 dicens
2739 967 2750 1001 :
2788 949 3041 1017 lnsipiens
3072 952 3291 1017 populus
3331 966 3427 1003 non
3457 948 3693 1015 providens

2201 1021 2299 1072 sibi
2334 1019 2385 1072 itt
2417 1019 2673 1082 luturum,
2704 1020 2838 1072 dixit
2864 1021 2987 1085 quia
3034 1035 3132 1071 non
3177 1030 3248 1072 est
3294 1018 3442 1072 Deus.
3473 1018 3529 1071 Et
3551 1020 3633 1072 hoc
3654 1021 3695 1070 in

2202 1090 2353 1143 sorde
2376 1105 2490 1150 suo,
2524 1089 2574 1142 id
2600 1099 2704 1150 est.
2732 1090 2783 1142 in
2811 1090 3134 1157 cogitatione
3163 1104 3276 1142 sua.
3310 1088 3442 1143 Multi
3470 1088 3606 1141 etiam
3627 1103 3699 1141 lll’e

2204 1160 2393 1213 dicunt
2409 1159 2530 1228 quia
2562 1175 2665 1211 non
2692 1158 2964 1228 estDeus.
2993 1159 3096 1213 Sed
3141 1168 3196 1211 ιιι
3223 1158 3563 1228 universaliter
3588 1159 3698 1228 accie

2206 1226 2443 1293 peretur,
2467 1229 2586 1282 ideo
2608 1229 2747 1281 dixit
2774 1226 2837 1280 In
2868 1228 3021 1281 corde
3048 1245 3157 1281 suo.
3182 1228 3372 1281 Omnes
3390 1227 3516 1280 enim
3542 1227 3601 1280 illi
3624 1227 3692 1293 qui

2205 1299 2434 1366 cogitant
2460 1297 2569 1352 Deo
2590 1302 2796 1366 placere
2814 1298 3144 1367 iniquitatem
3176 1298 3469 1364 suam,quia
3497 1311 3698 1364 superse-

2206 1369 2295 1421 det
2320 1384 2349 1421 a
2381 1368 2628 1434 vindicta,
2676 1383 2773 1422 nec
2823 1368 3003 1421 statim
3035 1368 3185 1435 punit
3215 1382 3351 1432 eam,
3385 1369 3532 1419 Deum
3557 1378 3701 1432 aperte

2211 1454 2314 1490 non
2340 1452 2460 1491 esse
2489 1438 2688 1491 dicunt.
2720 1438 2851 1503 Quia
2882 1436 2929 1490 si
2959 1437 3099 1492 Deus
3127 1448 3229 1498 est,
3259 1435 3540 1490 necessario
3562 1436 3701 1502 justus

2208 1520 2318 1573 est;
2349 1516 2404 1561 et
2428 1508 2471 1561 si
2491 1509 2663 1577 justus
2680 1516 2783 1571 est,
2818 1507 2956 1561 nulla
2984 1508 3033 1562 ei
3058 1506 3304 1575 iniquitas
3322 1506 3581 1577 placetJlti
3604 1518 3703 1558 vero

2208 1580 2295 1644 qui
2327 1574 2653 1646 iniquitatem
2680 1581 2730 1632 ei
2778 1578 2987 1645 placere
3015 1574 3220 1645 putauit,
3254 1574 3369 1647 quia
3398 1576 3636 1629 destruunt
3663 1576 3704 1626 in

2210 1648 2520 1712 cojustutn,
2542 1648 2819 1702 destruunt
2848 1657 2900 1700 et
2930 1647 3113 1702 Deum.

2147 1734 2186 1791 Β
2230 1785 2256 1791 _
2283 1716 2521 1791 Corrupti
2546 1727 2682 1771 sunt.
2712 1717 2967 1783 lusipiens
3002 1716 3228 1791 populus
3257 1715 3381 1769 dicit
3416 1714 3524 1791 quia
3548 1722 3706 1791 nonest

2216 1785 2385 1850 Deus;
2408 1781 2507 1840 hoc
2534 1798 2712 1841 autem
2739 1781 2844 1840 non
2862 1798 2943 1842 est
2972 1781 3123 1854 culpa
3154 1795 3377 1850 naturrc,
3399 1785 3483 1839 sed
3508 1783 3607 1854 quia
3628 1781 3705 1849 ipsi

2213 1858 2455 1926 corrupti
2478 1866 2603 1911 sunt
2628 1877 2655 1909 a
2686 1858 2821 1911 bona
2848 1853 3071 1921 natura,
3089 1857 3138 1909 in
3161 1871 3262 1925 qua
3286 1857 3439 1909 creati
3459 1853 3707 1926 sunt,jttttt_a

2215 1926 2340 2001 illud
2369 1923 2388 1978 Ξ
2402 1925 2482 2001 _Et
2501 1928 2625 1981 vidit
2642 1927 2785 2001 Deus
2806 1938 2989 2001 cuncta
3016 1942 3131 2001 qua:
3153 1923 3370 2001 fecerat,
3390 1937 3433 1978 et
3456 1923 3708 2001 erantpaltic

2215 1998 2366 2050 bona.
2402 1997 2541 2050 Dona
2569 1998 2709 2051 enim
2741 2008 2924 2050 natura
2964 1994 3036 2050 ini
3062 1994 3276 2050 homine
3305 1997 3417 2060 luit,
3443 1994 3641 2062 quandiu
3667 1994 3707 2044 in

2218 2067 2547 2133 plenitudine
2584 2068 2793 2121 virtutis
2842 2068 3056 2128 mansit,
3103 2067 3226 2132 quia
3282 2066 3463 2120 bOnam
3513 2073 3709 2133 naturam

2219 2132 2622 2210 praevaricando
2658 2135 3124 2210 antisit.ACor_rupti
3151 2145 3287 2210 sunt,
3321 2136 3535 2210 inquam,
3561 2144 3604 2185 et
3622 2132 3713 2210 ideo

2217 2206 2341 2275 facti
2361 2216 2476 2259 sunt
2515 2224 2546 2260 a
2575 2209 2795 2261 Domino
2817 2202 3197 2268 abominabiles,
3230 2207 3277 2258 id
3306 2216 3406 2270 est,
3444 2202 3712 2275 eshmredati

2217 2272 2273 2328 et
2313 2277 2976 2348 essecrabiles.rQuandiu
3020 2278 3175 2348 enim
3221 2278 3353 2330 bene
3398 2274 3567 2348 aliquis
3613 2272 3709 2348 agit,

2224 2346 2407 2399 tandiu
2451 2356 2650 2399 tantum
2702 2342 2951 2399 Dominus
2984 2346 3349 2400 hmreditatetn
3393 2346 3439 2397 ei
3490 2342 3711 2409 promittit.

2220 2415 2341 2480 ipsi,
2374 2415 2515 2490 dico,
2548 2428 2711 2490 entes
2746 2418 2797 2469 in
2850 2417 3232 2490 iniquitatibus,
3268 2417 3313 2468 id
3354 2425 3455 2490 est,
3492 2429 3578 2490 non
3604 2418 3712 2490 dest:

2219 2494 2424 2605 :tentes
2449 2487 2517 2541 ab
2548 2488 2841 2556 iniquitate,
2873 2482 2990 2554 quia
3022 2502 3121 2538 non
3169 2495 3243 2540 est
3285 2491 3333 2539 in
3382 2487 3455 2539 eis
3495 2482 3571 2552 qui
3594 2482 3714 2551 facit“

2254 2572 2427 2605 unum.

2254 2572 2427 2609 unum.

2293 2625 2433 2697 Deus
2457 2625 2521 2679 de
2541 2625 2663 2679 calo
2686 2627 2963 2694 prospeait.
2986 2624 3092 2697 Cor
3117 2624 3329 2697 quidem
3357 2620 3623 2697 insipientis
3644 2633 3715 2697 au:

2224 2694 2329 2749 fert
2355 2695 2544 2760 Deum,
2570 2710 2662 2749 cor
2686 2691 2898 2765 quidem
2926 2691 3197 2764 sapientis,
3234 2695 3286 2748 id
3330 2705 3429 2757 est,
3455 2691 3719 2765 justi,po_uit

2224 2765 2408 2827 Deum,
2440 2766 2559 2833 quia
2581 2765 2649 2820 de
2670 2761 2826 2830 cinlu,
2854 2767 2905 2820 id
2927 2761 3030 2831 est,
3056 2767 3121 2818 de
3142 2767 3306 2818 corde
3331 2765 3468 2830 jusu,
3492 2763 3609 2827 quod
3628 2761 3719 2810 ideo

2222 2835 2417 2906 emittm
2456 2834 2666 2900 dicitur,
2689 2838 2809 2904 quia
2838 2851 3049 2903 semper
3068 2835 3129 2906 in
3177 2836 3316 2889 uelo
3341 2840 3664 2906 conversatur,
3680 2836 3721 2879 et

2223 2904 2313 2974 ulti
2344 2905 2484 2959 Deus
2513 2902 2717 2972 manet,
2727 2908 2847 2974 quia
2869 2902 3041 2959 anima
3059 2905 3182 2973 justi
3211 2906 3363 2957 sedes
3381 2914 3455 2974 est
3482 2902 3718 2974 sapientis.

2226 2973 2302 3035 De
2328 2975 2444 3040 illo,
2472 2968 2708 3043 inquam,
2746 2968 2881 3030 'ctelo
2930 2968 3185 3045 prospexit
3224 2976 3386 3039 Deus,
3418 2973 3463 3045 id
3491 2980 3577 3030 est.
3615 2968 3720 3019 Deus

2228 3045 2353 3117 fecit
2380 3045 2508 3117 illud
2538 3042 2766 3110 cmlum,
2800 3048 2848 3098 id
2890 3042 3009 3109 est,
3062 3046 3236 3113 justos
3292 3042 3566 3117 prospicere
3607 3051 3722 3117 sunt

2228 3115 2364 3181 filios
2390 3115 2671 3180 hominum,
2713 3118 2762 3168 id
2795 3126 2895 3182 est,
2938 3131 2967 3167 a
3011 3111 3163 3182 longe
3198 3117 3321 3167 lecit
3357 3115 3574 3182 aspicere
3617 3111 3721 3156 lilios

2229 3180 2522 3249 hominum,
2544 3184 2595 3237 id
2615 3195 2718 3249 est,
2742 3180 3179 3253 inale'operant'es
3201 3199 3234 3236 a
3255 3184 3425 3251 longe,
3442 3180 3625 3249 quidem
3644 3191 3720 3225 uoti

2226 3254 2516 3308 secundum
2547 3255 2741 3319 locum,
2766 3256 2859 3308 sed
2900 3257 3188 3310 secundum
3213 3254 3511 3322 dignitatem
3540 3260 3719 3322 motui“.

2229 3324 2374 3389 ipsos
2419 3323 2541 3379 dico
2571 3315 2768 3393 positos
2818 3340 2912 3393 per
2938 3324 3250 3392 dignitatem
3273 3315 3455 3393 'super_
3474 3332 3571 3372 eos.
3611 3315 3723 3369 Solet

2228 3390 2626 3465 nattiquesaci'a
2644 3390 2917 3465 Scriptura
2945 3390 3150 3462 eaqum
3170 3407 3280 3465 per
3310 3406 3403 3444 nos
3423 3390 3552 3465 Deus
3577 3398 3720 3465 opera-

2229 3473 2328 3585 ξιτ,
2365 3454 2467 3543 ᾗ)ιί
2514 3454 2840 3526 attribuere,
2895 3474 2961 3544 ut.
2991 3454 3075 3544 ubi
3127 3454 3324 3516 dicitur
3368 3480 3379 3514 :
3412 3459 3522 3529 Ipse
3563 3454 3726 3531 quidni:

2278 3542 2459 3585 ntrttus
2478 3535 2701 3585 postulat
2724 3550 2816 3585 pro
2846 3536 3006 3585 nobis.
3036 3535 3083 3585 td
3114 3541 3218 3585 est.
3250 3532 3502 3585 postulare
3533 3538 3614 3579 nos
3634 3526 3726 3574 lactt

2276 3526 2459 3605 pirit'us
2478 3535 2701 3603 postulat
2724 3550 2816 3605 pro
2846 3536 3006 3593 nobis.
3036 3535 3083 3586 id
3114 3541 3218 3598 est,
3250 3526 3502 3605 postulare
3528 3538 3614 3605 tios
3634 3526 3726 3574 facit

2228 3596 2491 3671 gemitibus
2520 3596 2942 3656 inenarrabilibus
2955 3620 2975 3668 ;
3001 3615 3052 3657 et
3084 3596 3214 3655 item
3240 3596 3262 3655 ;’
3287 3601 3501 3671 Spiritus
3520 3596 3600 3649 Dei
3621 3607 3730 3646 strtt-

2232 3669 2371 3724 tatur
2391 3674 2580 3737 omnia,
2602 3677 2749 3726 etiam
2773 3676 2933 3738 ipsam
2956 3674 3277 3725 altitudinem
3299 3670 3426 3733 caeli,
3451 3669 3496 3722 id
3512 3675 3599 3738 est,
3618 3677 3730 3716 scm-

2233 3743 2330 3795 tari
2361 3756 2457 3796 nos
2484 3736 2633 3805 facit;
2664 3753 2719 3798 et
2742 3762 2755 3795 :
2779 3736 2955 3796 Trutat
2978 3759 3069 3796 nos
3095 3744 3253 3809 Deus,
3288 3751 3343 3793 ut
3363 3740 3502 3802 sciot,
3525 3736 3577 3809 id
3592 3743 3673 3793 est,
3690 3739 3730 3809 ut

2231 3814 2372 3867 scire
2423 3828 2518 3867 nos
2569 3803 2746 3866 iaciat.
2778 3812 2865 3868 Sic
2894 3825 2948 3867 et
3003 3814 3090 3866 hic
3117 3803 3315 3865 dicitur
3345 3827 3361 3864 :
3392 3810 3517 3862 Deus
3548 3806 3601 3857 de
3637 3803 3731 3879 ςᾳςιο

2233 3885 2511 3954 prospexit,
2536 3881 2585 3934 id
2608 3892 2713 3954 est,
2746 3884 2865 3937 iecit
2898 3884 3089 3937 callum
3121 3880 3607 3954 prositiceresupet
3628 3870 3732 3939 ﬁli“

2235 3953 2517 4014 hominum,
2543 3953 2608 4005 ad
2636 3952 2737 4006 huc
2760 3992 2774 4015 ,
2815 3963 2869 4005 stt
2898 3954 3085 4014 videat,
3119 3948 3170 4006 id
3197 3948 3303 4024 est,
3331 3948 3729 4024 utvidergipﬁflm

2233 4025 2426 4075 caelum
2454 4013 2630 4089 lactat,
2663 4035 2717 4077 et
2735 4013 3094 4093 diiudicare_si
3120 4030 3193 4075 est
3228 4013 3368 4093 inter
3394 4020 3502 4073 illos
3528 4016 3644 4093 tilias
3663 4013 3731 4061 lto-

2235 4093 2438 4145 miuum
2467 4094 2662 4165 aliquis
2707 4092 2988 4161 intelligens
3018 4091 3181 4165 Deum
3206 4091 3393 4156 corde,
3418 4091 3733 4165 aut‘requims‘
3750 4109 3757 4115 ε

2235 4176 2420 4231 opere.
2444 4154 2594 4226 Quod
2623 4178 2746 4216 vere
2776 4154 2890 4216 tton'
2907 4173 3009 4228 est,
3048 4162 3169 4229 quia
3216 4154 3390 4231 omnes
3418 4154 3733 4231 declinavle

2236 4223 2289 4301 in
2320 4223 2549 4295 malum;
2577 4232 2750 4298 simul,
2778 4232 2827 4285 id
2854 4243 2955 4297 est,
2977 4223 3033 4287 et
3058 4223 3124 4285 de
3150 4230 3348 4285 iudicis
3365 4242 3416 4283 et
3442 4230 3503 4281 de
3521 4223 3732 4301 gentibutf

2238 4299 2304 4353 Et
2331 4302 2450 4354 ideo
2476 4302 2600 4369 facti
2632 4312 2750 4355 sunt
2777 4302 3001 4363 inutiles,
3027 4301 3160 4355 adeo
3186 4302 3325 4367 quod
3375 4315 3469 4352 non
3511 4302 3576 4349 est
3611 4299 3652 4344 tu
3675 4299 3734 4369 ett

2237 4371 2321 4436 ιιιιὶ
2354 4355 2509 4440 faciat
2540 4370 2750 4435 bonum,
2779 4387 2882 4425 non
2923 4355 3015 4438 est,
3040 4372 3176 4434 dico,
3205 4355 3368 4440 usque
3409 4369 3474 4421 ad
3502 4378 3666 4441 unum,
3698 4355 3734 4441 ill

2237 4423 2467 4503 est,'uec
2496 4423 2661 4503 unuS.
2693 4423 3115 4509 Vélqlléqllé'iill
3146 4423 3295 4494 mu";
3342 4442 3427 4508 ¹1ι¹ἰ
3477 4423 3735 4509 “enm-13‘!

2238 4497 2420 4574 unum,
2452 4512 2518 4563 ad
2546 4497 2839 4579 Christum,
2868 4497 2958 4581 q'ui
3001 4526 3136 4565 unus
3181 4519 3285 4581 est,
3317 4497 3602 4581 multorum.
3648 4497 3735 4581 ηιξ

2236 4592 2464 4647 ηπωίιιιε
2527 4576 2831 4633 ιιοιιοὶιιιιιιι’
2870 4576 3116 4634 dicuntur
3187 4580 3484 4647 quicunque
3548 4576 3739 4647 homines
3814 4612 3817 4615 λ

2236 4650 2361 4701 dum
2380 4640 2526 4701 'male
2550 4661 2731 4717 agunt.
2765 4650 2880 4703 Filii
2907 4666 3032 4705 vero
3072 4651 3163 4703 Dei
3193 4640 3462 4711 dicuntdr,
3490 4646 3601 4698 dum
3632 4640 3737 4717 licito

2237 4729 2421 4786 agunt,
2452 4708 2698 4786 quia'ttle
2733 4721 2801 4773 de
2832 4722 2954 4775 iilits
3008 4722 3283 4773 hominum
3339 4708 3472 4772 bene
3519 4708 3738 4786 operando

2238 4783 2362 4840 fecit
2392 4783 2532 4839 ﬁlios
2561 4788 2679 4851 Dei,
2701 4792 2787 4858 qui
2822 4790 2944 4844 fecit
2976 4790 3135 4843 lilium
3174 4791 3265 4842 Dei
3289 4804 3407 4841 esse
3434 4789 3581 4839 lilium
3610 4783 3741 4830 honu-

2240 4859 2346 4913 uis.
2377 4857 2523 4911 Fecit
2549 4860 2690 4911 enim
2720 4857 2868 4913 illum
2912 4860 3221 4927 participem
3266 4873 3387 4912 esse
3414 4865 3591 4927 "astri:
3614 4861 3741 4927 tunc

2238 4926 2353 4991 riae,
2386 4937 2441 4980 ut
2459 4943 2567 4999 nos
2595 4928 2832 4982 lleruuus
2863 4918 3148 4999 participes
3175 4929 3293 4997 ejus
3334 4928 3529 4999 gloriae.
3554 4918 3745 4974 Tollatttr

2238 5006 2416 5049 autem
2438 4997 2505 5050 de
2545 4998 2849 5053 hominibus
2863 4996 3021 5052 'lt‘ltus
3051 4996 3163 5064 Dei,
3193 4996 3242 5051 id
3273 4996 3376 5061 est,
3398 4996 3526 5050 bene
3550 4998 3744 5064 θεειιιεξν

2238 5075 2518 5121 remanent
2546 5067 2639 5121 lilii
2676 5071 2972 5133 hominum,
3025 5070 3073 5122 id
3104 5055 3205 5132 eat,
3237 5055 3375 5121 male
3401 5055 3673 5133 operat-les.
3692 5055 3745 5133 dt;

2240 5134 2431 5203 Quibus
2465 5145 2626 5208 recte,
2657 5137 2846 5208 dicitur
2875 5121 3015 5208 quod
3053 5121 3164 5191 non
3190 5121 3261 5191 'est
3306 5138 3360 5191 in
3402 5121 3478 5190 eis
3526 5142 3667 5198 usque
3696 5121 3745 5174 ad

2241 5220 2399 5274 unum
2420 5208 2504 5273 qui
2528 5207 2684 5274 faciat
2704 5207 2910 5264 bonum.
3739 5264 3747 5273 .

2315 5273 2504 5328 Nonne
2523 5273 2679 5347 scient
2708 5293 2881 5331 omnes
2907 5279 2994 5347 qui
3037 5286 3309 5345 operantur
3332 5274 3646 5347 iniquitatem.
3686 5278 3748 5347 qllf

2241 5344 2479 5399 devorant
2517 5345 2708 5415 plebem
2750 5336 2932 5401 meam'
2957 5355 3011 5400 ut
3059 5336 3227 5399 cibum
3252 5336 3429 5414 panis."
3472 5340 3614 5415 Modo
3638 5336 3749 5415 quod

2242 5428 2343 5466 non
2392 5424 2463 5467 est
2503 5413 2590 5483 qui
2633 5418 2788 5483 faciat
2838 5420 3046 5480 bonum,
3098 5425 3147 5469 et
3191 5431 3361 5467 otunes
3404 5413 3752 5488 declinaverunt.

2243 5497 2419 5557 nonne
2449 5482 2824 5557 autemomnss
2858 5491 2947 5555 qui
2972 5502 3111 5540 nunc
3154 5495 3426 5554 operantur
3462 5482 3751 5557 iniquitatem.

2247 5552 2461 5606 tandem
2507 5555 2687 5619 scient,
2733 5560 2784 5609 id
2833 5552 2933 5620 eat,
2964 5552 3307 5624 cognoscent.
3340 5568 3501 5620 ipsam
3550 5552 3751 5613 ltthttila-

2246 5624 2397 5695 ιθψῖ
2425 5625 2582 5688 Quasi
2610 5626 2782 5679 dicat:
2814 5630 2971 5681 Certe
3009 5626 3097 5695 qui
3128 5640 3267 5678 nunc
3291 5624 3605 5695 iniquitatem
3649 5628 3753 5670 sctis

2246 5693 2455 5762 nolunt,
2483 5705 2537 5747 ut
2561 5709 2619 5748 se
2646 5705 2993 5765 cognoscant,
3028 5693 3243 5750 tandem
3282 5694 3449 5747 scient
3474 5705 3584 5745 eam
3627 5696 3675 5741 ut
3706 5698 3753 5739 se

2148 3084 2195 3143 C
