3922 6190
331 291 424 345 761

989 287 991 292 ’
1068 287 1130 341 ΙΝ
1171 286 1583 342 PSALMORUM
1626 285 1875 340 LIBRUM
1917 286 2268 343 EXEGESIS.
2311 317 2379 330 --
2419 290 2661 345 PSALM.
2703 290 2824 348 LIII.

3458 296 3562 351 762

327 403 728 477 plangant,_ltli,
759 402 899 477 dico,
932 403 1100 455 scio-nt
1133 403 1483 477 iniquitatem,
1502 403 1598 477 qui
1626 403 1783 477 modo
1811 402 1894 454 de-
1921 406 1968 464 Α
1995 399 2322 477 carminibus,
2343 401 2626 477 hoc-es‘t,_in
2649 404 2883 477 maximis
2899 402 3085 477 lmt‘tite
3115 403 3556 477 laudibusextulit;

327 473 536 533 rorant,
569 473 616 525 id
648 483 752 536 est,
794 475 1050 526 devorare
1079 485 1130 528 et
1177 473 1276 526 sibi
1309 475 1619 525 naturaliter
1646 473 1889 536 incorp-i-

330 563 450 600 rare
501 548 737 597 nituntur
783 543 975 611 plebem
1024 559 1223 606 meam,
1267 543 1316 595 id
1367 553 1482 602 est,
1540 543 1750 609 plebem
1800 541 1892 594 Dei

332 631 528 683 meam,
560 614 610 667 id
637 623 740 677 est,
768 612 918 678 cujus
945 627 1063 679 pars
1094 629 1190 678 ego
1216 627 1334 664 sum
1361 613 1487 666 dicit
1520 612 1800 675 Propheta.
1837 611 1890 663 In

330 691 429 740 hoc
452 690 591 738 enim
622 685 840 737 devorat
866 693 920 737 et
950 683 1240 736 contemnit
1276 698 1413 743 eam,
1462 691 1514 736 et
1547 683 1645 734 hoc
1693 683 1784 743 ita,
1839 689 1892 732 ut

328 760 490 810 cibum
518 755 685 824 panis,
717 755 766 806 id
795 761 900 824 est,
944 753 1172 805 assidue.
1206 752 1344 804 Pane
1367 754 1508 805 enim
1539 753 1892 824 qualitercum-

328 843 432 892 que
460 820 576 878 aliis
605 825 742 877 cibis
774 823 916 875 varie
947 832 1175 884 utamur,
1205 824 1416 874 assidue
1445 823 1725 875 vescimur.
1761 820 1892 874 Hinc

330 897 578 950 inseritur
610 896 859 958 praedicta
891 893 1128 957 corporis
1149 907 1247 943 con
1280 893 1460 943 olatio.

401 965 560 1018 Deum
591 979 690 1014 non
718 965 1107 1025 invocaverunt,-
1153 963 1255 1013 illic
1282 963 1660 1028 trepidaverunt
1690 961 1888 1019 timore,

328 1037 416 1088 ubi
445 1052 544 1087 non
577 1033 672 1102 fuit
705 1035 871 1085 timor.
917 1032 1040 1085 Ideo
1079 1032 1270 1085 merito
1315 1034 1482 1085 scient
1533 1031 1885 1102 iniquitatem,

327 1110 447 1167 quia
473 1100 690 1172 ipsi‘non
719 1103 1067 1154 invocaverunt
1097 1103 1146 1155 in
1175 1116 1230 1153 se
1260 1112 1475 1172 interna,
1505 1100 1598 1153 sed
1626 1113 1889 1172 tempora-

329 1177 396 1226 lia
431 1170 825 1232 invocaverunt,
874 1173 1148 1228 mundum,
1201 1171 1426 1230 scilicet,
1475 1182 1525 1222 et
1557 1186 1659 1222 non
1705 1170 1884 1222 Deum.

332 1247 469 1299 Deus
497 1245 635 1297 enim
663 1244 823 1305 gratis
853 1244 957 1292 vult
990 1256 1050 1296 se
1094 1242 1218 1301 coli,
1265 1242 1425 1306 gratis
1457 1242 1562 1292 vult
1613 1255 1669 1292 se
1699 1241 1882 1292 amari.

329 1317 640 1382 Quicunque
679 1327 806 1382 ergo
856 1312 1017 1365 Deum
1072 1322 1286 1382 propter
1326 1327 1512 1363 aurum
1564 1314 1641 1362 vel
1690 1309 1886 1382 aliquid

332 1379 655 1438 mundanum
685 1381 912 1438 invocat,
958 1397 1059 1433 non
1093 1381 1252 1434 Deum
1278 1381 1327 1433 in
1356 1397 1412 1432 se
1442 1391 1610 1439 vocat,
1645 1379 1734 1433 sed
1761 1380 1884 1432 illud

329 1455 469 1523 quod
493 1453 722 1523 allectat,
769 1452 1014 1523 etDettm
1062 1451 1209 1512 quasi
1237 1451 1490 1523 nequitia!
1537 1465 1688 1502 suum
1723 1449 1887 1523 tniui-_-

328 1521 498 1578 struin
529 1522 640 1576 ﬁeri
674 1522 919 1589 postulat.
956 1521 1046 1574 Ille
1077 1536 1200 1574 vero
1234 1521 1396 1573 lic-tun
1426 1522 1474 1570 iu
1505 1534 1564 1571 se
1589 1529 1762 1578 vocat,
1797 1521 1884 1586 qui

327 1597 393 1647 ad
427 1596 525 1648 hoc
551 1603 751 1645 tantum
781 1607 898 1643 eum
927 1602 1100 1652 vocat,
1144 1600 1199 1641 ut
1241 1592 1408 1657 ipsum
1443 1603 1800 1654 possessorem
1833 1600 1886 1642 et

328 1662 601 1729 praimium
629 1662 836 1714 habeat.
878 1660 996 1713 Non
1031 1662 1402 1722 invocaverunt,
1430 1659 1667 1724 inquam,
1700 1657 1882 1722 Deum,

326 1745 381 1786 et
409 1734 514 1808 hoc
542 1733 840 1808 idum-quia
885 1746 990 1808 non
1041 1731 1331 1808 timuerunt
1372 1731 1614 1808 amittere
1661 1740 1882 1795 aeterna,
1919 1752 1962 1808 Β

327 1803 421 1857 sed
453 1803 779 1870 temporalia,
831 1810 885 1854 et
924 1801 1041 1854 ideo
1083 1801 1363 1855 voluerunt
1409 1799 1639 1854 retinere
1683 1809 1887 1864 tempo-

327 1873 493 1932 ralia,
541 1881 593 1926 et
648 1872 786 1924 male
831 1871 1110 1925 retinendo
1155 1887 1215 1924 ea
1275 1871 1620 1937 perdiderunt
1665 1881 1885 1936 aeterna,

329 1942 674 2004 perdiderunt
700 1951 752 1993 et
788 1943 1117 2007 temporalia.
1174 1941 1238 1994 Et
1288 1943 1387 1995 hoc
1410 1949 1491 1994 est
1537 1940 1675 2004 quod
1721 1942 1885 1993 dicit:

330 2012 729 2080 Trepitlavcrunt
761 2013 957 2071 timore,
1015 2012 1064 2064 id
1097 2020 1198 2072 est,
1231 2012 1572 2064 vehementer
1603 2011 1894 2062 timuerunt

328 2085 460 2147 illic,
503 2083 552 2136 id
578 2091 676 2145 est,
711 2083 761 2135 in
787 2082 1073 2135 amissione
1105 2082 1500 2147 temporalium.
1543 2081 1625 2131 ubi
1652 2097 1751 2132 non
1798 2081 1892 2144 fuit

328 2155 500 2216 timor,
543 2153 590 2205 id
623 2161 726 2212 est,
757 2168 850 2217 pro
877 2151 1068 2219 quibus
1100 2166 1426 2218 nequaquam
1463 2159 1544 2203 est
1575 2150 1888 2212 timendum,

325 2224 416 2286 qui
449 2240 510 2276 ex
545 2223 858 2276 necessitate
891 2222 1198 2287 perduntur.
1229 2221 1341 2274 Non
1369 2221 1508 2274 enim
1544 2235 1636 2285 pro
1663 2222 1892 2274 exterio-

325 2293 473 2347 ribue
501 2293 788 2347 timendum
821 2302 930 2353 est,
972 2308 1094 2346 cum
1120 2294 1279 2345 etiam
1332 2306 1432 2342 non
1482 2296 1546 2342 sit
1597 2290 1888 2343 timendum

328 2377 429 2428 pro
455 2377 698 2428 corpore,
741 2361 861 2430 quia
891 2361 1085 2416 dictum
1115 2376 1228 2416 est:
1262 2361 1438 2415 Nolite
1478 2361 1652 2413 timere
1679 2375 1760 2413 eos
1805 2365 1891 2428 qui

327 2437 563 2486 occidunt
593 2449 791 2500 carpns.

405 2503 653 2568 Quoniam
681 2499 820 2555 Deus
849 2501 1111 2567 dissipavit
1141 2518 1253 2554 ossa
1282 2516 1452 2553 eorum
1490 2500 1576 2566 qui
1605 2499 1890 2552 hominibus

325 2574 571 2640 placent;
625 2571 839 2642 confusi
873 2581 1024 2633 sunt,
1090 2572 1327 2640 quoniam
1381 2568 1514 2642 licus
1557 2568 1742 2642 sprevit
1783 2584 1886 2640 eos.

327 2639 455 2696 Ideo
485 2643 644 2696 Deum
676 2639 776 2696 non
830 2639 1224 2702 invocaverunt,
1269 2650 1321 2693 et
1365 2640 1449 2691 tibi
1485 2653 1586 2692 non
1635 2639 1892 2692 deberent

328 2713 742 2776 trepidaverunt,
773 2712 1012 2778 quoniam
1040 2710 1174 2762 Deus
1203 2709 1484 2774 dissipavit,
1542 2708 1590 2761 id
1622 2717 1724 2770 est,
1749 2707 1891 2776 justo

320 2783 527 2849 judicio
547 2783 790 2846 dissipari
841 2779 1081 2844 permisit
1111 2796 1224 2833 ossa
1251 2796 1446 2845 earum,
1490 2778 1540 2831 id
1563 2789 1675 2849 est,
1710 2782 1890 2831 lirtna-

329 2847 504 2905 int-uta
536 2853 722 2905 anima:
754 2866 960 2911 eorum,
992 2852 1234 2915 virtutes,
1286 2849 1509 2903 scilicet.
1558 2847 1622 2900 Et
1656 2850 1756 2902 hoc
1781 2863 1888 2900 me-

327 2924 459 2989 rito,
491 2922 612 2990 quia
642 2923 736 2983 ipsi
769 2937 871 2990 non
907 2922 1032 2984 Deo,
1085 2920 1176 2972 sed
1208 2918 1504 2971 hominibus
1547 2919 1753 2984 placere
1781 2928 1891 2972 stu-

324 2988 457 3046 dent
484 2988 582 3054 {et
610 2992 730 3046 ideo
759 2988 908 3044 elIusi
940 3000 1082 3050 sunt,
1135 2999 1190 3042 ut
1239 3003 1294 3042 se
1340 2991 1481 3054 ipsos
1512 3003 1614 3041 non
1643 2989 1887 3045 attende-

327 3072 478 3147 ςςηιἶ
505 3061 652 3115 Unde
665 3063 865 3147 dictum
890 3070 968 3114 est
995 3077 1006 3112 :
1039 3057 1664 3147 Redite,.prwva.ricatores
1689 3059 1755 3112 ad
1776 3075 1883 3147 cor.
1918 3082 1963 3147 ο

328 3133 398 3185 Et
437 3134 512 3185 sic
559 3131 763 3184 confusi
808 3138 926 3181 sunt
977 3145 1117 3184 nunc
1164 3129 1374 3196 quidem
1423 3128 1660 3182 interiori
1707 3129 1887 3183 conl'uo

323 3217 497 3261 sione,
553 3201 760 3255 land-m
810 3214 936 3252 vero
966 3199 1238 3260 exteriori,
1291 3199 1410 3253 ideo
1448 3199 1700 3258 quoniam
1755 3200 1892 3255 Deus

326 3272 530 3338 sprevit
561 3280 613 3324 et
656 3271 850 3341 :ilijecit
878 3284 992 3332 eos,
1031 3269 1353 3335 hominibus,
1402 3269 1627 3336 scilicet,
1681 3269 1892 3339 placen-

406 3413 531 3477 Quis
549 3410 686 3463 dabit
706 3428 765 3465 es
785 3411 935 3466 Sion.
970 3409 1150 3476 Iujusti
1176 3409 1384 3474 quidem
1406 3409 1610 3472 dicunt,
1641 3409 1765 3477 quia
1787 3426 1890 3462 non

326 3492 415 3536 est
446 3483 603 3539 Deus.
635 3481 731 3535 sed
763 3482 1107 3540 mentiuntur,
1137 3479 1258 3545 quia
1294 3481 1430 3548 quis,
1465 3480 1514 3533 id
1553 3489 1656 3544 est,
1704 3479 1896 3548 aliquis

327 3554 470 3605 dabit
497 3551 741 3614 salutare,
783 3552 832 3604 id
871 3560 975 3617 cst,
1014 3547 1356 3602 salvationem
1388 3561 1638 3603 aeternam
1689 3547 1894 3611 Israel;

327 3621 474 3676 facto
500 3637 563 3675 ex
597 3621 748 3684 Sion,
783 3621 831 3674 id
857 3629 959 3682 est,
1011 3619 1092 3672 his
1114 3618 1202 3685 qui
1231 3621 1362 3672 adeo
1393 3620 1670 3686 proliciunt
1702 3621 1752 3672 in
1777 3635 1894 3686 spe-

326 3693 613 3751 culatiOue,
647 3701 702 3744 ut
732 3691 944 3743 tandem
983 3690 1249 3757 gaudeant
1296 3693 1517 3743 visione.
1567 3689 1715 3742 Nunc
1745 3691 1890 3743 enim

325 3777 514 3814 sumus
558 3761 708 3825 Sion,
761 3761 810 3814 id
839 3769 942 3819 est,
988 3761 1384 3824 speculatores,
1441 3759 1653 3813 tandem
1699 3762 1896 3813 erimus

331 3832 511 3890 Israel,
559 3831 608 3884 id
641 3840 742 3900 est,
783 3839 1221 3900 perventoresget
1259 3830 1496 3900 viseres;
1543 3838 1597 3882 et
1625 3831 1773 3893 quasi
1817 3832 1898 3882 di—

328 3911 420 3955 eat
450 3919 461 3952 :
495 3900 624 3952 Cum
650 3899 751 3955 hoc
781 3898 885 3955 non
917 3899 1080 3967 possit
1111 3898 1244 3952 alius
1273 3898 1446 3966 dator,
1481 3901 1578 3953 iste
1600 3901 1701 3953 erit
1737 3902 1892 3953 Deus.

335 3973 405 4023 Et
429 3973 528 4023 hoc
555 3969 784 4024 salutare
812 3971 1058 4031 dabitur,
1107 3984 1225 4021 cum
1279 3969 1530 4022 Dominus
1573 3972 1900 4024 converterit

325 4042 695 4104 captivitatem
730 4041 897 4105 plebis
927 4055 1057 4101 suae,
1092 4038 1142 4090 id
1182 4048 1284 4101 est,
1307 4054 1423 4092 cum
1455 4040 1610 4092 simul
1639 4052 1692 4093 et
1721 4040 1897 4093 anima

327 4121 387 4164 et
416 4124 642 4177 corpore
671 4110 923 4165 averterit
941 4109 1298 4173 captivitatem
1340 4109 1407 4162 ab
1439 4109 1517 4162 his
1565 4111 1650 4173 qui
1702 4113 1899 4163 tualne-

326 4189 459 4235 runt
481 4194 597 4234 esse
623 4181 769 4246 plebs
794 4196 909 4242 sua,
963 4180 1012 4232 id
1039 4189 1140 4240 est,
1197 4179 1286 4232 Dei
1319 4194 1476 4247 quam
1508 4179 1709 4241 mundi,
1759 4179 1896 4246 quod

325 4251 434 4304 erit
459 4266 574 4302 cum
603 4252 872 4304 novissima
899 4265 1034 4302 mors
1060 4250 1368 4313 destruetur,
1395 4260 1440 4302 et
1464 4249 1557 4301 hoc
1587 4251 1796 4302 mortale
1821 4252 1900 4302 in.

327 4322 452 4372 duet
479 4320 930 4374 immortalitatem.
979 4320 1044 4372 Et
1087 4329 1210 4372 tunc
1251 4335 1377 4372 vere
1407 4320 1675 4372 Imtabitur
1716 4321 1895 4384 Israel,

328 4393 458 4459 quia
493 4391 578 4443 hic
617 4391 900 4443 exaultabit
925 4389 1110 4450 Iacob,
1142 4389 1191 4441 id
1221 4398 1323 4452 est,
1355 4389 1662 4457 gaudebunt
1691 4403 1810 4443 tunc
1846 4391 1896 4443 in

1994 484 2193 540 semper
2221 472 2352 521 enim
2383 473 2460 536 (ni
2490 473 2666 540 fallor)
2699 473 2811 537 psal
2833 474 2882 523 ni
2919 473 3005 538 qui
3035 475 3086 525 in
3131 474 3436 528 carminibus
3479 472 3557 532 in;

1991 538 2282 590 scribuntur
2307 538 2690 594 cpultationetn
2712 545 2936 594 canentis
2964 544 3094 593 inter
3115 545 3324 595 adversa
3355 547 3562 600 denun-

1994 608 2138 680 tiant.
2170 607 2366 673 Ziplttci
2395 613 2789 675 interpretantur
2816 613 3071 678 ﬂorentes,
3096 614 3233 680 quod
3263 615 3313 665 in
3340 616 3437 665 hoc
3456 634 3554 668 stc-

1993 679 2116 749 culo_
2138 679 2482 749 peccatoribus
2507 684 2678 732 datum
2706 692 2800 742 est,
2855 682 2936 732 ubi
2976 683 3042 732 ad
3091 679 3285 749 tempus
3332 683 3562 740 libertate

1991 747 2185 814 per/ida
2205 764 2250 814 ρ·
2266 751 2489 817 asperari
2517 751 2773 814 sinuntur,
2807 761 2851 801 et
2866 751 3100 817 ﬁdelibus
3125 768 3150 802 e
3167 747 3422 805 contrario
3437 770 3561 810 con-

1992 818 2212 877 templis,
2243 826 2290 870 et
2322 820 2591 886 impiorum
2619 821 2960 872 obstinatione
2989 823 3257 873 conclusis.
3310 825 3347 873 Α
3378 823 3560 880 Saulis

1991 886 2218 957 periculo
2244 889 2485 955 prapllela
2512 889 2750 942 liberatus
2778 906 2864 954 per
2887 899 3046 942 totum
3072 892 3319 957 psalmum
3343 893 3559 949 Domina

1990 956 2356 1028 gratiaspgit,
2379 959 2496 1023 quia
2540 957 2863 1028 Ziplm'orum
2911 976 3009 1011 non
3039 956 3196 1026 potuit
3228 978 3406 1015 nocere
3434 981 3558 1027 pro-

1991 1026 2135 1100 ditio.
2162 1022 2263 1100 _In'
2281 1022 2442 1089 prima
2469 1022 2612 1096 parte
2640 1030 2956 1100 deprecatur,
2989 1022 3048 1081 ne
3075 1047 3188 1081 eum
3219 1031 3412 1084 inimici
3435 1022 3552 1100 'for-

1991 1093 2172 1144 tissimi
2205 1111 2417 1163 gratiae
2464 1093 2787 1165 prtcvaleant.
2842 1098 3077 1151 Secundo
3105 1101 3214 1152 loco
3243 1093 3558 1156 adversarios

1989 1177 2106 1215 suos
2133 1166 2384 1232 spirituali
2413 1167 2594 1230 pietate
2621 1170 2872 1235 supplicat
2903 1169 3079 1221 debere
3107 1171 3349 1222 converti.
3405 1173 3556 1235 Quod

1991 1247 2188 1306 omnem
2233 1237 2460 1287 convenit
2505 1247 2672 1303 petere
2699 1237 3064 1304 Christianum,
3115 1248 3228 1291 uta
3259 1243 3558 1306 ﬂorentibus

1989 1300 2140 1382 hujus
2171 1306 2350 1355 mundi
2396 1307 2467 1357 ita
2506 1300 2769 1370 liberetur,
2821 1300 3068 1376 quatenus
3112 1311 3182 1362 eis
3222 1300 3559 1366 conversionis

1989 1383 2157 1438 gratia
2189 1390 2289 1426 non
2319 1386 2551 1443 negetur.

2562 1477 2983 1520 COIMENTARIUS.

2062 1571 2222 1648 Deis,
2252 1574 2302 1625 in
2333 1576 2530 1648 nomine
2561 1585 2665 1648 tuo.
2695 1576 2898 1648 'I‘itul_us
2921 1588 3000 1630 est
3025 1579 3140 1629 talis
3167 1594 3182 1632 :
3228 1579 3289 1631 In
3317 1581 3466 1648 ﬁnem
3497 1584 3548 1636 in

1988 1643 2294 1714 carminibus
2333 1644 2639 1714 ipsiDavid,
2669 1662 2781 1696 cum
2807 1645 3004 1710 Zipltari
3033 1659 3272 1701 venerunt
3299 1643 3365 1702 ad
3399 1653 3552 1714 καιναί,

1991 1720 2036 1788 et
2084 1713 2356 1788 dixerunt:
2402 1713 2537 1788 _Ec_ce
2584 1713 2748 1766 David
2791 1716 3108 1788 absconditus
3155 1731 3222 1770 est
3261 1726 3400 1788 apud
3442 1713 3555 1776 nos.

1993 1781 2142 1858 Quod
2173 1781 2298 1833 Saul
2327 1783 2413 1858 qui
2444 1783 2643 1858 electus
2677 1787 3092 1858 est_ingregnum
3120 1803 3222 1840 non
3255 1781 3318 1841 ad
3350 1806 3558 1858 perma-

2003 1851 2252 1926 nendum,
2282 1854 2395 1926 sed
2424 1853 2712 1926 secundum
2757 1851 3042 1926 Scriptum
3073 1851 3412 1922 sententiam,
3441 1877 3558 1926 qua:

1993 1919 2117 1971 dicit
2147 1937 2156 1971 :
2192 1919 2292 1998 Qui
2317 1921 2441 1988 fact
2467 1921 2719 1998 hominem
2757 1919 3075 1998 ltypocritam
3112 1943 3326 1994 regnare
3347 1919 3552 1998 propter

1995 1991 2368 2066 perversitatem
2407 1993 2584 2066 populi
2605 1995 2707 2058 sui,
2733 1991 2970 2066 ﬁguram
3004 1991 3213 2063 gerebat
3249 1991 3392 2066 regni
3425 1991 3558 2053 teut-

1996 2060 2187 2131 poralis
2215 2059 2280 2111 ad
2314 2061 2581 2113 interitum
2610 2063 2945 2129 pertinentis,
2968 2059 3075 2131 jam
3100 2067 3294 2119 dictum
3309 2059 3422 2122 "est.
3455 2070 3556 2122 No-

1997 2128 2246 2204 tilicatum
2277 2145 2486 2204 quoque
2516 2128 2869 2204 est’superius
2905 2128 3064 2188 David
3101 2140 3320 2204 tiguram
3349 2137 3546 2192 Christi

1994 2197 2224 2266 gessisse
2247 2210 2298 2252 et
2321 2197 2507 2266 capitis
2537 2211 2590 2254 et
2614 2197 2876 2269 corporis.
2925 2205 3090 2257 'l‘otus
3123 2197 3263 2258 Enim
3304 2208 3548 2262 Christus

1998 2277 2156 2343 caput
2185 2279 2238 2320 et
2277 2284 2499 2343 corpus._
2539 2271 2634 2323 Cui
2662 2272 2819 2338 capiti
2852 2289 3060 2327 sursum
3109 2278 3312 2343 posito,
3362 2292 3551 2343 corpus

1997 2339 2448 2412 couv_inctum_est
2483 2339 2592 2407 jam
2620 2356 2734 2408 spe,
2785 2353 2835 2394 et
2866 2353 3022 2409 caput
3049 2339 3255 2412 cn'ipori
3305 2339 3552 2401 deorsum

1993 2406 2273 2482 charitate.
2319 2407 2448 2482 Ziph
2472 2406 2828 2482 autem—vicus
2860 2406 2957 2465 l'uit
2997 2406 3198 2479 Jtidear,
3230 2417 3379 2482 cujus
3405 2418 3550 2468 babi-

1996 2485 2196 2530 tatores
2222 2477 2421 2544 Ziplitei
2452 2478 2781 2550 dici-bantur,
2809 2484 2945 2550 apud
2967 2499 3098 2550 quos
3126 2477 3246 2537 cum
3280 2477 3401 2540 Saul
3432 2503 3552 2540 eum

1997 2557 2430 2617 persequeretur,
2463 2549 2610 2602 latuit
2641 2551 2818 2603 David.
2848 2549 3280 2617 interpretantur
3313 2569 3436 2607 vero
3464 2556 3549 2608 Zi-

1995 2614 2130 2682 pbtei
2157 2619 2412 2683 florentes.
2456 2633 2548 2684 per
2585 2635 2720 2686 quos
2749 2614 3112 2689 intelliguntur
3143 2623 3318 2675 mttudi
3345 2636 3548 2678 amato-

1995 2689 2306 2762 res..__Apt_id
2335 2702 2468 2762 quos
2497 2692 2834 2762 veroDavid,
2871 2692 2920 2744 id
2952 2700 3054 2752 est,
3101 2691 3177 2745 illi
3207 2708 3340 2759 quos
3366 2696 3554 2762 lignra-

1996 2755 2083 2807 bat
2115 2754 2203 2809 ille
2232 2756 2422 2816 David,
2471 2771 2591 2811 sunt
2623 2761 2864 2814 latentes.
2903 2762 2974 2814 De
3002 2764 3080 2815 his
3113 2754 3554 2818 latentibus'dicit

1994 2826 2282 2895 Apostolus
2307 2843 2319 2879 :
2369 2827 2563 2879 Μαι-ιιιὶ
2587 2830 2725 2895 estis,
2769 2839 2813 2881 et
2852 2831 2950 2882 vita
2977 2843 3136 2884 vestra
3163 2833 3458 2884 abscondita
3481 2845 3552 2886 est

1994 2909 2110 2947 cum
2130 2893 2334 2948 Christo
2361 2898 2412 2949 in
2443 2895 2569 2950 Deo.
2619 2893 2763 2971 Cum_
2793 2899 3022 2954 Christus
3052 2906 3337 2971 apparuerit
3389 2905 3554 2970 gloria

1991 2974 2178 3033 vestra,
2219 2977 2339 3041 tunc
2375 2977 2424 3041 et
2453 2983 2537 3020 vos
2576 2986 2688 3021 cttm
2728 2969 2928 3024 Christo
2958 2969 3263 3039 apparebiis
3286 2975 3338 3024 in
3365 2969 3550 3041 gloria,

1995 3041 2120 3088 tunc
2148 3038 2294 3090 enim
2332 3039 2420 3105 qui
2450 3054 2589 3092 nunc
2621 3041 2803 3103 latent,
2852 3041 2972 3108 quia
3020 3038 3155 3095 bona
3208 3038 3392 3096 eorum
3439 3038 3543 3097 non

1992 3113 2277 3175 apparent,
2308 3117 2464 3161 erunt
2493 3109 2766 3165 llorentes.
2800 3112 2859 3163 Et
2888 3112 3082 3180 Zipluei
3127 3127 3263 3165 nunc
3303 3111 3554 3167 ﬂorentes

1996 3183 2121 3230 tunc
2147 3187 2304 3230 erunt
2332 3189 2656 3232 arescentes.
2717 3181 2814 3234 Per
2844 3181 2938 3233 hos
2979 3182 3119 3235 enim
3177 3183 3308 3234 duos
3334 3183 3438 3233 duo
3471 3183 3549 3236 in-

1994 3247 2310 3319 telliguntur
2335 3261 2527 3313 genera
2552 3249 2779 3302 maxime
2802 3252 3188 3319 distinguenda.
3221 3251 3355 3303 Nihil
3377 3261 3551 3305 autem

1996 3318 2211 3382 prodest
2255 3317 2602 3383 distinguere,
2651 3319 2697 3371 si
2740 3321 2868 3386 pigri
2913 3317 3096 3374 smnus
3137 3320 3348 3386 eligere.
3401 3321 3554 3376 Nunc

1995 3386 2136 3437 enim
2167 3387 2320 3460 datur
2346 3386 2836 3460 potestaseligeudi
2861 3429 2875 3452 ,
2925 3391 3159 3460 quanditt
3210 3390 3347 3442 Deus
3376 3393 3550 3446 dilIert

1996 3457 2312 3507 sententiain
2339 3457 2609 3522 judicattdi
2637 3474 2650 3519 ;
2682 3457 2959 3524 postquam
2995 3470 3169 3512 autem
3198 3462 3399 3513 venerit
3426 3476 3554 3514 sen-

1999 3524 2163 3599 tentia
2199 3524 2403 3599 judicii,
2456 3542 2559 3577 non
2608 3529 2832 3594 amplius
2875 3530 2976 3582 erit
3029 3540 3261 3597 potestas
3306 3531 3555 3599 eligendi.

1997 3591 2148 3668 δυηο
2177 3610 2304 3663 ergo
2335 3597 2615 3668 eligamus.
2643 3591 2710 3650 ett
2726 3599 2970 3668 malimus
2998 3591 3118 3654 esse
3151 3591 3556 3668 latentequuatn

1999 3663 2270 3736 ﬂorentes,
2302 3679 2376 3736 et
2405 3681 2525 3736 cum
2579 3666 2738 3721 David
2784 3667 3068 3733 humiiiari,
3113 3685 3272 3736 quam
3321 3663 3440 3723 cum
3474 3671 3559 3724 Zi-

2002 3733 2168 3804 pheis
2197 3735 2439 3796 exaltari,
2487 3747 2538 3787 et
2571 3737 2924 3804 intelligamus
2973 3733 3140 3802 queui
3182 3741 3334 3792 linem
3370 3739 3561 3794 habeat

2001 3805 2098 3857 llos
2121 3803 2474 3873 Ziphaeorum.
2514 3805 2645 3870 Quis
2672 3803 2940 3861 sit’autem
2972 3809 3073 3862 ISle
3101 3810 3243 3873 linis,
3277 3808 3558 3862 Psalmista

1998 3875 2122 3926 alibi
2151 3879 2319 3940 aperit
2338 3874 2519 3928 dicens
2547 3893 2558 3926 :
2613 3874 2698 3928 Vir
2725 3877 2968 3940 insipiens
2991 3890 3034 3930 et
3063 3881 3247 3930 stultus
3286 3895 3384 3931 non
3409 3881 3558 3932 intel-

1999 3943 2117 4012 liget
2147 3943 2276 4006 haec,
2301 3954 2434 4010 etc.,
2465 3959 2630 4013 usque
2654 3961 2772 4000 cum
2803 3946 2929 4000 dicit
2954 3966 2967 4001 :
3024 3948 3090 4001 Ut
3111 3950 3355 4001 intereant
3394 3951 3445 4001 in
3466 3966 3563 4002 scc-

1997 4014 2171 4065 culum
2190 4017 2385 4068 stet-uti.
2414 4015 2663 4068 Aiternus
2691 4019 2830 4069 enim
2865 4019 3106 4071 interitus
3137 4019 3256 4072 linis
3281 4019 3378 4072 erit
3412 4021 3559 4074 lloris

2000 4082 2232 4146 illorum,
2271 4095 2329 4155 et
2355 4102 2384 4138 ε
2413 4097 2598 4138 contra
2630 4097 2826 4138 aeterna
2855 4088 3158 4155 jucundita-s
3183 4089 3442 4143 ariditatis
3471 4091 3565 4142 bo-

2001 4169 2212 4227 norum.
2375 4156 2443 4208 de
2472 4155 2570 4208 hoc
2621 4153 2888 4210 intellectu
2928 4161 3100 4227 agitur
3130 4160 3180 4212 in
3215 4162 3388 4222 titulo,
3440 4174 3562 4213 cum

2002 4223 2384 4296 dicitur‘:_lla.'c
2415 4228 2560 4277 verba
2584 4228 2873 4292 referuntur
2913 4223 3142 4295 in'ﬁnem
3167 4239 3467 4296 temporum,
3511 4231 3561 4284 id

2003 4301 2105 4358 est,
2137 4293 2202 4345 ad
2227 4294 2519 4359 Christum,
2591 4313 2668 4350 me
2698 4307 2822 4351 sunt
2843 4293 3139 4352 intellectus
3155 4293 3439 4353 attributus
3461 4301 3562 4364 ipsi

2006 4362 2190 4418 David.
2224 4365 2304 4418 vel
2336 4312 2660 4418 dignioribus
2697 4368 2765 4418 de
2794 4383 3016 4418 corpore
3058 4371 3273 4418 Christi.
3329 4371 3409 4418 vel
3462 4369 3562 4418 insi

2006 4362 2190 4437 David,
2224 4365 2304 4418 vel
2336 4362 2660 4437 dignioribus
2697 4368 2765 4420 de
2794 4383 3016 4435 corpore
3058 4371 3273 4431 Cbrisd,
3329 4371 3409 4422 vel
3462 4362 3564 4437 ipsi

329 4435 717 4526 perveniendo,
748 4461 867 4528 quia
898 4474 1033 4512 nunc
1061 4435 1383 4512 laetabunt'ni-J
1408 4462 1460 4512 in
1494 4460 1893 4524 proﬁciscendo.

2010 4436 2281 4528 propheta:
2329 4435 2444 4489 vice
2467 4436 2686 4528 illorum
2714 4439 2888 4528 agenti
2932 4449 2988 4528 et.
3012 4441 3312 4528 etho'rtalnti
3353 4454 3448 4492 nos
3485 4435 3563 4492 ait

332 4529 517 4581 Potest
547 4531 705 4582 etiam
736 4544 766 4580 a
797 4530 1054 4596 principio
1084 4543 1270 4582 versus
1317 4529 1416 4582 iste
1459 4530 1558 4595 legi
1605 4531 1903 4598 interroga-

331 4599 464 4659 tive,
499 4599 640 4666 quod
673 4600 800 4653 satis
826 4601 878 4654 in
907 4598 1065 4665 priori
1097 4598 1252 4668 hujus
1291 4599 1477 4666 psalmi
1509 4602 1772 4668 positione
1802 4618 1904 4655 ex-

331 4669 606 4747 planatum
637 4679 737 4724 est.

823 4760 887 4815 IN
921 4759 1240 4816 PSALMUM
1273 4759 1404 4815 LIII.

325 4853 395 4911 lu
424 4851 580 4904 linem
615 4853 664 4902 in
696 4851 1017 4907 carminibus
1047 4855 1125 4906 vel
1151 4853 1360 4920 hymnis
1385 4852 1684 4905 intellectus
1717 4851 1907 4912 David,

408 4936 533 4974 cum
576 4923 843 4976 venissent
890 4921 1088 4984 Zipluei
1136 4925 1200 4976 ad
1249 4923 1417 4985 Saul,
1477 4931 1530 4975 et
1579 4922 1914 4976 nuntiassent

409 4991 557 5046 Sauli
583 5008 596 5046 :
627 4990 815 5046 Nonne
847 4991 1011 5047 David
1037 4993 1360 5046 absconditus
1388 5001 1460 5047 est
1492 4996 1628 5057 apud
1665 5008 1778 5044 nos.

939 5099 1319 5139 Διιϐυιιικτωι.

409 5171 486 5225 Ex
518 5185 742 5242 persona
793 5171 1037 5225 Ezechiae
1067 5176 1266 5228 obsessi
1293 5183 1468 5242 potest
1510 5173 1756 5241 intelligi.
1795 5173 1900 5224 Ali-

336 5251 560 5313 ter_vox
612 5241 810 5313 Christi
848 5243 913 5294 ad
962 5243 1167 5296 Patrem
1199 5285 1214 5309 ,
1273 5246 1356 5296 vel
1408 5242 1693 5313 cujuslibet
1739 5243 1912 5296 lidelis

335 5311 591 5366 auxilium
622 5311 715 5366 Dei
743 5322 927 5366 contra
959 5313 1079 5367 vitia
1112 5313 1416 5380 ﬂagitantis.

959 5419 1310 5457 EXPLANt'I‘IO.

410 5487 706 5564 Intellectus
738 5489 904 5545 David
932 5494 1256 5564 accipiendas
1284 5504 1385 5564 est,
1409 5503 1464 5545 ut
1492 5508 1670 5562 supra,
1694 5494 1811 5560 quia
1842 5494 1912 5546 ui-

339 5563 544 5647 delicet,
567 5564 844 5647 angoribus
865 5563 1115 5647 obsessus,
1140 5565 1226 5617 sed
1249 5563 1502 5647 inopinate
1520 5566 1776 5647 liberatus.
1792 5566 1914 5630 quid

341 5634 582 5687 Ecclesia
605 5634 817 5696 Christi,
845 5635 994 5703 cujus
1015 5645 1062 5688 et
1081 5636 1185 5702 ipse
1201 5634 1474 5703 membrum
1501 5643 1627 5694 erat,
1655 5645 1916 5686 venturum

339 5714 486 5768 esset,
516 5703 804 5768 intellexit;
859 5702 1066 5758 ethunc
1087 5704 1317 5758 eumdem
1339 5702 1646 5756 intellectum
1671 5719 1824 5757 suum
1863 5706 1914 5757 in

2011 4507 2356 4565 intclgectum,
2405 4507 2628 4576 scilicet.
2676 4507 2726 4562 in
2761 4512 2916 4560 tinem
2957 4511 3102 4562 [loris
3130 4509 3460 4576 Ziphzeorum
3481 4515 3564 4564 at-

2011 4578 2306 4628 tendamus.
2356 4575 2454 4642 Qui
2487 4576 2789 4630 inteliectus
2820 4578 3094 4631 habendus
3119 4575 3202 4632 est
3231 4578 3281 4631 in
3311 4579 3565 4632 carmini-

2010 4644 2128 4704 bus.
2161 4647 2209 4698 id
2239 4656 2342 4706 est,
2376 4648 2426 4699 in
2453 4648 2661 4711 hetitia,
2711 4662 2814 4700 non
2846 4647 2898 4699 in
2931 4647 3164 4711 tristitia,
3195 4648 3314 4714 quia
3349 4663 3454 4701 nou
3480 4657 3567 4702 est

2011 4719 2296 4771 dolendum
2321 4719 2364 4768 si
2399 4717 2646 4770 liocllore
2667 4731 2961 4783 careamus,
2988 4730 3040 4770 et
3071 4719 3420 4784 tribulamur;
3454 4720 3563 4772 imo

2009 4789 2243 4851 gaudere
2269 4786 2525 4839 debemus
2553 4789 2604 4838 in
2636 4785 3002 4853 tribulatione,
3051 4789 3280 4841 scientes
3323 4790 3445 4856 quia
3474 4789 3563 4840 tri-

2011 4858 2204 4910 bulatio
2252 4856 2544 4920 patientiam
2585 4866 2838 4926 operatur,
2887 4868 2940 4910 et
2979 4865 3193 4912 caztera.
3242 4857 3564 4919 Intellectus,

2010 4928 2149 4988 dico,
2177 4927 2413 4993 signatus
2445 4929 2495 4978 in
2520 4927 2608 4978 illa
2633 4926 2874 4987 historia,
2921 4941 3041 4980 cum
3074 4939 3337 4983 venerunt
3362 4929 3564 4994 liphaei

2012 4999 2076 5051 ad
2106 4999 2248 5060 Saul,
2279 5006 2333 5048 et
2361 4998 2605 5048 dixerunt
2632 5000 2680 5049 ei
2707 5013 2718 5047 :
2764 4995 2896 5050 Ecce
2943 4997 3104 5051 David
3145 5001 3472 5052 absconditus
3495 5009 3570 5051 est

2011 5073 2147 5133 apud
2183 5083 2293 5119 nos.
2345 5067 2567 5133 Semper
2596 5066 2738 5120 enim
2783 5068 3033 5121 ﬂorentes
3061 5067 3346 5123 latentibus
3375 5070 3566 5122 adver-

2013 5147 2216 5202 Sautur,
2247 5145 2300 5190 et
2328 5136 2470 5204 ipsos
2505 5139 2750 5204 produnt,
2783 5138 2876 5192 sed
2905 5139 3033 5191 nihil
3073 5142 3152 5193 eis
3176 5141 3389 5202 obsunt,
3431 5140 3569 5190 sicut

2013 5219 2066 5262 et
2095 5208 2294 5274 Ziphaai
2325 5207 2486 5258 David
2517 5207 2727 5275 quidem
2761 5209 3106 5276 prodiderunt
3128 5250 3142 5272 ,
3192 5210 3286 5263 sed
3336 5208 3466 5261 nihil
3511 5210 3563 5260 ei

2014 5282 2204 5342 obluit,
2252 5279 2372 5343 quia
2412 5278 2609 5332 illzesus
2637 5275 2828 5343 evasit,
2874 5289 2929 5332 et
2974 5281 3280 5344 speluncam
3325 5275 3572 5330 Ddollatn

2015 5350 2252 5403 intravit.
2278 5349 2517 5410 Quandiu
2541 5351 2699 5401 etiam
2732 5351 2856 5405 Saul
2887 5358 3190 5416 persecutor
3211 5348 3481 5409 intrasset,
3513 5357 3571 5400 ut

2016 5432 2253 5473 ventrem
2296 5429 2560 5485 purgaret,
2601 5428 2654 5472 et
2683 5419 3031 5472 interﬁciendi
3059 5433 3118 5471 se
3142 5417 3345 5484 capiam
3377 5417 3451 5469 illi
3477 5417 3569 5469 da»

2017 5505 2120 5555 rei,
2175 5487 2336 5541 David
2361 5489 2410 5540 ei
2442 5490 2696 5555 pepercit,
2735 5502 2788 5541 et
2835 5503 2984 5541 oram
3031 5497 3231 5540 tantum
3273 5485 3572 5558 chlamydis

2016 5562 2064 5615 ei
2096 5559 2339 5622 abscidit,
2391 5559 2694 5627 signiﬁcans
2737 5558 2889 5611 nobis
2929 5559 3065 5624 quod
3101 5558 3234 5610 tales
3263 5570 3358 5610 nos
3388 5572 3569 5624 perse-

2017 5641 2239 5697 quentes
2277 5645 2380 5681 non
2413 5631 2653 5696 persequi
2685 5629 2996 5694 debeamus,
3047 5641 3144 5681 nec
3187 5628 3311 5680 odio
3354 5627 3572 5692 habere,

2018 5701 2113 5755 sed
2146 5701 2317 5768 potius
2343 5700 2586 5767 diligere,
2615 5710 2664 5753 et
2697 5713 2792 5769 pro
2821 5698 2949 5768 ipsis
2975 5713 3150 5753 orare.
3185 5699 3332 5752 Nunc
3371 5699 3434 5751 ad
3483 5698 3570 5750 lit-
