4010 6190
410 257 512 312 765

898 255 1098 311 BEDE
1141 255 1587 311 VENERABILIS
1620 256 1765 309 OPP.
1811 255 1980 338 PARS
2021 255 2080 309 11.
2126 256 2318 312 SECT.
2361 257 2425 313 ll.
2469 289 2532 298 —
2576 259 2774 314 DUBIA
2819 257 2906 314 ET
2942 255 3204 314 SPURM.

3524 256 3622 311 7b"

410 383 577 430 teram
603 382 938 428 accedamus.
993 373 1103 425 Vox
1143 383 1244 434 est.
1293 383 1350 426 ut
1382 375 1686 442 praedictum
1730 383 1831 435 est,
1880 372 1959 424 vel
1994 377 2037 432 Α
2065 374 2305 439 eriﬁcabo
2334 383 2380 426 et
2411 375 2705 441 conﬁtebor,
2753 373 3002 443 quoniam
3053 383 3102 424 ιιι
3149 371 3382 433 eripuisti
3409 386 3512 438 iam
3554 392 3628 428 me

410 445 760 513 perlecturum
794 443 845 496 in
879 457 1101 508 corpore
1131 443 1350 505 Christi,
1382 446 1458 494 vel
1494 444 1657 504 ipsius
1691 444 1966 509 propheta:

409 517 526 566 vice
549 528 733 567 eorum
763 514 984 578 agentis,
1016 522 1061 563 et
1099 515 1165 564 ita
1205 513 1467 565 dicentis:
1500 513 1658 573 Deus,
1688 514 1739 564 in
1765 514 1967 565 nomine

411 593 497 636 tuo
527 589 719 635 salvum
741 599 816 633 me
837 583 935 650 fac.
986 582 1142 644 Quasi
1185 582 1362 634 dicat:
1403 582 1602 635 Nomen
1635 591 1778 635 tuum
1825 586 1964 648 quod

412 652 751 722 prtedicatum
776 660 856 722 est
886 650 1035 703 nobis
1067 651 1116 722 in
1148 651 1472 714 inﬁrmitate,
1504 656 1622 720 quia
1649 652 1884 722 mortalis
1911 660 1964 704 et

412 721 678 792 paSsiliilis
707 721 861 772 nobis
890 721 1230 792 annuntiatus
1266 735 1343 782 es,
1396 736 1660 792 cognosco
1703 721 1961 792 sublima-

413 788 521 844 iuin
554 794 602 842 in
634 790 842 842 virtute.
890 788 1083 841 Venisti
1114 791 1252 842 enim
1285 801 1337 842 ut
1368 791 1610 841 moriaris
1634 805 1697 842 ex
1747 789 1964 842 inﬁrmi-

412 869 538 921 tate.
586 861 762 911 venies
797 873 920 911 iero
953 869 1007 910 ut
1030 859 1232 926 judiccs
1260 865 1308 911 in
1343 860 1552 911 virtute.
1607 860 1670 911 Et
1699 875 1965 926 quoscun-

413 946 516 994 que
545 943 684 982 nunc
709 927 934 980 salvaliis
976 929 1026 980 in
1058 928 1374 994 praiced't-nti
1405 930 1636 990 nomine,
1672 930 1790 981 illos
1815 929 1962 980 salu-

411 999 576 1052 briter
605 996 848 1049 liberabis
889 998 937 1048 in
985 1007 1069 1049 tua
1099 999 1438 1063 subsequenti
1471 998 1664 1050 virtute
1695 1015 1710 1062 ;
1762 1007 1810 1050 et
1845 1000 1964 1052 ideo

411 1079 490 1130 tu,
525 1067 763 1129 Domine,
795 1080 880 1118 me
906 1067 1206 1119 credentem
1235 1077 1285 1119 et
1317 1077 1638 1132 ενι-ιπηιμιιι,
1659 1071 1708 1118 in
1745 1077 1829 1119 tuo
1867 1083 1962 1119 no-

409 1139 541 1190 mine
568 1138 911 1204 pi-aicedente,
939 1152 1039 1187 non
1067 1136 1117 1189 in
1149 1151 1251 1199 tne,
1281 1139 1476 1188 salvum
1503 1153 1577 1188 me
1604 1140 1702 1206 fac.
1741 1139 1803 1188 Et
1831 1137 1964 1191 bene

411 1207 534 1259 dicit
577 1208 794 1267 salvum,
835 1207 954 1271 quia
971 1206 1143 1274 justus
1167 1222 1228 1258 ea:
1252 1206 1351 1271 ﬁde
1376 1208 1513 1259 vivit.
1547 1206 1612 1258 Et
1646 1207 1723 1258 sic
1751 1211 1960 1259 tandem

412 1277 642 1344 perii-Ne
677 1276 840 1344 lilii-ra
881 1273 980 1325 me
1010 1273 1058 1326 in
1089 1287 1170 1326 tua
1212 1277 1552 1342 snbsequenti
1587 1279 1795 1336 virtute,
1830 1287 1878 1328 et
1908 1287 1963 1328 ut

409 1343 619 1409 liberes,
652 1361 682 1392 ιι
713 1343 868 1404 Deus,
915 1345 1100 1396 exaudi
1123 1347 1396 1397 orationem
1431 1361 1610 1407 meum,
1653 1359 1754 1397 non
1786 1361 1967 1412 quarti-

410 1416 560 1478 liliet,
589 1415 679 1467 sed
711 1428 904 1477 meam,
957 1414 1158 1478 liorem,
1211 1415 1438 1478 scilicet,
1487 1413 1817 1482 Ziplimornm
1859 1431 1960 1467 nou

411 1500 710 1550 rogantem.
767 1483 824 1536 Et
853 1482 1000 1535 verba
1026 1484 1147 1545 oris,
1181 1499 1282 1535 non
1323 1483 1677 1548 Zipluenrnm,
1709 1487 1799 1536 sed
1843 1487 1959 1547 mei,

410 1554 459 1610 id
503 1566 602 1618 est,
635 1566 829 1605 aiterna
865 1553 1001 1605 bona
1025 1569 1053 1605 a
1085 1561 1137 1607 te
1179 1557 1435 1621 rogantis,
1476 1570 1593 1620 quae
1641 1555 1711 1605 illi
1743 1555 1959 1620 quidem

411 1627 649 1682 audiunt,
682 1623 771 1675 sed
805 1639 906 1674 non
950 1624 1265 1690 percipiunt,
1316 1625 1435 1691 quia
1482 1638 1584 1675 nrin
1623 1633 1818 1676 aeterna
1851 1639 1961 1677 me-

407 1710 550 1761 cum,
598 1697 640 1746 si
683 1704 887 1745 terreni
918 1703 1151 1759 cupiunt,
1205 1694 1436 1757 inquam,
1480 1697 1708 1760 percipe,
1765 1694 1813 1744 id
1856 1703 1956 1759 est,

406 1766 629 1819 ostende.
660 1778 749 1828 per
776 1762 1020 1815 cll‘ectum
1067 1763 1364 1829 percepisse
1406 1772 1455 1815 te
1482 1765 1711 1826 auribus,
1762 1764 1813 1815 id
1853 1773 1956 1818 est.

407 1835 654 1887 audiendi
681 1837 934 1898 potentia,
967 1847 1084 1899 qua:
1115 1833 1164 1885 in
1198 1841 1247 1885 te
1277 1841 1376 1884 est.

483 1905 734 1967 Quoniam
760 1902 909 1954 alieni
937 1902 1316 1954 insurrexerunt
1349 1903 1616 1955 adrersnm
1661 1920 1758 1969 me,
1811 1905 1968 1967 fortes

406 1976 601 2040 qutesie.
620 1984 706 2024 unt
729 1971 952 2021 animam
992 1987 1172 2031 meam,
1197 1981 1242 2024 et
1272 1988 1371 2023 non
1403 1985 1777 2041 praeposuerunt
1807 1975 1968 2026 Deum

407 2055 524 2096 ante
543 2051 864 2108 conspectum
889 2057 1050 2092 suum.
1095 2041 1214 2094 Ideo
1246 2057 1462 2094 necesse
1490 2055 1571 2095 est
1600 2056 1653 2095 ut
1678 2055 1729 2095 tu
1761 2060 1845 2097 me
1866 2043 1968 2095 sal-

409 2129 530 2166 vum
577 2111 739 2164 facias
782 2121 833 2163 et
863 2110 1076 2174 liberes,
1130 2112 1249 2176 quia
1291 2109 1464 2178 alieni,
1519 2114 1566 2164 id
1617 2126 1719 2176 εει,
1770 2112 1966 2176 Zipliuii

407 2182 562 2236 alieni
594 2197 622 2234 a
652 2197 734 2233 me
757 2195 860 2231 non
891 2182 1224 2247 cognatiooe,
1247 2180 1340 2233 sed
1363 2180 1664 2246 :ili‘ectione,
1696 2200 1798 2235 non
1826 2186 1964 2246 loco,

407 2253 500 2305 sed
532 2252 680 2314 ﬁore,
720 2252 1119 2312 insurrexerunt,
1170 2262 1225 2303 ut
1254 2263 1431 2303 essent
1459 2254 1727 2304 adversum
1770 2270 1866 2317 me,
1916 2254 1967 2305 id

405 2334 505 2384 ε-ι,
538 2332 590 2374 ιιι
619 2320 978 2386 oppriuu-rent
1017 2336 1120 2373 me.
1159 2322 1220 2372 Et
1249 2323 1350 2372 liuc
1381 2322 1536 2375 modo
1565 2322 1963 2386 insurrexerunt,

405 2392 524 2459 quia
553 2393 654 2459 ipsi
680 2390 856 2459 fortes,
888 2404 987 2443 u0n
1018 2390 1068 2442 in
1100 2391 1177 2444 rei
1209 2390 1452 2455 veritate,
1495 2391 1586 2444 sed
1635 2406 1728 2445 sua
1756 2405 1969 2459 reputa-

409 2463 570 2524 tione,
609 2460 916 2528 quasierunt
956 2460 1182 2512 animant
1207 2475 1388 2524 meum,
1432 2471 1485 2512 ut
1518 2462 1616 2513 sibi
1669 2463 1971 2513 conforma-

407 2542 525 2583 rent
553 2545 692 2583 eam.
729 2532 788 2580 Et
820 2531 917 2579 lioc
949 2537 1113 2581 totum
1147 2528 1265 2582 ideo
1293 2529 1555 2594 fecerunt,
1587 2531 1704 2592 quia
1727 2547 1824 2582 non
1855 2547 1972 2597 pro-

407 2607 682 2667 posuerunt
713 2606 829 2649 ante
849 2608 1166 2668 conspectum
1186 2597 1537 2668 suumDeum,
1569 2601 1658 2653 sed
1693 2603 1964 2666 mundum,

409 2671 460 2722 id
492 2679 596 2734 est,
626 2669 910 2722 noluerunt
941 2667 1102 2720 Deum
1151 2667 1395 2734 diligere.
1435 2671 1527 2722 sed
1563 2671 1737 2737 potius
1785 2671 1968 2723 volue-

411 2750 538 2792 runt
573 2752 845 2792 nummum
875 2751 1033 2804 super
1061 2753 1331 2791 numinum
1363 2753 1555 2806 ponere
1577 2749 1631 2795 et
1660 2740 1834 2793 omnia
1867 2750 1972 2794 ter-

407 2824 534 2862 rena
566 2807 844 2862 commoda
873 2819 1086 2874 angere.

481 2877 609 2931 Ecce
635 2880 768 2930 enim
809 2875 943 2928 Deus
977 2877 1181 2945 adjuvat
1209 2891 1322 2940 me;
1371 2887 1416 2931 et
1448 2879 1692 2932 Dominus
1717 2888 1972 2948 susceptor

407 2958 480 3001 est
505 2949 691 3001 animm
715 2961 857 3000 mete.
888 2948 1055 3014 Alieni
1085 2949 1297 3013 quidem
1337 2949 1734 3002 insurrexerunt
1759 2959 1965 3014 contra,

409 3020 502 3071 sed
532 3035 648 3086 qua:
687 3031 810 3069 cura
835 3014 856 3066 ?
883 3013 1033 3067 Nulla
1059 3018 1281 3082 scilicet,
1313 3023 1433 3085 quia
1469 3020 1602 3071 Deus
1631 3022 1840 3088 adjuvat
1869 3013 1962 3071 me.

407 3088 546 3141 licus
572 3100 758 3140 omnes
784 3093 998 3139 sanctos
1028 3101 1150 3138 suos
1179 3088 1410 3154 adjuvat,
1445 3098 1494 3141 et
1535 3091 1577 3141 si
1605 3105 1706 3142 non
1737 3089 1968 3142 exterius

407 3157 710 3221 manifeste,
761 3157 978 3208 interius
1033 3165 1205 3210 tamen
1253 3163 1479 3221 occulte,
1527 3163 1647 3223 quia
1687 3173 1812 3212 vere
1859 3175 1968 3209 tnu-

406 3242 569 3298 gtium
599 3227 916 3294 adjutorium
943 3227 1043 3278 illis
1070 3235 1171 3289 est,
1205 3229 1290 3295 qui
1325 3237 1541 3293 possunt
1584 3231 1762 3282 dicere
1788 3247 1798 3280 :
1842 3228 1963 3280 Glo-

410 3297 490 3352 ria
522 3306 692 3350 nostra
723 3306 795 3348 est
830 3297 1166 3348 testiinonium
1197 3298 1512 3350 conscientia;
1552 3307 1755 3351 ιιοδιι-ατ.
1791 3302 1841 3350 In
1865 3315 1969 3364 quo

405 3371 670 3436 adiutorio
702 3369 799 3418 iste
829 3379 1035 3434 qucque
1061 3368 1318 3434 glo.iatur
1347 3385 1464 3420 curn
1493 3371 1652 3422 dicit:
1711 3367 1966 3422 Volunta-

406 3439 482 3490 rie
517 3438 940 3502 tibisacriﬁcaba,
988 3450 1091 3509 etc.
1146 3437 1304 3504 Deus,
1348 3441 1582 3505 inquam,
1630 3441 1838 3509 adjuvat
1867 3454 1964 3490 me.

410 3509 473 3560 Et
503 3524 628 3561 eice
659 3509 926 3568 quomodo
955 3508 1188 3571 adjuvet,
1217 3511 1438 3568 scilicet.
1469 3511 1588 3577 quia
1617 3508 1869 3562 Dominus
1897 3520 1968 3560 est

407 3587 688 3646 susceptor,
729 3577 777 3629 id
806 3583 919 3638 est,
967 3577 1236 3640 dt-l'eusor,
1286 3581 1471 3630 animai
1510 3593 1652 3643 mete,
1693 3590 1744 3631 et
1792 3594 1836 3631 si
1866 3593 1967 3630 non

406 3662 648 3716 corporis
677 3648 780 3700 mei
809 3656 1008 3717 contra_
1040 3645 1284 3713 Ζιιιιιωοε
1310 3649 1484 3700 dando
1512 3651 1638 3700 milii
1680 3651 1967 3717 gloriosam

407 3713 809 3784 conscientiam,
836 3731 952 3784 qua:
984 3713 1108 3770 facit
1136 3733 1200 3770 ne
1225 3719 1302 3771 eis
1330 3719 1679 3771 consentiam.

479 3794 657 3841 Averte
683 3789 820 3840 mala
843 3789 907 3840 ab
935 3786 1153 3840 inimicis
1189 3791 1332 3854 meis,
1362 3798 1408 3840 et
1437 3789 1488 3840 in
1527 3791 1732 3841 veritate
1763 3797 1850 3840 tua
1879 3788 1972 3840 di-

409 3859 748 3928 sperdeillos.
797 3857 894 3928 llic
923 3859 1194 3910 interserit
1236 3859 1526 3912 orationem
1569 3874 1666 3927 pro
1715 3872 1968 3928 persecu-

409 3927 608 3984 turibus
633 3929 756 3991 illis,
782 3927 917 3980 dans
945 3927 1096 3980 nobis
1118 3931 1442 3996 exemplum,
1475 3937 1530 3982 ut
1549 3931 1680 3983 tales
1708 3927 1812 3981 non
1831 3933 1972 3981 odia-

408 4014 545 4060 tuus,
587 4001 679 4052 sed
709 4012 804 4064 pro
829 3999 954 4066 ipsis
980 4011 1213 4051 oremus.
1245 4005 1407 4064 Quam
1439 4001 1578 4053 dicat
1607 4017 1620 4052 :
1651 4000 1725 4052 llli
1754 3997 1967 4067 quidem

409 4071 689 4135 iiisurguut
711 4078 892 4120 contra
932 4081 1040 4129 me,
1087 4079 1140 4120 tu
1165 4082 1362 4133 autem,
1398 4072 1638 4136 Domine,
1689 4080 1855 4121 averte
1903 4073 1970 4121 ab

409 4138 514 4192 illis
545 4137 680 4190 meis
707 4138 840 4208 mata
879 4137 1152 4203 interiora,
1183 4141 1416 4204 scilicet,
1447 4149 1498 4193 et
1527 4143 1792 4208 graviora.
1842 4137 1970 4192 Nul-

412 4208 520 4261 lum
553 4209 694 4259 enim
726 4207 922 4258 malum
965 4209 1178 4274 gravius
1219 4224 1380 4276 quam
1411 4207 1590 4262 amare
1641 4220 1871 4272 terrena,
1917 4216 1971 4262 et

409 4277 680 4346 negligere
704 4284 905 4329 aiterna
930 4292 945 4340 ;
977 4283 1033 4329 et
1053 4278 1195 4344 ipsos
1223 4281 1422 4345 positos
1448 4281 1500 4330 in
1529 4279 1736 4348 veritate
1763 4290 1873 4348 tua,
1916 4280 1967 4332 id

408 4360 510 4412 est,
544 4363 594 4399 ιιι
623 4361 808 4418 arnore
834 4361 1173 4407 mlernoruui.
1215 4351 1444 4418 disperge
1483 4351 1533 4401 in
1571 4347 1797 4402 falsitate
1847 4347 1965 4412 sua,

410 4419 463 4472 id
485 4426 586 4480 est,
621 4433 671 4468 ιιι
701 4415 980 4470 ιιιῙεειιιιιιε
1008 4415 1358 4472 terrenarum.

490 4486 784 4540 Voluntaria
811 4489 1107 4555 satri/ieabo
1135 4491 1244 4556 tibi,
1272 4501 1318 4544 et
1346 4488 1620 4557 conﬁtebor
1645 4489 1839 4543 nomini
1861 4496 1964 4551 tuo,

417 4557 647 4622 D..mine,
669 4559 906 4626 quoniam
927 4565 1110 4631 bonum
1137 4573 1229 4613 est.
1265 4565 1341 4614 Ad
1372 4562 1660 4631 prinCipale
1688 4560 1967 4614 continua-

409 4638 514 4682 tur.
549 4633 708 4691 QuaSi
741 4631 922 4682 dicat:
956 4628 1089 4683 Vere
1134 4639 1212 4694 tu,
1249 4628 1489 4696 Domine,
1529 4628 1748 4699 adjuvas
1784 4646 1886 4690 me,
1918 4638 1972 4683 et

408 4713 469 4751 es
492 4708 767 4770 susceptor
789 4715 957 4752 meus.
995 4701 1144 4764 Quod
1177 4717 1268 4770 per
1290 4705 1430 4755 hunc
1451 4701 1697 4755 eﬁ‘ectum
1728 4711 1968 4769 apparet,

409 4769 534 4835 quia
563 4784 660 4836 ego
696 4770 992 4837 sacriﬁcabo
1019 4772 1126 4832 tibi,
1175 4769 1224 4826 id
1271 4783 1355 4827 est
1393 4775 1730 4836 sacriﬁcium,
1777 4773 1968 4834 laudis,

408 4839 631 4891 scilicet.
665 4837 728 4890 Et
754 4845 854 4892 tioc
883 4855 986 4893 non
1011 4859 1072 4896 ex
1099 4849 1434 4909 necessitate,
1465 4849 1556 4898 sed
1578 4857 1645 4894 ex
1676 4841 1968 4894 voluntate.

408 4911 559 4973 Quod
592 4909 902 4962 estdicere:
935 4909 1106 4965 Graiis
1139 4924 1189 4968 te
1215 4916 1460 4972 laudabo.
1499 4925 1550 4967 et
1582 4916 1633 4967 in
1675 4916 1789 4977 ejus
1817 4914 1972 4963 laude

410 4979 676 5052 gaudebo.
696 4995 804 5052 quo
833 4981 1069 5049 laudato,
1101 4999 1366 5052 nunquam
1398 4987 1680 5039 erubesco.
1713 4983 1970 5036 Volunta-

411 5067 493 5102 i.e
527 5048 664 5102 Deus
693 5050 956 5116 laudetur,
983 5048 1242 5109 cliaritate
1261 5067 1486 5120 ametur,
1512 5056 1676 5122 gratis
1706 5053 1971 5114 laudetur,

409 5122 574 5187 gratis
607 5129 836 5193 ametur,
866 5125 966 5175 lioc
999 5134 1102 5191 est,
1149 5137 1362 5193 propter
1404 5141 1463 5179 se
1495 5137 1724 5189 ametur,
1772 5133 1874 5174 u'on
1905 5135 1973 5173 ex

412 5190 774 5264 necessitate,
795 5193 845 5244 id
884 5203 986 5259 est,
1037 5190 1158 5247 non'
1190 5190 1408 5264 prapter
1436 5209 1622 5248 aurum
1669 5194 1754 5247 vel
1784 5205 1974 5258 argen-

415 5273 546 5324 tum,
599 5263 682 5314 vel
709 5261 906 5330 aliquid
953 5269 1076 5318 tale.
1120 5261 1435 5334 Subri/icabo
1485 5267 1594 5328 tibi,
1637 5266 1872 5331 inquam,
1921 5271 1976 5312 et

411 5335 515 5388 line
541 5337 735 5397 taliter,
789 5337 914 5404 quia
959 5337 1236 5401 conﬁtebar
1274 5339 1386 5400 tibi,
1429 5337 1479 5390 id
1531 5345 1632 5396 est.
1687 5334 1972 5404 perlectam

413 5406 623 5458 laudem
654 5421 768 5471 ore,
798 5401 958 5461 corde
984 5418 1036 5460 ct
1064 5421 1224 5473 opere
1257 5409 1440 5459 faciam
1490 5405 1685 5458 nomini
1713 5414 1816 5466 tuo,
1865 5401 1972 5451 Do-

413 5491 566 5546 inme.
603 5475 665 5527 Et
699 5480 797 5532 Ιιυε
819 5487 1030 5545 propter
1055 5479 1216 5542 aliud,
1251 5482 1341 5532 sed
1381 5482 1620 5546 quoniam
1652 5478 1818 5543 ipsum
1851 5475 1900 5521 in
1918 5486 1975 5523 se

411 5545 528 5611 ιιι-ιι
557 5550 739 5599 bonum
761 5558 854 5602 est.

489 5622 739 5679 Quoniam
767 5635 830 5671 ea:
857 5622 992 5670 omni
1016 5619 1340 5671 tribulatione
1363 5618 1591 5684 eripuisti
1619 5631 1718 5678 me,
1747 5626 1792 5666 et
1826 5629 1977 5678 super

413 5686 638 5738 inimicos
677 5703 813 5741 meos
842 5691 1063 5755 despexit
1103 5691 1280 5744 erutus
1311 5705 1468 5741 meus.
1512 5688 1698 5742 Merito
1741 5686 1834 5739 tibi
1885 5698 1974 5734 sa-

1995 4393 2044 4453 ι)

2071 443 2121 493 in
2165 459 2278 507 spe,
2318 461 2383 496 ea:
2430 449 2565 495 omni
2607 444 2932 496 tribulatione
2972 443 3245 504 interiori,
3300 443 3525 504 scilicet,
3578 453 3628 498 et

2069 513 2344 566 exteriori.
2401 514 2461 565 Et
2487 514 2661 566 oculus
2703 530 2860 574 meus,
2907 513 3147 571 interior,
3189 513 3410 574 scilicet,
3443 515 3626 577 larius,

2071 598 2160 646 per
2191 582 2324 636 hanc
2349 585 2674 645 ereptiouem
2701 599 2851 649 super
2877 584 3108 634 inimicos
3139 598 3274 634 meos
3297 584 3538 649 despexit.
3577 583 3628 637 id

2067 659 2167 710 est,
2199 653 2600 720 despectiliilem
2653 653 2836 705 ﬁurem
2866 651 3197 718 Zipbaioium
3225 652 3426 716 habuit,
3457 661 3628 705 atten-

2068 721 2260 783 dendo,
2289 723 2513 780 scilicet.
2561 723 2679 790 quia
2719 723 2881 774 omnis
2922 739 3041 774 caro
3070 726 3242 790 fenum
3269 732 3363 788 est,
3394 732 3441 774 et
3469 725 3630 776 omnis

2066 791 2231 856 gloria
2251 793 2361 854 eius
2389 802 2626 860 (utiquam
2649 795 2745 860 ﬂos
2768 794 2886 859 feni.
2923 793 3073 845 Aruit
3108 791 3307 854 fenum,
3363 801 3417 844 ct
3441 792 3631 845 cecidit

2068 860 2205 923 llos;
2253 863 2470 914 verbum
2517 873 2693 914 autem
2739 861 2960 920 Domini.
3014 861 3064 914 id
3093 871 3190 922 e~t,
3249 861 3630 928 promissimies

2070 929 2274 982 Domini
2303 942 2512 982 manent
2539 931 2587 982 in
2619 940 2895 983 aitertiuni.
2945 931 3160 998 Quare?
3189 930 3345 995 Quasi
3370 931 3507 984 dicat
3536 949 3548 982 :
3575 933 3628 984 Si

2068 998 2438 1063 bicliuuiilinr,
2485 1002 2766 1052 exaltabor
2814 1015 2932 1054 cum
2986 1002 3238 1055 Dominus
3266 1000 3446 1055 dicat:
3496 1001 3628 1066 Quia

2064 1070 2220 1133 quise
2241 1069 2496 1135 ltniniliit,
2529 1071 2852 1123 exaltabilur.

2559 1202 2619 1256 IN
2659 1202 2977 1258 PSALMUM
3011 1202 3139 1257 LIV.

2313 1312 2366 1365 In
2398 1313 2553 1366 linem
2592 1313 2842 1368 carminis
2877 1315 3173 1369 intellectus
3201 1317 3379 1369 David.

2662 1423 3035 1461 ABGUMENTUM.

2138 1492 2210 1544 Ex
2243 1507 2462 1568 persona
2493 1493 2638 1568 Quia;
2673 1495 2970 1568 sacerdotis
3016 1505 3202 1564 sponte
3233 1495 3515 1568 Egyptum
3544 1512 3634 1566 pe-

2069 1568 2226 1636 tentis
2257 1565 2490 1636 psalmus
2528 1565 2628 1636 iste
2655 1565 3005 1633 depromitur,
3055 1568 3264 1633 quando
3312 1565 3474 1620 Iason
3506 1565 3633 1636 pro-

2065 1633 2291 1704 pinquus
2313 1633 2449 1701 ejus,
2491 1635 2584 1687 sed
2619 1636 2833 1688 lionoris
2865 1646 2919 1687 et
2948 1640 3067 1689 vita:
3093 1637 3237 1689 illius
3274 1633 3522 1704 annulus,
3573 1640 3637 1691 ab

1996 1715 2037 1774 Β
2067 1701 2348 1774 Antiocho,
2377 1703 2581 1758 Seleuci
2613 1705 2736 1766 ﬁlia,
2766 1704 3125 1772 pontiﬁcatum
3149 1706 3390 1769 redemit,
3422 1701 3638 1760 eacon-

2068 1772 2297 1844 ditiune,
2335 1783 2390 1826 ut
2434 1789 2620 1827 omnes
2649 1774 2861 1828 Judaius
2892 1776 2942 1828 in
2975 1777 3249 1844 gentilium
3290 1779 3422 1830 scita
3453 1779 3636 1830 trada-

2071 1853 2234 1917 reret.
2284 1841 2398 1909 Ipse
2429 1858 2553 1896 vero
2582 1846 2764 1917 Unias,
2794 1841 3098 1917 constructo
3129 1846 3178 1899 in
3207 1845 3437 1917 Egypto
3462 1848 3636 1909 altari,

2072 1912 2450 1983 ritus_sacros,
2503 1930 2634 1981 quos
2684 1915 3030 1983 Jerosolymis
3059 1915 3216 1969 JaSon
3269 1912 3638 1982 prniaiiaverat

2070 1995 2187 2032 cum
2215 1980 2430 2045 iudicis,
2486 1980 2572 2051 qui
2606 1985 2842 2037 invenire
2875 1980 3171 2050 potuerant,
3221 1980 3442 2038 antistes
3470 1987 3637 2039 devo-

2071 2057 2155 2103 tus
2186 2053 2510 2106 instauravit.
2561 2053 2726 2106 Aliter
2771 2055 2942 2106 ﬁdelis
2986 2055 3250 2122 quispiam
3289 2065 3472 2111 contra
3507 2056 3629 2109 vitia

2071 2123 2250 2174 carnis
2279 2134 2330 2176 et
2353 2123 2522 2188 ipsam
2549 2139 2764 2177 carnem
2793 2125 3129 2190 deprecatur.

2670 2229 3026 2270 εκΡιΛιιΑτιο.

2145 2301 2205 2354 In
2230 2303 2379 2375 ﬁviein
2408 2305 2457 2356 in
2486 2303 2744 2357 Christum
2787 2307 2838 2359 in
2869 2307 3198 2370 carminibus,
3229 2309 3282 2360 in
3305 2309 3509 2375 gaudiis
3533 2311 3639 2372 spi-

2070 2375 2337 2446 r'tualibus
2364 2374 2646 2426 intellectus
2677 2376 2858 2436 David.
2905 2378 3024 2446 quia
3049 2393 3158 2430 eum
3191 2374 3438 2430 intellexit
3469 2380 3637 2430 incar-

2074 2443 2324 2511 nundum,
2358 2460 2447 2511 per
2477 2461 2622 2511 quem
2652 2461 2704 2497 se
2733 2448 2866 2499 novit
2893 2443 2926 2498 ti
2946 2446 3267 2500 tribulatione
3297 2448 3636 2501 liberandum.

2073 2510 2175 2562 Per
2205 2510 2365 2564 totum
2414 2510 2688 2581 psalmum,
2747 2517 2942 2568 duobus
2986 2517 3412 2584 diapsolmanbus
3457 2520 3638 2570 distin-

2071 2591 2223 2653 ctum,
2253 2585 2397 2634 verba
2422 2594 2538 2636 sunt
2571 2585 2792 2638 Domini.
2833 2586 2854 2638 1
2865 2603 2894 2637 u
2937 2589 3098 2653 prima
3128 2598 3270 2651 parte
3311 2589 3433 2652 petit
3460 2604 3523 2639 ne
3549 2605 3640 2640 sua

2073 2653 2124 2702 in
2157 2652 2474 2724 tribulatione
2499 2657 2646 2721 positi
2678 2652 2984 2717 despiciatur
3014 2660 3194 2717 oratio,
3229 2659 3504 2724 deprecans
3527 2660 3642 2711 libe-

2072 2722 2283 2796 r:tionis
2311 2725 2638 2796 celeritatem.
2666 2741 2818 2791 quam
2840 2741 2903 2778 es
2930 2729 3097 2796 carnis
3126 2722 3422 2793 inﬁrmitate
3451 2730 3640 2796 proba-

2075 2792 2221 2867 batur
2258 2806 2507 2867 expetere.
2553 2794 2790 2847 Secundo
2818 2799 2923 2848 loco
2953 2792 3251 2867 Judtrorum
3283 2792 3476 2849 destrui
3525 2815 3643 2867 sup-

2074 2863 2228 2929 plicat
2258 2862 2584 2928 iniquitates,
2634 2866 2876 2931 quoniam
2921 2867 2970 2916 in
3017 2865 3214 2918 civitate
3263 2869 3488 2931 ipsorum
3539 2862 3644 2919 erat

2075 2933 2405 2984 contradictio
2431 2935 2672 2985 veritatis.
2722 2933 2894 2986 Tertio
2932 2936 3055 2986 dicit
3085 2950 3196 3003 qua
3226 2936 3494 2988 obstinatis
3541 2937 3642 2989 luo

2077 3002 2197 3052 diuis
2230 3017 2318 3064 pro
2345 3003 2450 3054 suis
2475 3003 2745 3056 sceleribus
2773 3015 2972 3058 noverat
3003 3007 3214 3058 evenire.
3272 3005 3396 3058 Post
3425 3007 3537 3062 licet:
3561 3009 3643 3058 in-

2076 3072 2470 3146 troduciturpia
2496 3074 2796 3136 consolatio,
2830 3090 2890 3126 ne
2912 3078 3018 3144 quis
3049 3076 3295 3144 ﬁdelium,
3329 3077 3514 3129 audita
3547 3077 3645 3146 ju-

2071 3140 2199 3192 dicis
2227 3143 2489 3194 severitate
2515 3154 2779 3198 terreatur.

2653 3251 3071 3290 COXIHENTARIUS.

2147 3311 2369 3373 Eraudi,
2408 3313 2564 3378 Dens,
2606 3318 2879 3369 orationem
2922 3331 3103 3381 meam,
3145 3325 3248 3369 etc.
3301 3316 3512 3370 Titulus
3561 3325 3646 3372 est

2074 3385 2192 3435 talis
2217 3399 2231 3437 :
2271 3385 2289 3434 Ι
2300 3401 2332 3436 η
2353 3385 2503 3451 linem
2523 3387 2585 3456 in
2617 3387 2814 3456 hymnis
2840 3387 3118 3440 intellectus
3145 3387 3247 3453 ipsi
3270 3384 3460 3440 David.
3493 3387 3644 3453 Quod

2071 3456 2148 3505 sic
2178 3457 2480 3520 expauitur.
2517 3455 2822 3511 litec’verba
2849 3457 3150 3510 referuntur
3177 3459 3226 3510 in
3260 3459 3435 3521 ﬁnem,
3464 3458 3514 3510 id
3539 3467 3642 3522 est,

2075 3523 2127 3574 in
2161 3524 2451 3596 Christum.
2483 3527 2571 3592 qui
2604 3526 2721 3578 ﬁnis
2744 3538 2825 3580 est
2855 3528 2996 3580 omni
3026 3525 3263 3580 credenii
3293 3528 3356 3581 ad
3381 3527 3643 3596 justitiam

2070 3593 2431 3660 accipiendam
2459 3595 2508 3647 in
2543 3595 2775 3664 hymnis,
2815 3596 2866 3650 id
2897 3606 3000 3663 est,
3033 3597 3086 3648 in
3114 3593 3395 3659 laudibus,'
3418 3597 3643 3662 scilicet,

2073 3671 2127 3714 ut
2152 3667 2263 3717 sive
2291 3665 2618 3719 exsultemus
2647 3676 2702 3719 et
2732 3668 2995 3734 laetemur,
3041 3668 3158 3722 sive
3191 3667 3542 3734 tribulemur,
3593 3679 3647 3721 et

2069 3737 2450 3806 angustiemur,
2501 3735 2587 3788 ille
2617 3751 2829 3806 semper
2854 3738 2923 3790 sit
2951 3737 3247 3791 laudandus
3277 3737 3360 3801 qui
3395 3736 3447 3788 in
3481 3738 3646 3790 tribui-

2071 3801 2354 3876 lazionibus
2399 3806 2593 3876 erudit,
2625 3815 2678 3859 et
2726 3801 3032 3860 consolatur
3060 3807 3112 3860 in
3158 3807 3448 3876 prosperis.
3495 3806 3642 3859 Nun-

2069 3888 2224 3939 quam
2255 3875 2393 3928 enim
2427 3876 2537 3929 laus
2563 3875 2658 3929 Dei
2687 3877 2845 3930 debet
2872 3877 2939 3930 ab
2965 3892 3058 3931 ore
3086 3887 3139 3931 et
3163 3875 3333 3930 corde
3353 3877 3643 3931 Christiani

2073 3942 2345 4016 iecedere.
2373 3961 2476 3999 non
2509 3957 2559 3999 ut
2593 3945 2768 3999 laudet
2794 3947 2846 4000 in
2879 3948 3165 4016 prosperis,
3193 3956 3243 4001 et
3277 3947 3569 4014 prehendat
3593 3948 3643 4000 in

2070 4015 2330 4087 adversis,
2377 4016 2470 4069 sed
2503 4026 2558 4087 ut
2595 4032 2813 4083 semper,
2856 4026 2912 4070 ut
2950 4015 3232 4087 Psalmista
3261 4019 3354 4079 ait,
3389 4018 3499 4069 laus
3533 4021 3646 4087 ejus

2068 4083 2129 4135 sit
2148 4084 2206 4156 in
2237 4101 2321 4156 ore
2346 4101 2472 4138 meo.
2504 4085 2735 4156 Gaudes.
2759 4101 2989 4156 agnosce
3013 4085 3220 4141 Patrem
3246 4083 3643 4151 emendantém,

2069 4154 2191 4220 quia
2216 4153 2328 4207 sive
2359 4155 2647 4221 blanditur,
2678 4153 3088 4219 sive'emendat,
3137 4158 3282 4210 illum
3311 4157 3507 4221 erudit,
3559 4162 3642 4209 cui

2071 4223 2436 4298 haireditatem
2469 4235 2637 4293 parat.
2678 4226 2788 4298 l‘loc
2819 4227 2976 4280 modo
3009 4229 3058 4280 in
3094 4228 3492 4298 liymnisverba
3520 4235 3646 4298 sunt

2070 4293 2402 4364 accipienda,
2446 4305 2499 4348 et
2524 4305 2645 4349 sunt
2675 4296 2975 4350 intellectus
3002 4293 3284 4350 attributus
3312 4297 3410 4364 ipsi
3456 4297 3643 4361 David,

2073 4378 2101 4414 a
2127 4362 2508 4434 cuju_s_scmine
2527 4364 2771 4420 Christus
2799 4368 3053 4434 processit
3081 4362 3372 4421 secundum
3399 4380 3639 4430 carnem,

2071 4449 2191 4500 quia
2227 4431 2390 4502 Filius
2429 4435 2544 4502 ejus
2573 4435 2666 4488 luit
2697 4431 2988 4490 secundum
3019 4439 3419 4498 humanitatem,
3459 4435 3642 4490 Domi-

2075 4516 2171 4574 nus
2194 4501 2310 4571 ejus
2343 4501 2630 4558 secundum
2659 4505 3007 4561 divinitatem.
3052 4507 3325 4574 Signiﬁcat
3354 4507 3444 4559 bic
3471 4515 3639 4560 totum

2071 4571 2341 4646 Christum
2369 4583 2547 4641 caput,
2576 4578 2797 4639 scilicet,
2824 4587 2877 4630 et
2903 4571 3272 4646 corpusfquia
3296 4587 3470 4644 potest
3491 4577 3644 4629 Psal-

2073 4658 2190 4696 tnus
2220 4644 2318 4696 iste
2343 4659 2441 4697 vox
2469 4659 2586 4698 esse
2612 4646 2692 4700 vel
2717 4646 2904 4713 capitis
2947 4649 3027 4700 vel
3057 4644 3352 4713 digriiorum
3376 4647 3646 4699 membra-

2072 4727 2188 4766 runi
2219 4714 2268 4765 in
2293 4728 2538 4782 corpore.
2572 4715 2636 4767 Et
2658 4726 2739 4769 est
2763 4717 3084 4770 intellectus.
3114 4716 3477 4770 Admonemur
3497 4717 3643 4768 enim

2074 4792 2299 4855 ut._cum
2348 4785 2612 4855 audimus,
2660 4786 3016 4853 intelligamus
3057 4788 3176 4855 quia
3211 4801 3399 4855 magna
3446 4787 3510 4838 ad
3544 4800 3644 4838 nos

2073 4853 2261 4905 attinet
2288 4867 2411 4904 cura
2442 4853 2792 4925 intelligendi,
2827 4857 2876 4908 in
2907 4871 3011 4925 quo
3043 4853 3180 4908 inan
3209 4853 3378 4909 sim'us
3404 4865 3456 4909 et
3485 4871 3512 4906 a
3534 4869 3643 4924 quo

2075 4939 2136 4973 iu.
2164 4924 2212 4972 In
2253 4937 2464 4989 semper
2497 4923 2709 4978 liberari
2740 4923 3004 4992 optamus.
3039 4926 3176 4980 later
3206 4927 3400 4978 multas
3425 4923 3641 4979 tribula-

2077 4994 2248 5064 tiunes
2279 4992 2438 5064 hujus
2478 4996 2654 5046 saiculi
2689 4995 2888 5064 plangit
2929 4996 3124 5063 aliquid
3168 4997 3404 5062 psalmus
3449 4997 3548 5048 iste
3577 4996 3646 5048 de

2077 5061 2508 5134 intellecm.Nou
2536 5061 2710 5117 autem
2744 5061 2960 5134 plangit,
2990 5061 3108 5118 cuni
3142 5061 3241 5118 lioc
3269 5065 3477 5134 psalmo
3505 5066 3646 5132 quis-

2075 5132 2192 5198 quis
2225 5147 2327 5183 non
2371 5133 2530 5185 habet
2576 5132 2922 5187 intellectum.
2973 5135 3138 5188 Porro
3166 5132 3343 5188 autem
3378 5136 3505 5188 illuc
3533 5147 3638 5187 me-

2077 5202 2292 5253 ll:llll$:0
2339 5201 2634 5265 debemus,
2686 5204 2806 5269 quia
2856 5204 3150 5257 secundum
3205 5205 3533 5258 intellectum
3576 5204 3642 5254 ad

2079 5271 2360 5340 imaginem
2398 5271 2487 5323 Dei
2535 5272 2654 5325 lacti
2707 5289 2907 5337 sumus,
2959 5283 3013 5326 et
3065 5291 3157 5340 per
3201 5277 3527 5328 intellectum
3574 5274 3644 5323 ab

2075 5357 2102 5392 a
2130 5343 2188 5391 iis
2240 5338 2557 5394 animalibus
2605 5341 2918 5401 diﬁ‘erimns.
2971 5338 3118 5397 Unde
3161 5349 3372 5410 quidam
3404 5355 3640 5394 contem-

2078 5424 2254 5476 ptores
2302 5411 2429 5481 tanti
2483 5411 2602 5481 boui
2653 5413 2703 5464 iu
2737 5414 2964 5479 quodam
3011 5415 3213 5478 psalmo
3245 5413 3642 5481 reprehendun-

2079 5495 2181 5540 tur,
2235 5494 2351 5531 cum
2383 5479 2460 5531 eis
2489 5480 2682 5534 dicitur
2710 5500 2720 5534 :
2770 5483 2944 5535 Nolite
2973 5484 3084 5547 ﬁeri
3113 5485 3240 5535 sicut
3266 5479 3424 5547 equus
3453 5491 3497 5534 et
3525 5496 3638 5531 mu-

2076 5551 2174 5600 lus.
2212 5551 2276 5600 lit
2303 5549 2427 5600 item
2458 5567 2469 5600 :
2515 5549 2684 5603 llonio
2709 5569 2822 5603 eum
2866 5553 2920 5603 in
2959 5551 3146 5604 honore
3168 5559 3312 5617 esset,
3346 5568 3447 5603 non
3493 5552 3640 5601 intel-

2077 5618 2219 5670 lexit.
2274 5619 2637 5684 Agnoscamus
2665 5638 2792 5688 ergo
2821 5631 3061 5673 nostrum
3092 5623 3370 5684 honorem,
3398 5632 3452 5674 ei.
3484 5619 3634 5672 intel-

2079 5691 2304 5755 ligamus
2336 5703 2442 5741 non
2485 5691 2638 5745 istam
2670 5691 2896 5759 patriam
2925 5706 3043 5747 esse
3087 5691 3379 5760 gaudendi,
3432 5692 3520 5747 sed
3545 5691 3636 5743 Jo-
