4010 6190
408 311 511 367 765

1147 312 1211 368 ΙΝ
1255 312 1664 371 PS.\I..\i"-RU.\I
1709 312 1960 372 ιιιιιιυιι
2006 315 2357 375 EXEGESIS.
2400 348 2468 360 -—
2513 320 2751 375 PSALM.
2797 321 2927 382 ων,

3546 332 3647 386 766

404 425 564 498 tondi,
590 422 830 498 nondum
861 424 1181 498 exsultandt,
1222 426 1315 498 sed
1348 427 1520 479 adhuc
1551 428 1815 493 gemendi,
1844 429 1965 495 quia
1998 427 2046 485 Α
2072 437 2212 495 runt,
2240 430 2288 481 id
2317 438 2417 491 est,
2444 430 2590 494 quasi
2621 431 2837 484 deviare
2863 432 3142 486 voluerunt
3169 450 3221 487 tn
3253 450 3329 489 me
3354 436 3646 498 iniquitates

400 505 457 548 ει
484 494 524 547 si
555 494 727 556 aliqua
760 496 810 545 in
843 494 992 545 nobis
1039 506 1113 545 est
1162 497 1463 557 ι’ΧῖιιΙΗιὶο,
1518 501 1751 550 nondum
1786 509 1867 550 est
1913 500 1962 551 in

400 581 480 625 re.
511 564 601 616 sed
638 568 685 615 in
715 579 827 625 spe.
879 564 954 616 Ex
990 565 1251 631 promisso
1278 568 1415 617 enim
1467 570 1707 619 lmtamttr
1740 570 1969 621 scientes

403 635 786 701 proiitissorem
841 650 939 687 nos
981 650 1083 686 non
1116 637 1312 689 fallere.
1361 638 1623 702 Quantum
1676 650 1850 690 autem
1904 640 1966 690 ad

400 720 639 769 prauens
669 717 873 769 tempus
905 706 1112 769 attinet,
1167 707 1215 758 in
1264 722 1367 773 quo
1398 709 1534 758 mwlo
1576 716 1628 758 et
1672 710 1722 759 in
1776 708 1968 770 quibus

398 775 659 839 angustiis
685 776 850 827 simus
877 775 1172 840 audiamm,
1205 785 1257 827 et
1290 778 1339 827 in
1375 777 1524 829 nobis
1551 778 1690 843 quod
1722 778 1966 831 audimus

398 859 771 905 agnoscamus.
825 846 879 897 Si
930 855 1103 896 autem
1154 846 1383 897 nondum
1432 847 1687 901 in‘nohis
1717 848 1964 915 agnosci-

398 930 540 976 mus,
596 916 754 967 David
784 916 1186 980 incorporemur
1214 925 1265 966 et
1294 918 1369 967 sic
1414 922 1722 978 sentiamus,
1765 927 1817 971 et
1842 931 1962 971 cum

396 983 516 1050 ipso
542 986 816 1038 dicamus:
854 982 1007 1049 Deus,
1042 985 1226 1036 exaudi
1255 988 1529 1038 orationem
1564 1004 1743 1052 meant,
1781 988 1828 1038 id
1860 997 1960 1049 est,

396 1070 484 1107 me
533 1063 793 1108 orantem.
846 1054 909 1106 Et
957 1055 1054 1107 hoc
1098 1056 1169 1107 ita
1212 1072 1273 1107 ne
1301 1057 1607 1121 despexeris,
1655 1058 1703 1109 id
1752 1066 1855 1115 est.
1907 1068 1965 1112 ut

393 1126 626 1191 amplius
659 1140 760 1177 non
790 1125 1050 1183 despicias
1098 1126 1493 1193 deprecationem
1537 1143 1723 1179 meam.
1768 1128 1961 1179 Multo-

396 1211 516 1246 rum
544 1196 685 1246 enim
714 1195 995 1247 exauditur
1046 1198 1217 1246 oratio
1264 1210 1383 1249 ctttn
1438 1213 1532 1262 pro
1577 1198 1961 1263 temporalibus

394 1274 616 1325 rogant.
671 1276 722 1318 et
754 1266 1062 1316 conceditur
1105 1267 1181 1317 eis
1228 1266 1362 1334 quod
1397 1268 1683 1333 postulant,
1735 1282 1958 1333 quorum

392 1347 579 1398 postea
607 1334 901 1400 despicitur
929 1336 1251 1399 deprecatio.
1281 1340 1401 1403 quia
1436 1347 1644 1389 terrena
1674 1348 1825 1389 orant
1853 1354 1956 1389 non

388 1416 589 1456 acterna
619 1422 633 1469 ;
664 1415 714 1457 et
747 1407 863 1455 ideo
886 1406 984 1459 iste
1013 1415 1293 1471 utrumque
1319 1408 1482 1471 ponit,
1516 1408 1735 1469 sciliset,
1769 1418 1823 1458 ιιι
1844 1422 1960 1459 ora-

388 1474 591 1528 timtent
622 1475 892 1541 exaudiat,
924 1489 971 1527 et
1007 1477 1435 1541 deprecationem
1464 1493 1565 1528 nun
1596 1478 1872 1544 despiciat.
1906 1479 1955 1532 id

384 1554 497 1608 est,
548 1553 756 1598 terrena
783 1560 903 1598 eum
935 1561 1089 1598 orare
1117 1561 1219 1597 non
1274 1547 1562 1611 pet-ttiittat.
1615 1548 1725 1600 Hoc
1756 1563 1956 1601 secun-

383 1614 513 1667 dum
546 1614 943 1677 Cassiodorntn,
976 1616 1059 1683 qui
1107 1632 1211 1667 non
1264 1616 1537 1683 distinguit
1579 1617 1870 1670 orationem
1903 1629 1955 1672 et

382 1684 863 1751 depverationetn;
903 1687 1046 1749 juxta
1091 1702 1220 1738 vero
1270 1687 1615 1754 Augustinum
1661 1700 1713 1741 et
1764 1688 1953 1740 Hiero-

2070 513 2215 572 suas,
2243 500 2422 572 idest,
2456 517 2539 554 me
2581 503 2915 572 conturmare
2972 503 3070 555 sibi
3120 505 3297 558 eonati
3336 518 3479 572 sunt,
3523 527 3643 564 cum

2072 570 2243 633 potius
2283 568 2537 623 deberent
2581 571 2707 623 mihi
2756 573 3095 625 conformari.
3146 574 3208 625 Et
3258 568 3475 632 molesti
3501 590 3646 633 erant

2070 640 2212 696 mihi.
2238 640 2286 710 id
2317 647 2416 699 est,
2444 642 2795 693 molestabant
2822 658 2905 695 me
2937 644 3375 710 contradicendo,
3400 657 3453 701 et
3480 652 3640 703 etiam

2069 708 2497 762 certtrafaciendo
2524 712 2575 761 in
2610 713 2685 763 ira
2714 726 2830 775 sua,
2863 714 2912 764 id
2942 722 3043 775 est,
3078 724 3290 778 propter
3320 708 3641 772 admonitio-

2071 793 2190 831 nem
2222 794 2365 839 suam
2393 789 2443 830 et
2482 780 2911 833 exhortationem
2958 783 3073 834 irati
3116 784 3244 836 mihi
3288 798 3459 840 erant.
3489 788 3641 844 Unde

2068 863 2175 914 cor,
2207 850 2255 902 id
2287 859 2388 925 est2
2417 849 2635 925 interius
2660 867 2822 903 meum
2853 852 3203 925 conturbatum
3227 866 3318 920 est,
3345 858 3414 910 ita
3437 868 3639 925 tamen,

2070 928 2127 969 ut
2179 919 2513 971 conturbatio
2562 920 2645 995 illa
2694 930 2939 995 maneret
2958 924 3012 973 in
3056 939 3133 995 nte
3182 919 3404 986 tantum.
3437 928 3486 979 id
3530 919 3636 995 est,

2068 1003 2170 1039 non
2202 1002 2349 1042 extra
2401 988 2708 1051 procederet
2754 992 2803 1041 in
2855 992 3032 1043 odium
3067 993 3300 1046 illorum.
3340 998 3401 1049 Et
3429 1006 3512 1050 est
3555 988 3639 1053 hic

2064 1056 2903 1135 determinatioconturbationis.
2949 1062 3011 1113 Et
3043 1060 3159 1135 ideo
3190 1079 3291 1116 nun
3336 1068 3634 1135 superfluit,

2066 1126 2187 1180 licet
2217 1129 2355 1181 idem
2388 1128 2531 1203 prius
2557 1129 2753 1203 dictum
2788 1132 2872 1193 sit,
2902 1130 3251 1203 conturbatum
3275 1142 3372 1197 est,
3399 1126 3637 1203 inquam,

2062 1213 2363 1275 co_r_meunt.
2400 1198 2461 1275 Et
2485 1198 2591 1275 itoc
2639 1200 2792 1275 adeo,
2827 1200 3189 1275 quod_cecidit
3237 1220 3387 1270 super
3414 1198 3493 1259 me
3529 1198 3638 1275 for;

2062 1268 2199 1318 mido
2226 1274 2418 1330 mortis,
2448 1269 2497 1321 id
2526 1279 2623 1333 est,
2651 1272 2807 1322 timor
2844 1273 3029 1323 mortis
3070 1286 3172 1324 non
3206 1268 3633 1334 exterioris-sed

2062 1337 2351 1392 interioris.
2403 1338 2515 1392 Non
2561 1341 2699 1392 enim
2746 1340 2964 1393 timebat
3014 1351 3238 1397 mortem
3290 1346 3632 1407 exteriorem.

2060 1416 2243 1459 contra
2277 1425 2433 1476 quam
2464 1412 2729 1462 munierat
2757 1425 2877 1462 eum
2912 1412 3161 1463 Dominus
3201 1412 3386 1466 dicens
3414 1432 3427 1468 :
3462 1415 3636 1469 Nolite

2062 1479 2236 1529 timere
2281 1496 2366 1532 eos
2403 1482 2489 1544 qui
2527 1495 2709 1547 corpus
2749 1481 3003 1543 occidunt,
3061 1484 3285 1533 animum
3328 1495 3492 1537 autem
3530 1502 3634 1539 non

2062 1558 2268 1620 possunt
2296 1552 2565 1620 occidere;
2607 1550 2861 1602 timebant
2890 1561 3112 1620 martem
3155 1553 3484 1620 interiorem,
3515 1572 3633 1620 qua:

2059 1618 2268 1689 gravior
2298 1629 2398 1682 est,
2432 1619 2481 1671 id
2521 1627 2622 1689 est,
2660 1621 2836 1671 odittttt
2871 1618 3147 1684 timebant,
3178 1622 3299 1689 quia
3337 1618 3479 1677 sicut
3502 1618 3634 1678 dile-

2058 1687 2163 1738 ctio
2193 1696 2275 1740 est
2305 1690 2431 1751 vita,
2466 1692 2535 1741 ita
2558 1688 2733 1741 odium
2762 1698 2843 1741 e~t
2872 1704 3013 1741 inors
3034 1687 3246 1745 animae.

383 1770 603 1823 nymttm
666 1758 739 1809 ila
788 1756 1131 1825 distinguitur
1160 1774 1171 1808 :
1220 1755 1376 1820 Deus,
1413 1757 1620 1830 exaudi
1654 1759 1951 1830 orationem
1984 1769 2031 1827 Β
2091 1826 2100 1830 _
2132 1755 2313 1830 Timor
2336 1769 2379 1810 et
2403 1771 2606 1811 tremor.
2642 1759 2775 1823 Hoc,
2802 1758 3035 1825 inquam,
3055 1762 3212 1813 modo
3244 1763 3461 1830 formido
3489 1780 3632 1816 mor-

382 1842 549 1876 meant
577 1826 792 1888 fartam,
839 1842 931 1891 pro
965 1828 1377 1892 perst-verautia,
1413 1826 1461 1877 id
1494 1837 1598 1892 est,
1649 1826 1728 1881 fac
1756 1843 1840 1879 me
1870 1831 1951 1880 in-

382 1903 465 1946 ter
488 1896 655 1949 malos
687 1910 1034 1963 perseverare
1083 1912 1145 1947 ne
1168 1895 1434 1959 deliciam,
1483 1897 1615 1962 imo,
1656 1898 1952 1964 proficiam.

381 1965 441 2016 Et
482 1976 529 2015 ut
565 1965 819 2019 exandias
843 1965 1163 2025 orationem,
1211 1982 1272 2017 ne
1300 1968 1589 2032 despexeris
1623 1969 1952 2033 prmmissatn

382 2051 485 2101 pro
533 2046 763 2102 peccatus
803 2035 1249 2100 deprecationem;
1300 2038 1445 2103 prius
1487 2037 1625 2089 enim
1675 2037 1957 2104 unicuique

379 2122 481 2171 pro
510 2106 738 2170 peccatis
767 2115 846 2157 est
879 2105 1293 2174 deprecandum,
1337 2105 1529 2157 deinde
1563 2121 1657 2173 pro
1707 2121 1957 2174 perseve-

383 2176 557 2226 rantia
584 2175 865 2228 orandum.
923 2173 1156 2238 Intende,
1199 2176 1340 2238 dico,
1373 2177 1497 2227 mihi
1528 2176 1577 2228 iit
1607 2173 1871 2239 oratione,
1904 2185 1959 2230 et

379 2254 438 2296 ιιι
493 2246 755 2308 iu'eudas,
810 2247 999 2299 exaudi
1052 2263 1131 2297 me
1163 2246 1306 2312 pritts
1349 2247 1399 2297 in
1450 2246 1844 2313 deprecatione.
1896 2248 1959 2300 Et

376 2315 533 2376 quasi
574 2315 716 2367 dicat
742 2315 787 2368 ei
819 2332 830 2367 :
863 2316 995 2381 Quid
1025 2315 1240 2385 gemis?
1286 2315 1420 2379 Quid
1454 2316 1693 2381 pateris?
1731 2315 1916 2370 Sulidit
1944 2336 1953 2369 :

374 2385 715 2438 (Jttnttistattts
760 2402 871 2437 sunt
918 2386 973 2437 in
1022 2387 1377 2439 exercitatione
1406 2401 1534 2438 mea.
1591 2386 1750 2451 Quasi
1785 2388 1954 2441 dicat:

377 2455 611 2509 I'usttisti
643 2470 725 2507 me
756 2455 990 2507 exerceri
1022 2456 1159 2509 inter
1191 2457 1381 2520 malos,
1405 2457 1496 2508 sed
1527 2457 1646 2525 quia
1678 2456 1772 2523 ipsi
1801 2475 1956 2524 supra

372 2529 521 2577 vires
552 2540 696 2576 meas
746 2526 1021 2592 in~urguut
1064 2534 1246 2577 contra
1295 2542 1401 2590 me,
1433 2527 1550 2578 ideo
1588 2536 1664 2591 tu,
1713 2527 1956 2591 Domine,

374 2596 665 2665 tranquilla
719 2597 1140 2659 persecutionem
1172 2610 1379 2648 eorum.
1429 2597 1532 2649 Iste
1575 2597 1779 2665 positus
1823 2600 1959 2651 inter

374 2666 548 2717 malus
585 2663 748 2717 voluit
800 2666 1086 2735 extendere
1128 2665 1459 2719 dilectionem
1506 2663 1655 2719 suam
1685 2681 1851 2735 usque
1892 2672 1955 2722 atl

376 2735 641 2798 inimicos,
686 2745 739 2788 et
786 2734 909 2787 dum
953 2750 1100 2788 more
1150 2737 1365 2802 perfecti
1400 2737 1497 2788 viri
1548 2734 1858 2791 admoneret
1905 2750 1957 2793 et

375 2808 754 2857 exhortaretur
792 2820 884 2857 eos
917 2804 1054 2857 inter
1086 2820 1219 2869 quos
1261 2807 1696 2869 conversabatur,
1743 2818 1795 2861 et
1826 2811 1955 2865 nihil

378 2874 687 2941 proficeret,
740 2876 861 2942 quia
913 2875 984 2928 illi
1040 2890 1196 2943 supra
1248 2878 1388 2929 vires
1441 2877 1556 2943 ejus
1606 2878 1958 2944 objurgahaut

374 2960 503 2997 cum
559 2960 677 2997 cum
725 2944 867 2997 vitiis
912 2955 966 2998 et
993 2947 1313 3012 opprobriis,
1340 2956 1392 2999 et
1419 2950 1574 2998 etiam
1606 2951 1958 3003 molestabant

374 3030 500 3066 eam
528 3016 575 3067 in
603 3016 763 3078 vitiis,
784 3014 1569 3084 timuitpe'deredileCtionem.
1591 3016 1651 3069 Et
1681 3020 1953 3074 nolttiteos

376 3087 595 3138 vincere
624 3101 742 3138 cum
772 3086 934 3149 vitiis,
968 3086 1089 3152 quia
1136 3088 1247 3140 hinc
1288 3094 1371 3139 est
1411 3086 1587 3155 regula
1632 3088 1865 3155 pietatis,
1900 3101 1953 3144 ut

381 3155 518 3207 tales
551 3170 643 3221 per
671 3156 908 3209 convicia
939 3172 1040 3208 non
1072 3157 1360 3217 vincamus,
1389 3172 1484 3209 nec
1514 3156 1657 3225 ipSos
1687 3160 1949 3224 odiamus,

376 3225 489 3277 imo
521 3240 613 3291 pro
642 3226 768 3292 ipsis
798 3240 1011 3277 oremus
1056 3235 1108 3278 ut
1140 3237 1539 3290 convertantur,
1585 3237 1637 3280 et
1677 3230 1950 3284 nobiscum

373 3306 752 3348 exerceantur.
788 3296 897 3346 Non
922 3296 1064 3368 enim
1114 3297 1145 3347 ft
1164 3308 1304 3349 lh‘ll‘a
1340 3307 1461 3348 sunt
1491 3298 1654 3365 impii.
1691 3301 1808 3368 quia
1836 3316 1952 3354 om-

375 3381 464 3417 Itts
510 3366 702 3437 impius
732 3373 823 3417 aut
869 3366 933 3417 ad
978 3367 1077 3419 huc
1110 3369 1239 3419 vivit
1288 3376 1341 3418 nt
1382 3366 1827 3435 corrigatttr,'aut
1861 3385 1954 3437 per

373 3450 497 3485 euut
535 3435 704 3487 bonus
732 3445 1060 3488 exerceatur.
1099 3437 1250 3490 Unde
1282 3436 1378 3488 iste
1418 3438 1585 3490 noluit
1627 3439 1793 3493 malos
1824 3435 1953 3493 con-

373 3506 535 3556 vicils
579 3505 823 3569 vincere,
868 3507 961 3557 sed
1008 3509 1270 3559 convt-rtit
1314 3520 1371 3557 se
1409 3507 1473 3558 ad
1517 3508 1834 3573 oratiooem,
1887 3525 1953 3564 ne

373 3576 991 3646 perderettliZectionem
1014 3578 1234 3637 orando,
1259 3576 1482 3641 scilicet,
1510 3576 1647 3630 inter
1677 3579 1807 3631 tales
1834 3594 1953 3646 per-

374 3644 757 3715 severantiam.
793 3644 1019 3698 Maxime
1045 3647 1185 3699 enim
1222 3646 1359 3698 bono
1392 3646 1504 3698 viro
1529 3644 1949 3715 cavendum‘est,

376 3727 448 3766 ne
481 3715 531 3766 in
562 3715 651 3767 tali
684 3714 1023 3768 tribulatione
1055 3718 1237 3782 perdat
1268 3716 1633 3778 dilecttonem,
1665 3719 1785 3783 quia
1818 3714 1952 3773 duos

376 3784 565 3837 hostes
604 3786 853 3852 patimur,
887 3785 1110 3838 alterum
1164 3786 1466 3849 visibilem,
1505 3796 1558 3839 et
1596 3787 1823 3841 alterum
1871 3790 1951 3841 in-

372 3854 665 3921 visibilem,
705 3858 795 3907 sed
827 3856 869 3908 si
916 3860 1151 3908 exterius
1187 3857 1410 3908 sa-viens
1452 3868 1678 3919 amatur,
1728 3859 1949 3913 interius

371 3924 607 3977 saeviens
675 3925 825 3977 facile
876 3936 1179 3985 superatur.
1239 3925 1469 3992 Uterque
1536 3938 1711 3981 autem
1772 3930 1953 3983 nititur

375 3994 533 4064 nobis
559 3994 765 4047 auferre
791 3994 941 4057 illud,
971 3997 1018 4046 itt
1044 4011 1149 4064 quo
1180 4011 1277 4048 nos
1300 3996 1443 4048 videt
1472 3999 1775 4064 superiores
1798 4013 1951 4061 esse;

374 4063 541 4135 homo
590 4079 816 4132 namque
858 4063 1072 4132 supetat
1122 4064 1388 4118 hominem
1419 4063 1624 4119 terrena
1659 4066 1948 4135 felicitate;

372 4131 541 4185 homo
559 4148 684 4188 vero
710 4131 1218 4201 superatdiztltulntn
1244 4137 1436 4187 inimici
1462 4135 1768 4190 dilectione.
1800 4131 1951 4193 Uade

369 4203 502 4257 dicit
537 4204 720 4257 beatus
751 4203 1036 4272 Gregorius
1069 4223 1080 4256 :
1120 4223 1137 4254 ι
1176 4206 1304 4271 Quia
1353 4207 1573 4259 suscitat
1605 4206 1947 4263 infirmiorem

370 4272 596 4327 fratrem
626 4274 880 4327 adversus
904 4274 1027 4337 nos,
1069 4290 1167 4327 nec
1212 4286 1362 4329 curat
1408 4279 1655 4342 antiquus
1701 4280 1867 4331 hostis
1896 4289 1951 4331 ιιι

368 4354 555 4395 ucstra
592 4346 760 4409 tollat,
796 4344 886 4396 sed
921 4354 976 4395 ιιι
1005 4346 1316 4398 charitatem
1358 4346 1410 4399 itt
1439 4346 1592 4398 nobis
1625 4345 1794 4400 feriat.
1832 4367 1848 4400 ι
1886 4348 1950 4402 Et

368 4414 493 4465 ideo
526 4413 646 4477 iste,
678 4427 729 4465 ιιι
761 4414 1125 4481 pt'trdiximus,
1150 4417 1413 4468 Convertit
1443 4431 1502 4470 se
1530 4420 1591 4468 ad
1618 4418 1937 4484 orationem,

2062 1826 2125 1877 tis
2154 1828 2335 1879 cecidit
2358 1844 2507 1896 super
2529 1843 2628 1893 nte,
2661 1830 2779 1895 quia
2828 1840 3067 1881 venerunt
3096 1826 3253 1893 super
3279 1849 3357 1884 me
3385 1834 3536 1886 timor
3565 1835 3633 1887 de

2060 1896 2161 1959 ira,
2194 1906 2379 1949 tremor
2401 1898 2467 1950 de
2493 1897 2635 1951 odio.
2663 1898 2742 1949 Ira
2772 1897 2911 1950 enim
2944 1898 3119 1951 brevis
3151 1901 3295 1955 furor
3319 1912 3420 1966 est,
3451 1904 3629 1955 odium

2062 1966 2355 2018 inveterata
2415 1968 2511 2019 ira.
2567 1967 2751 2019 Timor
2798 1982 3008 2036 quoque
3052 1970 3214 2021 animi
3276 1982 3378 2035 εει,
3432 1982 3633 2025 tremor

2062 2049 2188 2088 vero
2239 2037 2497 2101 corporis.
2546 2037 2608 2088 Et
2659 2036 2865 2090 videtur
2924 2038 3040 2104 plus
3090 2054 3209 2093 esse
3266 2050 3489 2105 tremor,
3541 2043 3629 2095 tibi

2061 2106 2221 2157 etiam
2252 2120 2345 2172 per
2369 2107 2773 2160 concussionem
2819 2110 3062 2175 corporis
3097 2113 3330 2163 exterius
3372 2111 3630 2175 apetitur,

2060 2186 2286 2241 quantus
2333 2176 2400 2228 sit
2434 2177 2592 2228 timor
2640 2176 2876 2229 interius.
2926 2176 2992 2229 Et
3042 2178 3158 2231 ideo
3193 2181 3352 2233 timor
3401 2180 3631 2234 refertur

2061 2244 2125 2295 ad
2162 2245 2311 2305 iram,
2341 2260 2458 2313 qure
2487 2246 2614 2299 levis
2640 2255 2741 2309 est,
2772 2256 2969 2299 tremor
2999 2262 3128 2299 vero
3156 2250 3219 2301 ad
3253 2251 3455 2313 odium,
3486 2252 3627 2311 quod

2062 2324 2345 2384 utrumque
2385 2330 2542 2384 grave
2574 2324 2673 2368 est.
2710 2319 2773 2369 Et
2823 2327 2996 2382 potest
3028 2317 3111 2370 hic
3155 2322 3299 2373 trabs
3344 2329 3398 2372 et
3429 2320 3627 2374 festuca

2063 2383 2147 2455 i_‘_la
2191 2383 2490 2447 notari,’de
2530 2387 2719 2453 quibus
2754 2387 3008 2439 Dominus
3058 2388 3108 2439 itt
3145 2389 3430 2455 Evangelia
3456 2391 3625 2441 dicit:

2067 2452 2347 2521 Ilypocrita
2376 2456 2503 2524 rjice
2531 2456 2746 2524 primum
2775 2462 2961 2508 trabem
2993 2458 3053 2509 de
3082 2460 3226 2512 oculo
3249 2452 3356 2522 tuo,
3381 2469 3425 2511 et
3450 2460 3631 2512 deinde

2062 2527 2306 2589 festucam
2328 2525 2392 2576 dc
2414 2527 2558 2578 oculo
2584 2526 2757 2593 fratris
2787 2528 2880 2578 tui.
2907 2528 3006 2579 Per
3029 2528 3230 2581 trabem
3250 2530 3391 2581 enim
3422 2531 3623 2592 odium,

2064 2609 2157 2658 per
2189 2593 2442 2647 festucam
2491 2611 2617 2647 vero
2673 2596 2746 2648 ira
2778 2596 3104 2664 designatur.
3162 2597 3225 2649 Et
3281 2600 3430 2650 multi
3473 2599 3623 2664 pravi

2062 2663 2306 2718 doetores
2331 2664 2461 2718 alios
2489 2666 2554 2718 de
2581 2665 2655 2716 ira
2689 2666 3104 2735 reprehendunt,
3130 2681 3249 2719 cum
3276 2668 3373 2735 ipsi
3405 2663 3630 2720 interius

2061 2748 2218 2797 grave
2263 2744 2451 2803 gerant
2479 2736 2677 2787 odium.
2729 2734 2923 2799 Timor,
2957 2736 3194 2801 inquam,
3237 2734 3509 2789 et’tremor
3536 2753 3623 2788 ve-

2061 2814 2243 2856 nerunt
2266 2822 2417 2875 super
2442 2821 2539 2870 me,
2570 2814 2625 2857 et
2656 2806 2754 2857 hoc
2782 2804 2919 2871 ideo,
2954 2806 3073 2873 quia
3107 2808 3321 2859 tenebrae
3342 2807 3448 2858 otlii
3476 2808 3625 2873 quasi

2060 2884 2407 2937 contexerant,
2440 2878 2489 2928 id
2523 2884 2627 2939 est,
2656 2885 3033 2941 Oppresserunt
3058 2893 3155 2929 me.
3190 2878 3303 2931 Non
3334 2878 3473 2929 enim
3506 2892 3629 2930 vere

2060 2954 2408 2999 contexerunt
2456 2961 2601 3010 eum,
2650 2948 2741 2998 sed
2793 2947 2843 2998 in
2890 2955 3034 2998 tanto
3084 2959 3226 3000 metu
3269 2958 3404 3005 erat,
3439 2962 3504 2998 ne
3541 2948 3627 2997 tli-

2061 3013 2339 3068 lectionem
2369 3016 2633 3079 perderet,
2660 3024 2712 3069 et
2737 3015 2916 3067 odium
2942 3017 3254 3079 incurreret,
3281 3025 3338 3067 ιιι
3361 3017 3631 3067 videretur

2058 3086 2105 3134 ei
2139 3088 2285 3152 quasi
2318 3088 2496 3136 ottiunt
2546 3085 2715 3151 ipsum
2756 3086 2863 3153 jam
2906 3086 2956 3137 in
2996 3101 3059 3138 eo
3087 3102 3226 3140 esse.
3273 3088 3461 3139 Odium
3507 3086 3630 3138 ideo

2061 3163 2210 3224 vocat
2262 3154 2527 3221 tenebras,
2576 3156 2717 3222 quia,
2754 3163 2811 3207 ut
2850 3154 3083 3208 Joannes
3132 3157 3453 3224 evangelista
3505 3158 3623 3209 ait:

2060 3221 2293 3295 Quiodit
2326 3226 2534 3295 fratrem
2565 3221 2731 3288 suum,
2763 3226 2813 3277 in
2844 3225 3059 3295 tenebris
3088 3237 3181 3279 est.

2126 3294 2192 3346 Et
2223 3294 2331 3346 dixi
2357 3310 2375 3346 :
2410 3296 2534 3358 Quis
2574 3295 2713 3346 dabit
2744 3296 2884 3347 nti/ti.
2928 3294 3208 3359 Venerunt,
3263 3297 3500 3363 inquam,
3539 3312 3628 3347 su-

2055 3378 2143 3431 per
2172 3379 2249 3416 me
2286 3366 2436 3416 timor
2478 3374 2522 3416 et
2554 3376 2772 3428 trentor;
2802 3372 2855 3415 et
2878 3367 2926 3417 in
2954 3365 3042 3416 illo
3076 3366 3263 3418 timore
3294 3377 3623 3419 cottstttutns

2055 3434 2181 3496 dixi,
2218 3450 2325 3499 pra:
2356 3436 2534 3496 tzcdiu,
2567 3438 2687 3500 quia
2728 3433 2833 3486 vidi
2861 3448 2954 3487 eos
2995 3450 3126 3502 quos
3157 3438 3507 3488 almoneham
3539 3435 3623 3485 tti-

2056 3502 2129 3555 hil
2180 3504 2455 3569 proficere,
2502 3506 2592 3555 sed
2642 3505 2812 3570 potius
2858 3504 3126 3557 deiicere:
3162 3506 3286 3570 Quis
3329 3507 3468 3557 dabit
3498 3506 3624 3555 milii

2057 3590 2265 3637 pennas,
2307 3584 2360 3624 ut
2387 3576 2674 3626 columem?
2717 3574 2937 3640 Quando
2970 3578 3047 3627 vir
3077 3584 3291 3628 sanctus
3330 3576 3472 3627 videt
3504 3591 3621 3626 mac

2056 3644 2135 3697 los
2178 3644 2318 3697 inter
2347 3658 2479 3711 quos
2516 3656 2867 3697 cttnversatur
2914 3644 3091 3713 potius
3133 3660 3291 3711 quam
3340 3644 3616 3711 proﬁcere,

2054 3714 2175 3781 quia
2218 3714 2495 3781 insurgunt
2526 3714 2574 3765 itt
2618 3729 2761 3780 eum,
2791 3724 2841 3766 et
2892 3715 3162 3768 molestias
3188 3718 3234 3767 ei
3288 3714 3536 3774 inferunt,
3566 3723 3621 3766 et

2055 3798 2134 3836 διε
2164 3795 2435 3850 peccatum
2483 3792 2696 3847 peccato
2724 3784 3113 3848 superaddunt,
3153 3786 3283 3837 solet
3314 3786 3623 3850 contingere

2057 3864 2272 3921 propter
2301 3854 2511 3905 taedium
2539 3865 2592 3906 ut
2614 3854 2925 3920 capiateum
2944 3854 3244 3907 solitudinis
3272 3853 3617 3915 desiderium,

2058 3932 2112 3978 et
2143 3925 2253 3976 vult
2302 3925 2554 3977 recedere
2587 3942 2615 3974 e
2654 3937 2901 3989 corpore,
2936 3938 3039 3975 non
3070 3939 3270 3988 amore,
3304 3924 3529 3987 scilicet,
3565 3932 3621 3974 ιιι

2054 3994 2243 4062 quibus
2276 4009 2377 4045 non
2410 4002 2614 4057 poterat
2646 3995 2901 4062 prodesse
2926 3993 3204 4055 hortando,
3235 3995 3399 4059 prosit
3428 3995 3617 4044 saltem

2055 4061 2295 4127 arando;
2326 4065 2418 4115 sed
2451 4063 2599 4115 multi
2631 4071 2749 4115 sunt
2778 4061 2968 4131 quibus
2996 4077 3097 4115 non
3130 4063 3254 4116 licet
3280 4065 3361 4115 sic
3385 4064 3621 4127 avolarc,

2054 4134 2176 4200 quia
2212 4134 2395 4197 ligatas
2441 4133 2552 4184 alus
2602 4134 2797 4187 habent
2836 4146 2943 4185 non
2975 4132 3140 4195 visco,
3186 4133 3277 4185 sed
3322 4133 3521 4186 oflicio.
3559 4132 3623 4184 Et

2055 4203 2175 4256 ideo
2217 4202 2266 4253 hi
2312 4202 2452 4255 aliud
2484 4204 2755 4255 desertum
2806 4210 3009 4270 petunt,
3055 4202 3349 4267 desertum,
3394 4203 3619 4266 scilicet,

2053 4272 2231 4327 cordis
2262 4283 2465 4340 petunt,
2499 4283 2553 4323 ut
2584 4276 2680 4325 soli
2710 4274 2815 4325 sint
2843 4275 2892 4325 itt
2921 4272 3147 4338 puritate
3194 4275 3408 4336 mentis,
3436 4287 3535 4339 qua
3564 4287 3621 4325 se

2053 4358 2173 4395 cum
2210 4342 2317 4397 Deo
2344 4357 2438 4395 suo
2468 4344 2758 4406 oh'eetent,
2792 4358 2894 4396 non
2929 4353 3104 4395 tamen
3132 4344 3230 4395 soli
3263 4351 3385 4395 sunt
3412 4344 3462 4394 in
3492 4344 3620 4393 cha-

2056 4415 2232 4475 ritate,
2257 4414 2376 4480 quia
2422 4429 2513 4480 per
2542 4414 2852 4466 charitatem
2891 4428 3010 4466 cum
3037 4412 3141 4464 illis
3168 4427 3197 4463 a
3227 4414 3413 4480 quibus
3445 4426 3623 4464 reces-

370 4499 438 4533 tte
472 4484 719 4550 perderet
752 4486 871 4535 tlilet
893 4479 1120 4538 tionem.
1148 4486 1207 4537 Et
1235 4500 1400 4552 quare
1429 4494 1564 4543 oret.
1590 4500 1801 4541 causam
1825 4479 1942 4541 red;
1971 4479 2022 4535 Ι)
2048 4491 2234 4536 serunt
2273 4491 2414 4535 sunt.
2449 4484 2535 4536 Sic
2572 4485 2711 4535 enim
2755 4491 3000 4550 quaerunt
3034 4479 3269 4548 requiem
3318 4483 3367 4532 in
3414 4491 3617 4552 mente,

369 4553 470 4615 dit,
506 4554 689 4605 dicens
716 4573 727 4606 :
758 4553 1096 4607 Coutristatus
1118 4570 1232 4607 sum
1256 4564 1307 4607 et
1337 4555 1684 4609 conturbatus
1715 4558 1948 4614 titnentlo

371 4624 595 4689 perdt-re
624 4624 964 4677 dilectionem
997 4627 1046 4675 in
1075 4626 1431 4678 exercitatione
1459 4641 1587 4687 mea,
1619 4628 1666 4676 id
1696 4638 1795 4691 est,
1822 4629 1945 4682 dum

368 4708 626 4764 exerceor
655 4696 792 4747 inter
825 4698 995 4747 malos
1024 4698 1360 4747 admonendo
1390 4710 1501 4756 eos,
1536 4705 1589 4746 et
1637 4696 1790 4761 nihil,
1824 4699 1945 4764 quia

370 4762 656 4836 insurgunt
702 4780 861 4836 super
886 4768 1025 4817 virt-s
1066 4781 1232 4836 meas,
1265 4765 1610 4830 prolicieudo.
1642 4767 1773 4818 l\ola
1804 4762 1947 4836 quod

368 4832 506 4883 dicit
551 4849 657 4884 utea
714 4833 837 4886 Dux:
866 4836 1008 4887 enim
1051 4835 1457 4887 exercitationes
1509 4844 1667 4887 sunt:
1700 4832 1944 4891 una'bo-

371 4917 585 4964 nurum,
638 4906 802 4955 altera
856 4908 1134 4956 ntalotum.
1186 4906 1509 4957 Exercitatio
1562 4908 1821 4959 malorum
1866 4917 1947 4961 est

367 4973 597 5042 inutilis,
629 4974 837 5039 quando
879 4975 1003 5026 mali
1047 4978 1248 5027 scrlicet
1287 4978 1657 5042 apprimuulur
1700 4991 1727 5027 a
1769 4978 1943 5031 malis.

372 5041 698 5094 Exercitatio
731 5044 986 5096 bonorum
1020 5055 1101 5097 est
1129 5041 1439 5097 exercitatio
1485 5047 1549 5097 ad
1593 5046 1865 5111 pietatem,
1893 5057 1948 5101 et

368 5112 437 5163 ad
469 5112 843 5185 ontniaqutilis,
872 5116 1043 5182 qualis
1088 5125 1170 5166 est
1221 5116 1304 5168 hic
1336 5116 1667 5181 accipienda.
1718 5114 1781 5168 Et
1822 5118 1943 5185 quia

369 5185 479 5252 duo
518 5183 715 5247 posuit,
746 5181 853 5236 duo
883 5181 1042 5235 etiam
1074 5185 1269 5247 subdit,
1312 5186 1461 5252 quasi
1508 5187 1647 5237 dieat
1675 5202 1686 5236 :
1718 5181 1942 5238 Contur-

368 5251 694 5325 batusqsunt,
729 5253 965 5319 inquam,
1009 5270 1039 5304 a
1084 5270 1199 5305 t'oce
1243 5251 1453 5318 inimici,
1496 5254 1544 5305 id
1577 5263 1676 5317 est,
1729 5267 1945 5325 ριοριει·

366 5322 836 5389 exprobrationem
886 5332 940 5375 et
986 5326 1219 5375 convicia
1277 5326 1417 5375 illatzt
1471 5325 1536 5375 :tb
1585 5322 1841 5378 iuimicof
1876 5324 1943 5377 Et

366 5394 718 5444 contristatus
756 5407 871 5444 sum
911 5408 941 5443 a
982 5393 1307 5445 tribulatione
1354 5395 1650 5461 peccatoris,
1698 5395 1786 5455 qui
1836 5411 1940 5447 non

367 5461 540 5512 solum
585 5462 878 5524 maledixit,
926 5464 1016 5514 sed
1065 5472 1119 5516 et
1157 5474 1338 5515 contra
1391 5463 1512 5516 fecit
1558 5463 1757 5531 flagella
1794 5465 1943 5516 adhi-

369 5531 581 5596 bendo;
632 5534 747 5598 plus
779 5533 920 5583 enim
967 5542 1047 5584 est
1087 5532 1428 5585 contristatus
1460 5548 1615 5598 quam
1648 5536 1939 5588 conturba-

370 5612 479 5661 tus,
505 5605 630 5668 quia
652 5602 987 5653 conturbatio
1012 5602 1124 5654 huic
1154 5611 1235 5655 est
1263 5613 1461 5654 tantum
1494 5603 1557 5653 ad
1590 5602 1794 5655 horam.

445 5672 699 5735 Quoniam
740 5671 1145 5723 declinaverunt.
1194 5672 1313 5723 Ideo
1364 5673 1550 5723 merito
1592 5673 1939 5725 contristatus

371 5756 488 5791 sunt
523 5755 572 5794 et
604 5742 972 5803 conturbatus,
1004 5742 1245 5810 quoniam
1275 5742 1369 5809 ipsi
1412 5742 1604 5793 inimici
1651 5742 1933 5795 declinare-

2050 4565 2105 4605 ιιι
2135 4567 2329 4619 corpus
2373 4563 2546 4605 tamen
2579 4553 2811 4605 exterius
2845 4568 2948 4603 ttoo
2981 4552 3325 4604 subtrahatur
3351 4564 3381 4601 a
3415 4550 3606 4608 labore.

2048 4622 2107 4675 Et
2142 4623 2280 4675 hunc
2310 4622 2465 4674 talem
2499 4635 2763 4676 recessum
2795 4632 2941 4688 Optat
2972 4622 3093 4682 iste,
3127 4634 3245 4671 cum
3288 4621 3454 4673 dicit:
3495 4621 3616 4683 Quis

2047 4691 2183 4743 dabit
2222 4692 2347 4743 mihi
2378 4709 2583 4761 pennas,
2633 4692 2680 4742 id
2708 4700 2809 4753 est,
2846 4694 3200 4743 recessionetn
3235 4690 3303 4742 ab
3349 4690 3430 4741 his
3459 4691 3613 4761 matis

2047 4763 2221 4831 potius
2266 4757 2492 4829 ρει-’τηε
2538 4760 2930 4823 deﬁcientibus,
2969 4775 3125 4827 quam
3176 4757 3615 4831 proficientibus:

2048 4827 2423 4899 penitasdicit,
2447 4846 2564 4899 qua:
2597 4838 2722 4883 sunt
2750 4831 2877 4881 sicut
2912 4846 3095 4898 pennae
3127 4831 3387 4882 columba.
3427 4827 3490 4879 Et
3522 4842 3612 4878 vo-

2047 4903 2184 4963 labo,
2218 4902 2265 4952 id
2294 4910 2396 4959 est.
2429 4901 2675 4953 recedam
2707 4900 2771 4953 ab
2799 4900 2876 4953 eis
2924 4903 2973 4953 in
3015 4900 3210 4952 tuentis
3240 4899 3607 4961 solitudinem,

2045 4982 2091 5025 et
2135 4972 2211 5023 sic
2256 4973 2586 5035 requiescant.
2630 4970 2792 5036 Quasi
2834 4972 3015 5024 dicat:
3050 4971 3205 5023 Certe
3256 4981 3329 5033 tu,
3366 4969 3607 5028 Domine.

2046 5040 2196 5095 dabis
2223 5042 2349 5093 mihi
2384 5058 2597 5106 pennas,
2633 5058 2719 5107 qui
2752 5044 2973 5093 exattJis
2999 5042 3295 5093 orationem
3330 5055 3521 5101 meam,
3556 5045 3611 5091 et

2046 5128 2149 5165 non
2181 5110 2407 5177 despiCIs
2432 5114 2865 5178 deprecationem
2897 5126 3089 5163 tneatn.
3124 5111 3255 5162 Cum
3294 5125 3478 5176 penna:
3503 5111 3609 5159 sint

2046 5196 2327 5235 corvorum
2360 5189 2413 5233 et
2443 5182 2775 5246 accipitrum,
2821 5181 2957 5232 sicut
2981 5182 3373 5240 columbarum,
3405 5182 3501 5231 iste
3532 5187 3608 5246 ta-

2022 5269 2165 5311 nti-ti
2194 5250 2383 5319 qna-rit
2411 5250 2510 5303 sibi
2554 5245 2756 5302 tantum
2801 5253 2914 5303 dari
2944 5267 3144 5321 pennas
3174 5252 3467 5321 columine,
3482 5245 3608 5314 quia

2045 5317 2289 5375 Columba
2340 5321 2528 5387 quaerit
2569 5336 2595 5372 a
2650 5323 2907 5373 titolestiis
2944 5317 3336 5381 ’avolationetn,
3379 5317 3469 5387 sed
3500 5332 3605 5367 non

2046 5394 2237 5444 amittit
2262 5386 2623 5451 dilectionem,
2656 5396 2776 5457 quia
2806 5394 3012 5456 signum
3039 5402 3119 5442 est
3146 5386 3447 5440 dilectionis
3475 5388 3608 5436 ntul-

2046 5463 2111 5515 tis
2140 5461 2331 5512 modis.
2365 5460 2453 5511 Sic
2484 5469 2536 5511 et
2580 5462 2677 5512 iste
2714 5472 2917 5528 qua-ret
2945 5462 3156 5511 uiolare
3190 5474 3218 5510 a
3258 5459 3405 5509 malis
3436 5458 3611 5528 irati-if

2048 5533 2168 5593 bus,
2204 5544 2336 5597 quos
2378 5530 2573 5596 patitur
2614 5540 2667 5582 ιιι
2712 5526 3051 5582 dilectionem
3099 5543 3200 5582 non
3250 5528 3482 5589 amittat,
3515 5526 3608 5578 sed

2046 5616 2165 5655 cum
2199 5602 2275 5651 eis
2303 5613 2514 5664 semper
2545 5615 2637 5668 per
2663 5600 2975 5652 charitatetn
3010 5610 3239 5652 moueat.
3285 5598 3352 5649 Et
3390 5599 3612 5648 mittitur

2046 5671 2129 5722 hic
2173 5670 2237 5722 ad
2267 5669 2595 5735 Scripturant
2639 5672 2803 5732 illam,
2847 5670 2931 5723 ubi
2979 5671 3169 5736 legitur
3196 5672 3333 5737 quod
3366 5668 3611 5719 colutttba

2044 5742 2111 5794 de
2136 5754 2257 5793 arca
2298 5744 2516 5806 emissa,
2540 5742 2660 5809 quia
2693 5742 2886 5809 ubique
2927 5740 3100 5795 lutosa
3130 5741 3244 5793 loca
3275 5742 3496 5805 invenit,
3545 5737 3611 5789 ad
