4010 6190
340 221 444 279 767

823 221 1024 276 ΒΕῡῶ
1067 217 1515 276 VENERABILIS
1552 216 1701 273 OPP.
1745 213 1920 273 PARS
1960 215 2022 270 ll.
2063 213 2254 272 SECT.
2296 214 2362 271 ll.
2394 242 2462 255 —
2501 213 2708 272 DUBIA
2750 213 2838 271 ET
2877 214 3155 274 SPURIA.

3476 219 3587 273 763

339 350 515 389 arcam
547 348 640 402 per
666 331 1004 387 dilectionem
1035 332 1212 388 rediit.
1242 333 1331 388 Sic
1369 340 1424 384 et
1454 333 1576 392 iste,
1605 330 1692 393 qui
1723 330 1895 402 lutosa
1927 330 1975 387 Δ
2001 336 2109 402 cit,
2136 327 2456 402 mandatum
2476 329 2528 402 in
2576 329 2742 402 medio
2786 331 2917 397 ejus,
2946 330 3144 402 idest,
3174 331 3226 384 in
3275 330 3435 402 corde
3466 331 3588 399 ejus

342 407 454 460 loca
497 400 699 459 tantum
742 404 941 458 invenit
972 403 1228 456 malorum
1276 404 1327 455 in
1376 412 1639 454 secretum
1694 400 1893 461 cordis,

342 485 552 532 servata
583 483 758 527 tamen
790 475 840 525 iu
869 488 927 527 se
952 473 1257 538 dilectione,
1283 472 1530 537 recipere
1559 485 1615 524 se
1653 469 1862 538 quaerit.

415 545 547 599 Ecce
573 544 802 608 elongavi
846 544 1064 613 fugiens.
1101 542 1261 606 Quasi
1291 542 1473 613 dicat;
1507 540 1735 613 Qut'sivi
1766 555 1896 613 pen-

343 631 438 672 nas
455 615 579 668 mihi
605 614 740 678 dari,
765 622 818 667 et
841 610 965 668 ecce
989 611 1186 665 factum
1213 619 1296 667 est
1319 611 1455 679 quod
1483 610 1749 672 Optabam,
1779 611 1900 676 quia

347 701 534 752 perime
563 693 682 737 sunt
714 684 839 736 mihi
869 681 1008 739 data;
1035 700 1048 744 ;
1083 691 1135 737 et
1173 697 1272 747 ego
1301 682 1497 749 fugiens
1523 681 1756 744 elangavi
1792 694 1898 743 me,

344 757 564 818 scilicet,
587 764 641 807 ut
667 754 812 806 solus
832 768 1006 808 essem
1026 753 1077 808 in
1103 753 1292 806 mentis
1323 753 1569 813 puritate,
1594 765 1698 803 non
1726 758 1900 802 tamen

343 827 490 878 solus
540 825 589 877 in
646 824 926 888 charitate,
969 835 1014 877 et
1063 829 1116 877 in
1152 837 1215 877 ea
1262 822 1536 875 solitudine
1587 821 1773 872 mansi.
1807 818 1902 872 Vel

345 895 575 964 clongavi
622 909 707 948 me
773 895 997 949 tendens
1054 896 1105 946 in
1162 893 1429 964 desertum
1484 904 1705 956 corpore
1725 903 1904 964 .mnon

346 959 548 1018 amore.
576 963 648 1018 Et
675 967 772 1017 hoc
797 967 935 1029 ideo,
968 964 1088 1033 quis
1120 961 1469 1029 exspectabam
1507 974 1643 1033 eum,
1679 959 1902 1033 scilicet,

347 1037 534 1097 Deum,
567 1049 840 1102 quousque
867 1049 949 1088 me
987 1029 1346 1096 confortaret;
1375 1043 1521 1092 eum,
1550 1029 1690 1102 dico,
1717 1029 1803 1102 qui
1826 1031 1904 1102 si-

345 1116 433 1160 cut
457 1105 564 1172 jam
585 1097 673 1158 'nie
694 1103 891 1157 salvum
916 1105 1030 1171 fecit
1059 1105 1109 1156 in
1137 1117 1252 1166 spe,
1284 1102 1353 1155 ita
1379 1114 1463 1172 me
1506 1098 1706 1172 salvum
1743 1097 1907 1172 faciet

351 1176 403 1228 in
437 1169 492 1228 re
520 1192 552 1228 α
576 1169 1011 1241 pusiilanimilate.
1043 1174 1092 1227 id
1123 1183 1222 1234 est,
1243 1173 1319 1241 ab
1350 1169 1650 1241 inlirtiiitate
1673 1170 1906 1235 spiritus,

349 1244 397 1297 id
427 1253 526 1302 est.
563 1239 631 1298 ita
662 1260 745 1296 me
767 1244 1126 1306 continuaret,
1157 1252 1212 1294 ut
1234 1239 1344 1310 jam
1376 1254 1477 1293 non
1514 1240 1904 1310 timerein_per-

348 1315 477 1368 dere
508 1316 645 1367 inter
677 1314 842 1367 malos
872 1314 1213 1367 molestantes
1236 1307 1328 1363 'me
1355 1309 1711 1363 dilectionem.
1742 1308 1810 1360 Et
1830 1307 1908 1361 sic

349 1386 566 1448 Spiritus
606 1399 752 1437 incus
785 1385 930 1451 prius
976 1383 1215 1437 inlirmus
1261 1379 1516 1451 timendo,
1549 1389 1695 1432 esset
1727 1378 1909 1432 ﬁrmus

352 1455 479 1507 nihil
512 1448 861 1519 timendopet
906 1455 991 1521 qui
1036 1468 1120 1506 me
1165 1451 1370 1521 salvum
1416 1448 1614 1521 faceret
1641 1456 1910 1521 a-tempe-

349 1534 498 1588 state,
543 1526 593 1578 id
625 1533 719 1580 est.
755 1518 794 1576 'a
825 1518 1018 1577 mentis
1060 1520 1471 1589 perturbatione.
1503 1519 1558 1572 Si
1609 1518 1728 1587 quis
1766 1520 1910 1589 enim

356 1610 459 1648 non
500 1593 724 1646 attendit
752 1596 872 1662 quid
905 1594 1154 1646 Dominus
1186 1605 1282 1656 pro
1306 1605 1369 1662 eo
1399 1603 1584 1662 passus
1613 1589 1698 1652 sit,
1729 1591 1779 1640 in
1824 1588 1912 1640 illo

353 1665 500 1731 qua~i
531 1661 1019 1727 Clitisttisdurn'iit,
1059 1673 1112 1735 et
1159 1661 1277 1735 ideo
1319 1661 1369 1712 in
1412 1661 1528 1725 ejus
1557 1668 1733 1735 mente
1775 1666 1911 1735 tem-3
1948 1678 1992 1735 Β

358 1726 534 1796 peSIas
587 1735 995 1800 pertiiibatioiiis
1051 1733 1145 1791 llt;
1190 1730 1278 1797 qui
1337 1726 1740 1800 vero__attendit
1788 1729 1914 1800 quid

359 1797 610 1858 Dominus
638 1819 821 1867 passus
850 1804 938 1866 sit,
969 1812 1023 1856 et
1055 1803 1106 1856 in
1137 1801 1310 1865 aliqua
1340 1797 1916 1867 siniilituiline‘pasdo-

356 1889 480 1926 num
509 1865 701 1928 Christi
748 1865 939 1940 gaudet
966 1870 1211 1932 inveniri,
1254 1869 1305 1922 in
1348 1871 1440 1922 illo
1482 1870 1629 1940 quasi
1672 1865 1917 1920 Christus

353 1944 585 2012 evigilat,
629 1952 680 1996 et
709 1938 837 1994 mari
880 1952 932 1996 et
960 1941 1404 2012 ventisiuiperat,
1446 1947 1498 2012 et
1525 1938 1601 1991 sic
1633 1946 1917 2012 tempestas

358 2007 551 2068 cas-at.
574 2007 686 2067 'Vel
718 2014 874 2066 etiam
911 2021 1080 2079 potest
1107 2010 1208 2062 dici
1238 2026 1251 2061 :
1283 2009 1391 2079 Qui
1415 2009 1614 2060 salvum
1644 2021 1731 2060 me
1778 2007 1919 2079 iace-

358 2095 437 2137 ret
466 2099 493 2136 a
522 2092 854 2150 tempestate,
890 2077 937 2133 ii!
971 2093 1073 2144 est,
1123 2080 1188 2132 ab
1226 2078 1477 2133 exteriori
1529 2077 1918 2150 persecutione,

356 2168 463 2208 non
492 2147 643 2221 quod
662 2152 869 2217 penitus
897 2152 1193 2218 persecutio
1236 2158 1494 2216 cessaret,
1526 2147 1621 2201 sed
1661 2161 1762 2215 ego
1792 2162 1921 2204 con-

355 2221 596 2277 ﬁrmatus
623 2239 726 2276 non
771 2222 1122 2274 attenderem.

429 2292 726 2362 Prwcipita,
756 2292 988 2344 Domine.
1012 2290 1100 2344 Sic
1121 2289 1457 2362 continuatur
1478 2304 1494 2344 :
1507 2283 1916 2362 Exspectabam,

363 2355 737 2429 iiiqiiani,'eum
782 2364 867 2428 qui
897 2363 1091 2414 salvum
1137 2376 1213 2412 me
1242 2360 1458 2412 laceret.
1507 2355 1616 2423 Ego
1652 2358 1773 2429 dico
1802 2357 1921 2426 (di-

357 2427 487 2488 cens
515 2435 607 2500 ita)
639 2450 651 2484 :
684 2427 964 2497 prmcipita,
993 2431 1221 2500 Domine,
1252 2438 1356 2500 etc.
1390 2429 1479 2500 Vel
1504 2427 1789 2500 secundum
1814 2429 1922 2481 Ait-

361 2497 626 2568 guslinum
675 2502 786 2554 ita:
833 2502 1034 2554 Inimici
1069 2499 1280 2566 quidem
1319 2498 1698 2550 declinaverunt
1746 2497 1800 2548 in
1843 2513 1924 2552 me

361 2567 684 2634 iniquitates;
717 2579 768 2623 tu
795 2579 990 2630 autem,
1025 2568 1256 2631 Domine,
1292 2569 1556 2632 pra'cipita
1584 2581 1675 2619 eos
1701 2567 1768 2620 de
1796 2580 1920 2634 poc-

362 2653 482 2694 Cato
507 2642 557 2694 in
589 2650 879 2705 peccatum.
915 2639 979 2692 Et
1011 2639 1215 2708 linguas
1245 2652 1418 2688 eorum
1448 2637 1615 2689 divide
1640 2651 1668 2688 a
1696 2638 1919 2708 veritate

362 2720 471 2770 tua.
501 2711 718 2771 scilicet,
756 2719 812 2762 ut
856 2723 1067 2773 semper
1091 2705 1392 2776 'loquantur
1424 2708 1729 2760 falsitatem.
1768 2705 1920 2774 Quod

363 2796 467 2834 non
498 2782 618 2834 dico
657 2796 734 2843 ex.
768 2779 1170 2839 malevolentia.
1212 2777 1306 2831 sed
1346 2779 1593 2844 quoniam
1643 2776 1741 2844 ipsi
1780 2777 1924 2846 digni

362 2861 506 2914 siint,
538 2852 657 2919 quia
702 2866 800 2917 ego
850 2850 950 2902 vidi
981 2850 1316 2918 iniquitatem,
1365 2856 1467 2919 etc.
1518 2846 1610 2919 Vel
1652 2857 1826 2916 potest
1865 2849 1923 2919 in

368 2919 507 2972 bono
543 2916 708 2986 accipi
743 2916 868 2977 hoc.
904 2929 962 2971 ut
1003 2916 1077 2970 sic
1107 2919 1351 2969 dicatur:
1389 2916 1624 2982 Domine,
1666 2917 1926 2986 praecipita

363 3005 456 3040 eos
486 3005 514 3042 a
565 2991 807 3055 superbia
841 2991 893 3043 in
936 2988 1308 3048 humilitatem,
1346 2987 1395 3040 id
1424 2998 1525 3048 est,
1557 2987 1778 3040 humilia
1804 3001 1922 3040 eos.

367 3058 432 3111 Et
463 3058 666 3125 linguas
694 3075 866 3112 eorum
904 3061 1045 3125 prius
1088 3057 1458 3120 conspirantes
1500 3057 1551 3110 in
1599 3057 1816 3121 malum,
1847 3058 1930 3109 di-

367 3130 482 3182 ride
507 3131 573 3180 ita
609 3139 664 3182 ut
694 3130 920 3197 amplius
951 3130 1000 3182 iii
1027 3128 1164 3181 malo
1191 3127 1292 3181 sibi
1323 3142 1424 3181 non
1451 3129 1808 3195 acquiescant,
1835 3127 1930 3182 sed

370 3200 678 3264 C-tltspil'enl
729 3202 780 3252 in
825 3199 983 3252 bono.
1013 3197 1082 3252 Et
1131 3212 1349 3252 necesse
1392 3208 1474 3253 est
1515 3211 1569 3250 ut
1599 3198 1701 3252 hoc
1741 3198 1926 3261 facias,

369 3273 610 3336 quoniam
637 3271 686 3322 in
714 3271 930 3332 civitate,
965 3268 1013 3321 id
1043 3277 1147 3332 est,
1181 3267 1232 3321 in
1257 3283 1440 3322 eorum
1467 3268 1802 3322 multitudine
1830 3268 1930 3320 uidi

371 3339 687 3406 iniquitatem
728 3339 779 3393 in
827 3338 980 3392 factis
1026 3348 1072 3392 et
1118 3339 1566 3392 contradictionem
1621 3339 1673 3392 in
1731 3337 1928 3394 verbis.

370 3409 520 3473 Quod
552 3420 628 3462 est
678 3410 856 3463 dicere
891 3427 902 3461 :
937 3409 1086 3464 Adeo
1117 3408 1394 3462 manifesta
1432 3407 1680 3477 iniquitas
1709 3418 1761 3462 et
1799 3422 1930 3460 cou-

372 3479 617 3531 tiadictio
644 3489 722 3532 est
769 3479 820 3532 in
845 3480 945 3540 eis,
978 3489 1037 3533 ut
1072 3480 1137 3531 ab
1164 3480 1412 3532 omnibus
1442 3480 1608 3546 possit
1642 3477 1828 3532 videri.
1864 3477 1931 3532 Et

371 3548 711 3618 designanter
753 3565 848 3617 per
889 3548 1217 3618 iniquitatem
1271 3549 1408 3601 mala
1451 3564 1633 3615 opera,
1668 3563 1759 3614 per
1799 3562 1932 3602 con-

371 3617 740 3687 tradictionem
794 3635 921 3674 vero
972 3617 1110 3686 quod
1154 3633 1365 3687 semper
1406 3619 1614 3671 veritati
1665 3618 1934 3672 contradi-

371 3696 540 3741 catur.
567 3686 846 3742 Civitatem
888 3698 1062 3743 autem
1087 3698 1241 3740 vocat
1278 3688 1667 3742 multitudinem
1699 3689 1930 3740 illorum.

373 3748 468 3827 Est
494 3758 734 3823 quaedam
765 3760 950 3812 civitas
976 3758 1323 3822 confusionis,
1364 3759 1670 3827 Babylonia,
1708 3758 1929 3821 scilicet,

377 3826 442 3878 ad
467 3841 623 3893 quam
655 3843 841 3882 omnes
869 3829 991 3882 mali
1021 3828 1305 3894 pertinent,
1325 3834 1459 3882 sicut
1480 3826 1514 3881 ε
1535 3831 1802 3882 contrario
1821 3841 1935 3882 0m-

371 3895 612 3966 ni-s‘boui
640 3898 704 3950 ad
735 3898 1024 3953 Jerusalem
1051 3899 1337 3966 pertinent.
1370 3897 1433 3952 Et
1458 3898 1715 3951 mittimur
1745 3899 1830 3952 hic
1868 3899 1934 3951 ad

370 3974 481 4017 tres
508 3965 749 4037 diversas
776 3965 1115 4036 Scripturas;
1149 3984 1240 4035 per
1284 3967 1561 4037 Prtccipita
1590 3969 1728 4021 enim
1775 3969 1937 4023 mitti-

370 4043 454 4088 tur
483 4034 546 4087 ad
575 4034 909 4102 Scripturain‘
941 4054 1059 4103 qua:
1102 4039 1230 4092 dicit
1277 4040 1416 4105 quod
1455 4034 1674 4104 quidam
1721 4039 1936 4104 superbi

369 4105 469 4158 sub
499 4110 741 4170 tempore
783 4107 892 4161 Noe
919 4107 1118 4160 diluvio
1144 4109 1247 4160 sint
1298 4108 1630 4173 przt‘cipitati,
1660 4108 1779 4174 quia
1821 4109 1941 4160 illo-

373 4189 489 4245 rum
542 4176 895 4242 prtecipitatio
942 4176 1256 4244 signiﬁcavit
1302 4177 1589 4245 justorum,
1637 4178 1702 4231 de
1749 4178 1942 4244 quibus

374 4244 459 4297 hic
504 4245 701 4317 agitur,
743 4247 1252 4317 precipitatiouem;
1287 4244 1587 4317 perDivide
1625 4246 1828 4317 linguas
1855 4264 1940 4300 eo-

369 4330 483 4367 runt
512 4314 771 4368 mittimur
815 4316 880 4369 ad
916 4316 1033 4369 illos
1079 4317 1166 4383 qui
1220 4323 1338 4384 post
1365 4316 1618 4370 diluvium
1665 4314 1849 4370 turrim
1887 4319 1936 4370 in

1953 3020 2001 3082 C

2003 398 2382 454 multitudinis.
2425 399 2522 463 Qui
2575 399 2717 452 enim
2765 415 2946 454 verum
2997 400 3147 464 dicit,
3195 415 3300 454 non
3353 398 3584 468 laborat,

2007 469 2087 539 vel
2127 469 2178 520 in
2210 470 2384 539 medio
2409 468 2562 539 ejus,
2583 468 2633 521 id
2661 479 2760 534 est,
2793 471 2844 524 in
2880 470 3029 536 plebe
3059 473 3176 539 ejus
3204 486 3324 538 qua:
3352 472 3590 524 circum-

2002 536 2159 591 datur
2187 539 2254 592 ab
2304 538 2432 602 ipsis
2464 537 2779 607 majoribus,
2804 552 2886 594 est
2928 536 3101 596 labor;
3135 540 3199 592 Et
3224 536 3480 607 injustitt'a
3511 552 3593 593 est

2007 607 2069 680 in_
2092 608 2220 680 ipsis
2253 609 2582 680 majoribus;
2638 609 2896 678 injustitia
2925 613 3067 666 enim
3116 614 3328 680 proprie
3357 612 3594 679 pertinet

2005 675 2071 728 ad
2094 677 2237 747 illos
2268 678 2365 747 qui
2385 678 2648 745 judicant.

2082 745 2145 819 Et
2173 763 2272 799 non
2289 745 2501 819 defecit.
2527 747 2768 802 Ostendit
2798 751 2848 803 in
2885 750 3120 816 partibus
3149 748 3288 819 quod
3313 764 3439 804 vere
3475 764 3591 803 ma-

2007 816 2197 889 nifesta
2241 818 2486 887 iniquitas
2527 829 2610 871 est
2649 820 2700 873 iu
2749 819 2962 874 civitate
3010 816 3300 889 priedi’cta,
3355 820 3586 883 scilicet,

2007 887 2127 961 quia
2157 903 2311 961 usura
2340 897 2384 941 et
2411 889 2570 961 dolus
2585 904 2688 961 non
2718 891 2898 958 defecit
2930 893 2992 943 de
3013 887 3200 961 plateis
3229 891 3361 959 ejus,
3389 890 3439 944 id
3470 901 3580 954 est,

2007 955 2077 1009 de
2121 958 2336 1023 publico
2377 958 2516 1023 ejus,
2560 958 2609 1011 id
2659 967 2757 1020 est,
2781 955 3068 1014 manifeste
3098 955 3386 1015 exercetur
3418 976 3582 1013 usura

2008 1036 2064 1078 et
2089 1027 2263 1099 omnis
2303 1027 2458 1081 dolus
2491 1027 2541 1080 in
2571 1044 2652 1099 ea,
2691 1045 2785 1094 per
2813 1031 2949 1096 quod
2983 1041 3203 1099 augetur
3240 1029 3354 1099 ejus
3388 1029 3589 1096 iniqui-

2011 1104 2110 1154 tas,
2140 1096 2258 1163 quia
2288 1113 2446 1151 omne
2494 1098 2688 1151 malum
2729 1096 3110 1155 exsecrabilius
3159 1096 3420 1160 redditur,
3456 1115 3584 1155 cum

2011 1165 2221 1232 publica
2255 1169 2665 1234 praesumptione
2699 1177 2978 1223 tractatur.
3013 1172 3076 1224 Et
3117 1171 3306 1236 accipit
3338 1172 3422 1223 liic
3454 1187 3588 1223 usu-

2011 1249 2124 1288 ram
2155 1236 2299 1289 illam
2341 1239 2405 1290 de
2451 1252 2551 1304 qua
2599 1239 2722 1291 alibi
2753 1240 2954 1292 dictum
2986 1252 3067 1294 est
3101 1257 3114 1292 :
3155 1241 3256 1304 Qui
3296 1256 3396 1292 non
3449 1241 3592 1292 dedit

2011 1306 2277 1377 pecuniam
2317 1323 2462 1358 suam
2516 1307 2583 1360 ad
2637 1323 2867 1362 usuram.
2918 1309 3008 1364 Vel
3052 1319 3224 1377 potest
3281 1311 3364 1363 hic
3412 1311 3588 1376 accipi

2014 1390 2169 1446 usura
2221 1376 2308 1428 illa
2341 1377 2708 1445 injustissiina,
2756 1380 2894 1446 quod
2932 1376 3113 1444 parva,
3158 1381 3381 1438 scilicet,
3411 1379 3589 1433 olfen-

2012 1445 2161 1518 sione
2189 1460 2411 1518 gravem
2444 1448 2599 1500 nimis
2645 1449 2929 1501 vindictim
2961 1449 3201 1518 exigunt,
3234 1450 3452 1517 quando
3493 1463 3591 1513 pro

2014 1515 2130 1589 solo
2159 1517 2318 1589 verbo
2350 1517 2576 1584 aliquem
2619 1520 2885 1580 occidunt,
2914 1515 3073 1587 quani
3100 1515 3311 1572 usuram
3342 1521 3592 1589 sequitur

2015 1585 2128 1654 alia_
2151 1585 2362 1651 gravior
2391 1602 2570 1654 usura,
2602 1589 2822 1643 scilicet.
2851 1585 3123 1642 diuinatio
3153 1597 3374 1642 aeterna.

2093 1652 2345 1717 Quoniam
2387 1657 2431 1708 si
2475 1652 2729 1709 inimicus.
2765 1658 2819 1710 Si
2877 1659 3122 1727 superius
3171 1673 3262 1726 per
3311 1660 3590 1719 inimicum

2018 1731 2068 1798 et
2103 1735 2433 1798 pecciirtoreiii
2469 1727 2613 1779 illum
2659 1737 2885 1791 tantum,
2915 1731 3003 1798 qui
3034 1744 3248 1789 semper
3273 1741 3421 1782 extra
3471 1732 3590 1795 fuit,

2017 1793 2070 1867 id
2107 1803 2213 1867 est,
2250 1796 2456 1849 lidelein
2505 1799 2890 1864 acceperimus,
2933 1793 3002 1853 ἰιι
3045 1799 3233 1852 beatus
3265 1793 3593 1867 Augustinus

2017 1863 2176 1926 dicit,
2207 1871 2332 1918 tunc
2375 1881 2561 1919 versus
2595 1863 2692 1920 iste
2745 1869 2822 1922 sic
2865 1870 3287 1932 continuabitur,
3315 1863 3467 1936 quasi
3503 1870 3587 1922 di-

2019 1942 2156 1986 cat:
2202 1936 2410 2007 Quaeris
2466 1937 2818 1991 avolationem
2869 1949 3084 2007 propter
3135 1940 3258 1991 illus
3305 1939 3392 2004 qui
3443 1950 3593 1991 extra

2018 2012 2160 2075 sum.
2190 2005 2443 2075 Quiescas
2473 2007 2630 2074 igitur
2661 2008 2797 2073 ap-id
2830 2009 2949 2063 illos
2971 2005 3065 2075 qui
3089 2010 3231 2062 intus
3261 2017 3411 2061 sunt.
3454 2009 3594 2062 Dic‘t

2021 2071 2158 2126 is‘te:
2186 2073 2298 2127 Non
2331 2071 2566 2143 possunt,
2608 2071 2728 2142 quia
2758 2087 2811 2130 et
2842 2081 2926 2131 hic
2967 2071 3081 2132 falsi
3113 2078 3302 2132 fratres
3343 2095 3427 2131 me
3462 2095 3594 2144 per-

2019 2154 2334 2215 sequuntur,
2366 2146 2504 2212 quod
2557 2150 2829 2200 molestius
2879 2158 2959 2201 est
2998 2149 3312 2204 ferendum:
3347 2149 3590 2215 quoniam

2021 2213 2064 2265 si
2094 2214 2324 2287 inimicus
2363 2225 2585 2287 tantum.
2638 2217 2865 2280 scilicet,
2897 2221 2986 2287 qui
3036 2234 3248 2282 semper
3277 2213 3425 2272 extra
3471 2218 3588 2281 fuit.

2022 2281 2365 2357 maledixisset
2423 2286 2565 2357 milii,
2610 2289 2779 2355 utique
2829 2281 2928 2357 ego
2975 2289 3346 2350 sustinuissent,
3380 2289 3430 2340 id
3487 2300 3589 2352 est,

2023 2354 2393 2426 sustinendum
2445 2355 2545 2410 hoc
2601 2354 3027 2426 putareiufqnia
3059 2374 3218 2413 omne
3268 2359 3471 2410 malum
3503 2374 3592 2426 pa-

2025 2422 2238 2477 tientius
2269 2424 2429 2478 debet
2479 2422 2644 2494 accipi
2675 2429 2813 2495 quod
2861 2422 3112 2494 probatur
3160 2444 3263 2482 non
3314 2422 3589 2494 opinatum

2025 2496 2247 2558 assumi,
2273 2509 2370 2563 qua
2392 2496 2603 2562 quidem
2640 2497 2966 2560 inopinatum
2995 2500 3304 2552 assumitur.
3335 2499 3449 2551 Non
3481 2499 3594 2565 opi-

2027 2572 2211 2615 natum
2258 2568 2566 2625 assumitur,
2619 2567 2973 2636 quodcunque
3017 2570 3213 2622 malum
3263 2569 3332 2622 ab
3373 2569 3457 2620 his
3509 2569 3594 2632 qui

2027 2643 2175 2685 extra
2208 2646 2330 2686 sunt
2364 2638 2693 2701 assumitur;
2731 2638 3060 2703 inopinatum
3113 2654 3240 2691 vero
3281 2649 3360 2690 cst
3395 2639 3533 2705 quod
3569 2655 3595 2689 a

2026 2706 2245 2775 concive
2281 2705 2558 2772 accipitur,
2591 2721 2619 2758 a
2651 2723 2754 2775 quo
2786 2708 2913 2761 nihil
2946 2710 3067 2761 mali
3101 2718 3502 2773 exspectamus.
3536 2708 3598 2760 Et

2027 2771 2150 2826 ideo
2203 2784 2284 2844 est
2311 2771 2547 2842 gravius,
2581 2771 2705 2843 quia
2745 2779 2883 2830 nulla
2931 2781 3092 2844 pestis
3123 2771 3390 2832 el‘liciicior
3420 2787 3502 2832 est
3534 2777 3597 2829 ad

2028 2843 2325 2914 nocendum
2367 2861 2523 2914 quam
2582 2847 2856 2900 iatniliiris
2901 2843 3124 2902 amicus.
3168 2848 3222 2903 Si
3265 2863 3393 2900 vero
3437 2863 3598 2912 supe-

2029 2913 2140 2987 rius
2174 2913 2558 2987 periniiiiicuin
2592 2928 2644 2969 et
2679 2927 3034 2984 peccatorem,
3071 2929 3126 2971 ut
3151 2918 3359 2987 quidam
3393 2919 3596 2979 volunt,

2033 2983 2154 3035 illos
2180 2984 2504 3052 accipiamus
2526 2987 2612 3054 qui
2651 2983 2795 3053 prius
2829 2989 2970 3042 intus
2997 2983 3229 3051 luerunt,
3258 2988 3351 3040 sed
3384 3006 3413 3039 a
3450 2988 3599 3040 nobis

2033 3054 2305 3118 exierunt,
2335 3056 2384 3107 id
2423 3067 2522 3120 est,
2560 3056 2723 3110 falsos
2754 3059 2968 3123 iratre<,
2994 3069 3117 3112 tunc
3148 3059 3333 3124 planus
3358 3059 3426 3108 ad
3462 3058 3596 3109 hunc

2031 3137 2242 3196 versum
2269 3127 2373 3178 erit
2399 3140 2645 3180 acces~us
2672 3127 2772 3180 hoc
2804 3133 2962 3182 modo
2988 3147 2999 3181 :
3029 3127 3326 3196 Pra'cipita,
3360 3127 3596 3191 Domine,

2031 3203 2075 3244 et
2102 3194 2267 3246 divide
2299 3196 2495 3265 linguas
2526 3211 2722 3259 eorum,
2748 3199 2837 3265 qui
2870 3200 3142 3253 nobiscum
3178 3194 3322 3266 prius
3359 3198 3600 3263 fuerunt,

2030 3271 2084 3316 et
2108 3281 2132 3334 ξι
2159 3266 2311 3318 nobis
2342 3266 2624 3332 exierunt;
2655 3268 2794 3334 quod
2828 3284 2934 3321 non
2962 3285 3026 3322 ex
3056 3266 3424 3323 malevolentia
3458 3268 3600 3329 dico,

2030 3333 2124 3385 Sed
2177 3337 2424 3407 quoniam
2475 3333 2691 3407 dignum
2746 3348 2850 3403 est,
2884 3339 3008 3406 quia
3057 3340 3158 3392 vidi
3210 3338 3529 3406 iniquitatem
3558 3347 3604 3388 et

2031 3406 2482 3460 contradictionem
2513 3406 2565 3459 in
2613 3408 2808 3460 civitate
2851 3413 3035 3474 etiam,
3090 3410 3138 3462 id
3170 3419 3272 3474 est,
3313 3410 3363 3461 in
3417 3408 3602 3461 Eccle-

2032 3475 2128 3537 sia,
2164 3479 2248 3527 ubi
2274 3477 2442 3544 major
2481 3477 2737 3532 securitas
2785 3478 3089 3544 videbatur;
3141 3490 3194 3533 et
3233 3479 3332 3532 hoc
3358 3479 3517 3540 adeo,
3549 3486 3605 3529 ut

2031 3545 2114 3596 die
2144 3554 2190 3617 et
2219 3557 2383 3617 nocte,
2417 3547 2468 3600 id
2517 3557 2619 3613 est,
2650 3563 2878 3614 semper.
2917 3548 3008 3603 Vel
3056 3558 3111 3602 et
3155 3549 3205 3602 iii
3253 3549 3602 3617 prOSperitate

2033 3621 2088 3666 et
2146 3615 2196 3668 in
2246 3616 2567 3671 adversitate
2632 3618 2928 3673 circumdet
2974 3633 3091 3672 eam
3123 3664 3136 3685 ,
3201 3615 3423 3684 idest,
3473 3618 3601 3670 civi-

2035 3691 2232 3756 tatein;
2290 3698 2340 3740 et
2397 3689 2447 3741 iii
2499 3688 2790 3741 minoribus
2833 3698 2887 3742 et
2952 3689 3002 3742 in
3053 3689 3383 3756 majoribus,
3441 3697 3500 3740 ut
3552 3688 3601 3737 in

2033 3754 2151 3826 aliis
2203 3758 2431 3823 praelatis
2478 3757 2743 3826 iniquitas.
2790 3758 2941 3824 Quod
2982 3754 3389 3813 valde—moleste
3422 3757 3598 3811 tereti-

2034 3823 2158 3879 dttm
2189 3836 2289 3891 εει,
2341 3836 2398 3882 ει
2444 3823 2655 3892 merito,
2703 3823 2945 3896 quoniam
2982 3830 3025 3882 si
3054 3830 3307 3894 inimicus,
3335 3828 3425 3895 qui
3465 3842 3598 3879 titiu-

2035 3910 2190 3967 quam
2222 3897 2315 3962 lui,
2347 3897 2488 3952 intus
2516 3897 2857 3951 maledixisset
2888 3900 3030 3964 mihi,
3060 3901 3231 3967 utique
3265 3899 3394 3951 illud
3442 3896 3598 3951 susti-

2036 3966 2279 4031 nuissem,
2328 3969 2377 4022 id
2428 3979 2509 4022 est
2553 3969 2924 4023 sustinendum
2978 3966 3234 4035 putarem.
3275 3968 3428 4032 Quod
3480 3979 3602 4020 vero

2037 4036 2274 4090 concivis
2304 4036 2592 4108 maledicit
2620 4037 2810 4106 (quasi
2853 4040 3117 4108 diceret),
3149 4038 3496 4108 intolerabile
3526 4043 3605 4088 est

2040 4114 2255 4174 propter
2281 4107 2414 4177 illud
2439 4107 2580 4176 quod
2610 4108 2917 4176 praedictum
2947 4118 3049 4172 est,
3074 4107 3129 4162 et
3157 4110 3202 4162 si
3231 4111 3274 4162 is
3311 4109 3398 4177 qui
3429 4107 3606 4161 oderat

2038 4191 2138 4247 me,
2173 4177 2221 4229 id
2250 4186 2354 4239 est,
2385 4175 2465 4231 de
2497 4175 2619 4245 quo
2657 4178 2996 4232 manifestum
3051 4188 3132 4233 est
3162 4175 3478 4247 quod'odio
3525 4188 3607 4228 me

2042 4245 2222 4317 habet,
2257 4247 2378 4313 quia
2412 4247 2616 4301 mavult
2643 4259 2900 4301 creaturae
2931 4264 3086 4317 quam
3112 4245 3352 4303 Creatori
3377 4249 3604 4317 servire.

2045 4317 2100 4366 Si
2133 4316 2276 4382 quis,
2307 4317 2544 4385 inquam,
2575 4317 2753 4384 fuisset
2798 4315 2994 4371 locutus
3020 4335 3204 4388 magna
3240 4335 3392 4385 super
3414 4334 3512 4378 me,
3556 4315 3603 4367 iil

373 4384 569 4455 cmlum
603 4385 871 4440 aediﬁcare
902 4375 1200 4450 voluerunt,
1220 4375 1328 4451 'per
1371 4402 1592 4454 quorutn
1639 4387 1942 4455 superbiam
1975 4375 2023 4434 1)
2048 4375 2162 4447 est;
2183 4375 2410 4451 superbe
2448 4397 2501 4440 et
2529 4375 2842 4455 airoganter
2869 4389 2998 4442 milii
3027 4375 3354 4450 iiisiiltasset,
3389 4375 3607 4454 forsitan

371 4453 571 4522 lingua:
598 4464 724 4507 sunt
764 4456 1040 4524 dispersae,
1074 4457 1209 4510 sit-ut
1240 4453 1571 4524 postmodum
1612 4453 1941 4524 per'huinili-

377 4530 538 4594 tatem
569 4527 932 4591 apostolorum
964 4527 1214 4579 Ecclesia:
1241 4528 1430 4594 lingua:
1459 4526 1768 4579 coadunata:
1797 4534 1938 4580 sunt.

372 4591 473 4646 Per
501 4595 948 4650 contradictionem
978 4610 1107 4650 vero
1133 4591 1392 4649 niittim'ur
1416 4595 1481 4648 ad
1507 4596 1664 4648 totius
1685 4595 1942 4649 schisma-

376 4663 445 4734 t_is
472 4663 707 4734 initium,
748 4667 975 4732 scilicet,
1003 4668 1213 4734 quando
1244 4667 1409 4719 Datan
1437 4675 1489 4718 et
1517 4666 1737 4728 Abiron,
1759 4674 1944 4720 contra

377 4732 611 4804 divinam
638 4732 929 4799 jussiunem
962 4732 1274 4804 usurpantes
1305 4736 1406 4789 sibi
1433 4735 1824 4790 sacerdotalem
1854 4752 1946 4788 or-

377 4801 581 4874 dinem,
610 4817 731 4874 cum
776 4807 954 4858 multis
997 4801 1368 4859 consentaneis
1410 4808 1520 4858 suis
1571 4814 1948 4874 processerunt

375 4871 444 4944 ad
479 4871 890 4927 thuriﬁcaudum
914 4891 928 4939 ;
957 4890 1063 4940 quo
1092 4875 1285 4928 factum
1313 4883 1395 4928 est
1422 4885 1478 4928 ut
1503 4871 1652 4942 ipsos
1678 4876 1945 4944 principes

374 4938 543 4994 Datan
593 4949 648 4995 et
691 4944 887 4996 Abiron
916 4938 1069 4998 terra
1122 4947 1266 4996 vivos
1313 4938 1634 5012 deglutiret,
1679 4938 1948 5013 sequaces

373 5023 502 5080 vero
533 5024 720 5063 omnes
749 5014 882 5080 ignis
913 5015 980 5066 de
1008 5015 1146 5067 cmlo
1175 5014 1395 5066 veniens
1422 5015 1748 5066 absumeret.

445 5078 543 5132 Die
565 5087 612 5133 et
640 5078 803 5134 nocte.
838 5082 974 5145 Vidi,
1022 5083 1258 5150 inquam,
1307 5083 1624 5149 iniquitatem
1667 5084 1721 5135 in
1751 5083 1948 5138 civitate

375 5150 663 5216 malorum,
687 5160 760 5220 ret
803 5152 904 5206 huc
936 5151 987 5206 in
1020 5163 1241 5220 tantum,
1285 5153 1423 5219 quod
1454 5153 1564 5219 ipsa
1595 5153 1833 5218 iniquitas
1865 5155 1946 5210 die

377 5235 438 5273 ac
483 5228 644 5282 nocte,
680 5219 780 5274 hoc
808 5231 911 5284 est,
959 5236 1172 5288 semper
1201 5219 1530 5274 circumdabit
1576 5223 1722 5274 illam
1763 5223 1946 5277 civita-

377 5299 507 5355 tem,
541 5291 590 5342 id
615 5295 718 5349 est.
752 5291 984 5344 ittVolVel
1012 5307 1130 5344 eam
1167 5292 1418 5360 undique,
1446 5304 1696 5359 quantum
1737 5294 1799 5344 ad
1845 5294 1947 5346 mi-

377 5374 555 5412 nores.
591 5361 654 5412 Et
707 5360 774 5414 ita
809 5361 1044 5414 involvet
1089 5363 1341 5425 minores,
1388 5371 1445 5413 ut
1491 5365 1650 5414 etiam
1698 5364 1950 5417 ascendat

375 5443 541 5510 super;
563 5442 735 5510 muros
765 5433 900 5510 ejus,
943 5431 992 5485 id
1022 5442 1126 5510 est,
1154 5432 1388 5510 involvat
1414 5430 1572 5510 etiam
1605 5431 1856 5510 majores,
1894 5442 1952 5487 ut

379 5496 661 5570 Donatum,
697 5496 906 5567 Arium,
935 5510 991 5555 et
1019 5501 1153 5555 alios
1185 5502 1338 5566 tales,
1371 5503 1458 5569 qui
1493 5513 1617 5554 sunt
1645 5496 1782 5554 in'uri
1805 5501 1949 5570 ejus,

377 5567 497 5636 quia
525 5575 672 5634 quasi
723 5570 857 5621 muri
900 5572 1140 5624 muniunt
1178 5587 1316 5636 eam,
1359 5567 1413 5624 εὶ
1439 5570 1767 5623 circumdant
1807 5567 1948 5626 eam.

381 5635 448 5690 Et
475 5636 595 5692 ideo
622 5643 703 5695 sic
745 5639 985 5703 iniquitas
1028 5635 1361 5694 circumdabit
1386 5657 1519 5706 eam,
1548 5641 1670 5709 quia
1710 5641 1873 5708 ittiiOl',
1901 5643 1951 5698 id

2044 4455 2435 4520 abscondissem,
2477 4457 2528 4510 id
2559 4467 2664 4518 est,
2699 4471 2905 4524 possem
2934 4474 3019 4512 tne
3046 4459 3394 4520 abscondere,
3425 4457 3477 4511 id
3509 4464 3605 4518 est,

2044 4525 2356 4578 subtrahere
2385 4527 2451 4578 ab
2479 4543 2563 4588 eo,
2595 4537 2651 4579 ut
2681 4531 2995 4594 protervitas
3025 4532 3140 4595 ejus
3170 4531 3458 4594 desineret,
3493 4541 3607 4578 cuiu

2046 4611 2132 4649 me
2177 4595 2535 4649 adversarium
2583 4611 2689 4667 non
2711 4597 2934 4662 videret,
2964 4599 3031 4653 ab
3071 4599 3162 4653 illo
3193 4613 3318 4653 vero
3341 4600 3427 4667 qui
3472 4600 3608 4649 intus

2043 4675 2121 4720 est
2157 4679 2258 4717 non
2289 4680 2498 4732 possum
2533 4680 2618 4719 me
2645 4666 2990 4722 abscondere.

2114 4734 2193 4788 Tu
2224 4751 2360 4807 vero,
2391 4738 2539 4789 homo
2563 4738 2837 4807 unanimis.
2884 4736 2977 4791 llle
3020 4738 3233 4807 quidem
3265 4737 3354 4806 qui
3393 4750 3606 4803 semper

2045 4814 2192 4859 extra
2239 4805 2334 4858 fuit
2364 4805 2653 4861 tolerabilis
2673 4816 2753 4859 est
2778 4823 2792 4870 ;
2847 4819 2898 4858 tu
2927 4805 3059 4870 vero,
3091 4810 3241 4861 Itonia
3267 4805 3354 4875 qui
3382 4823 3411 4860 a
3457 4807 3606 4858 nobis

2045 4875 2223 4936 existi,
2254 4875 2372 4934 quia
2404 4891 2432 4928 a
2467 4876 2618 4930 nobis
2650 4892 2752 4928 non
2787 4877 2950 4943 liiiSti,
2974 4880 3064 4945 qui
3091 4881 3315 4932 deberes
3337 4878 3466 4930 mihi
3491 4890 3608 4929 esse

2047 4947 2320 5008 unanimis,
2352 4949 2471 5011 quia
2500 4945 2785 5012 aliquando
2814 4950 2938 4999 dum
2973 4951 3112 5001 intus
3140 4962 3310 5014 esscS,
3342 4947 3482 5000 fuisti
3505 4948 3609 4997 diu:

2046 5030 2206 5076 meus,
2238 5015 2287 5067 id
2318 5025 2400 5069 est
2441 5030 2582 5082 sit-pe
2611 5015 2825 5069 salubre
2863 5020 3143 5071 consilium
3189 5018 3408 5078 dedisti,
3442 5017 3510 5068 ita
3556 5025 3609 5067 iit

2050 5085 2102 5157 in
2133 5086 2461 5157 consulendo
2493 5087 2846 5157 priecederes,
2878 5099 2933 5139 ut
2959 5089 3140 5140 beatus
3165 5088 3610 5157 llieronymus‘de

2048 5155 2273 5223 Origene
2298 5155 2461 5210 dicit:
2493 5173 2511 5207 ι
2544 5153 2640 5208 Ubi
2674 5156 2826 5214 bene.
2859 5171 3016 5210 nemo
3061 5160 3288 5221 melius;
3321 5153 3408 5210 ubi
3452 5157 3606 5213 male.

2053 5239 2210 5278 nemo
2252 5226 2420 5292 pejus.
2454 5243 2472 5277 ι
2537 5226 2594 5277 Et
2640 5226 2728 5289 qui
2779 5226 2924 5280 fuiSii
2981 5236 3130 5280 notus
3154 5242 3293 5278 meus
3326 5229 3377 5279 in
3407 5227 3605 5280 eisdem

2051 5297 2230 5347 institit
2258 5296 2324 5356 is,
2355 5304 2410 5348 et
2451 5295 2667 5362 exponit
2709 5296 2972 5362 quomodo
3001 5307 3181 5360 notus,
3225 5298 3453 5358 scilicet,
3484 5298 3604 5362 quia

2051 5364 2284 5429 cupiebas
2322 5363 2477 5416 simul
2506 5380 2625 5418 cuni
2667 5365 2846 5418 multis
2876 5366 2996 5419 aliis
3037 5369 3210 5419 dulces
3237 5366 3373 5419 cibos
3401 5366 3604 5419 divino-

2053 5448 2166 5504 ruin
2210 5434 2512 5504 verborum,
2543 5448 2636 5487 eus
2658 5435 2725 5504 in
2769 5435 2867 5488 boc
2896 5451 3109 5494 mecum.
3138 5435 3257 5504 quia
3303 5435 3468 5490 dulcis
3493 5445 3604 5489 erat

2053 5503 2180 5555 mihi
2211 5503 2346 5557 sicut
2370 5505 2461 5558 tibi
2501 5502 2741 5557 docttina
2782 5505 3040 5559 veritatis.
3069 5502 3198 5560 Nam
3238 5507 3602 5558 (intentavimus

2055 5571 2248 5638 pariter
2274 5575 2324 5624 in
2347 5575 2496 5627 domo
2525 5573 2636 5635 Dei,
2663 5573 2712 5626 id
2733 5583 2834 5638 est,
2862 5573 2913 5627 in
2935 5568 3306 5630 ecclesiasticis
3333 5575 3598 5633 institutis,

2056 5657 2168 5694 cum
2197 5658 2485 5711 consensu;
2515 5654 2595 5713 tu,
2627 5644 2860 5713 inquam,
2893 5646 2979 5713 qui
3008 5649 3154 5713 prius
3197 5647 3317 5701 talis
3358 5645 3513 5699 inisti.
3546 5652 3600 5698 et
