4010 6190
363 380 425 437 τε
432 382 463 438 9

1089 380 1151 437 ΙΝ
1193 381 1604 438 PSALMORUM
1649 380 1902 437 LIBRUM
1947 377 2303 449 EXEGESIS.
2347 411 2411 421 --
2453 380 2698 437 PSALM.
2741 378 2865 438 LIV.

3479 378 3581 435 770

361 495 461 545 lior
480 494 637 546 modo
652 492 985 558 apostatasti,
1004 497 1127 558 quid
1145 493 1322 547 dicere
1350 509 1435 548 me
1450 494 1615 560 cogis,
1631 494 1750 553 lioc,
1772 491 1907 544 scili.
1942 495 1991 550 Α
2017 500 2073 543 ut
2098 493 2165 543 ab
2188 492 2290 544 illis
2320 493 2541 546 redimat
2570 492 2803 545 animum
2828 505 3021 552 meam,
3045 489 3285 559 quoniam
3310 488 3407 558 ipsi
3433 503 3580 544 erant

358 578 437 616 cet
468 583 480 616 :
516 564 695 616 Veniat
716 579 850 614 mors
878 578 1027 629 super
1048 563 1165 614 illos
1188 564 1207 614 !
1234 564 1329 615 llic
1354 578 1537 616 rursus
1565 564 1824 615 mittimur
1848 562 1915 615 ad

359 636 567 687 initium
596 632 900 686 scliisniatis
919 634 970 683 in
1006 631 1165 683 Datan
1192 642 1244 685 et
1267 632 1487 685 Abiron.
1513 632 1576 685 Et
1595 642 1677 685 est
1697 632 1877 685 dicere
1901 650 1913 683 2

360 706 527 766 Mors,
558 703 609 756 id
658 711 769 760 est,
803 703 997 755 mentis
1044 702 1289 765 emcitas,
1340 703 1515 755 veniat
1567 716 1730 769 super
1772 701 1916 761 illos,

358 774 582 831 scilicet.
617 770 914 831 inferiores,
946 771 1085 822 sicut
1126 769 1261 837 ignis
1304 771 1724 836 consumptionis
1775 770 1916 823 venit

357 855 523 909 Super
544 842 720 910 ignem
746 840 1094 910 distenslonis
1116 840 1169 892 in
1198 837 1492 893 fautoribus
1525 841 1687 892 Datan
1715 849 1768 893 et
1794 842 1919 893 Abi-

361 927 485 973 ron.
516 909 579 966 et
596 912 733 965 sicut
772 910 1034 977 principes
1065 909 1203 971 illos,
1247 911 1411 961 Datan
1456 918 1512 962 et
1558 911 1781 972 Abirou,
1824 914 1918 963 de-

362 984 573 1050 glutivit
618 980 768 1033 vivos
807 988 972 1039 terra,
1001 978 1072 1050 ita
1123 980 1386 1050 principes
1412 978 1553 1050 inter
1577 978 1677 1032 bos
1703 990 1914 1046 aposta-

362 1047 463 1115 ὣς,
492 1061 549 1104 ιιι
590 1050 823 1104 Donatus
860 1059 915 1102 et
940 1048 1117 1109 Arius,
1142 1047 1378 1110 viventes,
1410 1047 1458 1101 id
1498 1058 1600 1112 est,
1631 1050 1917 1116 prudentes

358 1131 415 1173 et
440 1122 692 1179 scientes.
734 1118 1037 1172 descendant
1080 1118 1132 1169 in
1170 1118 1445 1185 infernum,
1486 1117 1538 1171 id
1567 1126 1675 1184 est,
1713 1118 1765 1171 in
1797 1134 1919 1186 pro-

360 1190 581 1244 fundttm
606 1189 872 1243 vitiorum.
916 1188 1075 1252 Quasi
1104 1186 1244 1239 enim
1274 1189 1450 1240 sciens
1487 1188 1540 1240 in
1572 1188 1747 1255 ignem
1795 1204 1919 1241 ma-

361 1275 489 1313 tiutn
519 1260 700 1322 mittit,
731 1258 820 1326 qui
849 1258 987 1324 quod
1017 1257 1216 1326 nousit
1255 1256 1553 1310 faciendum
1584 1256 1705 1326 scit,
1735 1268 1789 1310 et
1810 1273 1915 1311 non

360 1328 506 1383 facit.
531 1329 637 1383 Nec
664 1324 763 1382 hoc
790 1328 960 1396 (quasi
981 1324 1146 1396 dicat)
1170 1340 1233 1378 es
1260 1325 1628 1380 malevolentia
1653 1328 1794 1390 dico,
1821 1327 1914 1380 sed

360 1399 613 1468 quoniam
662 1395 805 1467 digni
833 1395 996 1459 sunt,
1026 1395 1148 1463 quia
1177 1397 1402 1464 nequitia
1430 1406 1504 1449 est
1533 1398 1586 1448 in
1614 1396 1916 1450 habitaculis

360 1484 560 1534 eorum,
590 1467 640 1520 id
664 1479 765 1532 est,
797 1468 848 1520 iii
889 1468 1222 1533 corporibus,
1264 1481 1381 1533 qua:
1419 1467 1483 1519 ad
1516 1474 1726 1530 tempus
1768 1467 1916 1521 iulia-

362 1538 551 1599 bitant,
579 1538 700 1605 quia
731 1547 853 1591 sunt
880 1537 1176 1603 migraturi,
1212 1543 1266 1587 et
1306 1544 1388 1590 est
1420 1536 1473 1587 in
1511 1537 1697 1599 medio,
1729 1537 1776 1588 id
1809 1547 1913 1599 est,

361 1608 414 1660 in
440 1604 607 1661 corde
632 1608 865 1661 interiori
892 1620 1088 1659 eorum.
1114 1604 1264 1668 Quod
1291 1614 1374 1660 est
1400 1606 1579 1661 dicere
1606 1623 1618 1659 :
1650 1606 1915 1662 lmmuudi

360 1688 485 1732 Sunt
514 1676 732 1731 interius
759 1688 812 1730 et
840 1675 1090 1730 exterius.

436 1744 548 1816 Ego
572 1758 760 1801 autem.
793 1747 844 1800 ln
885 1746 990 1799 illis
1036 1743 1251 1816 quidem
1296 1751 1382 1799 est
1418 1745 1648 1816 nequitia
1690 1745 1833 1801 intus
1860 1754 1914 1802 et

360 1814 625 1880 esti-rius;
649 1833 730 1869 me
748 1825 920 1870 autem
950 1814 1157 1867 solvabit
1199 1814 1445 1867 Dominus
1474 1818 1539 1867 ab
1566 1815 1782 1869 illorum
1812 1832 1909 1870 ne-

367 1886 553 1952 quitia,
582 1887 783 1940 scilicet
809 1925 825 1949 ,
854 1901 919 1939 ne
949 1884 1028 1955 eis
1055 1882 1387 1955 conformer;
1423 1894 1475 1938 et
1494 1886 1604 1955 ltoc
1630 1885 1768 1955 ideo,
1794 1888 1916 1955 quia

366 1956 585 2009 clamavi
606 1957 674 2008 ad
712 1955 894 2018 Deum,
926 1954 976 2008 id
1005 1962 1115 2018 est,
1164 1954 1228 2007 ad
1274 1954 1443 2022 ipsum
1490 1954 1792 2010 Dominum.
1815 1954 1919 2010 illic

376 2028 472 2078 dat
500 2027 652 2079 nobis
687 2026 985 2086 exemplum
1010 2064 1025 2086 ,
1051 2023 1279 2090 qualiter
1301 2034 1355 2078 et
1393 2038 1490 2078 nos
1525 2024 1591 2077 ab
1620 2025 1919 2092 linjusmodi

381 2095 612 2162 nequitia
647 2095 909 2164 possimus
924 2092 1145 2164 liberari
1171 2136 1186 2161 ,
1218 2095 1438 2158 scilicet,
1470 2094 1513 2147 si
1543 2094 1832 2149 clamemus
1855 2097 1921 2151 ad

367 2162 670 2233 Dominum,
704 2164 755 2218 id
784 2172 890 2228 est,
923 2162 1193 2217 irremisse
1225 2165 1359 2217 bene
1384 2178 1627 2233 agamus.

448 2232 660 2303 Vespere
680 2243 728 2289 et
753 2249 916 2286 mane.
951 2233 1223 2303 Dominus,
1245 2233 1479 2302 inquam,
1504 2233 1715 2288 salrabit
1743 2250 1844 2299 me,
1868 2244 1923 2290 et

366 2316 469 2373 ego
494 2308 728 2359 salvatus
763 2319 865 2357 non
896 2303 1120 2356 existam
1151 2302 1406 2372 ingratus,
1442 2307 1562 2372 quia
1604 2304 1824 2357 narrabo
1855 2306 1922 2359 ad

366 2374 773 2429 mdiﬁcationem
829 2374 1091 2437 aliorum,
1124 2388 1242 2440 quae
1288 2382 1411 2427 sont
1463 2388 1682 2441 vespere,
1734 2375 1782 2427 id
1820 2384 1920 2441 est,

366 2444 723 2512 evangelisata
759 2445 826 2497 de
857 2443 1147 2511 prieterito.
1185 2441 1273 2496 Vel
1318 2443 1524 2495 Domini
1571 2444 1920 2510 nativitatem,

366 2515 696 2582 passionem,
730 2512 1173 2582 resurrectionem
1220 2521 1273 2564 et
1313 2513 1532 2576 similia,
1561 2527 1681 2579 qua:
1722 2529 1813 2580 per
1840 2531 1925 2568 re-

364 2581 509 2651 spere
557 2586 921 2652 designantur,
976 2581 1095 2649 quia
1155 2582 1367 2652 quando
1416 2597 1637 2648 vespere
1694 2594 1794 2646 est,
1848 2586 1925 2640 sol

367 2651 798 2720 przeteritusest.
834 2651 898 2703 Et
941 2651 1273 2713 annuntiabo,
1316 2654 1454 2719 quod
1497 2660 1619 2705 sunt
1657 2652 1709 2705 in
1760 2670 1924 2721 mane,

366 2722 417 2774 id
452 2734 553 2784 est,
587 2722 951 2791 evangelizata
984 2722 1050 2773 de
1094 2720 1307 2786 futuro,
1339 2733 1394 2774 ut
1437 2721 1506 2775 de
1546 2723 1782 2776 secundo
1811 2720 1928 2791 ejus

364 2791 624 2845 adi-enin.
656 2790 986 2846 Annuntiare
1032 2790 1173 2843 enim
1205 2791 1420 2857 proprie
1464 2793 1692 2859 pertinet
1736 2795 1800 2845 ad
1844 2790 1929 2845 l‘u-

366 2869 506 2924 tura,
534 2877 652 2927 quae
684 2877 775 2929 per
806 2875 961 2914 mane
1006 2859 1127 2913 ideo
1162 2859 1541 2930 designantur,
1570 2862 1688 2930 quia
1718 2864 1929 2930 quando

366 2945 525 2984 tuane
550 2940 652 2993 est,
677 2931 758 2985 sol
780 2930 952 2983 adhuc
982 2930 1186 2984 futurus
1218 2940 1319 2985 est.
1348 2932 1411 2984 Et
1439 2935 1559 2999 quia
1591 2947 1688 2998 ego
1711 2935 1930 2988 narrabo

360 3015 585 3066 vespere,
612 3010 658 3053 et
686 2999 999 3053 annuntiabo
1030 3015 1199 3064 inane,
1228 3001 1346 3054 ideo
1373 3000 1627 3054 Dominus
1657 3004 1931 3057 exaudivit

365 3084 548 3122 vocetn
583 3086 751 3124 meam
781 3068 833 3123 in
874 3070 1104 3133 meridie,
1140 3069 1192 3121 id
1220 3081 1320 3131 εει,
1353 3070 1529 3125 dando
1558 3070 1686 3124 mihi
1730 3082 1931 3127 aeterna

360 3138 501 3192 bona
530 3150 581 3193 et
621 3140 908 3193 manentia.
939 3141 1081 3210 Qnte
1106 3138 1224 3192 ideo
1253 3140 1600 3210 designantur
1623 3155 1719 3208 per
1761 3144 1924 3196 meri-

365 3210 543 3273 diem,
574 3210 691 3277 quia
722 3210 935 3277 quando
960 3210 1037 3262 sol
1070 3209 1122 3263 in
1151 3209 1483 3264 meridionali
1517 3210 1719 3263 circulo
1747 3222 1849 3277 est,
1873 3222 1928 3267 et

362 3277 538 3346 major
565 3280 819 3347 Splendor
846 3292 896 3333 et
929 3279 1103 3333 fervor
1132 3287 1233 3342 est,
1267 3291 1316 3332 et
1348 3280 1497 3348 quasi
1521 3289 1645 3345 stat,
1676 3282 1798 3348 quia
1828 3298 1927 3338 nec

360 3347 416 3400 itt
446 3364 670 3402 ascensu
710 3358 764 3404 et
805 3351 1066 3403 descensu
1107 3357 1206 3404 est.
1238 3349 1377 3405 Nihil
1420 3365 1546 3404 vero
1584 3352 1794 3418 dignius
1821 3362 1928 3407 stat

362 3418 445 3469 vel
492 3427 671 3473 manet
698 3435 859 3487 quam
892 3418 1018 3473 illud
1047 3424 1130 3472 cui
1162 3418 1296 3488 nihil
1339 3421 1544 3473 accedit
1587 3422 1668 3474 vel
1702 3422 1924 3488 recedit,

363 3495 423 3539 nt
450 3491 758 3543 atertiitati.
794 3489 884 3543 Vel
914 3488 1070 3543 aliter
1098 3506 1109 3541 :
1146 3487 1384 3542 Narrabo
1413 3505 1529 3558 qua:
1559 3502 1681 3543 sunt
1711 3491 1846 3545 facta
1873 3487 1923 3547 in

359 3572 584 3626 vespere,
632 3558 681 3613 id
739 3569 841 3623 est,
887 3557 1200 3629 sapientiam
1256 3557 1549 3614 morientis.
1598 3558 1653 3613 ιη
1703 3575 1926 3629 νεεριιέ

364 3631 513 3699 enim
546 3643 783 3699 mortuus
812 3636 894 3682 est
931 3628 1207 3699 Dominus.
1257 3629 1313 3699 ln
1355 3644 1460 3691 quo
1489 3629 1676 3683 miram
1706 3632 1925 3699 sapien-

365 3694 520 3759 tiam,
553 3696 672 3751 licet
698 3698 1187 3770 gentibusstultitia
1218 3698 1478 3766 videatur,
1507 3694 1926 3770 exercuitfqnia

360 3776 538 3819 mo:te
567 3782 661 3819 sua
694 3766 966 3829 temporali
1010 3777 1243 3821 nostram
1296 3778 1520 3822 mortem
1546 3766 1925 3825 aeternam-de-

363 3836 580 3908 struxit.
612 3837 679 3890 Et
708 3839 923 3908 narrabo
954 3851 1073 3904 qua
1119 3846 1244 3908 sunt
1281 3836 1415 3890 facta
1446 3838 1498 3892 in
1530 3854 1696 3903 mane,
1741 3840 1791 3893 id
1819 3852 1922 3908 est,

364 3904 528 3956 vitam
567 3907 922 3973 resurgentis;
951 3920 1110 3960 mane
1139 3906 1280 3961 enim
1321 3910 1615 3962 resurrexit
1646 3904 1920 3974 Dominus,

362 3982 419 4026 ει
446 3990 540 4027 sua
573 3980 960 4031 resurrectione
1008 3977 1159 4030 nobis
1202 3979 1314 4031 vias
1344 3979 1465 4031 vitae
1512 3978 1821 4033 notilicavit.
1854 3978 1923 4033 Et

357 4047 675 4117 annuntiabo
699 4060 817 4113 qua:
842 4053 967 4117 sunt
994 4044 1129 4098 facta
1158 4045 1208 4098 in
1241 4048 1467 4117 meridie,
1497 4049 1547 4101 id
1573 4056 1676 4110 est,
1702 4049 1922 4117 gloriam

358 4114 732 4175 ascendentis,
760 4127 811 4169 et
843 4116 907 4168 ad
938 4116 1212 4169 dexteram
1242 4115 1335 4168 Dei
1363 4116 1536 4171 Patris
1562 4114 1921 4183 consédentis,

362 4182 451 4235 ubi
499 4186 798 4251 interpellat
835 4198 929 4251 pro
975 4184 1149 4249 nobis,
1181 4187 1319 4252 quod
1360 4201 1455 4254 per
1496 4186 1635 4241 hunc
1678 4182 1923 4242 effectum

360 4262 614 4331 apparet,
640 4258 781 4331 quia
806 4254 1060 4331 Dominus
1091 4256 1245 4307 l'ater
1281 4256 1516 4331 exaudiet
1545 4273 1707 4331 vocent
1738 4274 1921 4331 meum.

369 4320 460 4373 Vel
507 4322 697 4376 aliter:
732 4322 968 4376 Narrabo
1007 4338 1126 4389 quae
1156 4326 1412 4378 narranda
1441 4336 1566 4379 sunt
1594 4328 1659 4379 ad
1691 4328 1923 4381 a-dilica-

363 4391 562 4463 tionem
598 4393 649 4444 iti
700 4409 900 4461 vespere
938 4403 985 4446 et
1012 4409 1159 4446 mane
1182 4432 1198 4456 ,
1241 4395 1291 4446 id
1332 4404 1446 4459 est,
1476 4399 1527 4449 in
1557 4396 1923 4463 prosperitate.

362 4460 644 4534 Qnteideo
674 4460 1017 4534 designantur
1046 4477 1139 4532 per
1170 4477 1386 4529 vespere
1415 4473 1470 4518 et
1498 4460 1650 4520 mane
1670 4460 1694 4530 ,’
1720 4468 1842 4534 quia
1870 4467 1923 4521 in

1944 1851 1991 1911 B

2022 576 2211 612 mecum
2240 563 2371 613 inter
2406 565 2609 622 multos,
2655 561 2706 614 id
2748 571 2850 621 est,
2885 561 3022 613 inter
3065 561 3257 625 paleas,
3306 574 3408 611 non
3442 560 3585 612 inter

2020 643 2186 694 grana
2214 647 2228 693 ;
2266 632 2441 695 plures
2470 631 2611 684 enim
2643 632 2803 696 palea-
2834 641 2954 683 sunt
2979 633 3027 683 in
3062 643 3185 682 area
3207 644 3362 699 quain
3390 642 3578 697 grana.

2018 701 2109 752 Sic
2139 708 2193 752 ct
2220 700 2450 753 simulati
2479 701 2633 753 amici
2685 702 2856 767 plures
2895 708 3020 753 sunt
3048 713 3203 765 quam
3245 699 3354 751 veri
3394 701 3575 760 amici,

2018 769 2087 821 de
2113 768 2300 834 quibus
2326 771 2524 822 dictum
2552 782 2631 822 est
2663 786 2676 821 :
2710 769 2957 822 Amicitia:
2983 784 3139 837 genus
3166 770 3441 837 pessimum
3480 777 3578 831 est,

2021 839 2176 908 corde
2198 854 2306 892 esse
2325 840 2661 908 adversarios.
2690 837 2866 908 lingua
2892 840 3128 891 simulare
3153 839 3375 890 devotos.

2090 906 2345 960 Exaudiet
2379 906 2533 960 Deus.
2566 907 2698 960 Vere
2728 906 2866 961 Deus
2904 908 3113 961 redimet
3151 908 3374 958 animam
3411 919 3574 956 meant

2018 975 2087 1028 ab
2131 976 2261 1039 illis,
2295 975 2417 1044 quia
2464 974 2604 1029 Deus
2648 979 2883 1029 exaudiet
2932 991 3050 1037 me,
3081 983 3137 1029 et
3180 976 3578 1044 exaltabit;eps

2021 1059 2149 1098 vero
2176 1047 2262 1113 qui
2297 1041 2355 1099 se
2383 1052 2676 1099 erexerunt
2722 1047 2776 1098 in
2818 1045 3244 1106 dissensionem,
3290 1041 3578 1113 Immiliabit

2018 1114 2072 1166 in
2110 1111 2542 1176 damnationem,
2586 1115 2725 1169 Deus
2764 1116 2918 1182 dico,
2960 1117 3046 1182 qui
3088 1122 3159 1167 est
3202 1123 3318 1166 ante
3362 1111 3575 1167 alecula.

2023 1131 2072 1166 Ill
2110 1131 2542 1176 oamnauonem,
2586 1131 2725 1169 ueus
2764 1131 2918 1182 oico,
2993 1131 3044 1167 ut
3088 1131 3159 1167 est
3202 1131 3318 1166 ante
3362 1131 3575 1167 meum.

2023 1184 2185 1249 Quasi
2237 1186 2426 1239 dicat:
2461 1184 2583 1238 Illos
2628 1182 2787 1238 homo
2832 1184 2922 1253 qni
2960 1131 3059 1237 iuit
3095 1200 3161 1237 ex
3203 1190 3478 1252 tempore,
3520 1191 3578 1237 ut

2021 1254 2259 1307 Donatus
2278 1293 2294 1317 ,
2325 1255 2406 1309 vel
2449 1253 2639 1323 aliquis
2667 1254 2807 1316 talis,
2835 1254 3037 1319 erexit;
3075 1254 3210 1307 Deus
3238 1267 3365 1307 vero
3390 1254 3478 1319 qui
3505 1258 3577 1323 est

2018 1333 2136 1375 ante
2174 1324 2377 1383 sarcula,
2412 1323 2461 1377 id
2494 1321 2595 1386 est,
2626 1324 2712 1391 qui
2744 1333 2824 1378 est
2853 1324 2969 1378 sine
3001 1337 3256 1391 tempore,
3290 1321 3579 1374 humiliabit

2018 1392 2156 1446 illos.
2188 1392 2337 1448 Unde
2362 1392 2492 1446 dicit
2527 1392 2875 1447 Cassiodorus
2909 1411 2921 1445 :
2956 1392 3074 1446 Non
3110 1395 3171 1446 sit
3209 1393 3294 1444 tibi
3331 1392 3601 1445 Dominus-

2017 1479 2110 1529 pro
2141 1463 2376 1528 Domino,
2416 1463 2502 1532 qui
2548 1465 2711 1516 noluit
2752 1480 2859 1517 esse
2899 1478 3167 1516 conservus
3200 1472 3321 1515 tuus
3345 1462 3434 1514 sub
3464 1459 3574 1513 Do-

2017 1549 2169 1585 mmo.

2088 1601 2141 1656 Ν
2145 1619 2210 1655 on
2236 1617 2369 1655 enim
2390 1611 2464 1654 est
2490 1603 2614 1657 illis.
2644 1602 2829 1655 Merito
2855 1617 2947 1656 eos
2975 1602 3296 1664 bumiliabit,
3322 1599 3441 1669 quia
3472 1599 3577 1653 illis

2016 1687 2115 1740 non
2143 1683 2215 1725 est
2234 1674 2557 1724 commutatio
2590 1674 2639 1725 in
2670 1672 2938 1740 praesenti,
2964 1683 3014 1725 et
3047 1672 3165 1725 ideo
3206 1688 3309 1725 non
3338 1672 3441 1726 erit
3469 1669 3484 1722 i
3508 1669 3576 1724 lis

2016 1738 2067 1795 iti
2101 1742 2295 1794 futuro.
2346 1742 2457 1794 lloc
2502 1751 2606 1806 est,
2639 1738 2760 1810 quia
2804 1757 2909 1795 non
2943 1741 3237 1795 habuerunt
3280 1749 3485 1809 partem
3521 1755 3571 1810 tn

2024 1810 2189 1875 prima
2223 1810 2631 1874 resurrectione,
2658 1808 2763 1864 nec
2795 1812 3059 1865 habebunt
3085 1813 3135 1863 in
3173 1808 3430 1864 secunda.
3461 1808 3577 1862 Erit

2023 1892 2195 1933 tamen
2242 1882 2464 1933 mutatio
2502 1882 2584 1934 eis
2632 1881 2682 1933 in
2734 1879 2911 1934 futuio
2959 1896 3053 1949 per
3092 1880 3577 1944 resurrectionem,

2019 1950 2112 2002 sed
2143 1965 2248 2003 non
2279 1951 2380 2003 erit
2406 1953 2484 2003 eis
2510 1951 2877 2015 commutatio,
2904 1948 3067 2005 idest
3103 1951 3157 2004 in
3188 1948 3379 2003 melius
3408 1958 3579 2002 muta-

2023 2018 2113 2079 tio,
2147 2021 2269 2083 quia
2301 2028 2581 2087 resurgcnt
2603 2021 2667 2073 ad
2704 2019 2933 2085 poenam,
2962 2036 3065 2073 non
3093 2020 3156 2074 ad
3183 2019 3425 2088 gloriam.
3454 2019 3574 2070 Non

2021 2099 2095 2141 est
2116 2091 2218 2141 illis
2242 2130 2254 2152 ,
2290 2089 2529 2155 inquam,
2556 2093 2900 2153 commutatio,
2932 2102 2984 2142 et
3014 2091 3113 2143 hoc
3141 2091 3282 2152 ideo,
3311 2092 3430 2157 quia
3473 2103 3577 2140 non

2024 2158 2296 2211 timuerunt
2326 2158 2513 2222 Deum,
2547 2160 2595 2210 id
2617 2170 2718 2223 est,
2747 2157 2978 2226 jtttlicem
3009 2159 3243 2213 futurum
3272 2174 3376 2211 noti
3407 2168 3582 2211 atten—

2022 2228 2237 2290 derunt,
2271 2237 2328 2281 ιιι
2372 2232 2617 2281 mandata
2661 2228 2777 2294 ejus
2804 2229 3155 2283 cnsmdirent.
3200 2229 3262 2281 Et
3292 2228 3410 2281 ideo
3441 2228 3581 2281 Deus

2021 2298 2245 2350 extendit
2289 2312 2497 2350 manuni
2536 2314 2680 2350 suam
2723 2299 2777 2350 in
2820 2299 3157 2362 retribueirdo,
3188 2297 3238 2351 id
3265 2306 3366 2362 est,
3401 2297 3583 2363 pleita~

2022 2368 2154 2420 riam
2194 2367 2379 2420 infiret
2417 2369 2661 2434 nequitia:
2686 2382 2870 2420 eorum
2913 2368 3340 2421 retributionem.
3375 2366 3439 2419 Et
3464 2382 3576 2420 me-

2024 2439 2148 2500 rito,
2168 2436 2287 2505 quia
2316 2437 2410 2502 ipsi
2434 2438 2917 2503 contaminaverunt,
2944 2437 2994 2490 id
3018 2445 3119 2501 est,
3149 2437 3575 2506 depravavernnt

2025 2514 2395 2577 tta-tamentam,
2422 2505 2489 2577 id
2533 2517 2631 2577 est,
2668 2507 3047 2577 prettiissiones
3084 2505 3401 2577 ejusQQttod
3436 2514 3578 2559 enim

2026 2575 2226 2629 dictum
2256 2586 2339 2629 est
2369 2576 2433 2627 ad
2466 2576 2735 2629 Abraham
2769 2593 2780 2627 :
2810 2574 2873 2629 In
2903 2580 3090 2630 semine
3105 2574 3203 2629 'tuo
3230 2576 3582 2628 benedicentur

2026 2659 2198 2698 amnes
2224 2655 2418 2714 gentes,
2443 2646 2543 2699 lioc
2569 2658 2896 2711 pervertunt,
2921 2647 3066 2699 Verbi
3088 2646 3277 2715 gratia,
3303 2645 3459 2715 uthilli
3490 2645 3579 2711 qui

2025 2717 2089 2766 ad
2142 2712 2311 2767 solam
2364 2716 2598 2768 Africam
2650 2717 2750 2769 ltoc
2799 2720 3065 2785 pertinere
3094 2712 3417 2785 'dicuut.’l£t
3461 2715 3581 2769 ideo

2026 2785 2170 2837 diuisi
2200 2794 2314 2837 sunt
2348 2800 2450 2837 non
2471 2801 2499 2837 a
2530 2786 3033 2840 contatninantibus.
3053 2785 3118 2839 Et
3148 2787 3247 2838 lioc
3278 2784 3340 2836 ab
3368 2785 3443 2836 ira
3470 2787 3579 2836 vul-

2028 2864 2107 2935 tus
2130 2858 2261 2935 ejus,
2290 2857 2337 2907 id
2367 2863 2466 2935 est,
2501 2870 2617 2935 per;
2632 2859 2775 2935 iram
2823 2866 3088 2935 ostensam
3114 2855 3191 2935 _in
3238 2855 3581 2935 vnlttiositate

2034 2923 2171 2992 ejus,
2207 2925 2257 2976 id
2286 2932 2389 2989 est,
2423 2923 2534 2977 Dei.
2583 2923 2746 2979 Divisi
2775 2936 2899 2980 sunt
2941 2925 3081 2979 enim
3108 2924 3219 2995 jam
3260 2923 3328 2995 ab
3358 2924 3461 2995 illis
3488 2939 3582 2992 per

2029 2996 2333 3048 interiorem
2374 2995 2689 3060 cmcitatem,
2732 2996 2780 3047 id
2812 3008 2914 3060 est,
2946 2992 3238 3048 moraliter.
3267 2992 3583 3048 Dividentur

2028 3064 2186 3117 etiam
2232 3072 2356 3118 tunc
2403 3064 2666 3129 localiter,
2711 3079 2830 3118 cum
2881 3067 3088 3119 dicetur
3114 3066 3194 3120 eis
3225 3080 3238 3115 :
3271 3061 3372 3124 Ite,
3424 3065 3583 3116 male-

2029 3134 2171 3199 dicti,
2203 3136 2255 3187 in
2279 3137 2442 3204 ignem
2466 3144 2729 3187 (uernum.
2760 3135 2818 3187 Et
2853 3136 2955 3189 illis
2979 3133 3467 3204 contaminanttbus
3496 3136 3581 3185 ili—

2030 3204 2158 3258 visis
2187 3213 2241 3257 et
2284 3206 2584 3267 esca-catis,
2618 3221 2707 3258 cor
2735 3205 2897 3270 illius,
2944 3205 2993 3256 id
3023 3214 3139 3266 est,
3179 3204 3300 3266 Dei,
3350 3203 3451 3257 Iioc
3479 3213 3583 3267 est,

2028 3286 2177 3327 sacra
2211 3274 2501 3340 Scriptura,
2529 3289 2646 3343 qua:
2676 3275 2796 3327 ideo
2826 3274 3017 3327 dicitur
3036 3288 3129 3327 cor
3157 3271 3270 3333 Dei,
3299 3272 3423 3343 quia
3453 3287 3583 3324 con-

2031 3343 2161 3395 tinet
2197 3345 2447 3397 interiora
2477 3353 2531 3397 et
2550 3340 2757 3397 occulta
2783 3344 3030 3412 mysteria
3062 3344 3129 3396 de
3161 3355 3248 3405 eo,
3280 3340 3362 3394 illa
3387 3357 3580 3410 appro-

2030 3413 2307 3483 pinquavit,
2336 3413 2383 3467 id
2413 3421 2518 3476 est,
2549 3414 2805 3478 patefacta
2829 3425 2931 3478 est,
2966 3428 3067 3466 non
3098 3412 3582 3465 contaminantibus

2030 3482 2428 3537 testamentum.
2458 3484 2593 3549 Quia
2622 3484 2763 3537 enim
2804 3482 2875 3535 illi
2924 3483 3120 3550 repulsi
3165 3492 3286 3533 sunt
3310 3522 3326 3546 ,
3362 3495 3583 3536 necesse

2030 3552 2126 3606 fuit
2164 3553 2301 3618 illis,
2333 3552 2384 3607 id
2413 3565 2517 3617 est,
2557 3552 3073 3617 contaminautibus,
3105 3553 3410 3620 perquirere
3441 3555 3578 3604 veri-

2032 3633 2189 3676 tatem
2244 3623 2660 3688 Scripturarnm,
2708 3634 2767 3676 ut
2815 3624 3020 3691 possint
3072 3619 3320 3676 resiStere
3368 3619 3584 3677 falsitati

2030 3693 2262 3749 illorntn.
2315 3694 2380 3746 Et
2425 3694 2506 3747 sic
2545 3694 2833 3760 Scriptura:
2877 3695 2956 3746 eis
3000 3693 3581 3760 appropinquaverunt,

2028 3764 2150 3833 quia
2178 3776 2377 3833 quanto
2416 3765 2584 3832 magis
2623 3773 2676 3817 et
2716 3764 2911 3833 saepius
2936 3776 3026 3816 eas
3056 3763 3398 3833 qumsiernnt,
3435 3770 3583 3817 tanto

2030 3828 2210 3901 magis
2232 3828 2626 3888 intellexerunt.
2660 3828 2809 3888 Unde
2853 3828 3181 3901 Aposwlus:
3216 3828 3425 3899 Oportet
3472 3847 3580 3886 esse

2028 3902 2261 3964 Iuereses,
2295 3914 2347 3956 ut
2374 3904 2460 3969 qui
2482 3904 2676 3970 probati
2703 3912 2820 3956 sunt
2842 3902 3095 3966 manifesti
3119 3901 3265 3968 ﬁunt.

2101 3973 2291 4026 Molliti
2326 3986 2441 4025 sunt
2469 3987 2721 4043 sermones
2759 3975 2890 4043 ejus.
2925 3970 3150 4043 Exponit
3182 3969 3586 4043 quormndogc-sr

2032 4041 2123 4095 Dei
2156 4045 2259 4096 illis
2289 4042 2730 4111 appropinquabit
2755 4041 2897 4104 ,‘ita,
2938 4042 3182 4105 scilicet,
3215 4042 3332 4108 quia
3374 4041 3581 4105 molliti,

2030 4112 2082 4165 id
2121 4123 2220 4174 est,
2270 4110 2627 4183 ittttjlligihiles
2671 4110 2795 4165 facti
2841 4124 2956 4165 sunt
2999 4112 3103 4164 illis
3143 4125 3397 4183 sermones
3442 4115 3577 4183 ejus,

2029 4183 2249 4245 scilicet,
2288 4182 2400 4245 Ilei,
2436 4184 2486 4234 in
2533 4183 2724 4249 quibus
2776 4184 2952 4235 solent
2994 4196 3112 4235 esse
3142 4182 3383 4249 qutedatn
3422 4181 3489 4233 du
3522 4197 3574 4245 a,

2031 4263 2086 4305 tit
2116 4268 2234 4305 cum
2267 4254 2518 4306 Dominus
2562 4254 2696 4305 dixit
2726 4270 2738 4302 :
2773 4250 2892 4304 Nisi
2922 4251 3342 4305 manducaveritis
3381 4264 3583 4303 carnem

2029 4338 2213 4384 meam,
2237 4335 2284 4376 et
2309 4322 2529 4375 biberitis
2563 4323 2859 4390 sanguinem
2892 4338 3076 4385 meum,
3110 4336 3209 4373 non
3240 4318 3483 4372 habebitis
3512 4324 3584 4371 vi-

2030 4402 2154 4445 tam.
2181 4392 2350 4445 Durus
2380 4401 2451 4444 est
2472 4392 2553 4444 liii:
2581 4408 2745 4445 sermo
2763 4432 2776 4453 ,
2798 4401 2843 4443 et
2863 4394 2975 4460 quis
2997 4390 3186 4461 poterit
3211 4403 3329 4461 eum
3364 4390 3543 4442 audire
3561 4390 3587 4442 .’

2032 4462 2097 4513 Et
2119 4463 2454 4531 scandalizali
2480 4462 2637 4531 ferme
2666 4464 2983 4531 septuaginta
2999 4459 3109 4511 duo
3137 4459 3366 4531 abierunt
3396 4468 3585 4511 retror-

366 4528 453 4612 llis
491 4529 700 4612 duobus
742 4528 1076 4612 temporibus
1117 4528 1501 4600 temperantior
1524 4550 1620 4612 aer
1663 4528 1750 4589 esi
1785 4551 1815 4589 a
1840 4553 1921 4590 ca.
1960 4548 2164 4612 Dsum.
2211 4529 2368 4612 Petro
2413 4528 2540 4612 vero
2589 4528 2761 4612 mollis
2800 4528 3307 4612 .liiclsertno-l'actus
3338 4536 3440 4606 est,
3476 4545 3581 4609 non

366 4598 523 4663 lore;
563 4607 617 4654 ct
667 4601 789 4668 quia
837 4604 1198 4673 vespertinum
1232 4598 1305 4673 et
1351 4605 1666 4657 matutinum
1719 4614 1930 4673 tempus

364 4680 581 4735 propter
607 4685 749 4722 aura:
777 4672 1125 4726 mutationem
1170 4672 1538 4740 navigantibus
1567 4682 1619 4727 et
1665 4675 1784 4729 aliis
1817 4672 1935 4729 tali-

366 4740 465 4788 bus
497 4752 807 4806 prosperum
848 4743 987 4794 solet
1034 4755 1174 4794 esse.
1218 4740 1285 4794 Et
1322 4742 1637 4795 annuntiabo
1667 4746 1828 4798 etiam
1866 4746 1932 4800 ad

366 4808 646 4877 utilitatem
676 4811 902 4873 proximi
936 4811 989 4863 itt
1013 4811 1220 4863 meridie
1239 4850 1254 4875 ,
1287 4812 1334 4864 id
1364 4823 1444 4865 est
1463 4852 1480 4877 ,
1511 4815 1564 4867 in
1594 4813 1656 4867 ad
1669 4816 1932 4869 versitatis

367 4876 603 4953 fervore.
647 4880 795 4944 Quod
828 4879 1153 4953 estdicere:
1183 4880 1292 4933 Nec
1321 4876 1494 4953 erigar
1537 4882 1592 4937 iii
1638 4886 1929 4950 prosperis,

363 4950 761 5024 quinttarrem,
785 4963 883 5003 nec
911 4950 1406 5024 frangar‘adversis,
1435 4953 1565 5019 quin
1594 4954 1927 5008 annuntiem.

366 5013 434 5067 Et
465 5015 585 5069 ideo
615 5019 903 5080 Dominus,
930 5013 1057 5071 cuni
1079 5020 1145 5072 ad
1171 5035 1291 5072 eum
1322 5013 1657 5083 clatnarero,
1696 5024 1933 5077 ea'audiet

361 5098 533 5137 uocem
552 5102 746 5148 meam;
770 5096 821 5139 et
845 5089 944 5141 hoc
967 5091 1124 5142 modo
1145 5090 1410 5155 exaudiet,
1439 5090 1558 5157 quia
1584 5091 1795 5144 redimet
1818 5093 1933 5146 ani-

364 5168 500 5205 mam
528 5172 709 5228 meum,
736 5158 880 5228 prius
908 5168 1131 5223 posrtam
1159 5159 1211 5209 in
1234 5174 1374 5227 pace,
1400 5159 1447 5211 id
1474 5169 1580 5221 est,
1599 5162 1720 5227 quia
1750 5177 1931 5228 pacem

361 5224 596 5298 servavit
620 5228 757 5298 inter
786 5226 1029 5281 odienles
1077 5224 1282 5295 pacein,
1315 5243 1413 5283 nec
1439 5230 1576 5283 inter
1605 5224 1927 5298 persequen-

369 5304 455 5361 tes
478 5297 661 5366 antisit
688 5294 1029 5351 dilectionem
1050 5299 1110 5349 ab
1136 5300 1233 5360 his,
1265 5298 1315 5351 id
1344 5305 1449 5360 est,
1479 5314 1506 5351 a
1534 5294 1795 5366 potestate
1825 5313 1877 5354 et
1899 5315 1931 5356 a

362 5361 788 5437 conforrnatione
814 5380 998 5419 eorum
1025 5368 1110 5435 qui
1135 5361 1548 5437 appropinquani
1580 5370 1727 5433 mihi,
1756 5370 1805 5423 id
1827 5380 1930 5434 est,

366 5435 457 5500 qui
487 5436 767 5506 exivicino
814 5438 1160 5490 adversantur
1208 5435 1362 5503 milii,
1415 5442 1537 5506 quia
1585 5447 1642 5492 et
1686 5441 1932 5495 concives

365 5512 511 5576 sunt.
564 5505 627 5556 Et
680 5506 820 5576 ideo
853 5507 975 5559 dico
1021 5505 1452 5575 appropinquant,
1510 5513 1749 5576 quoniam
1804 5512 1935 5563 inter

366 5572 579 5637 multos,
626 5574 918 5628 secundum
966 5572 1194 5630 ordines
1235 5572 1598 5630 inistitutorutn
1646 5589 1697 5631 et
1749 5593 1933 5632 sat-ra-

365 5653 690 5707 mentorum,
739 5654 881 5696 erant
932 5660 1145 5697 mecum.
1198 5645 1366 5699 llabet
1416 5646 1517 5699 alia
1569 5647 1870 5702 Translatio
1915 5667 1931 5704 :

367 5709 623 5773 Quoniam
661 5714 791 5765 inter
816 5717 992 5779 paleas
1018 5723 1161 5767 erant
1189 5730 1401 5779 mecum,
1425 5717 1563 5781 quod
1594 5718 1783 5772 melius
1813 5720 1934 5773 huic

364 5785 646 5837 sententia:
676 5787 900 5841 accedit.
931 5785 1023 5841 Vel
1068 5789 1220 5842 aliter
1253 5803 1264 5837 :
1308 5786 1432 5841 Ideo
1461 5789 1820 5843 necessarium
1851 5797 1934 5843 est

2040 4608 2213 4655 tamen
2249 4603 2368 4669 quia
2419 4603 2607 4653 l’etrus
2656 4601 2758 4669 hoc
2799 4599 3146 4669 intelligebat,
3193 4596 3285 4650 sed
3330 4596 3452 4664 quia
3495 4598 3583 4666 pie

2035 4669 2235 4723 dictum
2257 4667 2336 4723 est
2362 4669 2636 4723 credebat.
2672 4668 2862 4722 Molliti
2889 4677 3025 4732 sunt,
3056 4667 3293 4735 inquam,
3325 4680 3580 4721 sermones

2034 4742 2164 4808 ejus,
2193 4751 2243 4792 et
2286 4756 2387 4793 non
2420 4754 2624 4807 parum,
2667 4744 2758 4792 sed
2790 4755 2938 4807 super
2976 4733 3161 4798 oleunt‘,
3192 4733 3242 4788 id
3282 4745 3400 4808 est,
3422 4751 3584 4805 super

2034 4805 2242 4861 onmem
2314 4805 2567 4876 liquorriu
2642 4805 3011 4861 ttiollissimum
3067 4816 3120 4859 et
3189 4805 3577 4862 tenuissittitttn.

2032 4879 2216 4932 Oleum
2244 4877 2379 4931 cnim
2412 4880 2474 4929 ad
2507 4893 2568 4931 ea
2597 4878 2757 4930 molle
2793 4888 2846 4930 et
2878 4891 3032 4930 tenue
3063 4885 3140 4930 est
3163 4916 3178 4941 ,
3208 4876 3349 4944 quod
3387 4877 3580 4932 dicitur

2032 4962 2224 5013 corpus
2252 4958 2564 5015 penetrare;
2591 4962 2865 5000 sermones
2894 4962 3020 5001 vero
3050 4947 3134 5000 isti
3175 4948 3348 5001 adhuc
3379 4948 3586 5003 molio-

2033 5032 2117 5070 res
2146 5030 2287 5080 sunt,
2317 5021 2437 5084 quia
2465 5026 2739 5082 penetrant
2771 5032 2938 5085 usque
2965 5017 3031 5070 ad
3068 5016 3319 5069 animam.
3362 5016 3425 5071 Et
3459 5020 3585 5073 licet

2031 5085 2105 5140 ita
2138 5088 2324 5140 molles
2369 5087 2491 5140 fat-ti
2537 5088 2678 5151 sint,
2708 5088 2847 5141 vires
2890 5099 3063 5141 tamen
3115 5101 3219 5140 non
3261 5088 3577 5154 amiserunt,

2031 5156 2149 5224 quia
2177 5158 2272 5225 ipsi
2310 5166 2428 5209 sunt
2464 5156 2664 5225 jaculn,
2698 5158 2747 5209 id
2777 5166 2879 5223 est,
2908 5164 3118 5210 armant
3140 5166 3194 5209 et
3218 5160 3460 5210 muniunt
3488 5172 3583 5211 eos

2031 5226 2098 5278 ab
2130 5228 2366 5279 hostibus
2394 5242 2409 5289 ;
2438 5236 2491 5279 et
2520 5227 2617 5293 ipsi
2659 5225 2871 5280 mittunt
2896 5242 2989 5281 eos
3025 5228 3168 5280 Velut
3196 5225 3415 5292 sagittas
3450 5242 3585 5282 acu-

2036 5303 2136 5358 tas,
2168 5298 2326 5350 corda
2356 5304 2705 5362 transieutes,
2732 5306 2786 5350 et
2813 5298 3127 5350 clmitatem
3158 5295 3513 5349 intendentes.

2102 5364 2253 5419 Jacla
2290 5380 2441 5430 super
2480 5364 2751 5419 Dominum
2795 5381 2974 5419 curam
3016 5379 3173 5426 tuam,
3218 5374 3263 5416 et
3311 5364 3450 5432 ipse,
3480 5378 3589 5421 etc.

2034 5434 2130 5489 llic
2159 5438 2408 5501 majores,
2448 5451 2675 5503 quorum
2709 5449 2811 5488 vox
2841 5447 2942 5496 est,
2986 5436 3038 5488 in
3071 5439 3169 5487 hoc
3212 5432 3417 5502 psalmo
3461 5436 3587 5490 hur-

2036 5514 2212 5558 tantur
2242 5508 2522 5569 inferiores
2549 5520 2694 5560 suos.
2717 5506 2877 5572 Quasi
2908 5505 3047 5557 dicat
3073 5522 3084 5556 :
3113 5503 3178 5575 Ut
3207 5503 3355 5575 vobis
3375 5520 3585 5575 quoque

2036 5576 2379 5628 inferioribus
2408 5576 2714 5629 molliantur
2741 5588 3017 5628 sermones
3047 5574 3161 5637 Dei,
3192 5573 3313 5627 ideo
3344 5583 3398 5627 ιιι
3426 5573 3589 5645 quili-

2035 5646 2124 5696 bet
2144 5649 2290 5715 jacla
2329 5660 2504 5697 curam
2546 5656 2701 5706 luant,
2748 5645 2798 5698 id
2830 5656 2936 5706 est,
2975 5655 3120 5697 tuum
3164 5657 3378 5715 curare,
3411 5660 3591 5713 reputa

2034 5713 2298 5768 nihiltibi
2346 5720 2620 5783 prodesse,
2659 5717 2750 5769 sed
2802 5715 2974 5784 ipsum
3020 5713 3208 5768 salutis
3257 5722 3360 5767 tua:
3409 5729 3591 5784 curam

2033 5798 2243 5854 gerere.
2271 5784 2425 5839 Juxta
2456 5782 2601 5856 quod
2625 5786 2749 5840 alibi
2781 5782 2980 5841 dictum
3003 5793 3086 5840 est
3116 5802 3127 5838 :
3164 5785 3377 5844 Omnem
3400 5782 3595 5840 sollici-
