4010 6190
472 322 569 376 771

964 315 1163 368 ΒΡῦᾸί
1209 312 1649 367 VENERABIIJS
1687 314 1835 368 OPP.
1878 312 2051 368 PARS
2092 314 2151 366 Il.
2194 312 2385 367 SECT.
2431 313 2493 368 ll.
2538 343 2604 353 --
2648 312 2843 368 DUBH
2889 313 2973 369 ET
3014 314 3280 372 SPUiilA.

3604 320 3688 373 771

470 441 694 493 tudinem
716 444 927 485 uestram
953 430 1272 499 projicientes
1296 430 1347 481 in
1369 447 1499 493 eum,
1524 433 1758 494 quoniam
1786 432 1884 499 ipsi
1906 448 2029 484 cura
2060 433 2109 491 Α
2140 430 2212 481 tio
2243 428 2339 482 l’nit
2368 429 2724 491 conturbatio,
2753 429 2926 492 idest,
2955 430 3166 484 lioraria
3196 440 3424 497 trntnm,
3453 432 3577 500 quia
3598 436 3688 487 cito

469 521 540 562 est
564 509 624 560 de
654 505 806 557 vobis.
831 503 897 555 Et
924 502 965 553 si
998 504 1095 552 hoc
1121 501 1327 559 ieceris,
1366 501 1480 567 ipse
1506 502 1720 553 enutriet
1744 510 1808 564 te,
1844 502 1891 554 id
1926 512 2029 563 est,

471 581 538 633 de
568 577 763 629 virtute
803 573 852 623 in
908 573 1153 621 virtutem
1207 571 1539 636 promovebit
1585 582 1654 624 te.
1701 571 1765 625 Et
1817 571 2032 624 tandem

470 651 561 702 tibi
584 648 726 717 justo
757 640 1009 717 perducto
1122 649 1407 717 attentum,-
1434 642 1482 692 iil
1523 649 1626 704 est,
1660 641 1708 717 in
1754 642 2028 717 aeternita-

474 710 600 777 tem,
630 728 727 766 non
758 711 895 762 dabit
926 710 1149 773 amplius
1174 710 1573 776 ﬂuctuationem,
1609 712 1730 779 quia
1760 712 2033 765 teternitas

471 788 573 841 erit
606 790 788 849 portus
819 780 902 831 tibi
935 779 1224 849 anchoram
1274 779 1400 844 ligas
1422 820 1436 839 ,
1466 791 1520 832 ct
1545 782 1799 847 deinceps
1829 782 2033 834 stabilis

470 847 727 916 maneas;
758 850 893 916 quod
935 850 985 899 in
1029 847 1129 899 hac
1173 849 1275 899 vita
1333 851 1458 902 nulli
1492 866 1864 916 quamcunque
1908 867 2031 914 per-

472 926 612 979 lecto
640 922 950 987 contingere
982 927 1177 984 potest,
1203 934 1320 970 eum
1342 921 1500 972 etiam
1527 921 1714 974 Petrus
1741 921 1804 973 ad
1824 921 2034 975 ancillas

466 1010 650 1051 vocem
678 989 1030 1044 iluctuaverit.

542 1064 619 1117 Tu
657 1077 791 1125 vero,
842 1058 999 1110 Deus.
1042 1058 1151 1112 llos
1192 1060 1431 1127 quidem,
1476 1059 1721 1123 Domine,
1767 1062 2026 1126 enutries,

469 1150 563 1189 eos
610 1148 737 1185 vero
782 1128 1085 1198 praedictos,
1138 1132 1362 1196 scilicet,
1408 1131 1837 1182 contaminantes
1870 1140 2031 1183 testa-

466 1217 728 1264 mentum,
762 1202 974 1252 deduces
1013 1208 1087 1261 tu,
1117 1200 1235 1267 quia
1266 1202 1463 1266 puteris
1497 1201 1624 1268 (qui
1660 1200 1796 1251 Deus
1823 1216 1883 1255 es
1909 1202 1947 1268 ),
1978 1203 2032 1254 in

467 1287 672 1343 puteum
705 1269 958 1329 interitus,
992 1269 1292 1343 scilicet,_i_n
1320 1277 1535 1343 puti-unt
1566 1272 1944 1343 ciirrttptionis,
1980 1274 2029 1325 in

469 1340 717 1397 tenebras
751 1340 1133 1393 submersionis
1160 1382 1174 1402 ,
1224 1341 1273 1392 id
1305 1350 1401 1399 est,
1449 1342 1497 1390 in
1532 1341 1850 1403 profundum
1879 1342 2032 1393 vitio-

464 1431 580 1466 rum
607 1455 623 1479 ,
662 1412 748 1477 qui
777 1410 875 1462 erit
903 1408 953 1460 in
988 1418 1201 1472 puteum
1232 1410 1477 1462 interitus
1499 1450 1513 1469 ,
1550 1410 1599 1461 id
1635 1421 1745 1469 e-t.
1778 1412 1840 1462 ad
1876 1422 2029 1464 aiter-

465 1500 585 1535 iiam
636 1479 1066 1541 damnationem;
1121 1489 1195 1536 tu.
1252 1480 1392 1544 dico,
1447 1489 1635 1533 auctor
1692 1483 1884 1547 culpic,
1936 1483 2029 1535 sed

461 1556 744 1605 damnatur
765 1563 944 1601 eorum
971 1550 1238 1612 nequitiae.
1728 1568 1731 1569 ν

546 1622 651 1673 Viri
675 1618 974 1686 sanguinum
998 1625 1044 1669 et
1074 1619 1259 1671 dolosi.
1295 1619 1479 1671 Merito
1507 1619 1557 1669 in
1581 1627 1786 1684 puteum
1815 1622 2029 1676 dedoces

462 1708 582 1754 eos,
610 1690 728 1757 quia
779 1689 874 1757 ipsi
925 1696 1049 1739 sunt
1096 1692 1184 1738 viri
1216 1690 1520 1756 sungiiiniim
1544 1728 1557 1749 ,
1591 1690 1710 1754 quia
1743 1692 2026 1745 multorum

2134 513 2289 552 versa
2319 508 2399 551 est
2431 501 2478 573 i_n
2508 513 2572 553 eo
2603 500 2653 550 in
2685 501 2920 573 lanitium
2965 501 3395 573 resurrectionis.
3422 504 3539 556 Cito
3570 518 3690 573 quo-

2134 583 2239 635 que
2282 569 2331 621 in
2371 569 2478 621 suis
2525 584 2622 621 suo
2670 570 2827 621 modo
2876 570 3192 625 laetitiiuitur.
3235 572 3299 625 Et
3334 575 3454 637 quia
3489 573 3557 627 ita
3586 569 3689 629 sum

2136 639 2482 691 contristatus
2508 639 2649 712 quod
2677 646 2876 690 tantum
2900 656 3011 691 sum
3037 644 3389 708 conturbatus,
3422 658 3551 712 ergo
3570 660 3687 697 con-

2142 709 2381 761 tristatus
2412 724 2528 760 sum
2554 710 2622 779 in
2670 723 2768 779 me
2794 718 2847 761 et
2888 712 2938 761 iu
2970 712 3152 763 meisa
3181 727 3315 775 voce,
3352 714 3399 766 id
3439 709 3549 777 est,
3587 732 3688 779 pru-

2137 788 2253 849 pter
2279 793 2462 832 vocem
2491 778 2703 829 inimici.
2738 778 2802 831 Et
2836 789 3049 845 propter
3091 780 3487 836 tribulationem
3519 778 3688 849 pecea-

2137 848 2287 912 toris,
2314 852 2435 916 quia
2461 862 2565 900 non
2588 861 2757 900 meam
2780 850 3117 914 ptenam,sed
3145 852 3283 904 illius
3305 848 3687 907 damnationem

2134 918 2368 982 attendi,
2402 928 2456 970 et
2484 918 2606 989 inde
2631 917 2803 969 dolui.
2835 918 3027 970 Vocem
3062 920 3260 973 inimici
3293 938 3579 989 possumus
3616 940 3690 978 ac-

2135 988 2341 1052 cipere,
2379 989 2498 1054 quia
2545 988 2800 1039 uixerunt
2829 990 2874 1041 ei
2912 1006 2922 1038 :
2961 988 3481 1056 Diemonium'habes,
3524 1004 3580 1047 et
3625 998 3686 1047 si-

2134 1058 2301 1119 milia,
2345 1066 2397 1109 et
2450 1061 2611 1109 etiam
2659 1059 3108 1130 contradictiones
3148 1060 3199 1113 iu
3252 1065 3508 1115 membrs
3548 1063 3688 1130 ejus;

2136 1126 2524 1179 tribulationem
2550 1141 2676 1177 vero
2707 1137 3018 1193 peccatoris,
3051 1129 3215 1195 ipsam
3244 1131 3360 1197 ejus
3395 1126 3683 1194 passioiiein

2133 1206 2186 1248 et
2222 1211 2461 1250 suorum.
2511 1196 2789 1263 Distinguit
2832 1207 3031 1259 autem,
3081 1202 3212 1252 sicut
3263 1196 3404 1255 nunc
3444 1206 3684 1265 diximus,

2136 1265 2274 1343 hunc
2314 1282 2529 1319 versant
2551 1268 2925 1333 Cassiodorus,
2968 1279 3023 1323 et
3054 1270 3190 1323 valet
3217 1273 3347 1325 satis
3375 1276 3426 1325 in
3473 1284 3686 1343 utraque

2134 1336 2377 1389 let'liom‘.

2212 1406 2465 1469 Quoniam
2516 1408 2915 1461 declinaverunt.
2959 1407 3118 1474 Quasi
3166 1410 3304 1464 dicat
3356 1427 3369 1464 :
3410 1411 3538 1465 inde
3587 1430 3687 1467 stitit

2134 1476 2501 1539 contristatus,
2532 1481 2651 1544 quia
2688 1480 2783 1546 ipsi
2815 1479 3105 1545 iniquitates
3135 1495 3281 1544 snas,
3307 1486 3499 1549 quibus
3524 1485 3686 1537 iOl'llui

2132 1554 2181 1598 et
2212 1560 2424 1612 gentem
2461 1550 2683 1611 perdere
2727 1551 3084 1612 merebantur,
3116 1550 3493 1604 declinaverunt
3521 1554 3575 1606 in
3600 1572 3684 1616 me,

2132 1625 2386 1680 quantum
2434 1617 2484 1669 in
2540 1618 2667 1683 ipsis
2716 1616 2833 1677 fuit,
2878 1619 2995 1684 quia
3033 1622 3284 1685 putabant
3330 1632 3486 1675 Vitam
3529 1640 3684 1677 meam

2132 1687 2282 1751 quasi
2330 1687 2694 1754 pollutionem,
2737 1698 2789 1739 et
2836 1688 2957 1741 ideo
2997 1691 3285 1743 Credebant
3335 1708 3427 1757 per
3468 1708 3684 1747 mortem

466 1755 773 1830 sanguinem
808 1755 1036 1809 fundunt
1065 1772 1169 1837 non
1202 1755 1569 1837 corporaliter.
1602 1758 1694 1810 sed
1735 1761 2023 1837 spiritualif
2058 1778 2102 1837 Β
2137 1771 2306 1807 meam
2335 1762 2482 1836 quaet
2516 1757 2811 1837 purgarinet
2850 1774 2923 1837 se_
2953 1767 3006 1810 et
3048 1760 3314 1813 civitatem
3336 1755 3523 1837 suam.
3559 1768 3687 1837 unde

465 1825 719 1898 ter,'qnia
751 1828 956 1898 animas
987 1825 1256 1898 occidunt,
1287 1839 1331 1877 et
1365 1826 1655 1898 huciden,
1687 1830 1805 1893 quia
1855 1832 2020 1884 (10/03;

464 1896 688 1965 siiiit,‘id
718 1907 819 1957 est,
849 1897 980 1948 alios
1022 1896 1210 1948 haeresi
1241 1911 1336 1949 sua
1379 1896 1667 1963 decipiunt.
1707 1899 1765 1951 Et
1795 1899 1844 1951 lii
1893 1907 2022 1955 tates

463 1988 563 2023 non
586 1967 922 2021 dimidiabunt
953 1966 1061 2017 dies
1093 1982 1231 2033 suos,
1266 1968 1313 2018 id
1343 1977 1444 2027 eSt,
1482 1982 1582 2019 non
1616 1978 1818 2021 tantum
1866 1973 2024 2033 proli-

461 2040 605 2095 cient
636 2040 685 2091 in
712 2035 968 2104 nequitia,
993 2030 1246 2103 quantum
1283 2045 1618 2103 putaverunt,
1653 2040 1775 2104 quia
1811 2030 2023 2101 promit-

463 2119 579 2163 tuut
621 2108 718 2161 sibi
767 2108 972 2173 Iungam
1006 2107 1186 2165 vitam,
1221 2116 1273 2158 et
1320 2106 1461 2158 illam
1507 2122 1609 2158 non
1656 2109 2019 2176 diiniilinbunt,

459 2180 583 2245 quia
630 2193 770 2242 saepe
818 2176 1093 2242 celerrima
1142 2188 1309 2228 morte
1356 2177 1723 2245 absumentur.
1777 2179 1865 2233 Vel
1917 2197 2020 2235 nou

464 2244 771 2316 patuerunt,
804 2245 852 2299 id
886 2255 985 2306 est,
1018 2260 1120 2316 non
1147 2257 1370 2315 possunt
1396 2244 1502 2297 Deo
1534 2249 1734 2299 servire
1764 2260 1817 2300 et
1849 2267 2019 2301 mam-

460 2336 654 2373 monie.
689 2319 882 2371 Volunt
904 2316 1044 2369 enim
1070 2315 1181 2367 dies
1212 2329 1359 2379 suos,
1387 2316 1435 2367 id
1467 2326 1568 2378 est,
1596 2331 1910 2384 praesentem
1943 2322 2022 2372 vi-

460 2401 590 2455 tam,
616 2403 771 2453 quam
806 2396 966 2440 totam
998 2384 1215 2439 servitio
1255 2387 1344 2437 Dei
1386 2386 1644 2439 deberent
1684 2387 2018 2454 impendere,

459 2459 764 2521 dimidiare,
796 2458 844 2508 id
878 2466 978 2519 est,
1006 2470 1274 2521 separare,
1306 2461 1363 2505 ut
1409 2459 1594 2517 partim
1640 2456 1736 2507 sibi
1768 2468 1821 2509 et
1853 2476 2020 2511 uiam-

460 2544 630 2583 monte
657 2526 915 2589 serviant,
945 2525 1036 2576 sed
1072 2541 1169 2575 non
1209 2524 1570 2588 dimidiabunt,
1603 2528 1648 2575 id
1683 2538 1780 2587 ρει,
1816 2544 1918 2581 non
1945 2530 2022 2583 sic

458 2600 578 2652 illus
606 2599 713 2650 dies
743 2612 859 2647 suos
888 2608 1139 2661 separare
1169 2603 1473 2659 potuerunt,
1504 2598 1566 2645 ad
1598 2596 1841 2661 salutem,
1876 2604 1948 2650 sci
1980 2602 2022 2651 i-

458 2680 563 2724 cet.
597 2668 725 2735 Quia
758 2682 902 2716 nemo
952 2664 1151 2715 mittens
1174 2680 1403 2735 manum
1433 2664 1500 2715 ad
1528 2677 1774 2732 aratrum,
1806 2678 1858 2720 et
1898 2670 2023 2722 rel-

456 2756 581 2803 qua.
628 2738 719 2791 Vel
752 2736 904 2787 aliter
933 2735 949 2801 (
974 2734 1123 2799 quasi
1152 2734 1455 2801 diceretur)
1484 2753 1493 2785 :
1524 2734 1707 2789 Nonne
1734 2740 2023 2804 proderunt

456 2810 534 2861 eis
586 2810 722 2863 bona
778 2819 897 2873 qua:
928 2803 1228 2875 locarunt?
1278 2804 1387 2857 Non
1431 2806 1701 2872 equidem,
1736 2803 1865 2875 quia
1906 2811 2019 2863 dii-3

453 2892 600 2942 sitos,
651 2877 701 2931 id
746 2886 845 2937 eSI,
889 2874 1047 2926 vitam
1097 2889 1245 2925 suam
1287 2890 1385 2926 non
1435 2876 1793 2933 dimidiubunt.
1832 2879 2017 2944 idest,

460 2964 563 3001 nou
598 2951 667 3000 ita
718 2959 965 3009 separare
1016 2951 1281 3009 poterunt,
1327 2954 1382 2995 ut
1423 2960 1515 3010 per
1545 2960 1707 3013 pauca
1744 2947 1877 3000 bona
1923 2953 2017 3001 de-

460 3025 667 3071 struant
700 3015 871 3085 multa
911 3013 1045 3063 maia
1067 3053 1080 3076 ,
1112 3014 1497 3085 quiefecerunt
1522 3056 1536 3078 ,
1570 3031 1688 3068 cum
1724 3019 1894 3081 potius
1924 3034 2018 3085 per

456 3088 621 3140 multa
662 3087 797 3137 bona
844 3082 1166 3135 destruenda
1205 3083 1307 3135 sint
1356 3098 1519 3150 pauca
1566 3087 1725 3138 mala.
1758 3082 2017 3149 Quoi—et

456 3160 633 3210 dicere
667 3172 679 3206 ι
716 3155 940 3219 Propter
971 3167 1135 3218 pittca
1183 3154 1317 3205 bona
1368 3168 1472 3206 non
1514 3158 1883 3219 salvabunlur,
1914 3157 2020 3211 imo

456 3237 671 3295 propter
697 3225 829 3276 mala
864 3224 1028 3295 multa
1056 3224 1463 3276 damnabantur.

530 3291 638 3366 Ego
659 3303 844 3366 autent.
878 3291 997 3366 illos
1023 3333 1036 3355 ,
1068 3309 1276 3366 mquam
1304 3333 1319 3357 ,
1351 3300 1564 3366 deduces
1594 3296 1642 3346 in
1678 3306 1902 3362 puteum,
1937 3314 2021 3351 me

453 3362 628 3421 autem
660 3380 762 3417 non
793 3362 1045 3423 deduces,
1086 3365 1210 3429 quia
1256 3381 1365 3432 ign,
1418 3365 1648 3428 Domine,
1700 3370 1935 3431 sperabo,
1970 3369 2017 3421 id

453 3448 557 3500 est,
590 3450 801 3489 Omnem
832 3446 978 3505 spem
1013 3448 1184 3485 meam
1216 3434 1497 3500 conjiciunt
1533 3436 1583 3485 in
1614 3446 1678 3489 te.
1712 3435 1859 3491 Nune
1902 3442 2022 3505 qui—

450 3508 573 3559 dant
608 3506 842 3575 psalmus
874 3500 973 3555 iste
1020 3506 1184 3554 lectus
1214 3511 1298 3554 est
1328 3508 1377 3553 in
1415 3520 1545 3556 voce
1574 3507 1859 3571 cujuslibet
1897 3500 2019 3575 per-

456 3576 576 3630 lecti
610 3573 1028 3630 tribulationem,
1064 3575 1113 3624 in
1157 3587 1261 3639 qua
1315 3583 1414 3632 est.
1469 3576 1823 3641 attendentis,
1856 3573 1909 3629 et
1950 3581 2018 3631 ab

454 3648 567 3713 ipsa
623 3642 836 3697 liberari
890 3644 1111 3703 orantis,
1168 3643 1232 3693 ad
1288 3654 1522 3695 nostrain
1582 3646 2012 3711 instructionem,

455 3716 682 3778 sciliret,
714 3722 769 3766 ut
795 3727 892 3764 nos
922 3717 1256 3765 attendentes
1280 3726 1617 3766 communem
1646 3729 1766 3769 esse
1795 3717 2018 3770 tribula-

455 3790 673 3850 tionem,
713 3784 967 3836 l‘aciamus
1004 3796 1339 3835 communem
1387 3785 1549 3835 etiam
1596 3793 1913 3840 orationem.
1960 3789 2016 3842 Si

453 3870 579 3909 vero
619 3855 670 3906 iu
698 3867 829 3906 voce
858 3850 1045 3926 capitis
1072 3853 1307 3926 psalmus
1335 3854 1470 3907 idem
1502 3856 1728 3926 legatur,
1763 3858 1831 3908 ita
1861 3870 2019 3926 caput

450 3926 618 3991 ipsum
650 3923 899 3988 loquatur
929 3939 940 3973 :
971 3919 1107 3974 Deus
1140 3922 1311 3985 Pater,
1342 3925 1527 3976 exaudi
1549 3919 1829 3979 orationem
1854 3919 2018 3982 meum

453 3995 642 4046 iactam
688 4009 782 4059 pro
812 3993 1207 4059 perseverantia
1262 4008 1499 4046 meorum
1527 4035 1541 4056 ,
1584 4006 1637 4048 et
1681 4006 1731 4049 ut
1765 4000 2018 4051 exaudias

452 4066 768 4124 orationem,
796 4077 856 4113 ne
884 4062 1174 4126 despexeris
1204 4063 1587 4131 marci-dentem
1614 4066 2019 4131 deprecationem

452 4131 642 4186 factam
675 4145 706 4183 a
749 4146 832 4182 me
876 4145 971 4196 pro
1012 4132 1164 4183 meis.
1198 4131 1408 4183 Intendi:
1442 4135 1586 4197 ini/ii,
1627 4135 1769 4199 dico,
1804 4137 1855 4188 in
1898 4153 2019 4190 ora-

450 4202 615 4265 tione,
646 4210 692 4254 et
734 4199 922 4252 exaudi
948 4215 1027 4252 me
1072 4200 1122 4252 iu
1153 4202 1529 4273 deprei-atione
1558 4204 1692 4257 facta
1733 4220 1828 4273 pro
1862 4210 2015 4262 meis.

452 4273 515 4326 Et
543 4286 677 4338 opus
718 4277 803 4322 est
833 4279 887 4321 ut
928 4283 1013 4322 uie
1045 4275 1246 4341 procis
1275 4272 1526 4323 exaudias
1553 4316 1566 4337 ,
1596 4275 1717 4341 quia
1736 4272 1866 4329 vere
1891 4293 2019 4332 con-

457 4343 807 4397 tristabuiitur
853 4349 902 4392 et
936 4340 1436 4415 conturbabtiiuur.
1469 4340 1713 4415 quoniam
1762 4362 1859 4413 ego
1902 4348 2016 4415 ipse

447 4414 768 4466 contristatus
795 4426 906 4460 sum
931 4409 980 4461 in
1006 4410 1363 4461 exercitatione
1393 4428 1521 4465 mea.
1554 4414 1713 4479 Quasi
1745 4409 1884 4469 dicat
1918 4409 1934 4472 ξ
1959 4420 2020 4471 Si

2130 1840 2265 1877 unus
2292 1840 2356 1878 ex
2396 1827 2476 1878 eis
2507 1829 2643 1879 dixit
2678 1846 2689 1879 :
2724 1826 2946 1893 Expedit
2995 1838 3046 1880 ut
3089 1846 3221 1881 unus
3258 1833 3505 1884 moriatur
3547 1836 3690 1888 homo

2126 1910 2219 1963 pro
2255 1898 2462 1964 populo,
2496 1905 2541 1949 et
2582 1913 2682 1950 non
2712 1910 2816 1950 tota
2840 1915 2959 1965 gens
3001 1910 3190 1964 pereat.
3218 1898 3280 1951 Et
3310 1902 3360 1952 in
3394 1906 3470 1955 ira
3500 1919 3618 1967 sua,
3646 1906 3687 1956 id

2138 1977 2239 2027 est,
2268 1967 2335 2016 ira
2348 1976 2381 2040 ti
2411 1981 2504 2033 prn
2535 1970 2724 2040 lococt
2751 1979 2925 2033 gente,
2953 1971 3318 2040 erantniolesti
3346 1975 3489 2037 mihi,
3520 1975 3572 2025 id
3595 1989 3687 2040 est,

2129 2035 2488 2112 molestabant
2519 2053 2602 2090 me
2626 2036 2779 2091 dictis
2806 2047 2862 2091 et
2896 2039 3067 2091 iactis.
3102 2039 3251 2093 Unde
3289 2058 3377 2093 cor
3407 2035 3607 2112 meum,
3643 2035 3690 2099 id

2126 2117 2225 2177 est,
2263 2108 2435 2157 anima
2469 2122 2616 2177 mea,
2648 2113 2960 2161 conturbata
3005 2122 3103 2170 εει,
3155 2112 3294 2177 quod
3342 2129 3444 2165 non
3494 2108 3602 2167 ἰυιί
3629 2131 3690 2170 ex

2130 2174 2341 2249 iltiiium
2390 2176 2688 2249 eoat-tione,
2734 2179 2812 2231 vel
2866 2180 2914 2229 in
2950 2174 3186 2249 illorniu'
3213 2192 3499 2249 potestate,
3532 2186 3618 2237 sed
3642 2188 3687 2238 in

2125 2258 2223 2307 ine,
2271 2244 2319 2296 id
2364 2255 2461 2309 est,
2514 2246 2563 2298 in
2614 2262 2730 2323 mea
2784 2248 2991 2315 propria
3036 2244 3331 2323 voluntate.
3362 2252 3424 2303 Et
3473 2244 3688 2323 formido

2125 2316 2318 2376 mortis,
2351 2315 2400 2387 id
2447 2326 2565 2387 est,
2615 2316 2739 2368 illud
2785 2328 3000 2385 propter
3045 2321 3185 2386 quod
3233 2315 3482 2377 formidat
3532 2342 3685 2387 unus,

2127 2385 2419 2461 damnat-io,
2451 2386 2676 2448 scilicet,
2705 2387 3059 2461 cuiisei-_titiva
3080 2391 3285 2453 mortis,
3309 2393 3530 2458 mortis;
3558 2385 3685 2461 ilice,

2124 2454 2385 2506 venientis
2427 2471 2578 2522 super
2613 2472 2709 2517 me,
2763 2457 2962 2520 cecidit,
3015 2459 3063 2510 id
3107 2469 3205 2521 e~t,
3253 2454 3527 2517 destructa
3580 2454 3683 2518 luit:

2124 2523 2277 2603 Quod
2304 2537 2384 2575 est
2411 2525 2592 2603 dicere
2620 2544 2631 2577 :
2661 2526 3097 2603 Qttia_t_nors_me,
3126 2530 3175 2582 in
3200 2545 3354 2597 quem
3385 2536 3685 2603 nullumjus

2128 2592 2352 2671 habebat
2375 2632 2403 2671 ,.
2423 2595 2713 2671 veridicare
2756 2597 3101 2671 sibi_vo!uit,
3150 2592 3378 2666 perdidit
3410 2606 3535 2657 illud
3565 2592 3687 2671 piris

2123 2665 2261 2729 quod
2322 2665 2523 2716 habuit.
2584 2667 2751 2719 Morte
2799 2667 2939 2718 enim
2995 2684 3088 2721 sua
3134 2665 3411 2737 temporali
3473 2665 3685 2727 inuitem

2124 2745 2358 2784 nostram
2391 2744 2646 2787 aeternam
2686 2738 2973 2799 desttuxit,
3004 2749 3055 2791 et
3095 2744 3173 2793 sic
3207 2757 3350 2796 inuis
3380 2743 3432 2795 in
3473 2746 3683 2799 vietum

2123 2819 2216 2853 sua
2253 2806 2496 2870 :ibSOtp'a
2532 2805 2646 2857 luit.

2198 2871 2374 2950 Timor
2400 2884 2445 2951 et
2472 2877 2946 2951 treiuor._Ostendit
2977 2894 3186 2946 quoque
3216 2897 3359 2937 mors
3390 2898 3553 2951 super
3576 2905 3683 2939 eoin

2124 2946 2361 3006 venerit,
2397 2947 2436 3023 d_
2456 2961 2584 3023 cens
2621 2947 2844 3023 :_Timor
2869 2957 2917 3023 et
2942 2958 3129 3003 tremor
3150 2965 3395 3007 venerunt
3420 2946 3571 3020 super
3595 2974 3683 3023 me,

2133 3017 2387 3091 quodest
2409 3015 2695 3092 descriptio
2727 3018 2909 3092 mortis
2940 3029 3133 3073 nostra:
3167 3037 3261 3090 per
3291 3027 3408 3092 ejus
3439 3015 3671 3081 effectus.

2130 3083 2391 3157 Quoniam
2423 3085 2565 3138 enim
2613 3103 2774 3149 mors,
2826 3086 2877 3140 id
2926 3098 3024 3151 est,
3078 3083 3344 3157 separatio
3393 3100 3584 3151 anima:
3631 3110 3681 3150 et

2127 3154 2399 3219 corporis,
2434 3157 2675 3220 limi-tur,
2707 3159 2958 3224 quoidam
2990 3154 3220 3216 efﬁcitur
3247 3172 3304 3217 ut
3338 3166 3501 3220 timor
3528 3171 3595 3222 sit
3636 3172 3680 3220 in

2125 3230 2323 3293 tuente,
2353 3232 2407 3275 et
2438 3233 2637 3277 tremor
2669 3228 2718 3278 iii
2749 3242 2996 3293 corpore.

2198 3291 2621 3374 lit-contexerant
2651 3312 2728 3374 me
2767 3291 3001 3354 teneone.
3036 3301 3144 3355 iioc
3188 3302 3317 3359 item
3347 3308 3577 3374 pertinet
3624 3308 3682 3359 ad

2129 3364 2436 3440 prie-dictaui
2469 3366 2907 3440 descriprionem,
2958 3376 3081 3437 quia
3123 3378 3287 3440 tangit
3331 3364 3415 3431 liic
3443 3379 3682 3431 viciniam

2123 3434 2328 3513 monis.
2374 3435 2682 3513 Sequuntur
2710 3437 2851 3513 enim
2890 3434 3142 3513 mortem
3169 3434 3430 3507 teiiebrie,
3483 3449 3532 3501 id
3583 3462 3680 3513 cst,

2125 3502 2278 3569 hujus
2305 3504 2435 3555 lucis
2464 3506 2713 3559 deiectio.
2752 3508 2843 3559 Vel
2868 3510 3020 3562 aliter
3053 3530 3063 3563 :
3094 3512 3214 3567 Ideo
3247 3520 3399 3568 timor
3420 3502 3475 3570 et
3504 3502 3686 3570 treini-i‘

2119 3580 2355 3648 venerunt
2396 3590 2548 3640 super
2585 3592 2684 3639 me,
2731 3580 2853 3643 quia
2902 3582 3139 3643 tenebrw,
3183 3585 3234 3636 id
3281 3596 3381 3648 est,
3418 3589 3680 3641 tenebrosi

2122 3641 2387 3720 iiitelleetu
2434 3656 2709 3720 carentes,
2746 3641 3191 3720 contexerant,“
3224 3668 3333 3720 est,
3370 3641 3686 3712 'circumde-

2119 3712 2314 3764 derunt
2360 3728 2436 3764 me
2479 3720 2543 3766 at
2596 3712 3119 3792 datuuatiotteui.Et
3165 3727 3284 3792 quia
3322 3712 3529 3781 attendi
3575 3731 3684 3781 haec

2120 3796 2284 3866 sitper
2330 3798 2414 3841 me
2447 3795 2683 3866 lentu-ra
2734 3785 2898 3866 disi“:
2935 3789 3061 3852 Quis
3101 3785 3249 3866 Δᾀαῦιι
3289 3798 3413 3849 milii
3454 3799 3686 3866 pennas?

2120 3851 2307 3933 Nonne
2338 3864 2413 3917 tu,
2445 3853 2590 3933 Deus
2615 3855 2773 3933 l_’ater
2787 3857 2823 3933 ?_
2845 3851 3053 3933 Pennas
3080 3863 3227 3927 dico,
3259 3882 3375 3933 qua:
3406 3851 3532 3921 sunt
3560 3872 3684 3921 sicut

2120 3922 2371 4000 columine
2385 3932 2479 4000 ;Aet
2508 3924 2687 4000 volabo
2717 3928 2785 3978 ab
2814 3930 2949 3991 istis,
2991 3940 3040 3984 et
3068 3934 3146 3986 sic
3185 3922 3518 4000 requiescam.
3545 3939 3682 3992 Pen-

2121 4007 2216 4046 nas
2263 3993 2553 4074 accipimus
2580 3995 2665 4048 hic
2714 4008 3029 4064 potestatem
3074 3993 3303 4071 ponendi
3349 4010 3607 4074 animam,
3634 4019 3686 4063 et

2120 4064 2425 4146 resumendi
2457 4078 2597 4144 eam.
2634 4076 2753 4146 post
2775 4082 2906 4146 quas
2949 4064 3148 4137 pennas
3175 4078 3409 4131 avolavit
3437 4093 3464 4131 a
3494 4064 3680 4146 perse-

2120 4132 2392 4213 cutoi-ibus
2419 4134 2532 4212 suis
2565 4132 2842 4213 moriendo
2868 4132 3299 4213 etresurgeudn,
3330 4162 3435 4201 non
3468 4132 3524 4201 u't
3559 4132 3680 4213 pen-

2121 4204 2212 4281 uis
2237 4203 2508 4281 corvinis,
2540 4205 2635 4258 sed
2667 4216 2725 4281 ut.
2750 4203 3174 4276 columbinisﬂd
3205 4203 3307 4281 est,
3343 4233 3445 4270 non
3474 4203 3683 4280 odiose.

2120 4272 2227 4352 sed.
2243 4275 2564 4354 charititive
2589 4276 2755 4354 ,“qnia
2786 4281 3044 4354 quosdam
3076 4272 3155 4354 ex,
3182 4272 3498 4354 illis'pOstea
3552 4272 3679 4342 visi:

2124 4342 2279 4423 tavit,
2316 4342 2440 4411 quia
2468 4342 2842 4423 _i_ret_l_i.de_r_u_u_t
2889 4348 2940 4423 in
2987 4365 3088 4423 una
3127 4352 3213 4408 die
3256 4342 3353 4409 tria
3398 4360 3587 4423 millia,
3633 4368 3686 4411 et

2122 4413 2317 4465 deinde
2370 4413 2521 4465 multi
2561 4415 2672 4496 alii.
2702 4415 2793 4496 Vel
2821 4419 2873 4469 iu
2908 4419 3007 4473 hoc
3032 4421 3367 4489 cliaritative,
3397 4429 3518 4496 quia
3552 4413 3685 4479 inar-

447 4484 606 4536 inme
630 4481 776 4534 viridi
808 4478 1065 4565 ligiiofioc
1088 4479 1360 4565 Lacerant,‘
1388 4484 1434 4531 in
1462 4498 1491 4533 a
1512 4472 1607 4535 id?)
1642 4486 1761 4552 quid
1788 4486 1914 4554 ﬁet?
1956 4489 2019 4543 Et

2125 4492 2238 4563 tuus
2255 4493 2352 4565 lest
2374 4494 2589 4561 propter
2628 4484 2816 4537 delicta
2849 4472 3022 4565 nostra
3662 4513 3685 4549 r

447 4552 495 4606 si
536 4561 742 4624 patrem
808 4549 1039 4624 familias
1086 4549 2019 4624 Beelzebubrvoi-averuutpquanto

448 4620 616 4692 magis
643 4620 966 4692 domesucns
993 4620 1214 4692 ejus,et
1257 4622 1469 4673 similia.
1508 4620 2017 4681 Exeri-itatiu'ti‘nri-

450 4694 519 4746 sti
546 4690 751 4763 iuitiila
775 4690 841 4763 de
865 4704 965 4756 qua
994 4690 1105 4763 ipse
1127 4690 1254 4742 dicit
1284 4706 1295 4742 :
1324 4691 1400 4743 Ait
1425 4692 1519 4743 hoc
1548 4695 1655 4745 veni
1680 4698 1727 4747 in
1754 4699 2017 4763 mundum,

448 4770 506 4815 ut
549 4760 889 4813 testimonium
939 4762 1223 4826 perhibeam
1268 4763 1485 4815 veri-uti.
1531 4764 1661 4829 Qua:
1709 4760 2018 4821 exercdatio

446 4832 550 4885 fuit
574 4832 637 4883 ad
680 4834 926 4902 pietatem
960 4838 1012 4881 et
1042 4829 1105 4881 ad
1133 4834 1309 4882 omnia
1343 4832 1503 4897 utilis,
1537 4834 1656 4902 quia
1689 4835 1738 4887 iii
1773 4838 2019 4893 omnibus

448 4914 776 4972 quacunque
821 4899 962 4961 fecit,
1014 4907 1107 4951 aut
1159 4904 1353 4965 verbo,
1407 4915 1494 4954 aut
1548 4899 1811 4972 exemplo,
1867 4909 2017 4960 nobis

447 4967 663 5039 proluit.
698 4967 753 5020 in
781 4983 885 5039 qua
913 4972 1290 5022 exi-rcitatioue
1329 4975 1610 5036 dupliciter
1640 4967 2015 5031 constrismtus

445 5038 550 5107 est,
601 5042 721 5107 quia
777 5038 1046 5110 Judatcam
1095 5047 1305 5105 gentem
1359 5060 1514 5107 quam
1569 5048 1803 5110 respexit
1850 5048 2017 5101 imbre

448 5110 612 5175 verbi,
668 5110 817 5176 quasi
871 5109 1070 5181 aridam
1124 5110 1301 5175 licum,
1349 5112 1551 5165 nullum
1605 5116 1857 5179 fructum,
1912 5134 2017 5181 quo

445 5182 560 5251 ipse
600 5180 835 5252 solveret
868 5176 1150 5252 jejunium,
1180 5180 1272 5252 sed
1298 5183 1410 5233 sola
1444 5182 1587 5244 loiia,
1623 5184 1671 5235 id
1697 5194 1797 5249 est,
1831 5176 2016 5252 verba,

448 5248 730 5305 habentem
770 5248 992 5311 invenit,
1025 5258 1075 5300 et
1106 5263 1171 5301 ex
1205 5250 1313 5316 ipsa
1346 5253 1502 5305 etiam
1530 5262 1702 5306 moite
1731 5248 2016 5307 eoiitristal

442 5332 525 5375 tus
555 5332 657 5386 est,
682 5319 803 5387 quia
835 5319 966 5392 dixit
999 5336 1011 5369 ι
1043 5316 1227 5392 Tristis
1266 5330 1343 5392 est
1376 5322 1545 5374 anima
1592 5340 1701 5375 mea
1745 5340 1901 5392 usque
1948 5326 2017 5377 ad

445 5401 680 5454 mortem,
718 5404 823 5442 non
855 5389 973 5457 quia
1016 5403 1158 5440 mors
1193 5390 1301 5456 ipsa
1328 5390 1561 5457 jucunda
1595 5402 1649 5445 et
1677 5389 2015 5450 detectabilis

440 5462 489 5514 ei
528 5472 690 5527 esset,
720 5458 813 5511 sed
858 5458 978 5526 quia
1030 5469 1265 5511 nostrain
1318 5462 1368 5511 iu
1402 5474 1459 5513 se
1490 5464 1897 5528 trausliguravit
1928 5466 2015 5517 iu-

444 5531 764 5582 lirmitatein.
796 5528 858 5579 Et
890 5528 989 5581 hoc
1017 5537 1099 5581 est
1124 5528 1263 5593 quod
1295 5529 1423 5583 dicit
1455 5546 1466 5581 ;
1498 5531 1865 5585 Constristatus
1900 5550 2015 5586 sum

440 5601 494 5650 in
520 5598 877 5669 exercitatione
904 5612 1011 5649 mea
1043 5599 1207 5669 mine
1238 5608 1290 5649 et
1319 5602 1367 5651 in
1396 5600 1554 5665 meis,
1576 5604 1696 5669 quia
1725 5606 1889 5655 etiam
1915 5619 2014 5657 suo

442 5670 599 5721 modo
631 5665 910 5731 dupliciter
947 5667 1245 5719 ContriStati
1275 5678 1417 5721 sunt.
1456 5670 1519 5723 Et
1560 5665 1630 5723 ita
1668 5687 1782 5724 sunt
1816 5675 2016 5726 contri-

441 5747 631 5801 status,
656 5735 793 5804 quod
817 5734 1167 5803 conturbatus,
1202 5736 1255 5790 id
1285 5746 1387 5805 est,
1412 5741 1553 5808 quod
1583 5742 1697 5797 haec
1727 5745 2015 5799 contrista-

2108 4554 2531 4633 jiistiﬁcationein
2581 4566 2825 4635 nostrain.
2870 4560 2935 4610 Et
2984 4554 3259 4635 postquam
3309 4569 3387 4619 sic
3430 4554 3683 4635 avolavit,

2121 4625 2386 4689 requievit
2416 4626 2469 4699 in
2494 4624 3045 4701 iininortal‘itatejet'in
3076 4624 3518 4701 iiiipassibilitate.
3549 4624 3682 4691 Vera

2117 4708 2261 4770 enim
2296 4698 2509 4770 requies
2541 4703 2653 4770 est,
2689 4696 2774 4770 cui
2808 4698 2947 4751 nulla
2979 4696 3206 4770 amplius
3235 4706 3515 4760 intercedit
3557 4723 3686 4761 cou-

2120 4764 2375 4843 tiirbatjo.
2418 4762 2771 4843 Veiavolavit
2799 4782 2827 4818 a
2862 4762 3199 4843 populo-illo,
3242 4776 3310 4827 de
3339 4792 3442 4843 qui
3478 4777 3687 4830 dictum

2118 4843 2201 4912 est
2227 4850 2242 4911 _:
2280 4831 2533 4915 lca-boravi
2560 4831 3115 4915 sustinenspid'estta
3144 4831 3369 4907 Jiidwis:
3397 4856 3448 4900 et
3468 4849 3689 4915 requie-

2121 4903 2192 4954 vit
2227 4904 2277 4955 in
2310 4904 2399 4955 illo
2430 4906 2537 4955 alio
2578 4906 2795 4983 populo,
2818 4907 2892 4985 de
2921 4923 3025 4985 quo
3042 4903 3251 4985 dictum
3286 4903 3367 4969 est
3402 4934 3413 4967 :
3450 4903 3686 4985 Populus

2117 4988 2261 5037 quem
2301 4989 2400 5025 non
2434 4975 2668 5042 cognovi,
2698 4978 2847 5028 servit
2889 4979 3015 5031 mihi
3054 4980 3105 5032 in
3137 4986 3315 5037 auditu
3353 4987 3514 5037 auris.
3537 4975 3687 5040 Ecce

2119 5042 2292 5111 (quasi
2326 5044 2495 5117 dicat),
2516 5044 2712 5117 factum
2739 5057 2820 5098 est
2852 5050 2992 5116 quod
3016 5056 3213 5117 optavi,
3244 5058 3381 5107 data:
3406 5068 3527 5108 sunt
3554 5057 3685 5108 mihi

2122 5128 2331 5185 petttta‘,
2365 5124 2419 5166 et
2453 5115 2686 5182 clouguvi
2713 5131 2800 5169 me
2829 5115 2897 5169 ab
2928 5115 3127 5183 illis,_id
3150 5115 3253 5185 est,
3286 5139 3316 5176 a
3338 5124 3535 5177 Judaiis
3572 5144 3686 5177 niu-

2119 5184 2306 5235 r-eudo
2328 5224 2342 5244 ,
2377 5186 2705 5249 resurgendo
2727 5225 2742 5248 ,
2773 5188 2974 5256 fugiens
3013 5205 3106 5243 eos
3134 5184 3385 5260 quantum
3415 5194 3478 5247 ad
3514 5195 3687 5262 majo-

2120 5267 2229 5303 rem
2260 5262 2490 5325 parteiu,
2526 5270 2630 5306 non
2675 5269 2803 5308 vero
2833 5268 3087 5323 quantum
3121 5265 3183 5314 ad
3217 5264 3449 5316 membra
3474 5279 3595 5325 sua,
3636 5267 3684 5315 id

2116 5333 2220 5386 est,
2250 5324 2544 5401 apostolos,
2572 5338 2601 5375 a
2630 5326 2826 5401 quibus
2852 5342 2946 5379 sua
2971 5333 3181 5401 propria
3213 5337 3448 5386 membra
3474 5324 3685 5401 postea,

2118 5406 2184 5471 ne
2234 5393 2562 5459 dubitarent,
2619 5395 2823 5471 paipari
2854 5393 3126 5471 “permisit,
3173 5417 3271 5455 nec
3309 5393 3567 5471 quantum
3620 5393 3685 5457 aii

2119 5460 2403 5541 itiosquos
2434 5477 2542 5541 per.
2570 5460 2796 5541 gratiam
2826 5460 2987 5541 __l‘idei_
3015 5460 3269 5541 visi-tavit.
3309 5460 3374 5526 Et
3402 5478 3688 5541 eloiigatus

2116 5532 2183 5581 ab
2217 5530 2344 5594 illis,
2378 5532 2542 5612 mansi
2564 5536 2616 5584 in
2645 5535 2941 5612 solitudine,
2978 5538 3027 5590 id
3058 5547 3161 5605 est,
3193 5544 3242 5593 in
3265 5530 3688 5612 gentibusfqna:

2115 5604 2763 5678 er:mt_qu_asindeser_tum
2790 5620 2817 5654 a
2856 5608 2992 5673 lege,
3024 5618 3079 5661 et
3107 5624 3135 5661 a
3167 5604 3435 5678 prophetis
3457 5604 3683 5664 destitu-

2118 5680 2251 5725 tum.
2288 5670 2381 5724 \lel
2431 5671 2664 5747 elongavi
2712 5688 2797 5726 me
2846 5670 3068 5747 fugiens,
3115 5670 3370 5747 quantum
3411 5683 3571 5735 etiam
3622 5689 3689 5733 at

2118 5754 2306 5797 omnes
2352 5745 2615 5810 corporali
2659 5748 2963 5811 praesentia.
2993 5746 3063 5802 Et
3097 5745 3266 5805 intimi
3304 5752 3361 5806 in
3402 5751 3695 5807 solitudine
