4010 6190
397 360 504 416 775

875 352 1076 410 BENE
1117 348 1571 406 \‘ENERABILIS
1609 346 1760 401 OPP.
1804 344 1980 399 PARS
2019 343 2083 398 ll.
2125 340 2315 397 SECT.
2363 337 2423 391 ll.
2465 364 2534 375 —
2573 330 2774 388 DUBlA
2818 329 2905 385 ET
2944 328 3217 386 SPURH.

3539 321 3646 380 776

406 481 576 536 Potest
601 493 649 533 et
675 495 737 534 ea:
774 495 986 548 persona
1029 478 1265 530 ltectesia!
1302 480 1478 548 dictus
1514 475 1745 548 psalmus
1782 469 1966 548 accipi,
1997 463 2368 548 Aequictininie
2396 461 2580 548 volunt
2606 455 2689 548 pie
3400 490 3429 548 λ
3457 463 3641 548 perte:

400 570 512 619 quae
539 567 731 615 εεηιρρι-
759 537 808 602 in
848 548 1034 602 sarculo
1059 561 1346 619 prrssurant
1377 545 1478 619 pati
1508 537 1607 594 non
1639 541 1822 619 desinit
1843 579 1858 598 ,
1887 537 1970 619 μετ

400 606 556 675 uersis
582 606 924 689 afﬂictionibus
966 606 1196 669 onerata.
1244 616 1304 666 lit
1350 606 1510 681 prima
1538 606 1972 689 sectioitepsalnti

401 706 560 743 mater
601 677 708 741 orat
755 689 999 748 Ecclesia,
1043 687 1299 752 conlidens
1341 677 1393 736 se
1439 692 1602 734 tamen
1646 681 1707 731 ab
1755 677 1972 752 inimicis

399 779 508 813 esse
537 759 870 812 liberandam.
902 750 1384 810 Sectiunesecunda
1408 761 1662 804 enumerat
1688 750 1972 816 passiones,

403 832 592 899 gratias
619 845 789 894 agens,
819 829 936 899 quia
967 828 1031 879 de
1061 825 1250 899 crebris
1288 824 1348 878 sit
1387 831 1558 891 erepta
1601 818 1975 899 periculisquec

403 889 456 952 Ξε
483 889 755 965 formidare
777 889 914 949 mala
939 913 1049 965 qua:
1074 896 1332 947 celerrime
1359 889 1636 965 transeuiit.
1670 889 1839 965 Tertio
1866 890 1976 965 loco

404 972 458 1022 in
483 958 658 1034 iutura
680 969 771 1020 illa
796 958 1101 1019 beatitudine
1129 965 1304 1018 laudes
1329 980 1382 1016 se
1402 965 1522 1034 dicit
1549 960 1769 1034 Domino
1781 958 1976 1034 jugiter

403 1025 748 1101 caritaturam,
787 1039 872 1104 qui
909 1053 1018 1090 eain
1058 1036 1122 1088 de
1163 1034 1318 1102 hujus
1362 1033 1535 1086 surculi
1574 1025 1873 1084 adversitate
1914 1025 1979 1077 li-

404 1109 612 1162 beravit.

996 1207 1422 1248 COMMENTARIUS.

481 1308 722 1363 Miserere
749 1304 848 1358 mei
867 1345 881 1366 ,
917 1304 1070 1370 Deus,
1103 1304 1340 1371 quoniam
1370 1298 1782 1371 (OllClllcavt'lAllte
1809 1293 1975 1371 homo.

406 1380 618 1436 Titulus
656 1387 737 1430 est
779 1375 898 1427 talis
929 1392 941 1427 ι
976 1367 1230 1437 Ιιιῇἠεηι
1272 1389 1364 1440 pro
1396 1372 1583 1438 populo
1610 1369 1695 1440 qui
1726 1369 1871 1440 longe
1899 1367 1980 1431 [a-

406 1435 514 1504 ctus
545 1458 615 1501 est
643 1465 672 1498 α
697 1447 884 1498 sanctis
914 1447 964 1496 in
993 1435 1124 1496 tituli
1154 1435 1478 1508 inscriptione
1507 1439 1602 1505 ipsi
1636 1435 1799 1489 lliwid
1821 1475 1833 1496 ,
1868 1449 1980 1508 cum

409 1526 675 1572 tenuerunt
719 1532 832 1568 eum
876 1515 1138 1582 Allopltyli
1178 1515 1228 1564 in
1262 1506 1602 1582 (iet/tuoiiod
1647 1508 1722 1582 sic
1762 1506 1982 1582 exponi:

409 1601 493 1642 tur
539 1605 554 1642 :
603 1589 724 1638 llzec
768 1585 927 1636 verba
972 1574 1268 1638 referuntur
1315 1584 1363 1633 in
1416 1581 1604 1640 finem,
1656 1577 1702 1628 id
1754 1585 1861 1635 est,
1913 1574 1978 1626 ad

409 1661 701 1716 Christum,
749 1656 836 1722 qui
886 1655 1045 1706 totius
1096 1653 1289 1704 laboris
1338 1662 1390 1702 et
1429 1648 1737 1722 intentionis
1785 1654 1981 1722 nostra;

411 1731 531 1782 linis
573 1737 652 1778 cst
672 1715 697 1784 :7
734 1715 811 1777 sic
855 1725 1000 1775 locus
1039 1726 1102 1774 ad
1130 1737 1285 1789 quam
1320 1720 1569 1773 tenditur.
1607 1717 1722 1789 finis
1752 1726 1831 1789 est
1863 1715 1975 1789 vita,

2074 517 2337 584 cntionem
2371 517 2664 594 patiantur;
2712 537 2807 594 nec
2835 518 3144 594 aSlfingilll_r
3181 517 3436 594 ad‘hauc
3458 536 3643 573 vui-ein

2073 603 2310 668 quisquis
2338 587 2419 651 est
2449 612 2593 651 extra
2627 592 2945 660 passionem.
2984 590 3048 641 Et
3078 589 3216 668 ideo"
3239 587 3530 668 timendum
3564 601 3646 644 est

2077 656 2143 724 tie
2186 656 2352 722 simus
2396 670 2547 733 longe
2587 656 2636 716 π’
2661 675 2932 731 passoue,
2977 670 3032 711 et
3067 661 3152 733 sic
3187 656 3374 711 fiamus
3413 662 3575 733 longe
3619 677 3648 712 ει

2075 742 2292 793 sani-tis.
2323 729 2672 791 Atteudendai
2703 747 2829 796 ergo
2858 738 3016 791 sunt,
3067 729 3174 779 imo
3203 729 3648 794 concupiscenda:

2079 813 2289 861 ti'ibulat
2310 823 2439 860 ones
2465 817 2518 858 et
2542 802 2968 867 persecutiones;
2993 798 3298 851 attendendi
3332 807 3454 849 sunt
3481 800 3651 851 etiam

2082 879 2261 931 hostes
2292 895 2385 929 non
2422 880 2828 943 persequentes,
2861 871 2982 943 quia
3011 868 3145 943 duos
3168 867 3353 943 hostes
3381 871 3652 943 patimur,

2079 951 2301 1002 alterum
2353 935 2645 1009 visibilem,
2697 935 2922 993 alterum
2972 935 3326 1000 iiivisibilem;
3381 936 3654 992 hominem

2078 1020 2339 1079 videmus,
2363 1015 2630 1069 diabolum
2654 1027 2758 1065 non
2789 1011 3026 1061 videmus
3049 1027 3063 1071 ;
3094 1010 3361 1060 hominem
3386 1023 3652 1072 amemus,

2078 1089 2344 1140 diabolum
2376 1099 2694 1144 cavvauins;
2732 1095 2824 1143 pro
2855 1081 3070 1130 homine
3099 1092 3316 1130 oremus
3337 1120 3350 1139 ,
3382 1089 3430 1129 et
3463 1091 3654 1131 comra

2086 1159 2347 1211 diabolum
2370 1170 2602 1216 oremus,
2628 1163 2680 1204 et
2702 1151 2940 1202 dicamus
2963 1166 2973 1199 :
3001 1145 3238 1199 Miserere
3263 1148 3381 1210 mei,
3409 1146 3653 1202 Domine.

2093 1225 2195 1278 Vox
2231 1238 2311 1281 est
2340 1226 2579 1291 corporis
2607 1221 2799 1275 Christi
2828 1218 3030 1291 orantis
3058 1219 3266 1270 libvrari
3293 1219 3367 1291 ab
3393 1219 3588 1291 bisqui
3622 1235 3654 1273 ι

2080 1300 2278 1348 sam-tis
2310 1288 2467 1360 longe
2495 1302 2635 1358 sunt,
2668 1307 2735 1360 ne,
2760 1293 2838 1342 eis
2873 1289 3256 1360 conformetur,
3292 1288 3398 1360 imo
3426 1288 3496 1341 illi
3527 1305 3658 1360 con.

2082 1377 2371 1427 vertantur,
2403 1357 2454 1418 et
2484 1364 2579 1414 sibi
2612 1359 3068 1427 conformentur;
3093 1365 3146 1409 ιιι
3188 1357 3317 1409 dicit
3365 1359 3432 1410 ita
3465 1377 3476 1410 :
3514 1358 3656 1413 Deus

2084 1435 2260 1498 Pater,
2309 1426 2539 1486 miserere
2586 1433 2705 1492 mei,
2755 1429 2931 1481 dando
2983 1426 3108 1479 mihi
3157 1431 3533 1491 constantiam,
3585 1446 3657 1484 ne

2085 1508 2268 1558 vincar
2296 1505 2362 1556 ah
2405 1502 2710 1570 Allophylis,
2748 1503 2825 1570 vel
2857 1499 3297 1570 conformer‘eis;
3331 1509 3381 1550 et
3409 1515 3542 1564 opus
3570 1513 3657 1552 es;

2083 1588 2140 1627 ut
2181 1575 2506 1634 mi-erearis,
2534 1568 2773 1638 quoniam
2800 1569 2970 1629 Itonia,
3006 1580 3107 1619 niui
3142 1568 3226 1638 ille
3247 1608 3262 1632 ,
3295 1570 3530 1631 scilicet,
3561 1571 3656 1638 qui

2087 1647 2376 1714 figuraliter
2419 1636 2612 1695 dicitur
2656 1641 2835 1701 homo,
2883 1639 2932 1689 id
2971 1645 3082 1714 est,
3122 1636 3488 1714 d-_a|ii_ilus_(_ut
3532 1636 3596 1692 ibi
3640 1658 3653 1692 :

2086 1708 2328 1766 Inimicus
2355 1715 2504 1764 homo
2536 1714 2666 1762 venit
2690 1717 2737 1762 et
2783 1708 3198 1772 snperseminatiit
3221 1709 3464 1777 zizunni),
3493 1726 3655 1777 quam

410 1779 533 1865 quia
565 1779 702 1849 sicut
731 1796 812 1846 hic
844 1792 1048 1844 vivendi
1080 1779 1310 1865 se'dedit
1338 1789 1661 1865 exeundum:
1708 1787 1773 1836 ita
1818 1784 1867 1835 iii
1902 1785 1978 1834 fu-
2010 1803 2056 1860 Β
2087 1784 2173 1838 ille
2203 1785 2290 1865 qui
2325 1782 2635 1836 naturaliter
2662 1781 2950 1865 estnhopio,
2977 1779 3152 1865 idncsi,
3180 1779 3407 1865 llllllisll'i
3436 1785 3656 1846 diaboli,

411 1856 531 1920 (ιιι-ιι
560 1864 802 1931 promisit
830 1876 887 1915 se
913 1860 1210 1929 prteinium.
1246 1862 1303 1912 lit
1340 1870 1612 1931 postquam
1643 1856 1812 1921 ipsum
1847 1868 1980 1918 pra:-

414 1927 577 1989 niiiini
627 1927 974 1991 habebimus,
1024 1930 1150 1982 nihil
1203 1929 1430 1994 amplius
1476 1927 1612 1995 quod
1665 1936 1983 1991 quatraiiius,

413 2007 762 2060 inveniemus.
799 2002 990 2061 Verba,
1022 2000 1163 2058 dico,
1195 2001 1329 2051 dii-ta
1371 1999 1438 2049 ab
1484 1997 1714 2048 lacclesia
1760 2009 1852 2058 pro
1895 2007 1986 2057 po-

417 2076 563 2143 piilo,
591 2073 641 2125 id
673 2080 773 2143 est,
807 2079 864 2122 ut
904 2070 1154 2143 liberetur
1193 2073 1258 2143 ab
1300 2067 1647 2143 oppressione
1686 2073 1739 2117 et
1777 2066 1986 2142 confor-

417 2133 651 2196 iiiaiimie
683 2141 822 2193 illius
851 2138 1060 2207 papuli,
1090 2143 1176 2203 qui
1210 2133 1362 2204 longe
1393 2140 1558 2188 lactus
1599 2144 1678 2187 est
1719 2149 1749 2187 a
1773 2133 1987 2207 sanctis

419 2231 514 2283 per
543 2203 943 2283 inscription—vni
972 2210 1128 2283 tituli.
1159 2203 1486 2283 Quisiantem
1522 2206 1743 2283 populus
1772 2205 1869 2282 iste
1896 2203 1986 2264 sit,

422 2273 604 2336 iitulus
637 2273 788 2332 nobis
819 2280 1071 2332 ostendit.
1101 2277 1156 2330 lii
1186 2278 1456 2330 Duniinica
1491 2275 1731 2341 passione
1761 2273 1990 2336 scriptus

416 2363 500 2406 est
527 2353 738 2420 quidam
770 2351 952 2402 titulus
986 2348 1240 2401 Heliraice
1261 2389 1275 2409 ,
1309 2346 1492 2420 Cra-ce
1523 2359 1567 2398 et
1604 2346 1786 2420 Latine
1823 2341 1989 2420 tritius

419 2415 611 2489 linguis
642 2421 788 2489 quasi
822 2421 988 2471 tribus
1029 2420 1252 2489 testibus
1283 2417 1647 2470 confirmatus.
1687 2415 1990 2489 llunc___t_itu-

418 2482 524 2546 lum
556 2482 675 2543 cuni
727 2490 977 2552 legissent
1023 2486 1213 2546 .liida-i.
1259 2489 1510 2552 indignati
1554 2496 1698 2547 sunt,
1738 2494 1792 2537 et
1824 2482 1990 2552 Pilato

417 2563 670 2614 dixerunt
699 2576 712 2612 :
746 2550 872 2610 Noli
911 2557 1126 2609 scribere
1165 2572 1330 2622 regem
1370 2550 1690 2617 Judworum,
1732 2553 1818 2603 sed
1856 2550 1992 2618 quod

417 2633 529 2698 ipse
573 2630 700 2680 dixit
744 2644 760 2679 :
812 2628 923 2679 [lex
965 2642 1077 2698 sum
1121 2623 1439 2678 Jndworum.
1487 2624 1646 2698 Quasi
1696 2623 1987 2698 dicerent}

417 2690 602 2752 Si-ribe
631 2699 849 2758 dixisse,
885 2711 986 2748 non
1018 2696 1187 2761 ipsum
1217 2710 1354 2748 esse.
1399 2693 1500 2746 Sed
1534 2695 1652 2757 quia
1694 2709 1783 2758 per
1819 2690 1991 2748 Spiri-

422 2779 533 2822 tum
565 2782 804 2820 sant-tuin
831 2776 947 2819 erat
976 2764 1344 2831 prophetatum
1377 2781 1390 2816 :
1427 2763 1506 2816 Ne
1532 2778 1827 2830 corrumpas
1859 2761 1994 2831 tituli

421 2839 823 2905 inscriptionem,
878 2830 1094 2898 Pilatus,
1149 2837 1331 2894 iratus,
1384 2834 1520 2886 dixit
1562 2849 1574 2884 :
1626 2834 1772 2896 Quod
1813 2830 1995 2905 scripsi

424 2902 624 2972 scripsi.
656 2907 816 2971 Quasi
847 2905 1051 2958 diceret
1077 2907 1316 2956 nesciens
1349 2920 1362 2956 :
1397 2906 1506 2957 Non
1539 2916 1822 2972 curruiupo
1853 2902 1993 2972 veri-

425 2971 612 3036 tatem,
656 2980 700 3028 si
745 2992 836 3027 vos
877 2974 1097 3044 diligitis
1137 2975 1436 3044 falsitatem.
1481 2973 1542 3026 Et
1581 2974 1700 3041 quia
1749 2971 1800 3023 in
1844 2971 1994 3044 titulo

425 3045 610 3099 ochusi
644 3058 761 3096 sunt
783 3085 797 3108 ,
830 3054 882 3097 et
914 3041 1058 3111 prius
1088 3043 1368 3095 maledicto
1401 3044 1726 3102 habuerunt,
1755 3055 1870 3111 tum
1898 3041 1992 3111 ΔΙ³ιτ

432 3119 570 3169 latus
595 3107 799 3168 d.ccret
828 3107 946 3165 cis':
987 3113 1220 3164 Vestrum
1250 3128 1414 3178 regem
1444 3109 1779 3180 cruciﬁgam.’
1809 3121 1858 3161 et
1897 3107 1993 3175 ipsi

431 3187 673 3239 dicerent
703 3199 718 3238 :
754 3183 871 3236 Non
901 3182 1140 3235 habemus
1168 3197 1334 3253 regem
1361 3182 1456 3234 nisi
1481 3184 1755 3240 (.‘trsurem,
1789 3181 1940 3246 longe
1970 3194 1995 3230 a

432 3265 632 3310 sanctis
661 3255 725 3306 fat
746 3259 780 3306 ti
809 3263 948 3306 sunt.
996 3253 1071 3306 Illi
1103 3262 1278 3306 autem
1319 3257 1516 3306 sanctis
1542 3259 1998 3318 appropinquant,

435 3326 523 3392 qui
553 3335 605 3379 et
632 3325 896 3377 Christum
925 3338 1104 3392 regem
1136 3332 1545 3389 recogiioscuut,
1575 3335 1640 3392 et_
1656 3323 1848 3371 habere
1875 3333 2002 3392 con-

435 3390 735 3461 cupiscunt.
779 3395 886 3447 Nec
929 3390 1026 3445 hoc
1055 3394 1119 3443 atl
1163 3394 1299 3454 illos,
1345 3393 1566 3455 scilicet,
1615 3390 1825 3444 Judaaus
1869 3390 2003 3440 refe-

438 3467 657 3518 rendam
701 3476 804 3528 est,
853 3465 946 3516 sed
995 3472 1050 3516 et
1096 3462 1270 3515 omnis
1315 3462 1535 3528 potiulus
1589 3470 1798 3512 terreno
1841 3473 2004 3522 regno

438 3537 751 3598 delectatus,
789 3537 947 3585 licunt
982 3531 1174 3596 [legem
1204 3546 1460 3598 spernens
1489 3531 1716 3593 habere,
1750 3543 1777 3580 a
1806 3538 2005 3581 sanctis

443 3608 597 3671 longe
626 3603 793 3654 factm
824 3612 904 3655 est
926 3642 939 3662 ,
972 3602 1065 3671 sed
1108 3609 1281 3652 tamen
1312 3599 1361 3651 iu
1394 3601 1496 3653 illis
1522 3602 1641 3652 data
1673 3609 1792 3671 sunt
1827 3600 2005 3671 pruni-

443 3670 556 3727 tiva
578 3677 842 3739 exempla,
877 3682 930 3722 ut
958 3671 1008 3721 in
1039 3670 1126 3721 illo
1157 3670 1348 3737 populo
1382 3671 1616 3723 eluceret
1655 3670 1796 3735 quod
1835 3670 2007 3721 omnis

448 3744 669 3811 pupulas
696 3750 929 3794 caveret.
966 3740 1215 3811 "licuit"
1259 3751 1443 3811 aperte
1469 3739 1738 3811 Christum
1767 3747 2006 3811 contem.

449 3808 702 3881 pse-runt,
734 3825 782 3864 et
829 3826 1003 3876 regem
1035 3809 1296 3881 (Sa-sarem
1328 3808 1622 3877 elegerunt.
1666 3808 1772 3862 Nec
1816 3808 1865 3881 iu
1910 3808 2010 3881 hoc

447 3878 832 3950 peccaverunt,
888 3881 1010 3948 quia
1065 3879 1328 3932 Caesari-ni
1383 3884 1687 3946 elegi-runt,
1746 3878 1838 3931 sed
1890 3879 2009 3944 quia

447 3949 712 4005 (.hristum
761 3966 935 4017 regem
974 3959 1438 4016 contempserunt,
1474 3967 1629 4017 quem
1661 3950 1831 4000 adhuc
1862 3949 2010 4000 inulti

448 4022 500 4074 iu
529 4026 663 4073 rtem
691 4022 816 4073 sede
855 4028 995 4081 tem,
1027 4029 1079 4072 et
1110 4022 1302 4084 ubique
1333 4034 1668 4087 regnantem,
1703 4022 1885 4070 nolunt
1915 4018 2011 4070 ha-

451 4092 578 4142 bere
608 4105 803 4156 regem.
836 4092 894 4141 Et
930 4091 978 4140 hi
1006 4103 1214 4155 qucque
1245 4092 1399 4156 longe
1426 4105 1454 4141 ιι
1484 4090 1679 4142 sanctis
1719 4090 1840 4141 facti
1871 4097 2011 4149 sunt,

452 4174 554 4212 nou
595 4175 840 4223 corpore,
883 4159 976 4209 sed
1020 4159 1201 4220 corde,
1248 4169 1300 4211 et
1348 4167 1733 4225 persequuntur
1782 4169 2010 4210 sanctos.

448 4230 643 4282 Contra
693 4230 787 4278 hos
832 4241 954 4278 vero
994 4228 1272 4279 conlirmat
1311 4244 1407 4280 nos
1451 4230 1685 4294 psalmus
1726 4229 1846 4292 iste,
1890 4229 2013 4294 quia

453 4313 672 4351 tiecche
698 4308 778 4348 est
821 4307 875 4348 ut
917 4297 1046 4349 tales
1091 4298 1358 4362 patiantur
1396 4313 1527 4363 quos
1566 4312 1670 4349 non
1713 4306 2016 4364 pateremur

452 4373 551 4421 nisi
584 4367 856 4434 prodes-et
875 4410 889 4433 ,
924 4369 1144 4418 tentatio
1169 4367 1311 4418 enim
1340 4376 1591 4434 operatur
1619 4367 1978 4433 probationem
1997 4407 2013 4432 ,

455 4433 696 4506 probatio
727 4451 850 4489 vero
881 4450 1029 4504 spem
1049 4475 1064 4499 ,
1094 4446 1148 4488 et
1174 4444 1390 4488 czetera.
1434 4433 1501 4487 Et
1532 4443 1629 4488 hoc
1657 4444 1738 4487 est
1767 4453 1778 4486 :
1807 4453 1899 4505 pro
1927 4452 2016 4506 po-

455 4510 575 4575 pulo
596 4509 679 4574 qui
703 4522 733 4558 a
752 4518 937 4559 sanctis
961 4506 1106 4573 longe
1135 4509 1299 4574 [actus
1320 4515 1413 4568 est,
1440 4508 1491 4557 in
1516 4508 1650 4558 tituli
1669 4507 2014 4570 inscriptione.

457 4579 827 4641 inscriptione,
869 4575 1009 4637 dico,
1052 4585 1186 4628 facta
1229 4579 1323 4642 ipsi
1375 4575 1535 4628 DaVid
1582 4592 1686 4628 ιιυιι
1735 4576 2014 4641 historiali,

453 4650 579 4717 quia
629 4662 731 4698 non
779 4646 968 4715 legitur
1014 4645 1240 4712 scriptus
1283 4645 1449 4699 fuisse
1488 4647 1532 4697 ei
1580 4646 1769 4712 aliqus
1814 4645 2017 4717 titulus,

454 4715 549 4769 sed
579 4719 801 4785 mystico
840 4716 1041 4785 scilicet
1073 4723 1216 4785 tunc.
1262 4729 1376 4766 cum
1417 4723 1680 4768 tenuerunt
1719 4730 1835 4766 eum
1861 4715 2020 4785 gillo:

455 4787 599 4855 pltyli
634 4782 714 4855 fin
753 4783 902 4836 Getlt.
954 4784 1098 4838 Istud
1151 4799 1360 4855 quoque
1411 4801 1514 4855 non
1561 4787 1808 4838 convenit
1857 4782 2021 4838 DaVid

459 4853 745 4918 historiali,
771 4857 891 4924 quia
925 4855 1110 4922 legitur
1131 4853 1344 4922 quidem
1375 4853 1438 4906 ad
1472 4855 1778 4924 Allopliylos
1811 4855 1862 4907 in
1885 4856 2020 4907 Ueth

458 4925 727 4977 civitatem
779 4923 1020 4988 venisse,
1069 4927 1161 4976 sed
1217 4940 1323 4977 non
1370 4924 1559 4993 legitur
1603 4923 1676 4976 ab
1715 4928 1792 4976 eis
1847 4935 2024 4978 tentus

464 4993 663 5057 fuisse;
703 5002 915 5059 Oportet
943 5008 1071 5060 ergo
1098 5005 1154 5045 ut
1181 4994 1246 5046 ad
1288 5008 1564 5062 mysucuui
1600 4993 1796 5056 David,
1839 4995 1886 5046 id
1919 5007 2021 5059 est,

461 5067 527 5116 ad
567 5062 835 5114 Christum
880 5063 1162 5127 referatur,
1199 5077 1355 5130 quem
1387 5077 1508 5115 vere
1553 5072 1834 5116 tenuerunt
1877 5063 2023 5116 Allo-

467 5133 607 5203 phyli
630 5171 645 5193 ,
677 5133 729 5183 id
757 5140 872 5194 est,
896 5131 1238 5203 alienigenae,
1273 5132 1352 5184 vel
1384 5134 1596 5200 potione
1622 5137 1887 5196 ciidentes,
1923 5135 2024 5186 hoc

463 5201 584 5265 est,
613 5203 778 5254 Judaei
811 5201 907 5253 vrri
936 5203 1276 5270 alii-ingenio,
1317 5217 1406 5269 qui
1438 5216 1466 5254 a
1496 5205 1693 5254 sanctis
1722 5203 1876 5270 longe
1901 5212 2027 5255 sunt

466 5277 610 5331 lacti.
639 5283 692 5325 et
721 5273 934 5338 potione
958 5272 1233 5330 cadentes.
1263 5271 1313 5323 id
1343 5283 1444 5335 est,
1478 5271 1596 5324 irati
1624 5275 1671 5324 ei
1704 5287 1799 5340 pro
1830 5274 1946 5325 loco
1971 5283 2028 5325 et

469 5358 652 5409 genie,
682 5354 733 5395 et
764 5348 1046 5393 tenuerunt
1071 5356 1120 5391 ιιι
1152 5341 1321 5406 Gelli,
1351 5342 1488 5409 quod
1522 5350 1892 5405 interpretatur
1919 5353 2027 5394 tor-

467 5415 634 5476 cular,
668 5414 778 5465 sive
807 5426 1064 5480 pressura,
1096 5414 1194 5462 hoc
1219 5421 1320 5472 est,
1346 5422 1625 5480 tenuerunt
1652 5424 1773 5463 eum
1804 5411 1854 5462 iii
1883 5425 2030 5477 pres-

469 5496 589 5534 sura
621 5479 903 5549 passionis,
938 5483 988 5534 iti
1019 5495 1119 5548 qua
1161 5481 1342 5533 botrus
1368 5479 1455 5533 ille
1483 5480 1804 5546 priinitivus,
1834 5480 1881 5532 id
1907 5491 2023 5545 est,

467 5566 616 5618 quaet
663 5565 759 5600 uva
794 5553 844 5601 in
889 5551 1138 5603 torculari
1176 5552 1516 5603 conculcatus
1558 5559 1822 5616 expreSsit
1852 5565 2027 5604 vuium

470 5623 599 5671 illud
627 5621 1010 5680 dulcissimum,
1039 5620 1105 5671 de
1131 5634 1235 5687 quo
1261 5623 1458 5671 dictum
1489 5629 1569 5671 est
1596 5636 1608 5670 :
1635 5620 1698 5669 lit
1727 5619 1863 5671 calix
1892 5637 2031 5672 meus

469 5691 721 5741 inebrians
750 5704 900 5754 quam
927 5691 1200 5756 prteclarus
1227 5689 1332 5741 est!
1362 5689 1594 5743 Tenetur
1621 5705 1833 5756 quoque
1859 5693 2032 5744 adhuc

475 5758 614 5810 idi-ttt
655 5761 895 5812 Christus
941 5774 992 5811 ιιι
1036 5772 1261 5826 corpore
1301 5773 1420 5826 suo,
1448 5760 1569 5827 quia
1612 5772 1829 5813 necesse
1859 5769 1941 5816 est
1976 5771 2031 5815 ut

2086 1848 2530 1909 ciiiiciilcavcrunt
2578 1866 2681 1902 me.
2735 1849 2799 1901 Et
2847 1848 2978 1901 bene
3021 1848 3149 1900 dicit
3197 1849 3655 1913 conculcavernnt,

2086 1925 2203 1992 quia
2233 1924 2370 1975 sicut
2398 1937 2500 1974 uia
2548 1920 2782 1987 pendens
2814 1917 2864 1970 in
2896 1920 2998 1968 vite
3025 1918 3171 1982 quasi
3214 1921 3410 1992 steiilis
3440 1934 3656 1984 manet,

2085 1989 2206 2062 quia
2241 1994 2412 2060 liquor
2441 1993 2490 2043 iii
2521 2006 2581 2062 ea
2613 2006 2715 2042 non
2744 1997 3146 2062 apparet.cuin
3176 1998 3349 2041 autem
3380 1989 3431 2040 ιιι
3467 2000 3656 2062 torcu-

2089 2060 2184 2116 lari
2212 2064 2465 2121 calcatur,
2489 2061 2698 2112 dulcem
2722 2061 2974 2124 exprimit
3004 2060 3256 2123 liquorem
3283 2075 3296 2119 ;
3320 2063 3396 2110 sic
3422 2060 3660 2111 lietzlesia

2089 2135 2140 2186 in
2194 2132 2440 2185 torculari
2486 2129 2864 2197 persecutionis
2909 2129 3072 2189 posita
3115 2140 3374 2197 expre~sit
3425 2131 3651 2194 plurima

2089 2214 2396 2256 sanctorum
2440 2196 2730 2270 martyrum
2759 2197 2970 2270 egregia
3008 2196 3214 2258 merita,
3259 2196 3486 2256 Scilicet,
3518 2200 3657 2264 quod

2090 2275 2152 2326 ad
2188 2272 2414 2324 tumulos
2437 2266 2617 2322 eorum
2643 2268 2770 2320 cani
2805 2266 3191 2327 illuniinantur,
3219 2283 3342 2333 aing
3376 2277 3655 2331 sanantur,

2089 2341 2399 2395 da-niouiaci
2431 2349 2699 2401 curantur,
2743 2351 2795 2392 et
2823 2337 3036 2389 similia.
3070 2334 3394 2389 Concuteuvit
3427 2353 3538 2398 me,
3573 2343 3654 2390 in-

2089 2430 2267 2482 quam,
2301 2415 2473 2475 homo,
2507 2413 2605 2462 hoc
2631 2408 2823 2482 modo,
2841 2409 3061 2469 scilicet,
3092 2411 3210 2482 quia
3235 2408 3544 2476 impugnans
3574 2423 3662 2462 uie

2091 2477 2348 2535 tribulavit
2379 2497 2456 2532 ine
2495 2490 2598 2531 tota
2627 2479 2743 2542 die,
2775 2477 2824 2529 id
2862 2486 2977 2540 est,
3007 2477 3247 2537 assidue,
3285 2480 3362 2530 vel
3396 2492 3506 2528 tum
3533 2494 3660 2530 i-ou-

2091 2552 2402 2606 Citlcationis
2438 2564 2696 2615 tempore.
2733 2547 2792 2599 Et
2836 2549 2957 2615 quid
2995 2562 3086 2613 per
3127 2548 3391 2599 hominem
3434 2562 3659 2614 accepe-

2095 2626 2154 2674 iii
2180 2664 2193 2683 ,
2236 2627 2453 2688 exponit
2492 2624 2721 2688 dicens:
2764 2615 3340 2688 Conculcaoerunt_r_ite,
3374 2618 3516 2679 dico,
3559 2630 3665 2668 tota

2093 2694 2177 2744 die
2209 2685 2395 2744 mimici
2425 2691 2519 2741 mei
2542 2686 2773 2739 visibiles
2795 2698 2846 2740 et
2874 2687 3184 2738 invisibiles.
3214 2685 3305 2738 Vel
3331 2703 3498 2754 quare
3528 2703 3668 2740 nunc

2093 2764 2289 2816 dixerit
2336 2762 2621 2826 pluraliter,
2671 2757 2810 2823 quod
2866 2759 3008 2822 prius
3051 2757 3404 2822 singulariter,
3447 2771 3663 2808 causam

2095 2831 2270 2883 subdit
2296 2829 2479 2882 dicens
2509 2846 2520 2879 ε
2558 2829 2811 2892 Quoniam
2840 2826 3082 2877 bellantes
3111 2830 3374 2878 adversum
3411 2843 3494 2877 me
3523 2831 3597 2878 iiit
3629 2853 3667 2867 -

2099 2901 2207 2955 rius
2247 2908 2302 2952 et
2341 2900 2578 2953 exterius
2617 2909 2741 2950 sunt
2781 2897 2947 2947 multi.
2998 2898 3099 2949 Sed
3144 2912 3259 2963 qua:
3290 2896 3458 2948 cura?
3499 2900 3663 2958 nulla,

2096 2971 2321 3034 scilicet,
2353 2971 2471 3037 quia
2499 2969 2683 3019 timebo
2709 2980 2806 3033 ego
2832 2969 2894 3017 ab
2924 2967 3210 3028 altitudine,
3241 2965 3289 3017 id
3321 2977 3423 3031 est,
3453 2977 3668 3032 propter

2100 3043 2387 3110 potentiam
2442 3041 2706 3107 aliquam,
2758 3037 2839 3088 vel
2886 3038 3188 3110 superbiam
3243 3047 3668 3110 lMI‘set'lIIOFtllll.

2100 3107 2217 3165 cum
2240 3119 2309 3162 sit
2330 3110 2450 3172 dici,
2477 3112 2525 3161 id
2557 3117 2668 3161 est.
2700 3109 3007 3172 temporalis
3032 3118 3084 3159 et
3113 3107 3452 3158 transitoria?
3479 3107 3671 3172 Utique

2104 3198 2205 3234 non
2253 3180 2467 3242 timebo,
2521 3179 2624 3229 imo
2669 3177 2765 3243 ipsi
2817 3184 3028 3228 tandem
3072 3177 3331 3229 timebunt
3361 3187 3413 3229 et
3442 3181 3672 3244 plenitu-

2105 3253 2265 3313 liuut,
2299 3253 2389 3302 sed
2426 3248 2749 3301 infructuose
2770 3286 2784 3308 ,
2816 3244 2931 3315 quia
2964 3247 3052 3313 qui
3083 3247 3164 3298 hic
3191 3260 3284 3298 cor
3311 3262 3463 3298 suum
3495 3256 3548 3298 et
3578 3262 3670 3296 au—

2104 3336 2188 3374 res
2235 3335 2358 3371 suas
2397 3321 2786 3371 Ouduraveruut
2826 3328 3009 3369 contra
3055 3316 3332 3367 Dominum
3383 3317 3678 3369 admouen-

2106 3400 2233 3453 tem,
2270 3403 2371 3441 ιιοη
2403 3388 2471 3440 ibi
2503 3388 2764 3439 obdurare
2807 3395 3052 3450 poterunt
3091 3397 3271 3437 eontra
3320 3389 3490 3451 ipsum
3533 3388 3680 3454 judi-

2103 3469 2332 3513 (ξειιιιειιι.
2366 3457 2565 3510 Tantus
2595 3459 2736 3509 enim
2765 3457 2866 3508 erit
2897 3467 3067 3508 terror
3092 3455 3204 3523 ejus
3244 3462 3553 3518 sentcntiae,
3585 3457 3676 3524 qui

2103 3539 2347 3583 coiiterat
2399 3542 2612 3580 onlnem
2666 3527 2967 3594 superbiam
3016 3540 3236 3588 eorum;
3291 3535 3343 3578 et
3401 3527 3468 3578 ibi
3520 3541 3678 3592 πει-,ιι

2109 3601 2313 3653 timebit
2353 3598 2662 3665 imperator,
2711 3600 2845 3649 sicut
2883 3603 2936 3648 et
2977 3597 3222 3663 piscator.
3268 3596 3380 3659 Illi,
3438 3601 3678 3661 inquam,

2110 3671 2390 3734 timebant,
2421 3685 2510 3736 ευιο
2544 3682 2657 3719 vero
2689 3669 2928 3735 (deberet
2957 3668 3156 3733 dicere)
3190 3680 3289 3716 non
3325 3667 3542 3725 timebo,
3584 3670 3679 3717 sed

2109 3755 2175 3793 ne
2209 3751 2682 3806 pra-sumptuosum
2727 3736 3012 3798 videretur,
3061 3739 3203 3801 ponit
3251 3750 3461 3806 causam
3515 3751 3686 3799 quare

2111 3804 2219 3863 tuti
2246 3804 2453 3874 timeat,
2478 3807 2680 3860 sciliCet
2702 3847 2717 3870 ,
2747 3808 2864 3874 quia
2896 3807 3104 3873 sperabo
3137 3807 3188 3855 in
3220 3813 3288 3866 te,
3320 3804 3446 3857 nihil
3481 3820 3570 3870 pra
3592 3822 3682 3856 su-

2112 3895 2259 3932 tueus
2285 3883 2350 3933 de
2397 3893 2516 3941 me;
2565 3890 2618 3930 et
2665 3877 2783 3942 quia
2820 3876 2872 3927 in
2906 3886 2951 3928 te
2979 3875 3211 3940 sperabo,
3257 3874 3376 3926 ideo
3423 3889 3684 3926 sermones

2112 3967 2244 4002 meos
2275 3965 2378 4003 non
2410 3948 2460 4000 ιιι
2505 3963 2611 4012 me,
2643 3950 2735 3999 sed
2779 3947 2830 3996 in
2876 3958 2926 3998 te
2957 3943 3063 3996 Deo
3095 3944 3333 4002 laudabo,
3364 3948 3686 3996 asciibeinto

2114 4021 2227 4083 tibi,
2280 4034 2383 4072 nou
2433 4018 2582 4078 mihi,
2633 4021 2675 4068 si
2721 4029 2902 4068 Verum
2946 4015 3143 4082 aliquid
3186 4018 3380 4066 dicam.
3431 4012 3688 4080 Quisquis

2111 4092 2252 4143 enim
2281 4090 2555 4157 cognoscit
2584 4087 2712 4140 nihil
2756 4089 2805 4138 iii
2849 4085 3105 4157 sapientia
3138 4085 3228 4137 Dei
3264 4091 3342 4157 vel
3375 4086 3479 4137 lide
3519 4098 3685 4149 posse

2117 4175 2300 4212 VCIUIH
2345 4155 2546 4222 dicere,
2590 4157 2687 4209 nisi
2731 4155 2866 4222 quod
2910 4166 3173 4218 acceperit
3212 4158 3277 4206 ab
3317 4155 3430 4219 illo,
3471 4169 3558 4222 qui
3601 4164 3691 4207 est

2115 4229 2235 4282 fons
2263 4237 2317 4282 et
2341 4230 2491 4294 Origo
2521 4237 2678 4279 totius
2708 4229 2964 4291 veritatis,
2996 4227 3080 4277 ille
3111 4239 3386 4277 sermones
3413 4239 3473 4276 su
3498 4239 3536 4294 is
3564 4223 3692 4275 lau-

2115 4300 2261 4352 dabit
2300 4300 2351 4352 in
2384 4293 2512 4363 Deo,
2540 4298 2629 4364 qui
2667 4311 2940 4349 sermones
2970 4307 3022 4347 et
3065 4296 3145 4346 soi
3186 4305 3305 4345 sunt
3338 4309 3388 4347 ei
3426 4293 3536 4345 Dei.
3584 4295 3689 4348 Dei

2115 4380 2258 4432 sunt,
2290 4371 2409 4435 quia
2449 4369 2561 4435 ipse
2589 4368 2762 4427 dcdll;
2810 4368 2889 4419 sui
2934 4374 3074 4425 sont,
3120 4369 3241 4430 quia
3273 4373 3509 4432 acoepit,
3540 4375 3594 4417 et
3633 4368 3691 4416 iu

2121 4439 2349 4507 petendo
2375 4451 2468 4490 eos
2514 4454 2540 4486 a
2577 4438 2682 4489 {leo
2729 4451 2831 4486 non
2875 4438 3054 4487 exxsdt
3087 4449 3304 4488 vacuus.
3356 4435 3418 4507 Et
3456 4439 3693 4486 dicendo

2124 4506 2248 4561 suos
2269 4523 2412 4570 esse,
2433 4507 2526 4560 Sed
2556 4508 2621 4559 ab
2652 4508 2742 4558 illo
2768 4506 3061 4571 accepisse,
3089 4520 3190 4558 n0u
3221 4506 3402 4558 existit
3426 4513 3691 4571 ingratus.

2123 4575 2189 4630 In
2222 4577 2330 4630 Deo
2359 4577 2575 4641 speravi.
2618 4578 2823 4642 Repetit
2850 4579 2988 4637 quod
3022 4577 3283 4642 praedixit,
3316 4592 3462 4644 quasi
3490 4577 3639 4644 dicat
3677 4591 3690 4625 :

2123 4652 2236 4704 non
2274 4651 2443 4700 solum
2473 4649 2722 4712 sperabo,
2767 4645 2859 4696 sed
2902 4655 2955 4698 et
2987 4645 3131 4709 prius
3171 4642 3364 4714 sperata
3392 4648 3442 4695 in
3474 4642 3598 4702 Deo,
3637 4654 3701 4698 ιιι

2121 4716 2244 4770 ideo
2271 4732 2370 4769 non
2399 4716 2576 4784 timebo
2596 4716 2717 4782 quid
2742 4715 2896 4784 faciat
2923 4715 3045 4766 mihi
3070 4730 3206 4766 caro.
3234 4718 3363 4767 Nam
3385 4717 3505 4782 quid
3529 4716 3698 4778 faciat

2125 4789 2248 4838 mihi
2297 4787 2455 4837 caro?
2498 4783 2695 4838 SatViat
2735 4783 2985 4851 quantum
3021 4785 3142 4836 velit
3183 4801 3330 4849 caro,
3366 4788 3491 4838 nihil
3530 4791 3702 4837 Iactet

2126 4857 2279 4920 tiiihi,
2330 4855 2427 4907 nisi
2474 4857 2615 4921 quod
2653 4865 2822 4920 potest
2850 4866 2974 4906 caro
3006 4870 3019 4904 :
3055 4869 3150 4906 uva
3191 4871 3358 4918 eram,
3401 4869 3522 4906 caro
3554 4867 3705 4906 cott-

2123 4926 2366 4979 colcabit.
2382 4940 2464 4976 me
2483 4961 2499 4985 ,
2527 4931 2581 4976 et
2610 4940 2786 4975 vinum
2818 4925 3041 4989 efticiar,
3071 4935 3123 4976 et
3152 4923 3202 4977 in
3233 4926 3539 4993 apothecam
3566 4939 3703 4977 cta-

2129 4997 2317 5050 lestetu
2351 5001 2657 5054 transferar.
2703 4995 2928 5045 Carnem
2974 5001 3123 5060 potnt
3161 5009 3255 5060 pro
3287 4997 3524 5055 homine,
3566 5010 3709 5058 par-

2129 5075 2270 5128 tem,
2304 5066 2508 5119 srilicet
2529 5103 2542 5124 ,
2575 5078 2669 5129 pro
2698 5072 2831 5126 toto,
2865 5073 2921 5114 ut
2951 5063 3018 5114 ibi
3054 5079 3067 5115 :
3111 5062 3325 5116 Verbum
3356 5079 3472 5116 caro
3497 5063 3707 5132 factum

2127 5145 2221 5200 est,
2253 5136 2302 5187 id
2333 5149 2434 5200 νει,
2469 5135 2626 5185 Ιιυιιιυ
2657 5133 2825 5185 lactus
2855 5144 2956 5185 est.

2201 5205 2327 5258 Tota
2356 5203 2438 5256 die
2464 5207 2609 5255 verba
2639 5218 2773 5255 mea.
2800 5202 3117 5272 Exsequitur
3144 5203 3277 5256 facta
3308 5204 3500 5258 carnis.
3526 5203 3708 5268 Quasi

2128 5274 2318 5329 dicat:
2353 5275 2489 5326 Ecee
2518 5278 2642 5342 quid
2685 5282 2850 5340 possit
2878 5288 3026 5328 caro.
3069 5273 3202 5326 Nam
3249 5276 3322 5328 illi
3365 5279 3447 5343 qui
3493 5276 3705 5326 intelli-

2128 5354 2321 5414 guutur
2351 5359 2444 5411 per
2471 5358 2686 5414 carnem
2707 5385 2722 5408 ,
2753 5344 3166 5407 exsecrabantur,
3195 5344 3244 5397 id
3276 5359 3355 5397 est
3377 5386 3392 5408 ,
3423 5351 3711 5414 aliorum..-

2130 5412 2324 5468 bantur
2356 5422 2460 5464 tota
2495 5414 2609 5475 die,
2641 5412 2690 5464 id
2718 5423 2832 5473 est,
2863 5417 3102 5478 aSsidue,
3137 5415 3283 5466 verba
3313 5431 3439 5467 mea.
3478 5412 3536 5465 Et
3563 5416 3708 5479 quid

2131 5487 2348 5547 mirum,
2373 5488 2415 5534 si
2445 5487 2604 5535 verba
2629 5497 2744 5534 mea
2768 5488 3202 5547 exsecrabantur,
3226 5503 3344 5537 cuin
3373 5497 3422 5537 te
3455 5486 3608 5536 Ueuut
3646 5488 3709 5538 ιιι

2133 5554 2293 5620 ipsis,
2325 5566 2443 5618 quia
2477 5554 2528 5604 ιιι
2560 5564 2610 5605 te
2637 5554 2845 5604 laudata
2878 5562 3060 5615 erant,
3092 5556 3532 5608 exseciareutur?
3574 5559 3610 5604 Λ
3629 5574 3713 5606 ou

2132 5627 2262 5674 enim
2294 5637 2364 5674 esi
2396 5621 2677 5693 discipulus
2704 5635 2854 5686 super
2884 5626 3204 5690 magistrum,
3237 5643 3267 5676 η
3297 5639 3323 5676 c
3351 5641 3517 5676 servus
3544 5641 3714 5687 super

2137 5693 2430 5745 Dominum.
2479 5690 2902 5756 Exsecrabantur,
2957 5696 3202 5760 inquam,
3249 5697 3394 5746 verba
3447 5709 3574 5755 mea,
3626 5707 3713 5746 tu

2135 5765 2274 5833 quod
2305 5777 2475 5815 omnes
2505 5772 2851 5830 agitationes,
2881 5767 3038 5816 etiam
3071 5781 3173 5817 iiott
3205 5771 3373 5817 solum
3403 5769 3536 5816 theta
3598 5769 3708 5823 scd
