4010 6190
285 350 387 403 777

1042 342 1105 397 IN
1150 342 1563 399 I‘SALDIORUII
1607 341 1860 398 LIBRUM
1905 339 2259 398 EXEGESIS.
2290 373 2349 384 —-—
2393 341 2633 397 I‘SALM.
2680 344 2811 398 LVI.

3421 352 3524 403 778

283 472 335 515 et
364 462 500 516 facta
528 467 681 516 erant
712 459 987 515 tendentes
1016 463 1069 510 in
1122 458 1342 516 malum,
1374 466 1424 509 et
1454 459 1718 508 aduersum
1749 472 1847 516 me,
1882 459 1927 514 Α
1959 454 2157 519 liciant,
2201 453 2296 509 sed
2338 463 2392 507 ut
2435 465 2744 522 sequantur,
2788 467 2839 509 et
2883 469 2985 507 non
3021 456 3338 521 prmcedant.
3389 457 3529 511 Ecce

286 533 336 585 id
368 544 483 596 est,
516 535 582 584 ad
623 545 794 584 meam
825 529 1244 583 damnationem.
1296 528 1357 579 Et
1405 538 1581 579 tamen
1628 527 1751 579 licet
1785 526 1853 577 ita

285 618 372 657 me
411 610 840 665 exsecrarentur,
872 608 926 653 et
954 614 1113 651 omne
1159 601 1352 649 ma'iiin
1395 597 1444 647 in
1484 612 1568 647 me
1596 597 1852 662 cogitem,

286 673 640 726 inhabitabant
661 709 677 730 ,
717 670 767 723 id
795 664 910 733 εει,
943 683 1151 721 mecum
1180 664 1638 719 ronversabuntur
1675 667 1727 718 in
1765 680 1855 718 sa-

287 742 579 799 cramentis
605 740 759 806 fidei;
788 750 833 793 et
859 742 926 791 ita
958 737 1262 790 abscondent
1285 750 1365 799 se,
1397 737 1570 798 idest,
1605 735 1858 789 insidiose

287 826 344 869 et
369 815 552 867 dolose
582 825 789 864 mecum
834 819 1088 876 egerunt;
1138 807 1203 859 ad
1256 808 1355 858 hoc
1399 806 1541 876 enim
1574 814 1854 876 venerunt,

290 899 395 937 non
426 894 481 936 ut
507 883 791 945 discerent,
820 875 911 933 sed
946 887 1001 931 ut
1033 878 1289 930 haberent
1316 875 1456 942 quod
1488 875 1771 941 proderent
1803 883 1857 927 et

294 956 732 1019 improperaretit.
764 953 837 1003 De
879 952 1068 1018 quibus
1095 946 1377 1019 Apostolus
1404 963 1415 996 :
1444 944 1858 1019 Subintroierunt

289 1014 496 1094 quidam
538 1022 654 1090 falsi
682 1022 863 1094 fratres
891 1014 1153 1087 explorare
1184 1016 1466 1094 libertatem
1501 1026 1740 1094 nostrain.
1775 1014 1859 1067 lti-

294 1086 401 1146 irat
431 1086 568 1145 enim
606 1103 661 1143 ut
683 1086 838 1144 Titus
858 1131 873 1153 ,
905 1086 970 1141 ne
995 1099 1245 1141 caveatur
1276 1097 1329 1138 ιιι
1357 1086 1585 1139 alienus.
1621 1087 1858 1139 Abscon-

293 1165 420 1216 dent
462 1178 541 1227 se,
583 1162 820 1229 inquam,
862 1158 926 1211 ad
958 1160 1096 1229 hoc,
1136 1167 1195 1229 ut
1241 1154 1556 1229 insidientur
1595 1157 1743 1229 milii.
1798 1156 1859 1208 Et

295 1235 365 1285 ita
394 1226 576 1285 revera
623 1226 837 1292 facient,
879 1228 1000 1296 quia
1048 1226 1146 1292 ipsi
1193 1226 1521 1278 observabunt
1564 1226 1859 1296 calcaneutn

300 1319 484 1361 meum,
515 1300 565 1354 id
592 1311 692 1361 est,
724 1295 908 1368 magna
940 1299 1139 1368 cautela
1165 1297 1478 1368 insidiantur
1503 1296 1775 1368 calcaneo,
1808 1295 1858 1347 id

292 1384 398 1436 est,
433 1373 597 1438 lapsui
643 1384 784 1434 meo,
818 1365 1056 1430 scilicet,
1102 1367 1144 1419 si
1192 1366 1271 1438 vel
1319 1367 1468 1438 labar
1502 1366 1551 1419 in
1594 1365 1773 1434 lingua
1803 1372 1861 1438 ut

298 1436 540 1510 prodant.
572 1441 642 1494 lta
672 1441 792 1491 dico
822 1438 1172 1503 observabant,
1200 1436 1351 1510 sicut,
1384 1436 1434 1488 id
1464 1446 1548 1490 est
1596 1437 1854 1510 quemad-

296 1506 532 1573 inodum,
574 1510 644 1564 illi
675 1510 765 1578 qui
805 1514 1152 1561 sustinuerunt
1192 1508 1413 1558 animam
1456 1522 1639 1571 meam,
1676 1506 1725 1558 id
1754 1516 1856 1578 est,

294 1584 385 1649 qui
432 1582 671 1635 odiosam
694 1575 1011 1632 'habuerunt
1058 1581 1215 1630 vitam
1269 1591 1461 1642 meam,
1512 1578 1633 1649 quia
1685 1575 1862 1649 gravis

297 1645 441 1705 eram
477 1652 577 1715 eis,
602 1651 763 1703 etiam
792 1649 857 1701 ad
888 1650 1196 1711 videndum,
1231 1660 1444 1713 propter
1473 1646 1611 1713 quod
1640 1645 1862 1715 molitio:

296 1723 412 1775 sius
444 1713 777 1774 insidiantur.
820 1719 923 1773 Sed
959 1728 1044 1782 tu,
1083 1718 1324 1780 Domine,
1357 1716 1616 1769 rctribnes
1646 1713 1743 1780 eis,
1771 1714 1860 1783 qui

299 1794 457 1858 [acies
485 1807 568 1844 eos
595 1790 782 1853 salvos,
815 1790 864 1843 id
890 1799 989 1852 est,
1019 1786 1247 1841 salvabis
1275 1801 1367 1858 eos
1399 1786 1608 1839 tandem
1637 1801 1667 1838 a
1689 1784 1864 1839 carnis

301 1856 664 1926 corruptione,
697 1859 1060 1913 resuscitaodo
1099 1872 1191 1909 eos
1231 1856 1296 1909 ad
1342 1871 1548 1924 poenam
1589 1866 1863 1920 :cteruam,

301 1946 409 1985 uon
436 1933 502 1994 ad
532 1930 773 1999 gloriam,
814 1930 1194 1999 quiesalvatio
1238 1942 1330 1994 pro
1374 1926 1537 1980 nihilo
1577 1926 1870 1999 reputanda

298 2014 405 2054 est.
441 2002 507 2054 Et
541 1997 733 2054 merito
761 1997 853 2068 pro
883 1998 1063 2065 nihilo,
1097 1997 1218 2065 quia
1255 2008 1305 2048 tu
1342 1999 1630 2068 confringet;
1660 1997 1871 2065 papulos

300 2072 448 2135 illos,
494 2072 632 2125 sicut
679 2073 928 2132 salvatus,
974 2070 1028 2121 in
1070 2071 1147 2120 ira
1190 2079 1295 2132 tua,
1339 2067 1389 2120 id
1419 2079 1525 2131 est,
1570 2079 1741 2119 tantus
1769 2068 1872 2120 erit

304 2154 477 2195 terror
506 2143 812 2201 sententiae,
845 2154 1001 2209 quam
1033 2139 1199 2192 iratus
1226 2139 1371 2191 dabit
1398 2138 1580 2191 dicens
1609 2138 1697 2209 eis
1718 2153 1735 2209 :7
1769 2136 1869 2203 Ite,

302 2211 586 2277 maledicti,
606 2212 656 2263 in
683 2212 850 2279 ignem
863 2207 1139 2273 'arternum,
1172 2209 1310 2275 quod
1339 2223 1403 2260 cx
1435 2217 1545 2260 toto
1574 2207 1873 2279 confringe-

304 2292 391 2334 tur
416 2293 470 2335 et
503 2277 894 2335 eummiiiuetur
932 2294 1118 2334 eorum
1161 2294 1283 2347 spes
1324 2286 1375 2331 et
1414 2277 1682 2345 superbia.
1728 2277 1870 2342 Illos,

302 2354 543 2420 inquam,
579 2367 673 2420 pro
702 2352 869 2403 nihilo
896 2349 1150 2413 salvabis,
1185 2364 1270 2401 me
1297 2356 1475 2401 autem
1502 2347 1736 2401 SdIVtthS
1767 2362 1870 2420 non

296 2418 399 2487 pro
423 2418 607 2487 nihilo,
640 2424 735 2476 sed
767 2436 860 2488 pro
888 2421 1084 2488 aliquo.
1126 2420 1366 2482 scilicet,
1413 2422 1533 2486 quia
1578 2418 1874 2469 annuntiavi

298 2492 395 2543 tibi
426 2493 577 2544 vitam
604 2487 786 2545 meum.
830 2487 1012 2544 Potest
1038 2489 1194 2542 etiam
1227 2490 1449 2541 salvatio
1480 2487 1788 2557 prtecedens
1818 2488 1871 2541 in

302 2563 446 2615 bono
474 2563 663 2629 accipi,
694 2565 810 2616 sic:
840 2560 986 2614 Licet
1016 2560 1085 2613 illi
1116 2570 1221 2611 tam
1254 2559 1400 2627 pravi
1428 2562 1553 2629 sint,
1589 2567 1765 2629 tamen
1796 2569 1870 2621 tu,

303 2633 472 2697 Deus,
512 2627 667 2701 facies
706 2633 820 2684 illos
859 2631 1045 2693 sali'os,
1075 2644 1360 2701 immersos
1389 2638 1441 2701 et
1470 2628 1653 2701 lideles
1683 2627 1869 2701 iactos.

302 2702 370 2755 Et
397 2698 605 2756 hoc'est
628 2703 719 2755 tibi
748 2718 839 2771 pro
868 2703 1045 2765 nihilo,
1080 2700 1131 2753 id
1163 2711 1264 2763 εει,
1297 2700 1445 2752 nihili
1477 2698 1733 2771 pendi-ns,
1764 2698 1873 2751 sal-

297 2787 431 2826 vare
455 2786 580 2839 eos,
608 2787 729 2839 quia
749 2768 811 2824 'iii
845 2775 1005 2825 verbo
1033 2771 1149 2823 solo
1178 2783 1349 2822 savas
1378 2783 1509 2831 eos;
1540 2781 1637 2821 nec
1663 2768 1875 2839 laboras

300 2842 359 2894 in
405 2838 684 2907 salvando,
718 2842 841 2895 licet
889 2857 987 2896 nos
1032 2843 1470 2907 obstupescamus
1522 2840 1572 2890 in
1624 2838 1872 2892 videndo.

300 2912 399 2966 Vel
429 2913 582 2966 aliter
610 2930 622 2964 :
654 2910 834 2965 Facies
876 2928 961 2965 eos
1000 2911 1168 2963 salvos
1208 2926 1301 2975 pro
1330 2908 1512 2971 nihilo,
1544 2907 1595 2960 id
1624 2918 1727 2973 εει,
1760 2909 1877 2963 sine

295 2982 481 3049 aliquo
522 2983 843 3052 praecedenti
886 2984 1076 3035 merito
1105 2995 1310 3052 eorum.
1344 2978 1479 3043 Quid
1510 2982 1650 3052 enim
1684 2976 1877 3033 Paulus

296 3048 648 3122 blasphemas,
667 3064 954 3123 persecutor
982 3061 1026 3103 et
1058 3051 1357 3123 injuriosus,
1376 3064 1498 3123 cum
1526 3048 1579 3100 io
1599 3050 1680 3123 via
1714 3054 1878 3123 verbo

295 3118 606 3192 prostratus
628 3118 710 3177 est
744 3132 799 3177 et
834 3118 1337 3192 ειιιιιειιιιείειιιιιιιρν
1364 3118 1498 3185 Quid
1541 3119 1699 3192 etiam
1743 3121 1877 3192 latro

296 3189 478 3247 attulit
506 3195 560 3247 iii
586 3194 863 3260 judicium,
896 3194 964 3246 de
987 3192 1188 3261 judicio
1217 3191 1268 3242 in
1299 3190 1520 3258 lignum,
1549 3189 1616 3243 de
1646 3189 1789 3261 ligno
1822 3191 1874 3261 in

297 3259 645 3329 paradisum?
672 3264 813 3317 Nihil
845 3259 1048 3331 utique,
1079 3273 1271 3329 praeter
1301 3261 1455 3313 iidem
1477 3300 1490 3323 ,
1523 3259 1800 3328 qiiatu’ilie
1829 3259 1877 3314 ei

295 3332 447 3386 dedit
487 3335 575 3402 qui
618 3336 767 3401 juxta
817 3334 1087 3401 pependit,
1138 3334 1187 3383 id
1227 3343 1330 3393 est,
1361 3333 1636 3402 Christus;
1678 3338 1735 3384 et
1777 3332 1879 3384 hoc

294 3406 461 3457 modo
489 3400 655 3457 salvos
681 3420 764 3457 eos
794 3400 971 3472 facies,
1002 3404 1121 3472 quia
1151 3403 1203 3454 in
1243 3403 1320 3453 ira
1360 3412 1468 3472 tua,
1513 3400 1566 3452 id
1603 3408 1703 3465 est,
1747 3404 1877 3454 mit-

296 3475 463 3527 tendo
497 3477 576 3528 eis
606 3470 973 3528 tribulationes
1000 3470 1225 3538 aliquas,
1255 3470 1403 3537 quasi
1431 3472 1616 3535 iratus,
1645 3471 1877 3541 confrin-

296 3559 405 3612 ges,
432 3543 486 3597 id
512 3554 614 3610 est,
639 3545 939 3598 Iiutniliabis
970 3547 1184 3614 populos
1210 3542 1347 3595 illos.
1383 3541 1632 3595 Irasceris
1655 3542 1796 3614 enim
1822 3550 1881 3614 et

295 3614 611 3683 coniringis,
660 3617 816 3669 saevis
855 3626 910 3669 et
952 3612 1146 3677 salvas,
1192 3622 1361 3683 terres
1404 3622 1457 3665 et
1503 3624 1687 3683 vocas.
1728 3612 1878 3683 Multi

295 3686 443 3737 enim
473 3681 809 3739 tribulatione
836 3685 1135 3739 contristati
1163 3724 1176 3747 ,
1209 3682 1311 3734 ﬁde
1340 3691 1464 3736 suot
1502 3681 1727 3749 repleti,
1757 3682 1879 3749 quia

296 3757 367 3806 ad
400 3762 496 3806 boc
520 3757 750 3825 exagitat
778 3755 1067 3819 tribulatio,
1094 3764 1151 3807 ut
1178 3767 1271 3807 vas
1293 3764 1581 3807 evacuetur
1605 3751 1875 3820 nequitiae,

295 3833 355 3877 et
383 3827 649 3895 repleatur
673 3829 862 3895 gratia.
970 3894 973 3895 ν
1040 3894 1045 3895 γ
1170 3892 1181 3895 Α
1324 3840 1333 3847 ‘

376 3890 534 3958 Deus,
566 3890 715 3948 vitain
740 3912 920 3949 meam.
951 3894 1081 3962 Quia
1115 3892 1247 3947 tales
1276 3891 1433 3946 etiam
1464 3906 1559 3959 pro
1587 3890 1751 3945 nihilo
1778 3892 1881 3945 sal-

296 3980 416 4030 vas,
469 3967 609 4029 ideo,
660 3966 822 4032 Deus,
868 3965 1168 4018 annuntiavi
1212 3964 1301 4016 tibi
1344 3964 1498 4016 vitam
1545 3979 1727 4028 meam,
1774 3978 1880 4015 non

298 4037 460 4100 mihi,
489 4038 611 4104 quia
640 4040 815 4090 omnis
848 4036 949 4089 vita
981 4035 1290 4088 ascribenda
1321 4044 1401 4086 est
1432 4033 1545 4097 tibi,
1575 4048 1679 4086 non
1711 4033 1879 4086 alicu-

291 4107 383 4175 jus
424 4109 646 4159 nieritis.
680 4108 876 4160 Paulus
902 4107 1044 4159 enim
1075 4120 1195 4159 cum
1227 4105 1429 4158 diceret
1459 4118 1472 4156 :
1508 4105 1882 4175 Quoniam‘ego

298 4172 657 4244 blasphemus,
702 4186 986 4247 persecutor
1031 4183 1078 4228 et
1122 4176 1437 4243 iniuriosus,
1482 4172 1883 4227 misericordiam

296 4262 417 4299 sum
444 4255 774 4311 consecutus,
806 4257 861 4301 et
894 4257 1120 4310 (cetera,
1154 4250 1311 4297 vitam
1342 4259 1489 4296 suam
1531 4248 1881 4297 annuutiave-

296 4326 427 4370 runt
472 4331 578 4370 non
625 4319 747 4383 sibi,
794 4320 886 4370 sed
936 4316 1034 4380 illi,
1083 4318 1135 4369 id
1175 4328 1277 4379 est,
1325 4314 1456 4377 Deo,
1491 4321 1549 4366 ιιι
1589 4315 1637 4368 ei
1679 4314 1884 4368 StIIICCIi

302 4388 636 4453 crederetur,
668 4404 771 4441 non
798 4388 945 4441 lucra
973 4401 1063 4439 sua
1093 4400 1358 4456 quiet-ens,
1389 4384 1481 4437 sed
1516 4384 1655 4437 illius
1682 4386 1749 4439 de
1778 4401 1882 4451 quo

296 4459 690 4524 subsequentur
728 4460 858 4511 dicit
898 4476 909 4510 :
953 4453 1185 4510 Christus
1222 4453 1373 4507 Jesus
1419 4470 1648 4507 mortuus
1688 4467 1778 4519 est,
1829 4464 1883 4506 at

1963 524 2048 578 hic
2077 534 2195 576 orat
2235 540 2329 591 pro
2372 523 2563 578 visiliili
2612 527 2784 588 hoste,
2829 535 2884 578 ut
2929 527 2979 577 in
3023 526 3175 579 titqu
3220 530 3528 594 prmilictuiti

1960 605 2060 647 est.
2100 595 2163 646 Et
2190 594 2336 661 quasi
2364 594 2504 648 dicat
2534 612 2544 646 :
2582 596 2780 649 licvera
2809 596 3001 647 inimici
3036 596 3131 647 mei
3158 605 3531 664 convertentur,

1961 676 2010 735 et
2041 666 2090 716 iii
2125 664 2230 716 illis
2250 668 2521 718 conversis
2551 667 2809 718 invocabo
2839 675 2919 727 te;
2946 680 2995 718 et
3023 667 3072 717 in
3100 682 3397 735 quacunque
3425 672 3529 733 die,

1961 733 2013 787 id
2045 743 2147 794 est,
2178 736 2228 786 in
2260 748 2576 803 quacunque
2601 735 2793 791 tuentis
2823 736 3069 801 puritate,
3104 738 3184 790 vel
3217 740 3271 791 in,
3302 733 3528 805 quocum

1959 819 2063 875 que
2110 813 2368 871 tempore,
2421 806 2470 857 in
2520 805 2619 858 illis
2662 808 2954 859 invocarem
3002 820 3071 875 te,
3114 822 3430 875 cognoscam
3481 812 3532 864 in

1959 874 2183 937 eisdem,
2228 875 2467 941 quoniam
2512 888 2563 929 ct
2610 876 2746 929 Dens
2775 890 2854 940 es,
2900 884 2955 928 et
2986 874 3123 929 Deus
3169 874 3307 931 meus
3349 896 3419 934 es.
3474 883 3539 936 Et

1960 959 2073 998 ecce
2095 987 2108 1008 ,
2141 946 2289 1011 quasi
2319 944 2461 997 dicat
2494 962 2505 997 :
2544 945 2918 1013 Experimento
2949 946 3066 997 data
3107 956 3191 1000 est
3231 950 3356 1001 mihi
3401 951 3535 1005 fidu-

1959 1016 2061 1077 cia,
2090 1016 2229 1093 quod
2245 1017 2458 1095 vere-in
2492 1015 2573 1095 his
2594 1017 2965 1095 convertendis
2988 1017 3159 1095 adhuc
3188 1034 3529 1088 cognoscam,

1961 1088 2211 1155 quoniam
2241 1086 2347 1152 jatn
2382 1086 2431 1137 in
2464 1087 2608 1153 prius
2636 1088 2907 1139 conversis
2936 1088 3156 1155 cognovi
3192 1086 3274 1151 te,
3319 1099 3372 1143 et
3412 1106 3535 1147 csse

1961 1153 2128 1207 Deum
2158 1164 2213 1207 et
2243 1170 2449 1220 meum;
2494 1170 2681 1226 magna
2704 1157 2921 1209 scientia
2964 1153 3105 1212 scire
3144 1157 3308 1213 Deum
3352 1177 3531 1216 suum.

1961 1226 2106 1278 'l'uus
2131 1227 2272 1279 enim
2300 1235 2379 1278 est
2400 1267 2414 1289 ,
2460 1226 2579 1293 quia
2611 1227 2701 1279 tibi
2746 1228 3024 1291 subvenit,
3070 1237 3119 1281 et
3151 1243 3180 1281 a
3208 1243 3267 1282 se
3298 1232 3531 1286 alienum

1963 1303 2015 1347 te
2056 1310 2158 1348 non
2191 1293 2331 1349 fecit.
2379 1296 2445 1349 Et
2486 1298 2566 1349 hic
2608 1306 2729 1349 sunt
2774 1312 2975 1364 magna:
3003 1299 3177 1352 cordis
3221 1300 3437 1365 divitiai,
3482 1314 3538 1357 et

1963 1380 2210 1438 magnum
2236 1367 2413 1438 lumen
2438 1366 2703 1421 interioris
2728 1368 2978 1433 hominis,
3006 1368 3168 1421 Deum
3193 1383 3346 1423 suum
3370 1374 3531 1438 scire,

1966 1435 2128 1507 Deum
2161 1449 2319 1507 suum
2366 1437 2581 1502 habere,
2630 1438 2731 1490 hoc
2761 1447 2862 1501 cst,
2909 1439 3076 1506 gratis
3124 1441 3287 1493 Deum
3334 1435 3533 1507 colere,

1961 1504 2127 1573 gratis
2158 1503 2321 1558 Deum
2353 1521 2531 1559 amare
2557 1518 2609 1561 ει
2639 1507 2885 1571 laudare,
2914 1503 3055 1573 quod
3099 1518 3181 1563 est
3216 1513 3375 1563 Deum
3410 1503 3535 1568 vere

1965 1590 2231 1651 iiivocar_e._
2258 1577 2406 1651 Quod
2432 1588 2608 1631 autem
2632 1578 2737 1631 dixi
2764 1597 2773 1628 :
2807 1579 3137 1645 Cognoscam
3169 1580 3218 1633 in
3248 1579 3386 1647 istis,
3411 1584 3535 1651 quia

1963 1645 2186 1718 cognovi
2219 1645 2271 1698 in
2306 1646 2429 1711 illis,
2461 1663 2564 1700 non
2599 1656 2649 1700 te
2679 1653 2993 1713 conturbet,
3028 1650 3145 1718 quia
3179 1666 3275 1704 vox
3308 1645 3389 1705 est
3429 1645 3538 1706 Ec-

1963 1715 2136 1768 clesia?
2157 1756 2172 1779 ,
2198 1731 2313 1782 quae
2341 1728 2396 1770 et
2420 1720 2468 1771 iit
2498 1720 2922 1786 priucedeiitibus
2952 1715 3247 1779 invocaxit,
3281 1735 3333 1776 et
3367 1722 3417 1775 in
3449 1721 3534 1775 iii-

1896 1810 1942 1870 Β
1972 1786 2099 1870 turis
2131 1787 2409 1870 invocabit.

2046 1854 2110 1908 In
2140 1855 2247 1908 Deo
2281 1855 2524 1928 laudabo.
2570 1858 2830 1925 Repetitio
2859 1867 2942 1914 est
2980 1869 3195 1928 propter
3222 1873 3539 1916 converten-

1972 1926 2091 1985 dos.
2126 1930 2192 1979 de
2218 1927 2406 1992 quibus
2438 1929 2519 1981 hic
2548 1928 2746 1981 dictum
2777 1941 2877 1983 est.
2906 1930 2979 1983 Ac
3008 1932 3051 1983 si
3080 1926 3231 1984 iiii-at
3258 1951 3268 1985 :
3320 1932 3466 1987 Sicut
3490 1944 3544 1987 et

1975 1999 2025 2049 in
2059 1997 2162 2049 illis
2194 2000 2457 2063 prioribus
2486 2014 2758 2052 sermones
2788 2014 2936 2053 meos
2966 2000 3015 2053 in
3047 2011 3094 2055 te
3129 2001 3236 2055 Deo
3264 2003 3440 2067 laudo,
3465 2022 3544 2057 iii-

1976 2067 2049 2120 ltil
2078 2068 2142 2120 de
2174 2083 2257 2117 me
2290 2083 2617 2132 praesumens
2642 2108 2657 2130 ,
2707 2072 2896 2123 eodem
2927 2070 3084 2124 modo
3116 2073 3167 2123 in
3200 2072 3279 2126 his
3322 2088 3542 2128 conver-

1976 2139 2148 2190 tendis
2180 2136 2304 2188 IlIIIlI
2334 2138 2400 2189 de
2430 2154 2512 2191 ine
2538 2153 2850 2203 praesumam
2876 2180 2892 2205 ,
2939 2143 3029 2193 sed
3074 2141 3127 2194 in
3165 2151 3213 2193 te
3253 2142 3356 2195 Deo
3391 2144 3543 2198 Pati-ii

1975 2207 2194 2260 laudabo
2232 2205 2446 2260 Verbum
2477 2223 2649 2261 meum
2680 2211 2795 2274 tibi,
2826 2227 2930 2263 tton
2958 2210 3084 2264 mihi
3111 2211 3424 2266 ascriheudu
3446 2257 3460 2277 ,
3490 2227 3543 2267 ct

1975 2279 2025 2331 in
2052 2278 2273 2330 Domino
2307 2278 2459 2342 Filio,
2489 2280 2607 2346 quia
2643 2278 2707 2331 de
2742 2280 2995 2334 servitute
3022 2296 3116 2333 nos
3141 2282 3383 2336 redemit.
3409 2285 3538 2335 Lau-

1974 2350 2105 2400 dabo
2130 2348 2289 2401 etiam
2321 2364 2593 2400 sermonem
2627 2364 2800 2402 meum
2826 2392 2840 2411 ,
2886 2351 2933 2402 id
2961 2362 3063 2417 εει,
3115 2350 3337 2404 Veibuui
3364 2393 3378 2417 ,
3412 2364 3464 2406 et
3493 2373 3543 2407 iu

1978 2417 2196 2470 Domino
2222 2418 2422 2481 Spiritu
2453 2427 2637 2471 Sancto
2669 2421 2907 2487 (deberet
2933 2419 3133 2489 dicere)
3162 2420 3408 2476 similiter
3436 2424 3542 2477 Ian-

1974 2489 2144 2551 dabo;
2178 2488 2270 2542 sed
2303 2499 2504 2543 tantum
2537 2489 2665 2540 dicit
2693 2506 2874 2556 quare,
2907 2488 3143 2554 scilicet,
3173 2506 3296 2558 quia
3340 2492 3392 2546 in
3436 2494 3544 2547 Deo

1977 2558 2189 2630 Spiritu
2209 2560 2421 2630 speravi,
2452 2574 2568 2625 quae
2598 2574 2753 2611 causa
2773 2560 3069 2614 communis
3089 2572 3188 2613 est.
3215 2560 3344 2614 Nam
3368 2565 3411 2616 si
3434 2579 3547 2630 Spe-

1978 2640 2057 2682 rat
2084 2629 2133 2680 itt
2160 2627 2355 2698 Spiritu
2380 2639 2586 2691 sancto.
2604 2637 2781 2701 sperat
2810 2634 2860 2701 in
2888 2631 3038 2684 I’atrc
3060 2639 3112 2684 et
3136 2630 3293 2695 Filio,
3316 2627 3541 2701 quorum

1978 2716 2079 2752 una
2101 2710 2182 2752 εει
2204 2702 2451 2765 maiestas
2473 2713 2524 2751 et
2546 2700 2797 2754 essentia.
2826 2700 3062 2768 Speraui,
3082 2704 3314 2768 inquam,
3335 2700 3388 2757 in
3417 2701 3546 2768 Deo,

1978 2784 2031 2841 et
2058 2772 2175 2824 ideo
2206 2786 2303 2823 non
2337 2770 2517 2841 timebo
2552 2772 2675 2837 quid
2712 2772 2867 2838 faciat
2908 2771 3030 2823 mihi
3057 2771 3226 2823 homo.
3260 2773 3390 2827 Nam
3420 2777 3543 2841 quid

1978 2840 2140 2894 iaciat
2162 2841 2287 2893 mihi
2323 2840 2525 2892 homo?
2556 2842 2753 2894 S.uviat
2784 2852 3034 2909 quantum
3074 2842 3198 2895 vclit
3245 2844 3422 2908 homo,
3452 2860 3546 2897 au-

1981 2913 2115 2966 ierat
2142 2926 2353 2974 aurum,
2379 2925 2678 2979 argemum,
2710 2911 2916 2965 auferat
2940 2927 3101 2965 omne
3129 2922 3419 2978 terrenum,
3455 2923 3549 2967 ιι-

1981 2999 2099 3037 ιιιειι
2127 2981 2199 3035 n'l
2230 2981 2358 3036 mihi
2384 2984 2558 3044 laciet,
2582 2981 2705 3049 quia
2732 2993 2847 3034 vota
2872 2995 2988 3049 inea
3018 2983 3144 3034 iiiilti
3178 2997 3280 3036 non
3306 2984 3503 3039 auferet
3529 3002 3544 3047 ;

1982 3052 2085 3107 hoc
2113 3052 2254 3106 enim
2288 3052 2660 3121 patrimonium
2701 3062 2784 3106 est
2816 3054 2865 3105 iii
2898 3054 3057 3106 corde
3088 3051 3369 3120 inclusum,
3404 3057 3544 3121 quod

1982 3124 2141 3177 hoino
2170 3123 2378 3176 auferte
2408 3137 2511 3175 non
2563 3123 2791 3187 poterit:
2836 3122 3101 3190 proferam
3142 3122 3209 3176 de
3246 3138 3336 3177 ara
3367 3126 3545 3179 cordis

1981 3196 2150 3247 laudis
2181 3194 2451 3245 incensum
2478 3231 2493 3254 ,
2533 3192 2600 3245 de
2625 3194 2840 3246 cellario
2866 3195 3208 3246 conscientia:
3240 3194 3394 3249 bona:
3418 3194 3543 3248 lidci

1977 3272 2392 3318 sacramentum.
2440 3262 2611 3330 Exigit
2642 3264 2784 3315 enim
2818 3262 2959 3315 Deus
2998 3278 3101 3315 non
3148 3261 3398 3328 hircum,
3437 3281 3545 3317 non

1978 3336 2222 3395 vitulum,
2253 3332 2348 3386 sed
2378 3334 2540 3401 exigit
2568 3333 2923 3385 laudationem
2956 3343 3010 3385 et
3051 3332 3467 3398 copiessionem,
3496 3335 3545 3387 id

1977 3414 2090 3469 est,
2138 3403 2297 3456 Iidem
2320 3440 2337 3467 ,
2369 3416 2525 3469 quam
2559 3417 2712 3456 nemo
2742 3404 2947 3456 auferre
2994 3404 3221 3470 poterit,
3252 3403 3295 3456 si
3330 3413 3383 3458 tu
3428 3420 3545 3457 eam

1980 3490 2084 3528 non
2112 3470 2516 3541 contempseris.
2565 3472 2630 3526 Et
2672 3473 2772 3525 hoc
2802 3482 2883 3526 est
2909 3476 3046 3538 quod
3075 3473 3237 3527 dicit:
3271 3471 3408 3528 Deus
3438 3488 3551 3529 rota

1981 3554 2091 3609 tua,
2122 3547 2168 3597 id
2199 3551 2304 3609 est,
2339 3543 2429 3596 tibi
2457 3556 2692 3611 congrua
2721 3553 2773 3595 ει
2794 3550 3010 3610 accepta
3036 3552 3154 3596 sunt
3174 3544 3226 3595 in
3252 3560 3349 3612 me,
3374 3546 3424 3599 id
3448 3562 3544 3610 est,

1979 3629 2099 3669 sunt
2130 3620 2307 3669 clausa
2342 3614 2395 3666 in
2424 3614 2586 3669 corde
2626 3628 2777 3672 meo,
2814 3622 2869 3668 ct
2899 3617 3016 3667 ideo
3044 3627 3147 3666 non
3190 3624 3411 3680 poswut
3450 3631 3545 3667 ao-

1982 3686 2127 3739 lerri.
2164 3684 2293 3739 Vota
2324 3685 2443 3737 dico
2469 3697 2584 3753 quia
2610 3698 2819 3751 semper
2845 3685 3055 3736 reddam
3087 3682 3202 3748 tibi,
3236 3693 3288 3739 et
3313 3701 3431 3753 qua-
3462 3687 3547 3739 ιιι..

1981 3765 2105 3809 ειιιιι
2137 3766 2254 3808 vota
2282 3754 2433 3818 dicit,
2465 3755 2689 3817 scilicet,
2720 3754 3065 3808 laudationes.

2055 3825 2309 3888 Quoniam
2353 3825 2583 3893 eripuisti
2626 3824 2851 3875 animum
2894 3841 3074 3878 meant.
3120 3824 3244 3879 Ideo
3280 3824 3472 3878 merito
3502 3835 3553 3877 te

1984 3896 2244 3956 laudabo.
2290 3896 2531 3961 quoniam
2568 3894 2796 3961 eripuisti
2839 3893 2942 3962 jam
2990 3895 3041 3947 in
3085 3910 3181 3961 spe
3222 3910 3446 3947 animam
3489 3901 3552 3947 de

1983 3976 2164 4033 morte,
2194 3967 2244 4019 id
2271 3975 2372 4029 est,
2401 3963 2468 4017 de
2496 3966 2790 4016 actualibus
2823 3966 3049 4031 peccatis
3091 3968 3427 4033 gravioribus
3449 4004 3463 4026 ,
3497 3979 3551 4019 et

1983 4042 2142 4091 etiam
2172 4034 2409 4103 eripuisti
2438 4033 2618 4088 itidem
2648 4034 2699 4086 iii
2728 4048 2823 4100 spe
2847 4034 2997 4101 pedes
3027 4050 3185 4100 meos,
3232 4037 3283 4089 id
3315 4046 3396 4089 est
3424 4036 3546 4088 alle-

1983 4108 2187 4161 ctiones
2216 4120 2382 4159 meas.
2415 4103 2492 4157 De
2517 4105 2688 4173 lapsu,
2720 4106 2769 4157 id
2799 4116 2900 4169 εει,
2931 4106 3093 4159 etiam
3122 4106 3413 4159 actualibus
3441 4108 3551 4158 iiii-

1985 4178 2161 4237 nimis,
2197 4190 2251 4228 ut
2278 4190 2376 4229 nec
2405 4177 2551 4227 labar
2580 4190 2631 4226 in
2665 4174 2787 4227 illis.
2821 4175 2885 4227 Et
2928 4177 2994 4228 ad
3028 4179 3126 4229 hoc
3155 4192 3238 4230 me
3268 4176 3505 4243 eripuisti
3536 4217 3551 4239 ,

1986 4258 2038 4300 ut
2064 4248 2276 4301 demum
2306 4246 2540 4313 perfecte
2564 4246 2792 4312 placeam
2815 4260 2987 4297 curaui
3018 4256 3069 4299 te
3095 4245 3222 4309 Deo,
3252 4248 3471 4308 scilicet,
3501 4249 3552 4299 iii

1984 4320 2268 4371 allectione
2297 4327 2600 4369 sanctorum
2628 4334 2641 4380 ;
2674 4330 2774 4384 ego
2802 4315 2920 4369 dico
2946 4331 3043 4368 eus
3071 4320 3125 4368 in
3163 4315 3353 4368 lumine
3388 4316 3553 4368 viven-

1986 4393 2131 4440 tium.
2163 4390 2362 4440 Lumen
2398 4390 2689 4440 viventium
2715 4424 2731 4448 ,
2778 4388 2953 4439 lumen
3000 4397 3339 4449 sanctorum,
3373 4386 3551 4439 lumen

1986 4458 2367 4511 immortalium
2396 4467 2500 4521 est,
2532 4457 2694 4523 gratis
2726 4455 2888 4508 Deum
2921 4470 3123 4519 amare,
3157 4456 3334 4509 colere
3358 4466 3410 4509 et
3436 4458 3554 4509 Ιεηι-

296 4516 585 4593 attines-qui
618 4529 785 4581 vivunt
828 4531 932 4597 jam
961 4544 1061 4580 non
1092 4528 1185 4578 sibi
1226 4527 1412 4585 vivunt,
1454 4526 1541 4577 sed
1581 4527 1624 4577 ei
1661 4528 1743 4595 qui
1766 4516 1882 4595 'pro
1915 4516 1962 4574 D
1987 4537 2134 4580 dare.
2168 4527 2259 4578 Vel
2286 4530 2338 4580 iit
2370 4516 2567 4580 lumine
2595 4527 2906 4597 viventium,
2928 4525 2981 4597 id
3005 4516 3551 4597 est,'it_ttmortalitate,

297 4601 536 4650 omnibus
560 4611 790 4651 mortuus
817 4613 908 4651 est.
944 4601 1000 4653 Si
1028 4612 1158 4665 ergo
1186 4598 1340 4661 vivis,
1372 4604 1427 4650 et
1455 4613 1558 4647 non
1585 4612 1613 4647 a
1648 4608 1695 4648 te
1724 4611 1877 4659 vivis,

295 4671 394 4722 sed
428 4683 551 4735 quia
581 4671 670 4722 ille
698 4679 755 4721 ut
784 4674 988 4723 viveres
1021 4668 1283 4734 praestitit,
1316 4670 1472 4718 vitam
1506 4675 1645 4717 tuam
1675 4682 1882 4719 annun-

298 4740 371 4791 tia
403 4740 510 4802 illi,
544 4755 647 4792 non
682 4743 805 4802 tibi,
838 4756 941 4792 non
973 4740 1079 4806 jain
1113 4747 1196 4789 tua
1228 4743 1370 4790 lucra
1404 4750 1667 4802 quaerens,
1695 4742 1789 4791 sed
1819 4738 1882 4789 il-

295 4813 430 4876 lius,
457 4810 580 4877 quia
611 4816 676 4864 de
704 4813 1019 4878 quibusdam
1050 4823 1142 4860 sua
1175 4810 1320 4860 lucra
1349 4808 1707 4874 quaerentibus
1727 4848 1743 4869 ,
1776 4823 1881 4862 non

296 4884 443 4933 ιιιιυε
466 4921 479 4945 ,
510 4882 704 4932 dictum
737 4894 818 4933 est
849 4896 862 4932 :
897 4882 1143 4946 Quarum
1172 4892 1286 4947 qua:
1322 4893 1412 4928 sua
1444 4887 1596 4940 sunt,
1639 4893 1739 4930 non
1768 4892 1882 4945 qua:

294 4951 430 5003 Jesu
458 4951 663 5003 Christi.
713 4953 774 5004 lat
812 4966 1003 5003 merito
1031 4950 1323 5001 annunliavi
1364 4947 1452 4998 tibi
1500 4958 1655 4999 utam
1696 4963 1877 5011 meum,

295 5022 422 5087 quia
458 5030 511 5073 tu
554 5022 767 5087 posuisti
809 5025 1063 5091 lacrymas
1108 5034 1243 5073 nicas
1284 5021 1335 5091 in
1381 5028 1646 5091 conspectu
1685 5027 1795 5091 tuo,
1830 5019 1882 5070 td

295 5102 403 5153 est,
439 5098 700 5144 exaudistt
734 5106 818 5145 me
848 5088 1247 5159 deprecantem,
1276 5088 1414 5159 sicut
1443 5089 1495 5138 in
1528 5088 1882 5153 proiiiissiono

301 5174 390 5213 tua
424 5162 735 5228 praedictum
776 5166 891 5225 luit,
922 5158 1050 5215 tunc
1088 5175 1207 5214 cum
1240 5158 1496 5227 propheta
1528 5158 1751 5222 scilicet,
1782 5159 1882 5210 hoc

297 5234 670 5287 annuntiavit:
699 5232 982 5299 promisisti
1008 5233 1150 5285 enim
1173 5234 1542 5283 exaudituroiii
1571 5241 1619 5280 lc
1645 5229 1881 5281 ilcniem.

299 5302 541 5363 Credidi,
586 5302 730 5367 IIevi,
774 5304 1054 5357 exauditus
1099 5316 1237 5353 sum.
1290 5302 1414 5351 llzcc
1463 5308 1546 5351 est
1594 5311 1771 5350 autem
1821 5314 1883 5353 ca

301 5372 590 5439 proiiiissio
615 5390 628 5425 :
660 5372 723 5424 In
742 5388 1041 5441 quacunque
1065 5374 1145 5423 die
1166 5382 1432 5441 conuersus
1454 5381 1687 5438 peccator
1708 5368 1881 5437 fuerit,

300 5453 351 5494 et
380 5442 680 5511 ingemuerit
700 5483 714 5504 ,
748 5439 1033 5496 convertant
1060 5456 1137 5493 me
1164 5440 1231 5491 ad
1254 5455 1385 5491 eum.
1422 5439 1487 5490 lat
1511 5440 1885 5511 est_a:quipol-

302 5509 482 5566 Ieitter
507 5514 703 5565 dictum
739 5530 749 5565 :
788 5518 908 5567 Ideo
940 5524 1131 5566 merito
1163 5521 1319 5562 VII‘Jm
1346 5524 1516 5561 meam
1551 5509 1643 5561 tibi
1675 5524 1883 5562 annun-

305 5585 417 5645 tio,
449 5586 572 5651 quia
616 5601 705 5653 per
740 5595 790 5638 te
817 5597 898 5637 est
936 5585 1076 5651 quod
1107 5583 1249 5634 vivo.
1283 5582 1348 5632 Et
1375 5578 1496 5653 quia
1527 5594 1627 5646 ego
1662 5578 1828 5653 vitam
1853 5595 1882 5633 a

305 5663 361 5705 te
400 5649 648 5720 sulccpi’,
690 5669 846 5723 quain
880 5649 1072 5716 habeo,
1104 5668 1231 5719 ergo
1261 5652 1505 5723 exemplo
1535 5662 1654 5702 meo
1684 5649 1884 5704 inimici

306 5726 414 5775 tiiei
446 5721 844 5789 εοιιινειικιιιιιι,
878 5725 963 5791 qui
1013 5726 1316 5791 pratcedere
1347 5721 1650 5774 nitebantur
1680 5728 1884 5774 retror-

307 5806 461 5859 sum;
508 5810 610 5848 non
646 5810 771 5848 Vero
800 5804 854 5847 ul.
890 5806 1183 5847 retrorsum
1225 5800 1492 5849 tttatlenttl,
1524 5802 1576 5845 cl
1618 5805 1722 5844 non
1763 5805 1885 5859 pro-

588 5886 851 5944 PnuoL.
905 5884 1126 5944 XCIII.

1982 4608 2037 4652 et
2064 4597 2509 4665 iiiipassmiiitate,
2544 4598 2630 4649 ubi
2662 4596 2795 4649 facie
2822 4596 2889 4647 ad
2920 4593 3111 4649 facem
3134 4595 3345 4650 videbo.

2460 4712 2522 4765 IN
2570 4708 2894 4767 PSALNIUM
2946 4708 3076 4763 LVI.

1984 4806 2039 4860 In
2070 4804 2228 4856 linem
2251 4844 2265 4866 ,
2311 4817 2377 4865 ne
2421 4802 2694 4869 tlisperdas
2725 4800 2885 4851 David
2920 4797 2969 4852 iii
3003 4799 3139 4853 tituli
3170 4799 3511 4867 insi‘riptione
3538 4842 3554 4869 ,

2018 4892 2136 4929 cuin
2165 4875 2371 4943 lugeret
2398 4889 2425 4924 a
2459 4876 2590 4925 lacte
2620 4872 2744 4925 Suiil
2770 4874 2906 4938 regis
2934 4870 3092 4925 Israel
3122 4872 3174 4924 in
3200 4875 3531 4941 speluncam.

2577 4973 2958 5014 ARGUMENTUI.

2059 5055 2125 5108 Et
2176 5056 2261 5106 hic
2304 5052 2747 5105 Machabmornm.
2800 5050 2992 5106 Verum
3026 5050 3313 5119 incipiente
3336 5052 3560 5123 jam"-

1987 5126 2151 5178 ctoria
2179 5123 2476 5176 la-tabunda
2501 5124 2758 5175 formatur
2780 5124 2971 5177 oratiu.
2993 5123 3119 5176 Item
3144 5138 3244 5177 vox
3266 5123 3412 5177 Pauli
3440 5133 3557 5189 post

1984 5195 2451 5249 resurrecnouetn.
2506 5191 2633 5245 Item
2685 5194 2989 5247 Arnobius:
3045 5210 3063 5245 ι
3101 5194 3233 5246 Cum
3283 5195 3478 5260 ttigeris
3524 5209 3551 5244 ει

1994 5267 2127 5317 facie
2157 5264 2406 5333 principis
2454 5261 2609 5333 hujus
2650 5265 2831 5316 mundi
2879 5264 3246 5332 persequeiitis
3279 5270 3330 5314 te
3355 5300 3377 5333 ,ᾗ
3414 5264 3550 5313 sicut

1985 5337 2110 5389 Saul
2144 5331 2559 5401 persequebatur
2584 5331 2746 5385 David
2768 5331 3125 5402 ,spelunczim
3156 5343 3276 5399 pete
3295 5371 3311 5394 ,
3366 5331 3417 5384 id
3447 5344 3549 5392 cst,

1986 5406 2056 5458 ita
2090 5419 2140 5459 te
2168 5414 2453 5465 constitue,
2499 5410 2555 5454 ut
2582 5403 2648 5454 ab
2679 5404 2892 5455 inimico
2925 5414 3015 5455 tuo
3046 5404 3269 5455 iiivcuiri
3302 5416 3405 5453 non
3436 5417 3553 5467 pos-

1985 5477 2079 5538 sis,
2112 5486 2165 5529 et
2189 5487 2240 5527 tu
2266 5474 2478 5543 quidem
2505 5474 2772 5525 inimicum
2797 5485 2939 5524 tuum
2967 5474 3103 5525 inter
3126 5484 3311 5524 manus
3338 5472 3553 5529 Iubeas.

1988 5547 2075 5598 ille
2107 5561 2233 5598 vero
2264 5555 2314 5595 te
2342 5558 2448 5596 non
2478 5544 2677 5595 videat.
2709 5543 2818 5594 lioc
2848 5545 2989 5595 enim
3021 5544 3250 5603 eveniet,
3278 5544 3323 5595 si
3352 5558 3414 5595 cx
3444 5554 3554 5595 tom

1985 5616 2147 5670 Corde
2175 5618 2321 5667 dicas
2349 5614 2457 5667 Deo
2483 5630 2498 5665 ε
2530 5612 2595 5666 In
2622 5616 2796 5663 umbra
2819 5615 3018 5666 alarum
3040 5621 3241 5665 tuarum
3266 5615 3498 5682 sperabo.
3533 5632 3551 5662 ι

2599 5718 2952 5757 ειιιιΑΜτιο.

2061 5796 2161 5851 Per
2182 5797 2335 5865 ﬂuent
2363 5797 2633 5852 Dominum
2656 5795 2930 5868 signiﬁcat,
2957 5799 3039 5867 qui
3066 5800 3207 5850 nobis
3230 5798 3452 5850 onuii'um
3478 5798 3563 5849 lo-

3053 5884 3129 5947 25
