  <div class='ocr_page' id='page_1' title='image "/cluster/home/n/w/nwhite01/storage/ocr_20150623/93/hvd.32044052820016/397.png"; bbox 0 0 4010 6190; ppageno 0'>
   <div class='ocr_carea' id='block_1_1' title="bbox 498 368 603 421">
    <p class='ocr_par' dir='ltr' id='par_1_1' title="bbox 498 368 603 421">
     <span class='ocr_line' id='line_1_1' title="bbox 498 368 603 421; baseline -0.01 0"><span class='ocrx_word' id='word_1_1' title='bbox 498 368 603 421; x_wconf 79' lang='lat'><strong>779</strong></span> 
     </span>
    </p>
   </div>
   <div class='ocr_carea' id='block_1_2' title="bbox 988 354 2067 418">
    <p class='ocr_par' dir='ltr' id='par_1_2' title="bbox 988 357 2067 418">
     <span class='ocr_line' id='line_1_2' title="bbox 988 357 2067 418; baseline -0.005 0"><span class='ocrx_word' id='word_1_2' title='bbox 988 363 1187 418; x_wconf 71' lang='lat' dir='ltr'><strong><em>BED/E</em></strong></span> <span class='ocrx_word' id='word_1_3' title='bbox 1229 359 1681 417; x_wconf 73' lang='lat' dir='ltr'><strong><em>VENERABIIJS</em></strong></span> <span class='ocrx_word' id='word_1_4' title='bbox 1716 358 1866 414; x_wconf 75' lang='lat' dir='ltr'><strong><em>UPP.</em></strong></span> <span class='ocrx_word' id='word_1_5' title='bbox 1902 357 2067 413; x_wconf 74' lang='lat' dir='ltr'>PARS</span> 
     </span>
    </p>
   </div>
   <div class='ocr_carea' id='block_1_3' title="bbox 2172 354 3326 418">
    <p class='ocr_par' dir='ltr' id='par_1_3' title="bbox 2174 355 3326 413">
     <span class='ocr_line' id='line_1_3' title="bbox 2174 355 3326 413; baseline -0.001 -2"><span class='ocrx_word' id='word_1_6' title='bbox 2174 397 2187 411; x_wconf 90' lang='lat'><strong><em>.</em></strong></span> <span class='ocrx_word' id='word_1_7' title='bbox 2226 355 2419 411; x_wconf 83' lang='lat' dir='ltr'><strong><em>SECT.</em></strong></span> <span class='ocrx_word' id='word_1_8' title='bbox 2464 356 2526 410; x_wconf 94' lang='lat' dir='ltr'><strong><em>ll.</em></strong></span> <span class='ocrx_word' id='word_1_9' title='bbox 2555 385 2627 398; x_wconf 91' lang='lat'><strong><em>-—</em></strong></span> <span class='ocrx_word' id='word_1_10' title='bbox 2686 355 2891 413; x_wconf 77' lang='lat' dir='ltr'><strong><em>DUBIA</em></strong></span> <span class='ocrx_word' id='word_1_11' title='bbox 2933 355 3018 410; x_wconf 84' lang='lat' dir='ltr'><strong><em>ET</em></strong></span> <span class='ocrx_word' id='word_1_12' title='bbox 3057 355 3326 413; x_wconf 81' lang='lat' dir='ltr'><strong><em>SPURIA.</em></strong></span> 
     </span>
    </p>
   </div>
   <div class='ocr_carea' id='block_1_4' title="bbox 3655 360 3757 413">
    <p class='ocr_par' dir='ltr' id='par_1_4' title="bbox 3655 360 3757 413">
     <span class='ocr_line' id='line_1_4' title="bbox 3655 360 3757 413; baseline -0.039 1"><span class='ocrx_word' id='word_1_13' title='bbox 3655 360 3757 413; x_wconf 64' lang='lat' dir='ltr'><strong><em>78d</em></strong></span> 
     </span>
    </p>
   </div>
   <div class='ocr_carea' id='block_1_5' title="bbox 493 466 3753 548">
    <p class='ocr_par' dir='ltr' id='par_1_5' title="bbox 493 466 3753 548">
     <span class='ocr_line' id='line_1_5' title="bbox 493 466 3753 548; baseline -0.004 -13"><span class='ocrx_word' id='word_1_14' title='bbox 493 496 673 536; x_wconf 86' lang='lat' dir='ltr'><strong><em>norunt</em></strong></span> <span class='ocrx_word' id='word_1_15' title='bbox 702 478 939 548; x_wconf 71' lang='lat' dir='ltr'><strong><em>perfectio</em></strong></span> <span class='ocrx_word' id='word_1_16' title='bbox 967 484 1139 539; x_wconf 84' lang='lat' dir='ltr'><strong><em>restat,</em></strong></span> <span class='ocrx_word' id='word_1_17' title='bbox 1170 475 1287 548; x_wconf 87' lang='lat' dir='ltr'><strong><em>quia</em></strong></span> <span class='ocrx_word' id='word_1_18' title='bbox 1316 489 1431 527; x_wconf 87' lang='lat' dir='ltr'><strong><em>cum</em></strong></span> <span class='ocrx_word' id='word_1_19' title='bbox 1460 473 1526 548; x_wconf 56' lang='lat' dir='ltr'><strong><em>ad</em></strong></span> <span class='ocrx_word' id='word_1_20' title='bbox 1554 474 1722 548; x_wconf 72' lang='lat' dir='ltr'><strong><em>ipsum</em></strong></span> <span class='ocrx_word' id='word_1_21' title='bbox 1750 470 2035 548; x_wconf 68' lang='lat' dir='ltr'><strong><em>venerimus</em></strong></span> <span class='ocrx_word' id='word_1_22' title='bbox 2054 510 2071 535; x_wconf 89' lang='lat'><strong><em>,</em></strong></span> <span class='ocrx_word' id='word_1_23' title='bbox 2104 472 2151 530; x_wconf 78' lang='grc' dir='ltr'><strong>Α</strong></span> <span class='ocrx_word' id='word_1_24' title='bbox 2315 468 2511 548; x_wconf 69' lang='lat' dir='ltr'><strong><em>fugisse</em></strong></span> <span class='ocrx_word' id='word_1_25' title='bbox 2537 508 2561 548; x_wconf 87' lang='lat'><strong><em>,_</em></strong></span> <span class='ocrx_word' id='word_1_26' title='bbox 2582 466 2791 548; x_wconf 75' lang='lat' dir='ltr'><strong><em>scilicet</em></strong></span> <span class='ocrx_word' id='word_1_27' title='bbox 2813 508 2827 533; x_wconf 92' lang='lat'><strong><em>,</em></strong></span> <span class='ocrx_word' id='word_1_28' title='bbox 2859 466 2981 533; x_wconf 88' lang='lat' dir='ltr'><strong>quia</strong></span> <span class='ocrx_word' id='word_1_29' title='bbox 3013 466 3067 520; x_wconf 93' lang='lat' dir='ltr'><strong><em>in</em></strong></span> <span class='ocrx_word' id='word_1_30' title='bbox 3103 474 3308 548; x_wconf 88' lang='lat' dir='ltr'><strong><em>tantum</em></strong></span> <span class='ocrx_word' id='word_1_31' title='bbox 3340 479 3525 548; x_wconf 75' lang='lat' dir='ltr'><strong><em>passus</em></strong></span> <span class='ocrx_word' id='word_1_32' title='bbox 3567 480 3654 548; x_wconf 73' lang='lat' dir='ltr'><strong><em>est</em></strong></span> <span class='ocrx_word' id='word_1_33' title='bbox 3695 487 3753 522; x_wconf 65' lang='lat' dir='ltr'><strong><em>se</em></strong></span> 
     </span>
    </p>
   </div>
   <div class='ocr_carea' id='block_1_6' title="bbox 492 541 2074 615">
    <p class='ocr_par' dir='ltr' id='par_1_6' title="bbox 492 541 2074 615">
     <span class='ocr_line' id='line_1_6' title="bbox 492 541 2074 615; baseline -0.009 -6"><span class='ocrx_word' id='word_1_34' title='bbox 492 556 620 608; x_wconf 79' lang='lat' dir='ltr'><strong><em>nihil</em></strong></span> <span class='ocrx_word' id='word_1_35' title='bbox 650 541 1023 613; x_wconf 46' lang='lat' dir='ltr'><strong><em>ullra&#39;qua&#39;rere</em></strong></span> <span class='ocrx_word' id='word_1_36' title='bbox 1044 562 1169 615; x_wconf 88' lang='lat' dir='ltr'><strong><em>opus</em></strong></span> <span class='ocrx_word' id='word_1_37' title='bbox 1184 541 1453 598; x_wconf 78' lang='lat' dir='ltr'><strong><em>habemus.</em></strong></span> <span class='ocrx_word' id='word_1_38' title='bbox 1476 542 1559 615; x_wconf 79' lang='lat' dir='ltr'><strong><em>Ne</em></strong></span> <span class='ocrx_word' id='word_1_39' title='bbox 1577 541 1846 615; x_wconf 84' lang='lat' dir='ltr'><strong><em>disperdas</em></strong></span> <span class='ocrx_word' id='word_1_40' title='bbox 1870 541 2035 593; x_wconf 80' lang='lat' dir='ltr'><strong><em>David</em></strong></span> <span class='ocrx_word' id='word_1_41' title='bbox 2058 557 2074 595; x_wconf 90' lang='lat'><strong><em>:</em></strong></span> 
     </span>
    </p>
   </div>
   <div class='ocr_carea' id='block_1_7' title="bbox 497 613 2079 691">
    <p class='ocr_par' dir='ltr' id='par_1_7' title="bbox 497 613 2079 691">
     <span class='ocr_line' id='line_1_7' title="bbox 497 613 2079 691; baseline -0.008 -16"><span class='ocrx_word' id='word_1_42' title='bbox 497 622 795 691; x_wconf 74' lang='lat' dir='ltr'><strong><em>prohibetur</em></strong></span> <span class='ocrx_word' id='word_1_43' title='bbox 814 635 844 669; x_wconf 83' lang='grc' dir='ltr'><em>α</em></span> <span class='ocrx_word' id='word_1_44' title='bbox 873 617 1030 671; x_wconf 88' lang='lat' dir='ltr'><strong><em>Saule</em></strong></span> <span class='ocrx_word' id='word_1_45' title='bbox 1055 613 1304 691; x_wconf 72' lang='lat' dir='ltr'><strong><em>disperdi,</em></strong></span> <span class='ocrx_word' id='word_1_46' title='bbox 1333 615 1419 691; x_wconf 85' lang='lat' dir='ltr'><strong><em>qui</em></strong></span> <span class='ocrx_word' id='word_1_47' title='bbox 1447 631 1484 691; x_wconf 78' lang='lat' dir='ltr'><strong><em>a</em></strong></span> <span class='ocrx_word' id='word_1_48' title='bbox 1508 613 1918 691; x_wconf 61' lang='lat' dir='ltr'><strong><em>Dontinofuerat</em></strong></span> <span class='ocrx_word' id='word_1_49' title='bbox 1946 627 2079 691; x_wconf 48' lang='lat' dir='ltr'><strong><em>pim-</em></strong></span> 
     </span>
    </p>
   </div>
   <div class='ocr_carea' id='block_1_8' title="bbox 492 681 2077 762">
    <p class='ocr_par' dir='ltr' id='par_1_8' title="bbox 492 681 2077 762">
     <span class='ocr_line' id='line_1_8' title="bbox 492 681 2077 762; baseline -0.008 -16"><span class='ocrx_word' id='word_1_50' title='bbox 492 681 795 762; x_wconf 75' lang='lat' dir='ltr'><strong><em>paratusad</em></strong></span> <span class='ocrx_word' id='word_1_51' title='bbox 817 701 1050 762; x_wconf 73' lang='lat' dir='ltr'><strong><em>regnum.</em></strong></span> <span class='ocrx_word' id='word_1_52' title='bbox 1078 684 1143 737; x_wconf 81' lang='lat' dir='ltr'><strong><em>In</em></strong></span> <span class='ocrx_word' id='word_1_53' title='bbox 1169 686 1303 762; x_wconf 78' lang='lat' dir='ltr'><strong><em>tituli</em></strong></span> <span class='ocrx_word' id='word_1_54' title='bbox 1328 681 1662 762; x_wconf 76' lang='lat' dir='ltr'><strong><em>inscriptione</em></strong></span> <span class='ocrx_word' id='word_1_55' title='bbox 1687 686 1820 762; x_wconf 81' lang='lat' dir='ltr'><strong><em>:_ltoc</em></strong></span> <span class='ocrx_word' id='word_1_56' title='bbox 1842 699 1945 762; x_wconf 78' lang='lat' dir='ltr'><strong><em>non</em></strong></span> <span class='ocrx_word' id='word_1_57' title='bbox 1970 681 2077 734; x_wconf 80' lang='lat' dir='ltr'><strong><em>Da-</em></strong></span> 
     </span>
    </p>
   </div>
   <div class='ocr_carea' id='block_1_9' title="bbox 489 755 2075 829">
    <p class='ocr_par' dir='ltr' id='par_1_9' title="bbox 489 755 2075 829">
     <span class='ocr_line' id='line_1_9' title="bbox 489 755 2075 829; baseline -0.008 -12"><span class='ocrx_word' id='word_1_58' title='bbox 489 755 598 829; x_wconf 71' lang='lat' dir='ltr'><strong><em>uid,</em></strong></span> <span class='ocrx_word' id='word_1_59' title='bbox 632 760 720 813; x_wconf 80' lang='lat' dir='ltr'><strong><em>sed</em></strong></span> <span class='ocrx_word' id='word_1_60' title='bbox 751 755 968 809; x_wconf 80' lang='lat' dir='ltr'><strong><em>Domino</em></strong></span> <span class='ocrx_word' id='word_1_61' title='bbox 998 756 1251 818; x_wconf 76' lang='lat' dir='ltr'><strong><em>convenit,</em></strong></span> <span class='ocrx_word' id='word_1_62' title='bbox 1280 772 1343 829; x_wconf 83' lang='lat' dir='ltr'><strong><em>ne</em></strong></span> <span class='ocrx_word' id='word_1_63' title='bbox 1371 757 1610 829; x_wconf 76' lang='lat' dir='ltr'><strong><em>videlicet</em></strong></span> <span class='ocrx_word' id='word_1_64' title='bbox 1631 755 1920 829; x_wconf 69' lang='lat' dir='ltr'><strong><em>scriptusin</em></strong></span> <span class='ocrx_word' id='word_1_65' title='bbox 1953 769 2075 820; x_wconf 86' lang='lat' dir='ltr'><strong><em>pas-</em></strong></span> 
     </span>
    </p>
   </div>
   <div class='ocr_carea' id='block_1_10' title="bbox 471 824 2076 907">
    <p class='ocr_par' dir='ltr' id='par_1_10' title="bbox 471 824 2076 907">
     <span class='ocr_line' id='line_1_10' title="bbox 471 824 2076 907; baseline -0.009 -20"><span class='ocrx_word' id='word_1_66' title='bbox 471 824 632 907; x_wconf 74' lang='lat' dir='ltr'><strong><em>]sione</em></strong></span> <span class='ocrx_word' id='word_1_67' title='bbox 657 829 837 883; x_wconf 86' lang='lat' dir='ltr'><strong><em>titulus</em></strong></span> <span class='ocrx_word' id='word_1_68' title='bbox 860 837 1169 907; x_wconf 73' lang='lat' dir='ltr'><strong><em>mutaretur,</em></strong></span> <span class='ocrx_word' id='word_1_69' title='bbox 1202 826 1447 907; x_wconf 62' lang='lat' dir='ltr'><strong><em>sedquia</em></strong></span> <span class='ocrx_word' id='word_1_70' title='bbox 1475 824 1646 907; x_wconf 58' lang='lat' dir='ltr'><strong><em>Dauid</em></strong></span> <span class='ocrx_word' id='word_1_71' title='bbox 1680 824 1867 907; x_wconf 65' lang='lat' dir='ltr'><strong><em>Christi</em></strong></span> <span class='ocrx_word' id='word_1_72' title='bbox 1898 840 2076 907; x_wconf 75' lang='lat' dir='ltr'><strong><em>perso-</em></strong></span> 
     </span>
    </p>
   </div>
   <div class='ocr_carea' id='block_1_11' title="bbox 484 895 2077 970">
    <p class='ocr_par' dir='ltr' id='par_1_11' title="bbox 484 895 2077 970">
     <span class='ocr_line' id='line_1_11' title="bbox 484 895 2077 970; baseline -0.009 -10"><span class='ocrx_word' id='word_1_73' title='bbox 484 921 609 960; x_wconf 84' lang='lat' dir='ltr'><strong><em>nam</em></strong></span> <span class='ocrx_word' id='word_1_74' title='bbox 652 908 813 970; x_wconf 87' lang='lat' dir='ltr'><strong><em>gestat</em></strong></span> <span class='ocrx_word' id='word_1_75' title='bbox 839 939 855 964; x_wconf 90' lang='lat'><strong><em>,</em></strong></span> <span class='ocrx_word' id='word_1_76' title='bbox 902 898 1001 970; x_wconf 76' lang='lat' dir='ltr'><strong><em>hoc</em></strong></span> <span class='ocrx_word' id='word_1_77' title='bbox 1028 896 1264 970; x_wconf 77' lang='lat' dir='ltr'><strong><em>nuncde</em></strong></span> <span class='ocrx_word' id='word_1_78' title='bbox 1297 899 1408 966; x_wconf 85' lang='lat' dir='ltr'><strong><em>ipso</em></strong></span> <span class='ocrx_word' id='word_1_79' title='bbox 1439 896 1640 970; x_wconf 72' lang='lat' dir='ltr'><strong><em>dicitur</em></strong></span> <span class='ocrx_word' id='word_1_80' title='bbox 1666 936 1678 957; x_wconf 94' lang='lat'><strong><em>,</em></strong></span> <span class='ocrx_word' id='word_1_81' title='bbox 1713 896 1852 970; x_wconf 68' lang='lat' dir='ltr'><strong><em>quod</em></strong></span> <span class='ocrx_word' id='word_1_82' title='bbox 1889 904 1994 970; x_wconf 79' lang='lat' dir='ltr'><strong><em>erat</em></strong></span> <span class='ocrx_word' id='word_1_83' title='bbox 2026 895 2077 970; x_wconf 86' lang='lat' dir='ltr'><strong><em>in</em></strong></span> 
     </span>
    </p>
   </div>
   <div class='ocr_carea' id='block_1_12' title="bbox 470 966 2080 1037">
    <p class='ocr_par' dir='ltr' id='par_1_12' title="bbox 470 966 2080 1037">
     <span class='ocr_line' id='line_1_12' title="bbox 470 966 2080 1037; baseline -0.007 -9"><span class='ocrx_word' id='word_1_84' title='bbox 470 966 684 1028; x_wconf 73' lang='lat' dir='ltr'><strong><em>Christi</em></strong></span> <span class='ocrx_word' id='word_1_85' title='bbox 712 973 947 1037; x_wconf 79' lang='lat' dir='ltr'><strong><em>passione</em></strong></span> <span class='ocrx_word' id='word_1_86' title='bbox 978 968 1297 1036; x_wconf 77' lang='lat' dir='ltr'><strong><em>faciendum,</em></strong></span> <span class='ocrx_word' id='word_1_87' title='bbox 1326 983 1388 1020; x_wconf 91' lang='lat' dir='ltr'><strong><em>ne</em></strong></span> <span class='ocrx_word' id='word_1_88' title='bbox 1412 968 1790 1029; x_wconf 87' lang='lat' dir='ltr'><strong><em>disperderetur</em></strong></span> <span class='ocrx_word' id='word_1_89' title='bbox 1825 966 1988 1017; x_wconf 84' lang='lat' dir='ltr'><strong><em>David</em></strong></span> <span class='ocrx_word' id='word_1_90' title='bbox 2016 968 2080 1017; x_wconf 90' lang='lat' dir='ltr'><strong><em>de</em></strong></span> 
     </span>
    </p>
   </div>
   <div class='ocr_carea' id='block_1_13' title="bbox 488 1037 2080 1115">
    <p class='ocr_par' dir='ltr' id='par_1_13' title="bbox 488 1037 2080 1115">
     <span class='ocr_line' id='line_1_13' title="bbox 488 1037 2080 1115; baseline -0.006 -18"><span class='ocrx_word' id='word_1_91' title='bbox 488 1045 918 1115; x_wconf 59' lang='lat' dir='ltr'><strong><em>regnodeputtdo</em></strong></span> <span class='ocrx_word' id='word_1_92' title='bbox 944 1054 962 1092; x_wconf 91' lang='lat'><strong><em>:</em></strong></span> <span class='ocrx_word' id='word_1_93' title='bbox 991 1041 1119 1115; x_wconf 74' lang='lat' dir='ltr'><strong><em>sicut</em></strong></span> <span class='ocrx_word' id='word_1_94' title='bbox 1160 1054 1251 1090; x_wconf 88' lang='lat' dir='ltr'><strong><em>nec</em></strong></span> <span class='ocrx_word' id='word_1_95' title='bbox 1288 1038 1381 1115; x_wconf 82' lang='lat' dir='ltr'><strong><em>illa</em></strong></span> <span class='ocrx_word' id='word_1_96' title='bbox 1413 1039 1619 1115; x_wconf 75' lang='lat' dir='ltr'><strong><em>Domini</em></strong></span> <span class='ocrx_word' id='word_1_97' title='bbox 1649 1038 1809 1115; x_wconf 61' lang='lat' dir='ltr'><strong><em>potuit</em></strong></span> <span class='ocrx_word' id='word_1_98' title='bbox 1840 1037 1976 1115; x_wconf 74' lang='lat' dir='ltr'><strong><em>tituli</em></strong></span> <span class='ocrx_word' id='word_1_99' title='bbox 2000 1038 2080 1088; x_wconf 84' lang='lat' dir='ltr'><strong><em>in-</em></strong></span> 
     </span>
    </p>
   </div>
   <div class='ocr_carea' id='block_1_14' title="bbox 492 1108 2079 1181">
    <p class='ocr_par' dir='ltr' id='par_1_14' title="bbox 492 1108 2079 1181">
     <span class='ocr_line' id='line_1_14' title="bbox 492 1108 2079 1181; baseline -0.006 -13"><span class='ocrx_word' id='word_1_100' title='bbox 492 1108 703 1181; x_wconf 57' lang='lat' dir='ltr'><strong><em>sciiptio</em></strong></span> <span class='ocrx_word' id='word_1_101' title='bbox 730 1108 1072 1181; x_wconf 66' lang='lat' dir='ltr'><strong><em>commutari,</em></strong></span> <span class='ocrx_word' id='word_1_102' title='bbox 1118 1124 1236 1161; x_wconf 89' lang='lat' dir='ltr'><strong><em>cum</em></strong></span> <span class='ocrx_word' id='word_1_103' title='bbox 1277 1113 1471 1181; x_wconf 70' lang='lat' dir='ltr'><strong><em>fugeret</em></strong></span> <span class='ocrx_word' id='word_1_104' title='bbox 1497 1125 1528 1159; x_wconf 89' lang='lat' dir='ltr'><strong><em>a</em></strong></span> <span class='ocrx_word' id='word_1_105' title='bbox 1558 1108 1689 1181; x_wconf 76' lang='lat' dir='ltr'><strong><em>[acie</em></strong></span> <span class='ocrx_word' id='word_1_106' title='bbox 1729 1108 1859 1181; x_wconf 87' lang='lat' dir='ltr'><strong><em>Saul</em></strong></span> <span class='ocrx_word' id='word_1_107' title='bbox 1883 1109 1937 1160; x_wconf 87' lang='lat' dir='ltr'><strong><em>in</em></strong></span> <span class='ocrx_word' id='word_1_108' title='bbox 1963 1123 2079 1174; x_wconf 85' lang='lat' dir='ltr'><strong><em>spe-</em></strong></span> 
     </span>
    </p>
   </div>
   <div class='ocr_carea' id='block_1_15' title="bbox 494 1178 2080 1247">
    <p class='ocr_par' dir='ltr' id='par_1_15' title="bbox 494 1178 2080 1247">
     <span class='ocr_line' id='line_1_15' title="bbox 494 1178 2080 1247; baseline -0.008 -7"><span class='ocrx_word' id='word_1_109' title='bbox 494 1178 671 1240; x_wconf 77' lang='lat' dir='ltr'><strong><em>lunca.</em></strong></span> <span class='ocrx_word' id='word_1_110' title='bbox 724 1182 869 1236; x_wconf 89' lang='lat' dir='ltr'><strong><em>Sicut</em></strong></span> <span class='ocrx_word' id='word_1_111' title='bbox 916 1180 1127 1234; x_wconf 87' lang='lat' dir='ltr'><strong><em>Saulem</em></strong></span> <span class='ocrx_word' id='word_1_112' title='bbox 1179 1178 1378 1247; x_wconf 74' lang='lat' dir='ltr'><strong><em>fugiens</em></strong></span> <span class='ocrx_word' id='word_1_113' title='bbox 1434 1178 1605 1232; x_wconf 85' lang='lat' dir='ltr'><strong><em>David</em></strong></span> <span class='ocrx_word' id='word_1_114' title='bbox 1648 1180 1702 1229; x_wconf 88' lang='lat' dir='ltr'><strong><em>in</em></strong></span> <span class='ocrx_word' id='word_1_115' title='bbox 1740 1180 1981 1247; x_wconf 79' lang='lat' dir='ltr'><strong><em>spelunca</em></strong></span> <span class='ocrx_word' id='word_1_116' title='bbox 2026 1192 2080 1229; x_wconf 90' lang='lat' dir='ltr'><strong><em>se</em></strong></span> 
     </span>
    </p>
   </div>
   <div class='ocr_carea' id='block_1_16' title="bbox 488 1244 2079 1318">
    <p class='ocr_par' dir='ltr' id='par_1_16' title="bbox 488 1244 2079 1318">
     <span class='ocr_line' id='line_1_16' title="bbox 488 1244 2079 1318; baseline -0.008 -8"><span class='ocrx_word' id='word_1_117' title='bbox 488 1252 764 1318; x_wconf 82' lang='lat' dir='ltr'><strong><em>condidit,</em></strong></span> <span class='ocrx_word' id='word_1_118' title='bbox 815 1254 889 1305; x_wconf 87' lang='lat' dir='ltr'><strong><em>ita</em></strong></span> <span class='ocrx_word' id='word_1_119' title='bbox 935 1250 1127 1303; x_wconf 80' lang='lat' dir='ltr'><strong><em>Citriin</em></strong></span> <span class='ocrx_word' id='word_1_120' title='bbox 1167 1244 1405 1302; x_wconf 39' lang='lat' dir='ltr'><strong><em>div—initas</em></strong></span> <span class='ocrx_word' id='word_1_121' title='bbox 1437 1260 1507 1301; x_wconf 88' lang='lat' dir='ltr'><strong><em>est</em></strong></span> <span class='ocrx_word' id='word_1_122' title='bbox 1553 1267 1583 1299; x_wconf 76' lang='grc' dir='ltr'><strong><em>η</em></strong></span> <span class='ocrx_word' id='word_1_123' title='bbox 1634 1249 1841 1314; x_wconf 82' lang='lat' dir='ltr'><strong><em>perﬁdis</em></strong></span> <span class='ocrx_word' id='word_1_124' title='bbox 1880 1244 2079 1299; x_wconf 81' lang='lat' dir='ltr'><strong><em>Judtris</em></strong></span> 
     </span>
    </p>
   </div>
   <div class='ocr_carea' id='block_1_17' title="bbox 490 1318 2074 1390">
    <p class='ocr_par' dir='ltr' id='par_1_17' title="bbox 490 1318 2074 1390">
     <span class='ocr_line' id='line_1_17' title="bbox 490 1318 2074 1390; baseline -0.006 -11"><span class='ocrx_word' id='word_1_125' title='bbox 490 1328 630 1379; x_wconf 85' lang='lat' dir='ltr'><strong><em>intra</em></strong></span> <span class='ocrx_word' id='word_1_126' title='bbox 656 1324 903 1390; x_wconf 86' lang='lat' dir='ltr'><strong><em>templum</em></strong></span> <span class='ocrx_word' id='word_1_127' title='bbox 930 1320 1157 1390; x_wconf 87' lang='lat' dir='ltr'><strong><em>corporis</em></strong></span> <span class='ocrx_word' id='word_1_128' title='bbox 1186 1320 1501 1373; x_wconf 84' lang='lat' dir='ltr'><strong><em>abscondita.</em></strong></span> <span class='ocrx_word' id='word_1_129' title='bbox 1532 1318 1708 1390; x_wconf 79' lang='lat' dir='ltr'><strong><em>Potest</em></strong></span> <span class='ocrx_word' id='word_1_130' title='bbox 1739 1327 1786 1370; x_wconf 90' lang='lat' dir='ltr'><strong><em>et</em></strong></span> <span class='ocrx_word' id='word_1_131' title='bbox 1828 1320 1901 1371; x_wconf 88' lang='lat' dir='ltr'><strong><em>ita</em></strong></span> <span class='ocrx_word' id='word_1_132' title='bbox 1941 1320 2042 1369; x_wconf 75' lang='lat' dir='ltr'><strong><em>diri</em></strong></span> <span class='ocrx_word' id='word_1_133' title='bbox 2061 1359 2074 1380; x_wconf 85' lang='lat'><strong><em>,</em></strong></span> 
     </span>
    </p>
   </div>
   <div class='ocr_carea' id='block_1_18' title="bbox 491 1389 2079 1466">
    <p class='ocr_par' dir='ltr' id='par_1_18' title="bbox 491 1389 2079 1466">
     <span class='ocr_line' id='line_1_18' title="bbox 491 1389 2079 1466; baseline -0.008 -15"><span class='ocrx_word' id='word_1_134' title='bbox 491 1399 616 1466; x_wconf 87' lang='lat' dir='ltr'><strong><em>quia</em></strong></span> <span class='ocrx_word' id='word_1_135' title='bbox 646 1396 899 1466; x_wconf 83' lang='lat' dir='ltr'><strong><em>Dominus</em></strong></span> <span class='ocrx_word' id='word_1_136' title='bbox 925 1393 990 1466; x_wconf 86' lang='lat' dir='ltr'><strong><em>ad</em></strong></span> <span class='ocrx_word' id='word_1_137' title='bbox 1028 1389 1123 1442; x_wconf 85' lang='lat' dir='ltr'><strong><em>hoc</em></strong></span> <span class='ocrx_word' id='word_1_138' title='bbox 1154 1406 1311 1466; x_wconf 83' lang='lat' dir='ltr'><strong><em>usque</em></strong></span> <span class='ocrx_word' id='word_1_139' title='bbox 1342 1405 1523 1457; x_wconf 90' lang='lat' dir='ltr'><strong><em>passus</em></strong></span> <span class='ocrx_word' id='word_1_140' title='bbox 1552 1390 1614 1466; x_wconf 72' lang='lat' dir='ltr'><strong><em>sit</em></strong></span> <span class='ocrx_word' id='word_1_141' title='bbox 1645 1389 1889 1451; x_wconf 73' lang='lat' dir='ltr'><strong><em>Judmos,</em></strong></span> <span class='ocrx_word' id='word_1_142' title='bbox 1921 1391 2079 1466; x_wconf 79' lang='lat' dir='ltr'><strong><em>donec</em></strong></span> 
     </span>
    </p>
   </div>
   <div class='ocr_carea' id='block_1_19' title="bbox 492 1460 2078 1534">
    <p class='ocr_par' dir='ltr' id='par_1_19' title="bbox 492 1460 2078 1534">
     <span class='ocr_line' id='line_1_19' title="bbox 492 1460 2078 1534; baseline -0.008 -13"><span class='ocrx_word' id='word_1_143' title='bbox 492 1460 807 1521; x_wconf 73' lang='lat' dir='ltr'><strong><em>monumenti</em></strong></span> <span class='ocrx_word' id='word_1_144' title='bbox 836 1464 1133 1534; x_wconf 76' lang='lat' dir='ltr'><strong><em>speluncam</em></strong></span> <span class='ocrx_word' id='word_1_145' title='bbox 1164 1463 1412 1534; x_wconf 75' lang='lat' dir='ltr'><strong><em>intraret,</em></strong></span> <span class='ocrx_word' id='word_1_146' title='bbox 1442 1460 1662 1513; x_wconf 76' lang='lat' dir='ltr'><strong><em>maxime</em></strong></span> <span class='ocrx_word' id='word_1_147' title='bbox 1692 1475 1805 1510; x_wconf 87' lang='lat' dir='ltr'><strong><em>cum</em></strong></span> <span class='ocrx_word' id='word_1_148' title='bbox 1850 1460 2078 1534; x_wconf 81' lang='lat' dir='ltr'><strong><em>psalmus</em></strong></span> 
     </span>
    </p>
   </div>
   <div class='ocr_carea' id='block_1_20' title="bbox 495 1530 2078 1604">
    <p class='ocr_par' dir='ltr' id='par_1_20' title="bbox 495 1530 2078 1604">
     <span class='ocr_line' id='line_1_20' title="bbox 495 1530 2078 1604; baseline -0.006 -15"><span class='ocrx_word' id='word_1_149' title='bbox 495 1541 579 1591; x_wconf 79' lang='lat' dir='ltr'><strong><em>hic</em></strong></span> <span class='ocrx_word' id='word_1_150' title='bbox 608 1551 710 1588; x_wconf 88' lang='lat' dir='ltr'><strong><em>non</em></strong></span> <span class='ocrx_word' id='word_1_151' title='bbox 740 1530 1027 1604; x_wconf 82' lang='lat' dir='ltr'><strong><em>passionem</em></strong></span> <span class='ocrx_word' id='word_1_152' title='bbox 1058 1541 1257 1604; x_wconf 58' lang='lat' dir='ltr'><strong><em>tantum</em></strong></span> <span class='ocrx_word' id='word_1_153' title='bbox 1283 1531 1443 1604; x_wconf 80' lang='lat' dir='ltr'><strong><em>illius,</em></strong></span> <span class='ocrx_word' id='word_1_154' title='bbox 1471 1534 1555 1584; x_wconf 84' lang='lat' dir='ltr'><strong><em>sed</em></strong></span> <span class='ocrx_word' id='word_1_155' title='bbox 1584 1539 1630 1582; x_wconf 87' lang='lat' dir='ltr'><strong><em>et</em></strong></span> <span class='ocrx_word' id='word_1_156' title='bbox 1653 1530 2078 1604; x_wconf 58' lang='lat' dir='ltr'><strong><em>resurrectionem</em></strong></span> 
     </span>
    </p>
   </div>
   <div class='ocr_carea' id='block_1_21' title="bbox 492 1599 2073 1668">
    <p class='ocr_par' dir='ltr' id='par_1_21' title="bbox 492 1599 2073 1668">
     <span class='ocr_line' id='line_1_21' title="bbox 492 1599 2073 1668; baseline -0.007 -7"><span class='ocrx_word' id='word_1_157' title='bbox 492 1599 751 1663; x_wconf 47' lang='lat' dir='ltr'><strong><em>decantet;</em></strong></span> <span class='ocrx_word' id='word_1_158' title='bbox 775 1604 1026 1657; x_wconf 75' lang='lat' dir='ltr'><strong><em>Dominus</em></strong></span> <span class='ocrx_word' id='word_1_159' title='bbox 1048 1599 1285 1655; x_wconf 83' lang='lat' dir='ltr'><strong><em>Christus</em></strong></span> <span class='ocrx_word' id='word_1_160' title='bbox 1304 1601 1357 1653; x_wconf 86' lang='lat' dir='ltr'><strong><em>in</em></strong></span> <span class='ocrx_word' id='word_1_161' title='bbox 1382 1605 1546 1668; x_wconf 87' lang='lat' dir='ltr'><strong><em>prima</em></strong></span> <span class='ocrx_word' id='word_1_162' title='bbox 1565 1610 1712 1668; x_wconf 86' lang='lat' dir='ltr'><strong><em>parte</em></strong></span> <span class='ocrx_word' id='word_1_163' title='bbox 1736 1601 1917 1665; x_wconf 78' lang='lat' dir='ltr'><strong><em>psalmi</em></strong></span> <span class='ocrx_word' id='word_1_164' title='bbox 1939 1609 2073 1659; x_wconf 83' lang='lat' dir='ltr'><strong><em>orat,</em></strong></span> 
     </span>
    </p>
   </div>
   <div class='ocr_carea' id='block_1_22' title="bbox 489 1669 2078 1741">
    <p class='ocr_par' dir='ltr' id='par_1_22' title="bbox 489 1669 2078 1741">
     <span class='ocr_line' id='line_1_22' title="bbox 489 1669 2078 1741; baseline -0.008 -7"><span class='ocrx_word' id='word_1_165' title='bbox 489 1680 738 1735; x_wconf 74' lang='lat' dir='ltr'><strong><em>sollicitus</em></strong></span> <span class='ocrx_word' id='word_1_166' title='bbox 768 1675 1047 1729; x_wconf 87' lang='lat' dir='ltr'><strong><em>secundum</em></strong></span> <span class='ocrx_word' id='word_1_167' title='bbox 1090 1673 1488 1735; x_wconf 78' lang='lat' dir='ltr'><strong><em>humanitatem,</em></strong></span> <span class='ocrx_word' id='word_1_168' title='bbox 1520 1689 1620 1741; x_wconf 90' lang='lat' dir='ltr'><strong><em>qua</em></strong></span> <span class='ocrx_word' id='word_1_169' title='bbox 1663 1687 1841 1739; x_wconf 87' lang='lat' dir='ltr'><strong><em>passus</em></strong></span> <span class='ocrx_word' id='word_1_170' title='bbox 1868 1681 1964 1723; x_wconf 90' lang='lat' dir='ltr'><strong><em>est.</em></strong></span> <span class='ocrx_word' id='word_1_171' title='bbox 2013 1669 2078 1741; x_wconf 80' lang='lat' dir='ltr'><strong><em>lu</em></strong></span> 
     </span>
    </p>
   </div>
   <div class='ocr_carea' id='block_1_23' title="bbox 488 1738 2076 1810">
    <p class='ocr_par' dir='ltr' id='par_1_23' title="bbox 488 1738 2076 1810">
     <span class='ocr_line' id='line_1_23' title="bbox 488 1738 2076 1810; baseline -0.008 -7"><span class='ocrx_word' id='word_1_172' title='bbox 488 1749 717 1803; x_wconf 83' lang='lat' dir='ltr'><strong><em>secunda</em></strong></span> <span class='ocrx_word' id='word_1_173' title='bbox 747 1743 1130 1798; x_wconf 75' lang='lat' dir='ltr'><strong><em>resurrectionis</em></strong></span> <span class='ocrx_word' id='word_1_174' title='bbox 1174 1758 1283 1795; x_wconf 77' lang='lat' dir='ltr'><strong><em>suae</em></strong></span> <span class='ocrx_word' id='word_1_175' title='bbox 1312 1738 1540 1810; x_wconf 83' lang='lat' dir='ltr'><strong><em>gloriam</em></strong></span> <span class='ocrx_word' id='word_1_176' title='bbox 1575 1738 1957 1794; x_wconf 74' lang='lat' dir='ltr'><strong><em>commemorat.</em></strong></span> <span class='ocrx_word' id='word_1_177' title='bbox 2010 1738 2076 1791; x_wconf 82' lang='lat' dir='ltr'><strong><em>In</em></strong></span> 
     </span>
    </p>
   </div>
   <div class='ocr_carea' id='block_1_24' title="bbox 493 1812 2079 1878">
    <p class='ocr_par' dir='ltr' id='par_1_24' title="bbox 493 1812 2079 1878">
     <span class='ocr_line' id='line_1_24' title="bbox 493 1812 2079 1878; baseline -0.006 -5"><span class='ocrx_word' id='word_1_178' title='bbox 493 1820 643 1874; x_wconf 85' lang='lat' dir='ltr'><strong><em>tertia</em></strong></span> <span class='ocrx_word' id='word_1_179' title='bbox 674 1818 854 1869; x_wconf 83' lang='lat' dir='ltr'><strong><em>laudes</em></strong></span> <span class='ocrx_word' id='word_1_180' title='bbox 881 1812 1029 1865; x_wconf 85' lang='lat' dir='ltr'><strong><em>Patri</em></strong></span> <span class='ocrx_word' id='word_1_181' title='bbox 1056 1820 1167 1878; x_wconf 76' lang='lat' dir='ltr'><strong><em>past</em></strong></span> <span class='ocrx_word' id='word_1_182' title='bbox 1209 1816 1629 1865; x_wconf 81' lang='lat' dir='ltr'><strong><em>resurrectionem</em></strong></span> <span class='ocrx_word' id='word_1_183' title='bbox 1660 1814 1895 1863; x_wconf 82' lang='lat' dir='ltr'><strong><em>decantat</em></strong></span> <span class='ocrx_word' id='word_1_184' title='bbox 1920 1826 1936 1873; x_wconf 89' lang='lat'><strong><em>;</em></strong></span> <span class='ocrx_word' id='word_1_185' title='bbox 1967 1826 2079 1878; x_wconf 76' lang='lat' dir='ltr'><strong><em>qua?</em></strong></span> 
     </span>
    </p>
   </div>
   <div class='ocr_carea' id='block_1_25' title="bbox 492 1883 2075 1953">
    <p class='ocr_par' dir='ltr' id='par_1_25' title="bbox 492 1883 2075 1953">
     <span class='ocr_line' id='line_1_25' title="bbox 492 1883 2075 1953; baseline -0.006 -10"><span class='ocrx_word' id='word_1_186' title='bbox 492 1890 720 1944; x_wconf 83' lang='lat' dir='ltr'><strong><em>membra</em></strong></span> <span class='ocrx_word' id='word_1_187' title='bbox 773 1884 1174 1953; x_wconf 84' lang='lat' dir='ltr'><strong><em>diapsalmutum</em></strong></span> <span class='ocrx_word' id='word_1_188' title='bbox 1225 1898 1424 1952; x_wconf 87' lang='lat' dir='ltr'><strong><em>quoque</em></strong></span> <span class='ocrx_word' id='word_1_189' title='bbox 1465 1884 1843 1951; x_wconf 82' lang='lat' dir='ltr'><strong><em>interpositione</em></strong></span> <span class='ocrx_word' id='word_1_190' title='bbox 1890 1883 2075 1934; x_wconf 85' lang='lat' dir='ltr'><strong><em>distin-</em></strong></span> 
     </span>
    </p>
   </div>
   <div class='ocr_carea' id='block_1_26' title="bbox 488 1968 680 2033">
    <p class='ocr_par' dir='ltr' id='par_1_26' title="bbox 488 1968 680 2033">
     <span class='ocr_line' id='line_1_26' title="bbox 488 1968 680 2033; baseline -0.016 -20"><span class='ocrx_word' id='word_1_191' title='bbox 488 1968 680 2033; x_wconf 78' lang='lat' dir='ltr'><strong><em>guunt.</em></strong></span> 
     </span>
    </p>
   </div>
   <div class='ocr_carea' id='block_1_27' title="bbox 1060 2056 1488 2099">
    <p class='ocr_par' dir='ltr' id='par_1_27' title="bbox 1060 2056 1488 2099">
     <span class='ocr_line' id='line_1_27' title="bbox 1060 2056 1488 2099; baseline -0.009 0"><span class='ocrx_word' id='word_1_192' title='bbox 1060 2056 1488 2099; x_wconf 66' lang='lat' dir='ltr'><strong><em>COMHENTARIUS.</em></strong></span> 
     </span>
    </p>
   </div>
   <div class='ocr_carea' id='block_1_28' title="bbox 561 2151 2074 2225">
    <p class='ocr_par' dir='ltr' id='par_1_28' title="bbox 561 2151 2074 2225">
     <span class='ocr_line' id='line_1_28' title="bbox 561 2151 2074 2225; baseline -0.007 -8"><span class='ocrx_word' id='word_1_193' title='bbox 561 2164 806 2217; x_wconf 83' lang='lat' dir='ltr'><strong><em>Miserere</em></strong></span> <span class='ocrx_word' id='word_1_194' title='bbox 835 2159 931 2213; x_wconf 87' lang='lat' dir='ltr'><strong><em>mei</em></strong></span> <span class='ocrx_word' id='word_1_195' title='bbox 955 2199 971 2225; x_wconf 92' lang='lat'><strong><em>,</em></strong></span> <span class='ocrx_word' id='word_1_196' title='bbox 1004 2155 1141 2209; x_wconf 89' lang='lat' dir='ltr'><strong><em>Deus</em></strong></span> <span class='ocrx_word' id='word_1_197' title='bbox 1163 2195 1178 2217; x_wconf 90' lang='lat'><strong><em>,</em></strong></span> <span class='ocrx_word' id='word_1_198' title='bbox 1216 2155 1455 2207; x_wconf 75' lang='lat' dir='ltr'><strong><em>miserere</em></strong></span> <span class='ocrx_word' id='word_1_199' title='bbox 1492 2151 1589 2204; x_wconf 88' lang='lat' dir='ltr'><strong><em>mei</em></strong></span> <span class='ocrx_word' id='word_1_200' title='bbox 1614 2193 1631 2216; x_wconf 91' lang='lat'><strong><em>,</em></strong></span> <span class='ocrx_word' id='word_1_201' title='bbox 1677 2155 1915 2215; x_wconf 86' lang='lat' dir='ltr'><strong><em>quoniam</em></strong></span> <span class='ocrx_word' id='word_1_202' title='bbox 1944 2155 1996 2206; x_wconf 87' lang='lat' dir='ltr'><strong><em>in</em></strong></span> <span class='ocrx_word' id='word_1_203' title='bbox 2027 2166 2074 2207; x_wconf 91' lang='lat' dir='ltr'><strong><em>te</em></strong></span> 
     </span>
    </p>
   </div>
   <div class='ocr_carea' id='block_1_29' title="bbox 490 2225 2070 2303">
    <p class='ocr_par' dir='ltr' id='par_1_29' title="bbox 490 2225 2070 2303">
     <span class='ocr_line' id='line_1_29' title="bbox 490 2225 2070 2303; baseline -0.008 -15"><span class='ocrx_word' id='word_1_204' title='bbox 490 2236 699 2303; x_wconf 73' lang='lat' dir='ltr'><strong><em>conﬁdit</em></strong></span> <span class='ocrx_word' id='word_1_205' title='bbox 732 2233 904 2286; x_wconf 89' lang='lat' dir='ltr'><strong><em>anima</em></strong></span> <span class='ocrx_word' id='word_1_206' title='bbox 925 2244 1058 2281; x_wconf 88' lang='lat' dir='ltr'><strong><em>mea.</em></strong></span> <span class='ocrx_word' id='word_1_207' title='bbox 1086 2225 1325 2279; x_wconf 81' lang='lat' dir='ltr'><strong><em>Psalmus</em></strong></span> <span class='ocrx_word' id='word_1_208' title='bbox 1352 2227 1476 2303; x_wconf 71' lang='lat' dir='ltr'><strong><em>iste,</em></strong></span> <span class='ocrx_word' id='word_1_209' title='bbox 1495 2226 1563 2276; x_wconf 87' lang='lat' dir='ltr'><strong><em>de</em></strong></span> <span class='ocrx_word' id='word_1_210' title='bbox 1592 2225 1835 2303; x_wconf 76' lang='lat' dir='ltr'><strong><em>passione</em></strong></span> <span class='ocrx_word' id='word_1_211' title='bbox 1865 2225 2070 2278; x_wconf 80' lang='lat' dir='ltr'><strong><em>Domini</em></strong></span> 
     </span>
    </p>
   </div>
   <div class='ocr_carea' id='block_1_30' title="bbox 490 2293 2073 2370">
    <p class='ocr_par' dir='ltr' id='par_1_30' title="bbox 490 2293 2073 2370">
     <span class='ocr_line' id='line_1_30' title="bbox 490 2293 2073 2370; baseline -0.006 -11"><span class='ocrx_word' id='word_1_212' title='bbox 490 2293 728 2370; x_wconf 72' lang='lat' dir='ltr'><strong><em>notatus,</em></strong></span> <span class='ocrx_word' id='word_1_213' title='bbox 759 2304 1205 2370; x_wconf 15' lang='lat' dir='ltr'><strong><em>docetiquantum</em></strong></span> <span class='ocrx_word' id='word_1_214' title='bbox 1239 2308 1335 2348; x_wconf 88' lang='lat' dir='ltr'><strong><em>nos</em></strong></span> <span class='ocrx_word' id='word_1_215' title='bbox 1388 2293 1611 2370; x_wconf 67' lang='lat' dir='ltr'><strong><em>diligere</em></strong></span> <span class='ocrx_word' id='word_1_216' title='bbox 1638 2295 1926 2370; x_wconf 77' lang='lat' dir='ltr'><strong><em>debeamus</em></strong></span> <span class='ocrx_word' id='word_1_217' title='bbox 1956 2336 1992 2370; x_wconf 87' lang='lat'><strong><em>,_</em></strong></span> <span class='ocrx_word' id='word_1_218' title='bbox 2018 2306 2073 2349; x_wconf 86' lang='lat' dir='ltr'><strong><em>et</em></strong></span> 
     </span>
    </p>
   </div>
   <div class='ocr_carea' id='block_1_31' title="bbox 488 2363 2071 2440">
    <p class='ocr_par' dir='ltr' id='par_1_31' title="bbox 488 2363 2071 2440">
     <span class='ocr_line' id='line_1_31' title="bbox 488 2363 2071 2440; baseline -0.006 -13"><span class='ocrx_word' id='word_1_219' title='bbox 488 2388 685 2440; x_wconf 50' lang='lat' dir='ltr'><strong><em>«attenta</em></strong></span> <span class='ocrx_word' id='word_1_220' title='bbox 714 2363 785 2426; x_wconf 70' lang='lat' dir='ltr'><strong><em>sit</em></strong></span> <span class='ocrx_word' id='word_1_221' title='bbox 821 2363 1059 2440; x_wconf 83' lang='lat' dir='ltr'><strong><em>perfecta</em></strong></span> <span class='ocrx_word' id='word_1_222' title='bbox 1111 2380 1359 2440; x_wconf 78' lang='lat' dir='ltr'><strong><em>mensura</em></strong></span> <span class='ocrx_word' id='word_1_223' title='bbox 1404 2365 1748 2440; x_wconf 73' lang='lat' dir='ltr'><strong><em>dilectionis,</em></strong></span> <span class='ocrx_word' id='word_1_224' title='bbox 1799 2363 2071 2440; x_wconf 27' lang='lat' dir='ltr'><strong><em>quieuDeo</em></strong></span> 
     </span>
    </p>
   </div>
   <div class='ocr_carea' id='block_1_32' title="bbox 493 2435 2065 2514">
    <p class='ocr_par' dir='ltr' id='par_1_32' title="bbox 493 2435 2065 2514">
     <span class='ocr_line' id='line_1_32' title="bbox 493 2435 2065 2514; baseline -0.004 -18"><span class='ocrx_word' id='word_1_225' title='bbox 493 2435 661 2514; x_wconf 77' lang='lat' dir='ltr'><strong><em>placet</em></strong></span> <span class='ocrx_word' id='word_1_226' title='bbox 681 2486 697 2511; x_wconf 93' lang='lat'><strong><em>,</em></strong></span> <span class='ocrx_word' id='word_1_227' title='bbox 726 2435 847 2514; x_wconf 24' lang='lat' dir='ltr'><strong><em>qusi</em></strong></span> <span class='ocrx_word' id='word_1_228' title='bbox 861 2440 1006 2514; x_wconf 79' lang='lat' dir='ltr'><strong><em>nulla</em></strong></span> <span class='ocrx_word' id='word_1_229' title='bbox 1052 2437 1221 2505; x_wconf 83' lang='lat' dir='ltr'><strong><em>major</em></strong></span> <span class='ocrx_word' id='word_1_230' title='bbox 1250 2443 1366 2514; x_wconf 37' lang='lat' dir='ltr'><strong><em>est...</em></strong></span> <span class='ocrx_word' id='word_1_231' title='bbox 1401 2436 1533 2514; x_wconf 74' lang='lat' dir='ltr'><strong><em>quia</em></strong></span> <span class='ocrx_word' id='word_1_232' title='bbox 1567 2435 1662 2487; x_wconf 80' lang='lat' dir='ltr'><strong><em>iste</em></strong></span> <span class='ocrx_word' id='word_1_233' title='bbox 1690 2435 1759 2487; x_wconf 87' lang='lat' dir='ltr'><strong><em>de</em></strong></span> <span class='ocrx_word' id='word_1_234' title='bbox 1789 2451 1853 2489; x_wconf 85' lang='lat' dir='ltr'><strong><em>ea</em></strong></span> <span class='ocrx_word' id='word_1_235' title='bbox 1896 2436 2065 2514; x_wconf 84' lang='lat' dir='ltr'><strong><em>dicit:</em></strong></span> 
     </span>
    </p>
   </div>
   <div class='ocr_carea' id='block_1_33' title="bbox 491 2506 2067 2588">
    <p class='ocr_par' dir='ltr' id='par_1_33' title="bbox 491 2506 2067 2588">
     <span class='ocr_line' id='line_1_33' title="bbox 491 2506 2067 2588; baseline -0.006 -21"><span class='ocrx_word' id='word_1_236' title='bbox 491 2506 758 2588; x_wconf 57' lang='lat' dir='ltr'><strong><em>&#39;Majorem</em></strong></span> <span class='ocrx_word' id='word_1_237' title='bbox 799 2512 1095 2588; x_wconf 84' lang='lat' dir='ltr'><strong><em>cltaritatem</em></strong></span> <span class='ocrx_word' id='word_1_238' title='bbox 1143 2521 1290 2586; x_wconf 79' lang='lat' dir='ltr'><strong><em>nemo</em></strong></span> <span class='ocrx_word' id='word_1_239' title='bbox 1321 2506 1690 2588; x_wconf 47' lang='lat' dir='ltr'><strong><em>habet,_‘quam</em></strong></span> <span class='ocrx_word' id='word_1_240' title='bbox 1739 2516 1793 2557; x_wconf 88' lang='lat' dir='ltr'><strong><em>ut</em></strong></span> <span class='ocrx_word' id='word_1_241' title='bbox 1811 2508 2067 2588; x_wconf 51' lang='lat' dir='ltr'><strong><em>“animum</em></strong></span> 
     </span>
    </p>
   </div>
   <div class='ocr_carea' id='block_1_34' title="bbox 492 2574 2067 2652">
    <p class='ocr_par' dir='ltr' id='par_1_34' title="bbox 492 2574 2067 2652">
     <span class='ocr_line' id='line_1_34' title="bbox 492 2574 2067 2652; baseline -0.004 -15"><span class='ocrx_word' id='word_1_242' title='bbox 492 2574 636 2639; x_wconf 66' lang='lat' dir='ltr'><strong><em>suain</em></strong></span> <span class='ocrx_word' id='word_1_243' title='bbox 668 2594 823 2652; x_wconf 88' lang='lat' dir='ltr'><strong><em>ponat</em></strong></span> <span class='ocrx_word' id='word_1_244' title='bbox 852 2582 961 2651; x_wconf 85' lang='lat' dir='ltr'><strong><em>quis</em></strong></span> <span class='ocrx_word' id='word_1_245' title='bbox 1010 2593 1102 2643; x_wconf 89' lang='lat' dir='ltr'><strong><em>pro</em></strong></span> <span class='ocrx_word' id='word_1_246' title='bbox 1130 2576 1311 2652; x_wconf 80' lang='lat' dir='ltr'><strong><em>amicis</em></strong></span> <span class='ocrx_word' id='word_1_247' title='bbox 1342 2575 1467 2652; x_wconf 74' lang='lat' dir='ltr'><strong><em>suis.</em></strong></span> <span class='ocrx_word' id='word_1_248' title='bbox 1510 2574 1621 2652; x_wconf 85' lang='lat' dir='ltr'><strong><em>ll_oc</em></strong></span> <span class='ocrx_word' id='word_1_249' title='bbox 1647 2575 1766 2652; x_wconf 80' lang='lat' dir='ltr'><strong><em>ipse</em></strong></span> <span class='ocrx_word' id='word_1_250' title='bbox 1811 2575 2067 2631; x_wconf 88' lang='lat' dir='ltr'><strong><em>Dominus</em></strong></span> 
     </span>
    </p>
   </div>
   <div class='ocr_carea' id='block_1_35' title="bbox 491 2644 2067 2726">
    <p class='ocr_par' dir='ltr' id='par_1_35' title="bbox 491 2644 2067 2726">
     <span class='ocr_line' id='line_1_35' title="bbox 491 2644 2067 2726; baseline -0.001 -25"><span class='ocrx_word' id='word_1_251' title='bbox 491 2657 608 2726; x_wconf 75' lang='lat' dir='ltr'><strong><em>ipse</em></strong></span> <span class='ocrx_word' id='word_1_252' title='bbox 642 2644 788 2720; x_wconf 61' lang='lat' dir='ltr'><strong><em>fecit,</em></strong></span> <span class='ocrx_word' id='word_1_253' title='bbox 811 2644 1223 2726; x_wconf 42' lang='lat' dir='ltr'><strong><em>_hoc_apo_stol&#39;os</em></strong></span> <span class='ocrx_word' id='word_1_254' title='bbox 1250 2658 1379 2726; x_wconf 81' lang='lat' dir='ltr'><strong><em>suos</em></strong></span> <span class='ocrx_word' id='word_1_255' title='bbox 1408 2644 1612 2726; x_wconf 64' lang='lat' dir='ltr'><strong><em>docuit,</em></strong></span> <span class='ocrx_word' id='word_1_256' title='bbox 1647 2647 1746 2726; x_wconf 83' lang='lat' dir='ltr'><strong><em>hoc</em></strong></span> <span class='ocrx_word' id='word_1_257' title='bbox 1764 2656 1820 2726; x_wconf 65' lang='lat' dir='ltr'><strong><em>et</em></strong></span> <span class='ocrx_word' id='word_1_258' title='bbox 1849 2662 1943 2726; x_wconf 82' lang='lat' dir='ltr'><strong><em>nos</em></strong></span> <span class='ocrx_word' id='word_1_259' title='bbox 1974 2662 2067 2715; x_wconf 81' lang='lat' dir='ltr'><strong><em>per</em></strong></span> 
     </span>
    </p>
   </div>
   <div class='ocr_carea' id='block_1_36' title="bbox 492 2714 2062 2791">
    <p class='ocr_par' dir='ltr' id='par_1_36' title="bbox 492 2714 2062 2791">
     <span class='ocr_line' id='line_1_36' title="bbox 492 2714 2062 2791; baseline -0.004 -15"><span class='ocrx_word' id='word_1_260' title='bbox 492 2714 994 2791; x_wconf 46' lang='lat' dir='ltr'><strong><em>:tIpOSlOiOS&#39;dOCUil.</em></strong></span> <span class='ocrx_word' id='word_1_261' title='bbox 1032 2720 1093 2771; x_wconf 73' lang='lat' dir='ltr'><strong><em>Et</em></strong></span> <span class='ocrx_word' id='word_1_262' title='bbox 1123 2715 1168 2769; x_wconf 83' lang='lat' dir='ltr'><strong><em>si</em></strong></span> <span class='ocrx_word' id='word_1_263' title='bbox 1212 2717 1331 2781; x_wconf 89' lang='lat' dir='ltr'><strong><em>quis</em></strong></span> <span class='ocrx_word' id='word_1_264' title='bbox 1375 2714 1655 2791; x_wconf 72' lang='lat' dir='ltr'><strong><em>attendens</em></strong></span> <span class='ocrx_word' id='word_1_265' title='bbox 1698 2714 2062 2791; x_wconf 50' lang='lat' dir='ltr'><strong><em>inﬁrmitatem</em></strong></span> 
     </span>
    </p>
   </div>
   <div class='ocr_carea' id='block_1_37' title="bbox 492 2785 2062 2857">
    <p class='ocr_par' dir='ltr' id='par_1_37' title="bbox 492 2785 2062 2857">
     <span class='ocr_line' id='line_1_37' title="bbox 492 2785 2062 2857; baseline -0.005 -10"><span class='ocrx_word' id='word_1_266' title='bbox 492 2785 644 2851; x_wconf 71' lang='lat' dir='ltr'><strong><em>suam</em></strong></span> <span class='ocrx_word' id='word_1_267' title='bbox 676 2791 855 2847; x_wconf 77' lang='lat' dir='ltr'><strong><em>deﬁcit</em></strong></span> <span class='ocrx_word' id='word_1_268' title='bbox 884 2793 933 2843; x_wconf 91' lang='lat' dir='ltr'><strong><em>itt</em></strong></span> <span class='ocrx_word' id='word_1_269' title='bbox 965 2797 1232 2857; x_wconf 69' lang='lat' dir='ltr'><strong><em>praecepto</em></strong></span> <span class='ocrx_word' id='word_1_270' title='bbox 1257 2825 1273 2850; x_wconf 92' lang='lat'><strong><em>,</em></strong></span> <span class='ocrx_word' id='word_1_271' title='bbox 1306 2785 1654 2838; x_wconf 84' lang='lat' dir='ltr'><strong><em>confirmetur</em></strong></span> <span class='ocrx_word' id='word_1_272' title='bbox 1698 2787 1749 2838; x_wconf 90' lang='lat' dir='ltr'><strong><em>in</em></strong></span> <span class='ocrx_word' id='word_1_273' title='bbox 1797 2787 2062 2852; x_wconf 81' lang='lat' dir='ltr'><strong><em>esetnplo.</em></strong></span> 
     </span>
    </p>
   </div>
   <div class='ocr_carea' id='block_1_38' title="bbox 491 2860 2064 2928">
    <p class='ocr_par' dir='ltr' id='par_1_38' title="bbox 491 2860 2064 2928">
     <span class='ocr_line' id='line_1_38' title="bbox 491 2860 2064 2928; baseline -0.007 -8"><span class='ocrx_word' id='word_1_274' title='bbox 491 2868 558 2920; x_wconf 75' lang='lat' dir='ltr'><strong><em>Et</em></strong></span> <span class='ocrx_word' id='word_1_275' title='bbox 584 2878 664 2919; x_wconf 88' lang='lat' dir='ltr'><strong><em>est</em></strong></span> <span class='ocrx_word' id='word_1_276' title='bbox 697 2879 799 2916; x_wconf 75' lang='lat' dir='ltr'><strong><em>Vox</em></strong></span> <span class='ocrx_word' id='word_1_277' title='bbox 828 2860 1040 2928; x_wconf 87' lang='lat' dir='ltr'><strong><em>capitis,</em></strong></span> <span class='ocrx_word' id='word_1_278' title='bbox 1066 2860 1138 2912; x_wconf 84' lang='lat' dir='ltr'><strong><em>ita</em></strong></span> <span class='ocrx_word' id='word_1_279' title='bbox 1170 2868 1349 2928; x_wconf 84' lang='lat' dir='ltr'><strong><em>tamen</em></strong></span> <span class='ocrx_word' id='word_1_280' title='bbox 1382 2862 1442 2907; x_wconf 89' lang='lat' dir='ltr'><strong><em>ut</em></strong></span> <span class='ocrx_word' id='word_1_281' title='bbox 1482 2870 1607 2928; x_wconf 80' lang='lat' dir='ltr'><strong><em>n_ou_</em></strong></span> <span class='ocrx_word' id='word_1_282' title='bbox 1627 2870 1937 2928; x_wconf 74' lang='lat' dir='ltr'><strong><em>separemus</em></strong></span> <span class='ocrx_word' id='word_1_283' title='bbox 1964 2872 2064 2909; x_wconf 87' lang='lat' dir='ltr'><strong><em>vo-</em></strong></span> 
     </span>
    </p>
   </div>
   <div class='ocr_carea' id='block_1_39' title="bbox 490 2924 2065 2999">
    <p class='ocr_par' dir='ltr' id='par_1_39' title="bbox 490 2924 2065 2999">
     <span class='ocr_line' id='line_1_39' title="bbox 490 2924 2065 2999; baseline -0.006 -10"><span class='ocrx_word' id='word_1_284' title='bbox 490 2953 607 2989; x_wconf 86' lang='lat' dir='ltr'><strong><em>cem</em></strong></span> <span class='ocrx_word' id='word_1_285' title='bbox 639 2924 910 2999; x_wconf 67' lang='lat' dir='ltr'><strong><em>corporis,</em></strong></span> <span class='ocrx_word' id='word_1_286' title='bbox 931 2929 1052 2997; x_wconf 84' lang='lat' dir='ltr'><strong><em>quia</em></strong></span> <span class='ocrx_word' id='word_1_287' title='bbox 1085 2927 1257 2999; x_wconf 83' lang='lat' dir='ltr'><strong><em>noluit.</em></strong></span> <span class='ocrx_word' id='word_1_288' title='bbox 1284 2925 1572 2999; x_wconf 71' lang='lat' dir='ltr'><strong><em>separatim</em></strong></span> <span class='ocrx_word' id='word_1_289' title='bbox 1595 2924 1760 2999; x_wconf 66' lang='lat' dir='ltr'><strong><em>loqui,</em></strong></span> <span class='ocrx_word' id='word_1_290' title='bbox 1785 2927 1872 2995; x_wconf 89' lang='lat' dir='ltr'><strong><em>qui</em></strong></span> <span class='ocrx_word' id='word_1_291' title='bbox 1898 2928 2065 2981; x_wconf 82' lang='lat' dir='ltr'><strong><em>noluit</em></strong></span> 
     </span>
    </p>
   </div>
   <div class='ocr_carea' id='block_1_40' title="bbox 491 2993 2062 3073">
    <p class='ocr_par' dir='ltr' id='par_1_40' title="bbox 491 2993 2062 3073">
     <span class='ocr_line' id='line_1_40' title="bbox 491 2993 2062 3073; baseline -0.006 -14"><span class='ocrx_word' id='word_1_292' title='bbox 491 3022 519 3059; x_wconf 85' lang='lat' dir='ltr'><strong><em>a</em></strong></span> <span class='ocrx_word' id='word_1_293' title='bbox 553 2993 778 3073; x_wconf 78' lang='lat' dir='ltr'><strong><em>corpore</em></strong></span> <span class='ocrx_word' id='word_1_294' title='bbox 806 2993 1063 3073; x_wconf 76' lang='lat' dir='ltr'><strong><em>separari.</em></strong></span> <span class='ocrx_word' id='word_1_295' title='bbox 1097 2998 1255 3073; x_wconf 77' lang='lat' dir='ltr'><strong><em>Juxta</em></strong></span> <span class='ocrx_word' id='word_1_296' title='bbox 1294 2993 1437 3063; x_wconf 89' lang='lat' dir='ltr'><strong><em>quod</em></strong></span> <span class='ocrx_word' id='word_1_297' title='bbox 1466 2994 1628 3073; x_wconf 80' lang='lat' dir='ltr'><strong><em>dicit:</em></strong></span> <span class='ocrx_word' id='word_1_298' title='bbox 1680 2993 1816 3047; x_wconf 74' lang='lat' dir='ltr'><strong><em>Ecce</em></strong></span> <span class='ocrx_word' id='word_1_299' title='bbox 1846 3013 1939 3073; x_wconf 76' lang='lat' dir='ltr'><strong><em>ego</em></strong></span> <span class='ocrx_word' id='word_1_300' title='bbox 1976 3012 2062 3049; x_wconf 85' lang='lat' dir='ltr'><strong><em>vo-</em></strong></span> 
     </span>
    </p>
   </div>
   <div class='ocr_carea' id='block_1_41' title="bbox 496 3067 2060 3133">
    <p class='ocr_par' dir='ltr' id='par_1_41' title="bbox 496 3067 2060 3133">
     <span class='ocr_line' id='line_1_41' title="bbox 496 3067 2060 3133; baseline -0.005 -5"><span class='ocrx_word' id='word_1_301' title='bbox 496 3067 680 3129; x_wconf 69' lang='lat' dir='ltr'><strong><em>biscum</em></strong></span> <span class='ocrx_word' id='word_1_302' title='bbox 706 3089 820 3127; x_wconf 87' lang='lat' dir='ltr'><strong><em>sum</em></strong></span> <span class='ocrx_word' id='word_1_303' title='bbox 846 3067 1077 3125; x_wconf 85' lang='lat' dir='ltr'><strong><em>omnibus</em></strong></span> <span class='ocrx_word' id='word_1_304' title='bbox 1105 3067 1281 3120; x_wconf 88' lang='lat' dir='ltr'><strong><em>diebus</em></strong></span> <span class='ocrx_word' id='word_1_305' title='bbox 1310 3078 1466 3133; x_wconf 90' lang='lat' dir='ltr'><strong><em>usque</em></strong></span> <span class='ocrx_word' id='word_1_306' title='bbox 1491 3067 1559 3117; x_wconf 83' lang='lat' dir='ltr'><strong><em>ad</em></strong></span> <span class='ocrx_word' id='word_1_307' title='bbox 1585 3067 2060 3120; x_wconf 82' lang='lat' dir='ltr'><strong><em>consummationem</em></strong></span> 
     </span>
    </p>
   </div>
   <div class='ocr_carea' id='block_1_42' title="bbox 493 3133 2062 3211">
    <p class='ocr_par' dir='ltr' id='par_1_42' title="bbox 493 3133 2062 3211">
     <span class='ocr_line' id='line_1_42' title="bbox 493 3133 2062 3211; baseline -0.014 -12"><span class='ocrx_word' id='word_1_308' title='bbox 493 3148 688 3199; x_wconf 81' lang='lat' dir='ltr'><strong><em>steculi.</em></strong></span> <span class='ocrx_word' id='word_1_309' title='bbox 722 3142 887 3211; x_wconf 63' lang='lat' dir='ltr'><strong><em>(Euius</em></strong></span> <span class='ocrx_word' id='word_1_310' title='bbox 915 3140 1098 3211; x_wconf 84' lang='lat' dir='ltr'><strong><em>titulus</em></strong></span> <span class='ocrx_word' id='word_1_311' title='bbox 1135 3148 1247 3190; x_wconf 88' lang='lat' dir='ltr'><strong><em>est:</em></strong></span> <span class='ocrx_word' id='word_1_312' title='bbox 1280 3133 1347 3189; x_wconf 85' lang='lat' dir='ltr'><strong><em>In</em></strong></span> <span class='ocrx_word' id='word_1_313' title='bbox 1374 3138 1525 3211; x_wconf 79' lang='lat' dir='ltr'><strong><em>linem</em></strong></span> <span class='ocrx_word' id='word_1_314' title='bbox 1551 3150 1612 3185; x_wconf 89' lang='lat' dir='ltr'><strong><em>ne</em></strong></span> <span class='ocrx_word' id='word_1_315' title='bbox 1636 3151 1931 3211; x_wconf 57' lang='lat' dir='ltr'><strong><em>corrumpas</em></strong></span> <span class='ocrx_word' id='word_1_316' title='bbox 1964 3138 2062 3211; x_wconf 69' lang='lat' dir='ltr'><strong><em>pa-</em></strong></span> 
     </span>
    </p>
   </div>
   <div class='ocr_carea' id='block_1_43' title="bbox 488 3185 2134 3280">
    <p class='ocr_par' dir='ltr' id='par_1_43' title="bbox 488 3185 2134 3280">
     <span class='ocr_line' id='line_1_43' title="bbox 488 3185 2134 3280; baseline -0.005 -13"><span class='ocrx_word' id='word_1_317' title='bbox 1415 3185 1670 3280; x_wconf 15' lang='lat' dir='ltr'><strong><em>rfuqeretha</em></strong></span> <span class='ocrx_word' id='word_1_318' title='bbox 1697 3185 1826 3280; x_wconf 74' lang='lat' dir='ltr'><strong><em>facie</em></strong></span> <span class='ocrx_word' id='word_1_319' title='bbox 2087 3185 2134 3247; x_wconf 58' lang='grc' dir='ltr'><strong><em>(ἶ</em></strong></span> 
     </span>
    </p>
   </div>
   <div class='ocr_carea' id='block_1_44' title="bbox 488 3274 2061 3353">
    <p class='ocr_par' dir='ltr' id='par_1_44' title="bbox 488 3274 2061 3353">
     <span class='ocr_line' id='line_1_44' title="bbox 488 3274 2061 3353; baseline -0.006 -13"><span class='ocrx_word' id='word_1_320' title='bbox 488 3274 801 3353; x_wconf 72' lang='lat' dir='ltr'><strong><em>speluncam.</em></strong></span> <span class='ocrx_word' id='word_1_321' title='bbox 831 3282 982 3348; x_wconf 84' lang='lat' dir='ltr'><strong><em>Quod</em></strong></span> <span class='ocrx_word' id='word_1_322' title='bbox 1011 3274 1141 3332; x_wconf 80' lang='lat' dir='ltr'><strong><em>dicit</em></strong></span> <span class='ocrx_word' id='word_1_323' title='bbox 1181 3292 1246 3353; x_wconf 76' lang='lat' dir='ltr'><strong><em>ne</em></strong></span> <span class='ocrx_word' id='word_1_324' title='bbox 1273 3290 1569 3353; x_wconf 76' lang='lat' dir='ltr'><strong><em>corrumpas</em></strong></span> <span class='ocrx_word' id='word_1_325' title='bbox 1602 3274 1767 3353; x_wconf 75' lang='lat' dir='ltr'><strong><em>David</em></strong></span> <span class='ocrx_word' id='word_1_326' title='bbox 1787 3317 1802 3341; x_wconf 91' lang='lat'><strong><em>,</em></strong></span> <span class='ocrx_word' id='word_1_327' title='bbox 1832 3279 1893 3353; x_wconf 82' lang='lat' dir='ltr'><strong><em>in_</em></strong></span> <span class='ocrx_word' id='word_1_328' title='bbox 1923 3277 2061 3353; x_wconf 83' lang='lat' dir='ltr'><strong><em>tituli</em></strong></span> 
     </span>
    </p>
   </div>
   <div class='ocr_carea' id='block_1_45' title="bbox 490 3346 2059 3423">
    <p class='ocr_par' dir='ltr' id='par_1_45' title="bbox 490 3346 2059 3423">
     <span class='ocr_line' id='line_1_45' title="bbox 490 3346 2059 3423; baseline -0.005 -13"><span class='ocrx_word' id='word_1_329' title='bbox 490 3346 969 3423; x_wconf 67' lang='lat' dir='ltr'><strong><em>inscriptione,itott</em></strong></span> <span class='ocrx_word' id='word_1_330' title='bbox 994 3357 1180 3423; x_wconf 74' lang='lat' dir='ltr'><strong><em>potest</em></strong></span> <span class='ocrx_word' id='word_1_331' title='bbox 1194 3346 1354 3423; x_wconf 83' lang='lat' dir='ltr'><strong><em>David</em></strong></span> <span class='ocrx_word' id='word_1_332' title='bbox 1381 3346 1637 3399; x_wconf 80' lang='lat' dir='ltr'><strong><em>histeriali</em></strong></span> <span class='ocrx_word' id='word_1_333' title='bbox 1659 3348 1915 3423; x_wconf 73' lang='lat' dir='ltr'><strong><em>adaptari,</em></strong></span> <span class='ocrx_word' id='word_1_334' title='bbox 1936 3349 2059 3416; x_wconf 86' lang='lat' dir='ltr'><strong><em>quia</em></strong></span> 
     </span>
    </p>
   </div>
   <div class='ocr_carea' id='block_1_46' title="bbox 493 3418 2061 3488">
    <p class='ocr_par' dir='ltr' id='par_1_46' title="bbox 493 3418 2061 3488">
     <span class='ocr_line' id='line_1_46' title="bbox 493 3418 2061 3488; baseline -0.012 -10"><span class='ocrx_word' id='word_1_335' title='bbox 493 3418 669 3479; x_wconf 79' lang='lat' dir='ltr'><strong><em>nullus</em></strong></span> <span class='ocrx_word' id='word_1_336' title='bbox 700 3426 888 3478; x_wconf 85' lang='lat' dir='ltr'><strong><em>titulus</em></strong></span> <span class='ocrx_word' id='word_1_337' title='bbox 915 3421 1108 3488; x_wconf 85' lang='lat' dir='ltr'><strong><em>legitur</em></strong></span> <span class='ocrx_word' id='word_1_338' title='bbox 1135 3418 1186 3472; x_wconf 88' lang='lat' dir='ltr'><strong><em>ei</em></strong></span> <span class='ocrx_word' id='word_1_339' title='bbox 1216 3419 1449 3484; x_wconf 87' lang='lat' dir='ltr'><strong><em>scriptus</em></strong></span> <span class='ocrx_word' id='word_1_340' title='bbox 1474 3455 1490 3488; x_wconf 83' lang='lat'><strong><em>,</em></strong></span> <span class='ocrx_word' id='word_1_341' title='bbox 1528 3429 1689 3488; x_wconf 72' lang='lat' dir='ltr'><strong><em>quem</em></strong></span> <span class='ocrx_word' id='word_1_342' title='bbox 1722 3418 1848 3471; x_wconf 86' lang='lat' dir='ltr'><strong><em>Saul</em></strong></span> <span class='ocrx_word' id='word_1_343' title='bbox 1876 3433 2061 3471; x_wconf 81' lang='lat' dir='ltr'><strong><em>Curru-</em></strong></span> 
     </span>
    </p>
   </div>
   <div class='ocr_carea' id='block_1_47' title="bbox 494 3483 2061 3565">
    <p class='ocr_par' dir='ltr' id='par_1_47' title="bbox 494 3483 2061 3565">
     <span class='ocr_line' id='line_1_47' title="bbox 494 3483 2061 3565; baseline -0.004 -16"><span class='ocrx_word' id='word_1_344' title='bbox 494 3508 649 3565; x_wconf 70' lang='lat' dir='ltr'><strong><em>perit,</em></strong></span> <span class='ocrx_word' id='word_1_345' title='bbox 680 3497 760 3550; x_wconf 88' lang='lat' dir='ltr'><strong><em>vel</em></strong></span> <span class='ocrx_word' id='word_1_346' title='bbox 789 3483 994 3565; x_wconf 38' lang='lat' dir='ltr'><strong><em>aliquisf</em></strong></span> <span class='ocrx_word' id='word_1_347' title='bbox 1009 3483 1414 3565; x_wconf 84' lang='lat' dir='ltr'><strong><em>persecuturum</em></strong></span> <span class='ocrx_word' id='word_1_348' title='bbox 1446 3486 1582 3563; x_wconf 76' lang='lat' dir='ltr'><strong><em>ejus.</em></strong></span> <span class='ocrx_word' id='word_1_349' title='bbox 1609 3483 1676 3537; x_wconf 90' lang='lat' dir='ltr'><strong><em>Et</em></strong></span> <span class='ocrx_word' id='word_1_350' title='bbox 1700 3487 1948 3565; x_wconf 76' lang='lat' dir='ltr'><strong><em>quianon</em></strong></span> <span class='ocrx_word' id='word_1_351' title='bbox 1981 3490 2061 3565; x_wconf 83' lang='lat' dir='ltr'><strong><em>in-</em></strong></span> 
     </span>
    </p>
   </div>
   <div class='ocr_carea' id='block_1_48' title="bbox 495 3556 2057 3628">
    <p class='ocr_par' dir='ltr' id='par_1_48' title="bbox 495 3556 2057 3628">
     <span class='ocr_line' id='line_1_48' title="bbox 495 3556 2057 3628; baseline -0.004 -9"><span class='ocrx_word' id='word_1_352' title='bbox 495 3556 703 3620; x_wconf 63' lang='lat' dir='ltr'><strong><em>venitur</em></strong></span> <span class='ocrx_word' id='word_1_353' title='bbox 726 3567 777 3617; x_wconf 91' lang='lat' dir='ltr'><strong><em>in</em></strong></span> <span class='ocrx_word' id='word_1_354' title='bbox 807 3556 1047 3621; x_wconf 74' lang='lat' dir='ltr'><strong><em>historia,</em></strong></span> <span class='ocrx_word' id='word_1_355' title='bbox 1073 3567 1288 3628; x_wconf 79' lang='lat' dir='ltr'><strong><em>oportet</em></strong></span> <span class='ocrx_word' id='word_1_356' title='bbox 1311 3565 1369 3628; x_wconf 86' lang='lat' dir='ltr'><strong><em>ut</em></strong></span> <span class='ocrx_word' id='word_1_357' title='bbox 1392 3556 1691 3628; x_wconf 84' lang='lat' dir='ltr'><strong><em>inveniatur</em></strong></span> <span class='ocrx_word' id='word_1_358' title='bbox 1712 3557 1765 3628; x_wconf 82' lang='lat' dir='ltr'><strong><em>in</em></strong></span> <span class='ocrx_word' id='word_1_359' title='bbox 1789 3558 2057 3623; x_wconf 81' lang='lat' dir='ltr'><strong><em>allegoria.</em></strong></span> 
     </span>
    </p>
   </div>
   <div class='ocr_carea' id='block_1_49' title="bbox 494 3627 2061 3701">
    <p class='ocr_par' dir='ltr' id='par_1_49' title="bbox 494 3627 2061 3701">
     <span class='ocr_line' id='line_1_49' title="bbox 494 3627 2061 3701; baseline -0.006 -10"><span class='ocrx_word' id='word_1_360' title='bbox 494 3638 709 3701; x_wconf 76' lang='lat' dir='ltr'><strong><em>Legitur</em></strong></span> <span class='ocrx_word' id='word_1_361' title='bbox 737 3635 877 3687; x_wconf 86' lang='lat' dir='ltr'><strong><em>enim</em></strong></span> <span class='ocrx_word' id='word_1_362' title='bbox 910 3632 1125 3699; x_wconf 89' lang='lat' dir='ltr'><strong><em>quidam</em></strong></span> <span class='ocrx_word' id='word_1_363' title='bbox 1151 3627 1412 3701; x_wconf 87' lang='lat' dir='ltr'><strong><em>titulus_in</em></strong></span> <span class='ocrx_word' id='word_1_364' title='bbox 1438 3627 1682 3701; x_wconf 78' lang='lat' dir='ltr'><strong><em>passione</em></strong></span> <span class='ocrx_word' id='word_1_365' title='bbox 1707 3627 1913 3680; x_wconf 84' lang='lat' dir='ltr'><strong><em>Domini</em></strong></span> <span class='ocrx_word' id='word_1_366' title='bbox 1934 3644 2061 3682; x_wconf 87' lang='lat' dir='ltr'><strong><em>con-</em></strong></span> 
     </span>
    </p>
   </div>
   <div class='ocr_carea' id='block_1_50' title="bbox 496 3695 2060 3772">
    <p class='ocr_par' dir='ltr' id='par_1_50' title="bbox 496 3695 2060 3772">
     <span class='ocr_line' id='line_1_50' title="bbox 496 3695 2060 3772; baseline -0.004 -16"><span class='ocrx_word' id='word_1_367' title='bbox 496 3695 769 3772; x_wconf 74' lang='lat' dir='ltr'><strong><em>scriptus,</em></strong></span> <span class='ocrx_word' id='word_1_368' title='bbox 818 3714 875 3758; x_wconf 92' lang='lat' dir='ltr'><strong><em>ut</em></strong></span> <span class='ocrx_word' id='word_1_369' title='bbox 921 3695 1277 3772; x_wconf 73' lang='lat' dir='ltr'><strong><em>exprobraret</em></strong></span> <span class='ocrx_word' id='word_1_370' title='bbox 1328 3697 1531 3772; x_wconf 79' lang='lat' dir='ltr'><strong><em>frontes</em></strong></span> <span class='ocrx_word' id='word_1_371' title='bbox 1579 3695 1921 3772; x_wconf 69' lang='lat' dir='ltr'><strong><em>Judaaoruui,</em></strong></span> <span class='ocrx_word' id='word_1_372' title='bbox 1955 3701 2060 3772; x_wconf 77' lang='lat' dir='ltr'><strong><em>qui</em></strong></span> 
     </span>
    </p>
   </div>
   <div class='ocr_carea' id='block_1_51' title="bbox 496 3767 2060 3839">
    <p class='ocr_par' dir='ltr' id='par_1_51' title="bbox 496 3767 2060 3839">
     <span class='ocr_line' id='line_1_51' title="bbox 496 3767 2060 3839; baseline -0.005 -9"><span class='ocrx_word' id='word_1_373' title='bbox 496 3767 683 3830; x_wconf 85' lang='lat' dir='ltr'><strong><em>manus</em></strong></span> <span class='ocrx_word' id='word_1_374' title='bbox 711 3767 837 3830; x_wconf 85' lang='lat' dir='ltr'><strong><em>suas</em></strong></span> <span class='ocrx_word' id='word_1_375' title='bbox 865 3787 894 3826; x_wconf 87' lang='lat' dir='ltr'><strong><em>a</em></strong></span> <span class='ocrx_word' id='word_1_376' title='bbox 925 3767 1048 3839; x_wconf 82' lang='lat' dir='ltr'><strong><em>rege</em></strong></span> <span class='ocrx_word' id='word_1_377' title='bbox 1076 3785 1181 3823; x_wconf 92' lang='lat' dir='ltr'><strong><em>non</em></strong></span> <span class='ocrx_word' id='word_1_378' title='bbox 1214 3767 1603 3839; x_wconf 85' lang='lat' dir='ltr'><strong><em>abstinuerunt.</em></strong></span> <span class='ocrx_word' id='word_1_379' title='bbox 1649 3767 1819 3839; x_wconf 77' lang='lat' dir='ltr'><strong><em>Quem</em></strong></span> <span class='ocrx_word' id='word_1_380' title='bbox 1851 3767 2060 3823; x_wconf 84' lang='lat' dir='ltr'><strong><em>titulum</em></strong></span> 
     </span>
    </p>
   </div>
   <div class='ocr_carea' id='block_1_52' title="bbox 493 3837 2059 3913">
    <p class='ocr_par' dir='ltr' id='par_1_52' title="bbox 493 3837 2059 3913">
     <span class='ocr_line' id='line_1_52' title="bbox 493 3837 2059 3913; baseline -0.007 -12"><span class='ocrx_word' id='word_1_381' title='bbox 493 3847 664 3901; x_wconf 55' lang='lat' dir='ltr'><strong><em>Judaai</em></strong></span> <span class='ocrx_word' id='word_1_382' title='bbox 690 3849 924 3913; x_wconf 83' lang='lat' dir='ltr'><strong><em>legentes</em></strong></span> <span class='ocrx_word' id='word_1_383' title='bbox 953 3837 1143 3896; x_wconf 75' lang='lat' dir='ltr'><strong><em>oil‘cnsi</em></strong></span> <span class='ocrx_word' id='word_1_384' title='bbox 1170 3846 1316 3902; x_wconf 87' lang='lat' dir='ltr'><strong><em>sunt,</em></strong></span> <span class='ocrx_word' id='word_1_385' title='bbox 1339 3846 1396 3913; x_wconf 80' lang='lat' dir='ltr'><strong><em>et</em></strong></span> <span class='ocrx_word' id='word_1_386' title='bbox 1412 3837 1856 3913; x_wconf 33' lang='lat' dir='ltr'><strong><em>indignatital‘em</em></strong></span> <span class='ocrx_word' id='word_1_387' title='bbox 1884 3854 2059 3913; x_wconf 80' lang='lat' dir='ltr'><strong><em>regem</em></strong></span> 
     </span>
    </p>
   </div>
   <div class='ocr_carea' id='block_1_53' title="bbox 491 3907 2062 3981">
    <p class='ocr_par' dir='ltr' id='par_1_53' title="bbox 491 3907 2062 3981">
     <span class='ocr_line' id='line_1_53' title="bbox 491 3907 2062 3981; baseline -0.004 -12"><span class='ocrx_word' id='word_1_388' title='bbox 491 3935 550 3969; x_wconf 76' lang='lat' dir='ltr'><strong><em>se</em></strong></span> <span class='ocrx_word' id='word_1_389' title='bbox 578 3907 793 3979; x_wconf 70' lang='lat' dir='ltr'><strong><em>habere,</em></strong></span> <span class='ocrx_word' id='word_1_390' title='bbox 826 3926 983 3981; x_wconf 88' lang='lat' dir='ltr'><strong><em>quem</em></strong></span> <span class='ocrx_word' id='word_1_391' title='bbox 1012 3918 1231 3981; x_wconf 88' lang='lat' dir='ltr'><strong><em>possent</em></strong></span> <span class='ocrx_word' id='word_1_392' title='bbox 1257 3908 1600 3981; x_wconf 79' lang='lat' dir='ltr'><strong><em>crucifigere.</em></strong></span> <span class='ocrx_word' id='word_1_393' title='bbox 1629 3908 1693 3959; x_wconf 86' lang='lat' dir='ltr'><strong><em>ad</em></strong></span> <span class='ocrx_word' id='word_1_394' title='bbox 1723 3907 1945 3981; x_wconf 66' lang='lat' dir='ltr'><strong><em>Pilatum</em></strong></span> <span class='ocrx_word' id='word_1_395' title='bbox 1977 3912 2062 3962; x_wconf 90' lang='lat' dir='ltr'><strong><em>di-</em></strong></span> 
     </span>
    </p>
   </div>
   <div class='ocr_carea' id='block_1_54' title="bbox 490 3979 2060 4050">
    <p class='ocr_par' dir='ltr' id='par_1_54' title="bbox 490 3979 2060 4050">
     <span class='ocr_line' id='line_1_54' title="bbox 490 3979 2060 4050; baseline -0.004 -11"><span class='ocrx_word' id='word_1_396' title='bbox 490 3996 702 4050; x_wconf 77' lang='lat' dir='ltr'><strong><em>xerunt,</em></strong></span> <span class='ocrx_word' id='word_1_397' title='bbox 721 3988 804 4037; x_wconf 91' lang='lat' dir='ltr'><strong><em>cui</em></strong></span> <span class='ocrx_word' id='word_1_398' title='bbox 822 3979 980 4037; x_wconf 77' lang='lat' dir='ltr'><strong><em>etiam</em></strong></span> <span class='ocrx_word' id='word_1_399' title='bbox 997 3979 1267 4035; x_wconf 65' lang='lat' dir='ltr'><strong><em>Christum</em></strong></span> <span class='ocrx_word' id='word_1_400' title='bbox 1290 3979 2060 4050; x_wconf 82' lang='lat' dir='ltr'><strong><em>obtuleruntcruciligendqu:</em></strong></span> 
     </span>
    </p>
   </div>
   <div class='ocr_carea' id='block_1_55' title="bbox 494 4048 2058 4123">
    <p class='ocr_par' dir='ltr' id='par_1_55' title="bbox 494 4048 2058 4123">
     <span class='ocr_line' id='line_1_55' title="bbox 494 4048 2058 4123; baseline -0.003 -14"><span class='ocrx_word' id='word_1_401' title='bbox 494 4055 620 4109; x_wconf 77' lang='lat' dir='ltr'><strong><em>Noli</em></strong></span> <span class='ocrx_word' id='word_1_402' title='bbox 639 4048 805 4123; x_wconf 71' lang='lat' dir='ltr'><strong><em>regem</em></strong></span> <span class='ocrx_word' id='word_1_403' title='bbox 827 4052 1066 4123; x_wconf 82' lang='lat' dir='ltr'><strong><em>scribere,</em></strong></span> <span class='ocrx_word' id='word_1_404' title='bbox 1083 4050 1169 4103; x_wconf 88' lang='lat' dir='ltr'><strong><em>sed</em></strong></span> <span class='ocrx_word' id='word_1_405' title='bbox 1193 4049 1352 4101; x_wconf 86' lang='lat' dir='ltr'><strong><em>scribe</em></strong></span> <span class='ocrx_word' id='word_1_406' title='bbox 1374 4049 1542 4123; x_wconf 69' lang='lat' dir='ltr'><strong><em>ipsum</em></strong></span> <span class='ocrx_word' id='word_1_407' title='bbox 1562 4048 1768 4112; x_wconf 74' lang='lat' dir='ltr'><strong><em>dixisse,</em></strong></span> <span class='ocrx_word' id='word_1_408' title='bbox 1794 4063 1896 4123; x_wconf 84' lang='lat' dir='ltr'><strong><em>non</em></strong></span> <span class='ocrx_word' id='word_1_409' title='bbox 1918 4064 2058 4123; x_wconf 80' lang='lat' dir='ltr'><strong><em>esse.</em></strong></span> 
     </span>
    </p>
   </div>
   <div class='ocr_carea' id='block_1_56' title="bbox 497 4116 2060 4191">
    <p class='ocr_par' dir='ltr' id='par_1_56' title="bbox 497 4116 2060 4191">
     <span class='ocr_line' id='line_1_56' title="bbox 497 4116 2060 4191; baseline -0.004 -12"><span class='ocrx_word' id='word_1_410' title='bbox 497 4125 604 4181; x_wconf 84' lang='lat' dir='ltr'><strong><em>Sed</em></strong></span> <span class='ocrx_word' id='word_1_411' title='bbox 635 4116 761 4191; x_wconf 61' lang='lat' dir='ltr'><strong><em>qn&#39;ia</em></strong></span> <span class='ocrx_word' id='word_1_412' title='bbox 788 4122 1168 4191; x_wconf 82' lang='lat' dir='ltr'><strong><em>prophetatum</em></strong></span> <span class='ocrx_word' id='word_1_413' title='bbox 1190 4128 1338 4171; x_wconf 88' lang='lat' dir='ltr'><strong><em>erat:</em></strong></span> <span class='ocrx_word' id='word_1_414' title='bbox 1374 4116 1457 4171; x_wconf 87' lang='lat' dir='ltr'><strong><em>Ne</em></strong></span> <span class='ocrx_word' id='word_1_415' title='bbox 1487 4132 1785 4191; x_wconf 81' lang='lat' dir='ltr'><strong><em>corrumpas</em></strong></span> <span class='ocrx_word' id='word_1_416' title='bbox 1821 4119 1955 4172; x_wconf 86' lang='lat' dir='ltr'><strong><em>tituli</em></strong></span> <span class='ocrx_word' id='word_1_417' title='bbox 1985 4124 2060 4173; x_wconf 86' lang='lat' dir='ltr'><strong><em>in-</em></strong></span> 
     </span>
    </p>
   </div>
   <div class='ocr_carea' id='block_1_57' title="bbox 488 4188 2057 4264">
    <p class='ocr_par' dir='ltr' id='par_1_57' title="bbox 488 4188 2057 4264">
     <span class='ocr_line' id='line_1_57' title="bbox 488 4188 2057 4264; baseline -0.002 -17"><span class='ocrx_word' id='word_1_418' title='bbox 488 4188 817 4264; x_wconf 71' lang='lat' dir='ltr'><strong><em>scriptionem</em></strong></span> <span class='ocrx_word' id='word_1_419' title='bbox 839 4230 855 4255; x_wconf 93' lang='lat'><strong><em>,</em></strong></span> <span class='ocrx_word' id='word_1_420' title='bbox 893 4188 1108 4264; x_wconf 69' lang='lat' dir='ltr'><strong><em>Pilatus</em></strong></span> <span class='ocrx_word' id='word_1_421' title='bbox 1159 4188 1324 4264; x_wconf 81' lang='lat' dir='ltr'><strong><em>iratus</em></strong></span> <span class='ocrx_word' id='word_1_422' title='bbox 1343 4227 1371 4264; x_wconf 82' lang='lat'><strong><em>_,_</em></strong></span> <span class='ocrx_word' id='word_1_423' title='bbox 1417 4189 1688 4264; x_wconf 66' lang='lat' dir='ltr'><strong><em>respOndit</em></strong></span> <span class='ocrx_word' id='word_1_424' title='bbox 1717 4188 1800 4264; x_wconf 82' lang='lat' dir='ltr'><strong><em>eis</em></strong></span> <span class='ocrx_word' id='word_1_425' title='bbox 1827 4190 2019 4264; x_wconf 77' lang='lat' dir='ltr'><strong><em>dicens</em></strong></span> <span class='ocrx_word' id='word_1_426' title='bbox 2047 4208 2057 4243; x_wconf 89' lang='lat'>:</span> 
     </span>
    </p>
   </div>
   <div class='ocr_carea' id='block_1_58' title="bbox 496 4256 2064 4331">
    <p class='ocr_par' dir='ltr' id='par_1_58' title="bbox 496 4256 2064 4331">
     <span class='ocr_line' id='line_1_58' title="bbox 496 4256 2064 4331; baseline -0.012 -12"><span class='ocrx_word' id='word_1_427' title='bbox 496 4256 644 4330; x_wconf 74' lang='lat' dir='ltr'><strong><em>Quod</em></strong></span> <span class='ocrx_word' id='word_1_428' title='bbox 675 4265 876 4329; x_wconf 82' lang='lat' dir='ltr'><strong><em>scripsi,</em></strong></span> <span class='ocrx_word' id='word_1_429' title='bbox 907 4261 1107 4331; x_wconf 81' lang='lat' dir='ltr'><strong><em>scripsi.</em></strong></span> <span class='ocrx_word' id='word_1_430' title='bbox 1142 4262 1220 4311; x_wconf 82' lang='lat' dir='ltr'><strong><em>Ac</em></strong></span> <span class='ocrx_word' id='word_1_431' title='bbox 1246 4257 1294 4311; x_wconf 88' lang='lat' dir='ltr'><strong><em>si</em></strong></span> <span class='ocrx_word' id='word_1_432' title='bbox 1323 4259 1561 4310; x_wconf 81' lang='lat' dir='ltr'><strong><em>diceret:</em></strong></span> <span class='ocrx_word' id='word_1_433' title='bbox 1607 4256 1674 4331; x_wconf 81' lang='lat' dir='ltr'><strong><em>Ut</em></strong></span> <span class='ocrx_word' id='word_1_434' title='bbox 1715 4259 1840 4323; x_wconf 91' lang='lat' dir='ltr'><strong><em>quid</em></strong></span> <span class='ocrx_word' id='word_1_435' title='bbox 1868 4274 2064 4331; x_wconf 44' lang='lat' dir='ltr'><strong><em>suae-</em></strong></span> 
     </span>
    </p>
   </div>
   <div class='ocr_carea' id='block_1_59' title="bbox 490 4329 2062 4399">
    <p class='ocr_par' dir='ltr' id='par_1_59' title="bbox 490 4329 2062 4399">
     <span class='ocr_line' id='line_1_59' title="bbox 490 4329 2062 4399; baseline -0.004 -9"><span class='ocrx_word' id='word_1_436' title='bbox 490 4329 606 4390; x_wconf 84' lang='lat' dir='ltr'><strong><em>ritis</em></strong></span> <span class='ocrx_word' id='word_1_437' title='bbox 634 4330 947 4388; x_wconf 72' lang='lat' dir='ltr'><strong><em>falsitatem?</em></strong></span> <span class='ocrx_word' id='word_1_438' title='bbox 970 4329 1069 4399; x_wconf 81' lang='lat' dir='ltr'><strong><em>ego</em></strong></span> <span class='ocrx_word' id='word_1_439' title='bbox 1092 4345 1195 4382; x_wconf 88' lang='lat' dir='ltr'><strong><em>non</em></strong></span> <span class='ocrx_word' id='word_1_440' title='bbox 1223 4341 1510 4399; x_wconf 83' lang='lat' dir='ltr'><strong><em>corrumpo</em></strong></span> <span class='ocrx_word' id='word_1_441' title='bbox 1532 4329 1828 4380; x_wconf 78' lang='lat' dir='ltr'><strong><em>veritatem.</em></strong></span> <span class='ocrx_word' id='word_1_442' title='bbox 1863 4329 2062 4384; x_wconf 78' lang='lat' dir='ltr'><strong><em>Horum</em></strong></span> 
     </span>
    </p>
   </div>
   <div class='ocr_carea' id='block_1_60' title="bbox 493 4398 2060 4472">
    <p class='ocr_par' dir='ltr' id='par_1_60' title="bbox 493 4398 2060 4472">
     <span class='ocr_line' id='line_1_60' title="bbox 493 4398 2060 4472; baseline -0.004 -12"><span class='ocrx_word' id='word_1_443' title='bbox 493 4408 774 4461; x_wconf 70' lang='lat' dir='ltr'><strong><em>stultitiam</em></strong></span> <span class='ocrx_word' id='word_1_444' title='bbox 807 4403 1093 4472; x_wconf 84' lang='lat' dir='ltr'><strong><em>providens</em></strong></span> <span class='ocrx_word' id='word_1_445' title='bbox 1119 4398 1355 4468; x_wconf 86' lang='lat' dir='ltr'><strong><em>Spiritus</em></strong></span> <span class='ocrx_word' id='word_1_446' title='bbox 1382 4410 1638 4472; x_wconf 76' lang='lat' dir='ltr'><strong><em>sanctus,</em></strong></span> <span class='ocrx_word' id='word_1_447' title='bbox 1672 4400 1779 4453; x_wconf 89' lang='lat' dir='ltr'><strong><em>imo</em></strong></span> <span class='ocrx_word' id='word_1_448' title='bbox 1803 4404 2060 4454; x_wconf 68' lang='lat' dir='ltr'><strong><em>saevniant</em></strong></span> 
     </span>
    </p>
   </div>
   <div class='ocr_carea' id='block_1_61' title="bbox 491 4468 2060 4538">
    <p class='ocr_par' dir='ltr' id='par_1_61' title="bbox 491 4468 2060 4538">
     <span class='ocr_line' id='line_1_61' title="bbox 491 4468 2060 4538; baseline -0.005 -6"><span class='ocrx_word' id='word_1_449' title='bbox 491 4490 543 4531; x_wconf 80' lang='lat' dir='ltr'><strong><em>ct</em></strong></span> <span class='ocrx_word' id='word_1_450' title='bbox 575 4468 834 4531; x_wconf 84' lang='lat' dir='ltr'><strong><em>insaniam</em></strong></span> <span class='ocrx_word' id='word_1_451' title='bbox 862 4516 876 4538; x_wconf 94' lang='lat'><strong><em>,</em></strong></span> <span class='ocrx_word' id='word_1_452' title='bbox 928 4475 1183 4526; x_wconf 87' lang='lat' dir='ltr'><strong><em>admonet</em></strong></span> <span class='ocrx_word' id='word_1_453' title='bbox 1211 4482 1304 4522; x_wconf 90' lang='lat' dir='ltr'><strong><em>eos</em></strong></span> <span class='ocrx_word' id='word_1_454' title='bbox 1336 4483 1430 4536; x_wconf 88' lang='lat' dir='ltr'><strong><em>per</em></strong></span> <span class='ocrx_word' id='word_1_455' title='bbox 1458 4468 1776 4535; x_wconf 83' lang='lat' dir='ltr'><strong><em>Prophetam</em></strong></span> <span class='ocrx_word' id='word_1_456' title='bbox 1824 4486 1889 4523; x_wconf 89' lang='lat' dir='ltr'><strong><em>ne</em></strong></span> <span class='ocrx_word' id='word_1_457' title='bbox 1936 4485 2060 4525; x_wconf 92' lang='lat' dir='ltr'><strong><em>cor-</em></strong></span> 
     </span>
    </p>
   </div>
   <div class='ocr_carea' id='block_1_62' title="bbox 2181 538 3753 605">
    <p class='ocr_par' dir='ltr' id='par_1_62' title="bbox 2181 538 3753 605">
     <span class='ocr_line' id='line_1_62' title="bbox 2181 538 3753 605; baseline -0.001 -12"><span class='ocrx_word' id='word_1_458' title='bbox 2181 540 2286 593; x_wconf 89' lang='lat' dir='ltr'><strong><em>illis</em></strong></span> <span class='ocrx_word' id='word_1_459' title='bbox 2310 539 2587 605; x_wconf 80' lang='lat' dir='ltr'><strong><em>occultari,</em></strong></span> <span class='ocrx_word' id='word_1_460' title='bbox 2619 547 2677 591; x_wconf 90' lang='lat' dir='ltr'><strong><em>ut</em></strong></span> <span class='ocrx_word' id='word_1_461' title='bbox 2702 539 2753 590; x_wconf 89' lang='lat' dir='ltr'><strong><em>in</em></strong></span> <span class='ocrx_word' id='word_1_462' title='bbox 2782 552 2942 591; x_wconf 86' lang='lat' dir='ltr'><strong><em>eruce</em></strong></span> <span class='ocrx_word' id='word_1_463' title='bbox 2981 546 3307 600; x_wconf 85' lang='lat' dir='ltr'><strong><em>moreretur,</em></strong></span> <span class='ocrx_word' id='word_1_464' title='bbox 3339 544 3395 590; x_wconf 90' lang='lat' dir='ltr'><strong><em>et</em></strong></span> <span class='ocrx_word' id='word_1_465' title='bbox 3423 538 3475 601; x_wconf 84' lang='lat' dir='ltr'><strong><em>in</em></strong></span> <span class='ocrx_word' id='word_1_466' title='bbox 3502 542 3753 605; x_wconf 85' lang='lat' dir='ltr'><strong><em>sepulcro</em></strong></span> 
     </span>
    </p>
   </div>
   <div class='ocr_carea' id='block_1_63' title="bbox 2181 609 3754 678">
    <p class='ocr_par' dir='ltr' id='par_1_63' title="bbox 2181 609 3754 678">
     <span class='ocr_line' id='line_1_63' title="bbox 2181 609 3754 678; baseline 0.001 -17"><span class='ocrx_word' id='word_1_467' title='bbox 2181 620 2489 677; x_wconf 75' lang='lat' dir='ltr'><strong><em>poneretur.</em></strong></span> <span class='ocrx_word' id='word_1_468' title='bbox 2541 609 2614 663; x_wconf 89' lang='lat' dir='ltr'><strong><em>De</em></strong></span> <span class='ocrx_word' id='word_1_469' title='bbox 2653 624 2759 678; x_wconf 91' lang='lat' dir='ltr'><strong><em>quo</em></strong></span> <span class='ocrx_word' id='word_1_470' title='bbox 2805 609 3052 676; x_wconf 90' lang='lat' dir='ltr'><strong><em>sepulcro</em></strong></span> <span class='ocrx_word' id='word_1_471' title='bbox 3082 609 3321 661; x_wconf 80' lang='lat' dir='ltr'><strong><em>surrexit</em></strong></span> <span class='ocrx_word' id='word_1_472' title='bbox 3369 609 3714 677; x_wconf 83' lang='lat' dir='ltr'><strong><em>incorruptus</em></strong></span> <span class='ocrx_word' id='word_1_473' title='bbox 3742 658 3754 677; x_wconf 85' lang='grc'>,</span> 
     </span>
    </p>
   </div>
   <div class='ocr_carea' id='block_1_64' title="bbox 2179 677 3758 744">
    <p class='ocr_par' dir='ltr' id='par_1_64' title="bbox 2179 677 3758 744">
     <span class='ocr_line' id='line_1_64' title="bbox 2179 677 3758 744; baseline -0.001 -9"><span class='ocrx_word' id='word_1_474' title='bbox 2179 681 2319 735; x_wconf 87' lang='lat' dir='ltr'><strong><em>sicut</em></strong></span> <span class='ocrx_word' id='word_1_475' title='bbox 2350 680 2511 733; x_wconf 83' lang='lat' dir='ltr'><strong><em>David</em></strong></span> <span class='ocrx_word' id='word_1_476' title='bbox 2542 682 2609 734; x_wconf 86' lang='lat' dir='ltr'><strong><em>de</em></strong></span> <span class='ocrx_word' id='word_1_477' title='bbox 2645 677 2895 744; x_wconf 86' lang='lat' dir='ltr'><strong><em>spelunca</em></strong></span> <span class='ocrx_word' id='word_1_478' title='bbox 2938 677 3162 732; x_wconf 90' lang='lat' dir='ltr'><strong><em>recessit</em></strong></span> <span class='ocrx_word' id='word_1_479' title='bbox 3207 678 3409 730; x_wconf 65' lang='lat' dir='ltr'><strong><em>illaesos</em></strong></span> <span class='ocrx_word' id='word_1_480' title='bbox 3433 717 3447 741; x_wconf 97' lang='lat'><strong><em>,</em></strong></span> <span class='ocrx_word' id='word_1_481' title='bbox 3481 683 3758 734; x_wconf 83' lang='lat' dir='ltr'><strong><em>occultans</em></strong></span> 
     </span>
    </p>
   </div>
   <div class='ocr_carea' id='block_1_65' title="bbox 2180 748 3755 815">
    <p class='ocr_par' dir='ltr' id='par_1_65' title="bbox 2180 748 3755 815">
     <span class='ocr_line' id='line_1_65' title="bbox 2180 748 3755 815; baseline 0 -11"><span class='ocrx_word' id='word_1_482' title='bbox 2180 765 2238 805; x_wconf 84' lang='lat' dir='ltr'><strong><em>se</em></strong></span> <span class='ocrx_word' id='word_1_483' title='bbox 2265 752 2511 813; x_wconf 79' lang='lat' dir='ltr'><strong><em>inimicis,</em></strong></span> <span class='ocrx_word' id='word_1_484' title='bbox 2543 760 2595 803; x_wconf 87' lang='lat' dir='ltr'><strong><em>et</em></strong></span> <span class='ocrx_word' id='word_1_485' title='bbox 2619 748 2964 802; x_wconf 82' lang='lat' dir='ltr'><strong><em>manifestans</em></strong></span> <span class='ocrx_word' id='word_1_486' title='bbox 2990 763 3047 803; x_wconf 80' lang='lat' dir='ltr'><strong><em>se</em></strong></span> <span class='ocrx_word' id='word_1_487' title='bbox 3070 750 3324 802; x_wconf 81' lang='lat' dir='ltr'><strong><em>membris</em></strong></span> <span class='ocrx_word' id='word_1_488' title='bbox 3351 750 3483 801; x_wconf 85' lang='lat' dir='ltr'><strong><em>suis.</em></strong></span> <span class='ocrx_word' id='word_1_489' title='bbox 3513 750 3755 815; x_wconf 60' lang='lat' dir='ltr'><strong><em>AllOslUll</em></strong></span> 
     </span>
    </p>
   </div>
   <div class='ocr_carea' id='block_1_66' title="bbox 2181 819 3759 891">
    <p class='ocr_par' dir='ltr' id='par_1_66' title="bbox 2181 819 3759 891">
     <span class='ocr_line' id='line_1_66' title="bbox 2181 819 3759 891; baseline 0 -16"><span class='ocrx_word' id='word_1_490' title='bbox 2181 822 2321 875; x_wconf 80' lang='lat' dir='ltr'><strong><em>enim</em></strong></span> <span class='ocrx_word' id='word_1_491' title='bbox 2353 821 2470 891; x_wconf 78' lang='lat' dir='ltr'><strong><em>ejus</em></strong></span> <span class='ocrx_word' id='word_1_492' title='bbox 2493 822 2729 891; x_wconf 78' lang='lat' dir='ltr'><strong><em>membra</em></strong></span> <span class='ocrx_word' id='word_1_493' title='bbox 2753 829 3135 880; x_wconf 87' lang='lat' dir='ltr'><strong><em>tractaverunt,</em></strong></span> <span class='ocrx_word' id='word_1_494' title='bbox 3160 819 3284 887; x_wconf 90' lang='lat' dir='ltr'><strong><em>quia</em></strong></span> <span class='ocrx_word' id='word_1_495' title='bbox 3308 833 3428 891; x_wconf 78' lang='lat' dir='ltr'><strong><em>eum</em></strong></span> <span class='ocrx_word' id='word_1_496' title='bbox 3456 823 3759 875; x_wconf 79' lang='lat' dir='ltr'><strong><em>surrexisse</em></strong></span> 
     </span>
    </p>
   </div>
   <div class='ocr_carea' id='block_1_67' title="bbox 2180 888 3758 945">
    <p class='ocr_par' dir='ltr' id='par_1_67' title="bbox 2180 888 3758 945">
     <span class='ocr_line' id='line_1_67' title="bbox 2180 888 3758 945; baseline 0.001 -2"><span class='ocrx_word' id='word_1_497' title='bbox 2180 888 2543 945; x_wconf 73' lang='lat' dir='ltr'><strong><em>crediderunt.</em></strong></span> <span class='ocrx_word' id='word_1_498' title='bbox 2576 890 2785 944; x_wconf 88' lang='lat' dir='ltr'><strong><em>Titulus</em></strong></span> <span class='ocrx_word' id='word_1_499' title='bbox 2813 891 2889 942; x_wconf 89' lang='lat' dir='ltr'><strong><em>sic</em></strong></span> <span class='ocrx_word' id='word_1_500' title='bbox 2914 892 3273 943; x_wconf 87' lang='lat' dir='ltr'><strong><em>construitur:</em></strong></span> <span class='ocrx_word' id='word_1_501' title='bbox 3324 888 3447 942; x_wconf 69' lang='lat' dir='ltr'><strong><em>Haec</em></strong></span> <span class='ocrx_word' id='word_1_502' title='bbox 3480 891 3637 944; x_wconf 80' lang='lat' dir='ltr'><strong><em>verba</em></strong></span> <span class='ocrx_word' id='word_1_503' title='bbox 3669 907 3758 945; x_wconf 86' lang='lat' dir='ltr'><strong><em>re-</em></strong></span> 
     </span>
    </p>
   </div>
   <div class='ocr_carea' id='block_1_68' title="bbox 2183 960 3758 1030">
    <p class='ocr_par' dir='ltr' id='par_1_68' title="bbox 2183 960 3758 1030">
     <span class='ocr_line' id='line_1_68' title="bbox 2183 960 3758 1030; baseline 0 -15"><span class='ocrx_word' id='word_1_504' title='bbox 2183 962 2420 1015; x_wconf 79' lang='lat' dir='ltr'><strong><em>feruntur</em></strong></span> <span class='ocrx_word' id='word_1_505' title='bbox 2445 964 2497 1014; x_wconf 91' lang='lat' dir='ltr'><strong><em>in</em></strong></span> <span class='ocrx_word' id='word_1_506' title='bbox 2528 962 2681 1027; x_wconf 79' lang='lat' dir='ltr'><strong><em>ﬁnem</em></strong></span> <span class='ocrx_word' id='word_1_507' title='bbox 2705 1001 2720 1025; x_wconf 94' lang='lat'><strong><em>,</em></strong></span> <span class='ocrx_word' id='word_1_508' title='bbox 2771 961 3036 1028; x_wconf 88' lang='lat' dir='ltr'><strong><em>proposita</em></strong></span> <span class='ocrx_word' id='word_1_509' title='bbox 3069 960 3132 1012; x_wconf 90' lang='lat' dir='ltr'><strong><em>ad</em></strong></span> <span class='ocrx_word' id='word_1_510' title='bbox 3181 960 3281 1012; x_wconf 82' lang='lat' dir='ltr'><strong><em>hoc</em></strong></span> <span class='ocrx_word' id='word_1_511' title='bbox 3306 997 3322 1023; x_wconf 88' lang='lat'><strong><em>,</em></strong></span> <span class='ocrx_word' id='word_1_512' title='bbox 3368 975 3432 1010; x_wconf 88' lang='lat' dir='ltr'><strong><em>ne</em></strong></span> <span class='ocrx_word' id='word_1_513' title='bbox 3471 970 3525 1012; x_wconf 92' lang='lat' dir='ltr'><strong><em>tu</em></strong></span> <span class='ocrx_word' id='word_1_514' title='bbox 3566 962 3758 1030; x_wconf 86' lang='lat' dir='ltr'><strong><em>aliquis</em></strong></span> 
     </span>
    </p>
   </div>
   <div class='ocr_carea' id='block_1_69' title="bbox 2181 1030 3756 1100">
    <p class='ocr_par' dir='ltr' id='par_1_69' title="bbox 2181 1030 3756 1100">
     <span class='ocr_line' id='line_1_69' title="bbox 2181 1030 3756 1100; baseline -0.001 -15"><span class='ocrx_word' id='word_1_515' title='bbox 2181 1049 2480 1099; x_wconf 86' lang='lat' dir='ltr'><strong><em>corrumpas</em></strong></span> <span class='ocrx_word' id='word_1_516' title='bbox 2515 1032 2680 1084; x_wconf 83' lang='lat' dir='ltr'><strong><em>Dauid</em></strong></span> <span class='ocrx_word' id='word_1_517' title='bbox 2700 1069 2715 1095; x_wconf 93' lang='lat'><strong><em>,</em></strong></span> <span class='ocrx_word' id='word_1_518' title='bbox 2745 1030 2981 1085; x_wconf 72' lang='lat' dir='ltr'><strong><em>oliensos</em></strong></span> <span class='ocrx_word' id='word_1_519' title='bbox 3020 1032 3073 1083; x_wconf 90' lang='lat' dir='ltr'><strong><em>in</em></strong></span> <span class='ocrx_word' id='word_1_520' title='bbox 3100 1031 3239 1083; x_wconf 81' lang='lat' dir='ltr'><strong><em>tituli</em></strong></span> <span class='ocrx_word' id='word_1_521' title='bbox 3268 1032 3593 1100; x_wconf 70' lang='lat' dir='ltr'><strong><em>inscriptione</em></strong></span> <span class='ocrx_word' id='word_1_522' title='bbox 3621 1035 3756 1084; x_wconf 86' lang='lat' dir='ltr'><strong><em>facta</em></strong></span> 
     </span>
    </p>
   </div>
   <div class='ocr_carea' id='block_1_70' title="bbox 2182 1102 3754 1174">
    <p class='ocr_par' dir='ltr' id='par_1_70' title="bbox 2182 1102 3754 1174">
     <span class='ocr_line' id='line_1_70' title="bbox 2182 1102 3754 1174; baseline 0.001 -18"><span class='ocrx_word' id='word_1_523' title='bbox 2182 1120 2300 1156; x_wconf 80' lang='lat' dir='ltr'><strong><em>cum</em></strong></span> <span class='ocrx_word' id='word_1_524' title='bbox 2334 1106 2536 1174; x_wconf 84' lang='lat' dir='ltr'><strong><em>fugeret</em></strong></span> <span class='ocrx_word' id='word_1_525' title='bbox 2567 1102 2749 1156; x_wconf 86' lang='lat' dir='ltr'><strong><em>David.</em></strong></span> <span class='ocrx_word' id='word_1_526' title='bbox 2801 1103 2951 1154; x_wconf 79' lang='lat' dir='ltr'><strong><em>Nunc</em></strong></span> <span class='ocrx_word' id='word_1_527' title='bbox 2977 1102 3063 1174; x_wconf 81' lang='lat' dir='ltr'><strong><em>ad</em></strong></span> <span class='ocrx_word' id='word_1_528' title='bbox 3110 1103 3370 1174; x_wconf 81' lang='lat' dir='ltr'><strong><em>psalmum</em></strong></span> <span class='ocrx_word' id='word_1_529' title='bbox 3412 1104 3754 1157; x_wconf 87' lang='lat' dir='ltr'><strong><em>accedamus.</em></strong></span> 
     </span>
    </p>
   </div>
   <div class='ocr_carea' id='block_1_71' title="bbox 2185 1171 3758 1243">
    <p class='ocr_par' dir='ltr' id='par_1_71' title="bbox 2185 1171 3758 1243">
     <span class='ocr_line' id='line_1_71' title="bbox 2185 1171 3758 1243; baseline -0.001 -16"><span class='ocrx_word' id='word_1_530' title='bbox 2185 1173 2296 1227; x_wconf 76' lang='lat' dir='ltr'><strong><em>Vox</em></strong></span> <span class='ocrx_word' id='word_1_531' title='bbox 2330 1171 2413 1227; x_wconf 70' lang='lat' dir='ltr'><strong><em>esi</em></strong></span> <span class='ocrx_word' id='word_1_532' title='bbox 2439 1174 2625 1240; x_wconf 84' lang='lat' dir='ltr'><strong><em>capitis</em></strong></span> <span class='ocrx_word' id='word_1_533' title='bbox 2654 1174 2734 1243; x_wconf 91' lang='lat' dir='ltr'><strong><em>(ut</em></strong></span> <span class='ocrx_word' id='word_1_534' title='bbox 2760 1171 3132 1237; x_wconf 60' lang='lat' dir='ltr'><strong><em>prtediximus)</em></strong></span> <span class='ocrx_word' id='word_1_535' title='bbox 3165 1186 3260 1235; x_wconf 89' lang='lat' dir='ltr'><strong><em>pro</em></strong></span> <span class='ocrx_word' id='word_1_536' title='bbox 3285 1186 3345 1225; x_wconf 87' lang='lat' dir='ltr'><strong><em>se</em></strong></span> <span class='ocrx_word' id='word_1_537' title='bbox 3374 1180 3424 1223; x_wconf 89' lang='lat' dir='ltr'><strong><em>et</em></strong></span> <span class='ocrx_word' id='word_1_538' title='bbox 3456 1187 3551 1241; x_wconf 86' lang='lat' dir='ltr'><strong><em>pro</em></strong></span> <span class='ocrx_word' id='word_1_539' title='bbox 3585 1189 3758 1243; x_wconf 76' lang='lat' dir='ltr'><strong><em>lllelll-</em></strong></span> 
     </span>
    </p>
   </div>
   <div class='ocr_carea' id='block_1_72' title="bbox 2183 1242 3760 1310">
    <p class='ocr_par' dir='ltr' id='par_1_72' title="bbox 2183 1242 3760 1310">
     <span class='ocr_line' id='line_1_72' title="bbox 2183 1242 3760 1310; baseline -0.003 -12"><span class='ocrx_word' id='word_1_540' title='bbox 2183 1245 2292 1298; x_wconf 86' lang='lat' dir='ltr'><strong><em>bris</em></strong></span> <span class='ocrx_word' id='word_1_541' title='bbox 2323 1244 2433 1297; x_wconf 88' lang='lat' dir='ltr'><strong><em>suis</em></strong></span> <span class='ocrx_word' id='word_1_542' title='bbox 2463 1242 2685 1297; x_wconf 75' lang='lat' dir='ltr'><strong><em>orantis.</em></strong></span> <span class='ocrx_word' id='word_1_543' title='bbox 2716 1244 2847 1296; x_wconf 83' lang='lat' dir='ltr'><strong><em>Orat</em></strong></span> <span class='ocrx_word' id='word_1_544' title='bbox 2876 1244 2994 1310; x_wconf 83' lang='lat' dir='ltr'><strong><em>pius</em></strong></span> <span class='ocrx_word' id='word_1_545' title='bbox 3028 1243 3307 1310; x_wconf 80' lang='lat' dir='ltr'><strong><em>magister,</em></strong></span> <span class='ocrx_word' id='word_1_546' title='bbox 3341 1253 3394 1294; x_wconf 89' lang='lat' dir='ltr'><strong><em>ut</em></strong></span> <span class='ocrx_word' id='word_1_547' title='bbox 3436 1258 3533 1295; x_wconf 89' lang='lat' dir='ltr'><strong><em>nos</em></strong></span> <span class='ocrx_word' id='word_1_548' title='bbox 3569 1242 3760 1297; x_wconf 83' lang='lat' dir='ltr'><strong><em>doceat</em></strong></span> 
     </span>
    </p>
   </div>
   <div class='ocr_carea' id='block_1_73' title="bbox 2181 1312 3758 1381">
    <p class='ocr_par' dir='ltr' id='par_1_73' title="bbox 2181 1312 3758 1381">
     <span class='ocr_line' id='line_1_73' title="bbox 2181 1312 3758 1381; baseline 0.001 -16"><span class='ocrx_word' id='word_1_549' title='bbox 2181 1331 2369 1378; x_wconf 84' lang='lat' dir='ltr'><strong><em>orare;</em></strong></span> <span class='ocrx_word' id='word_1_550' title='bbox 2402 1316 2492 1381; x_wconf 87' lang='lat' dir='ltr'><strong><em>qui</em></strong></span> <span class='ocrx_word' id='word_1_551' title='bbox 2524 1314 2645 1367; x_wconf 85' lang='lat' dir='ltr'><strong><em>ideo</em></strong></span> <span class='ocrx_word' id='word_1_552' title='bbox 2676 1327 2865 1378; x_wconf 90' lang='lat' dir='ltr'><strong><em>passus</em></strong></span> <span class='ocrx_word' id='word_1_553' title='bbox 2894 1322 2977 1365; x_wconf 87' lang='lat' dir='ltr'><strong><em>est</em></strong></span> <span class='ocrx_word' id='word_1_554' title='bbox 3003 1354 3015 1371; x_wconf 91' lang='lat'><strong><em>,</em></strong></span> <span class='ocrx_word' id='word_1_555' title='bbox 3048 1322 3105 1364; x_wconf 93' lang='lat' dir='ltr'><strong><em>ut</em></strong></span> <span class='ocrx_word' id='word_1_556' title='bbox 3136 1327 3232 1365; x_wconf 92' lang='lat' dir='ltr'><strong><em>nos</em></strong></span> <span class='ocrx_word' id='word_1_557' title='bbox 3265 1312 3369 1376; x_wconf 88' lang='lat' dir='ltr'><strong><em>pati</em></strong></span> <span class='ocrx_word' id='word_1_558' title='bbox 3399 1313 3657 1375; x_wconf 82' lang='lat' dir='ltr'><strong><em>doceret;</em></strong></span> <span class='ocrx_word' id='word_1_559' title='bbox 3705 1324 3758 1366; x_wconf 86' lang='lat' dir='ltr'><strong><em>et</em></strong></span> 
     </span>
    </p>
   </div>
   <div class='ocr_carea' id='block_1_74' title="bbox 2184 1382 3758 1451">
    <p class='ocr_par' dir='ltr' id='par_1_74' title="bbox 2184 1382 3758 1451">
     <span class='ocr_line' id='line_1_74' title="bbox 2184 1382 3758 1451; baseline -0.001 -13"><span class='ocrx_word' id='word_1_560' title='bbox 2184 1385 2495 1450; x_wconf 82' lang='lat' dir='ltr'><strong><em>resurrexit,</em></strong></span> <span class='ocrx_word' id='word_1_561' title='bbox 2539 1395 2595 1435; x_wconf 88' lang='lat' dir='ltr'><strong><em>ut</em></strong></span> <span class='ocrx_word' id='word_1_562' title='bbox 2624 1384 2776 1436; x_wconf 86' lang='lat' dir='ltr'><strong><em>nobis</em></strong></span> <span class='ocrx_word' id='word_1_563' title='bbox 2805 1397 2953 1449; x_wconf 83' lang='lat' dir='ltr'><strong><em>spem</em></strong></span> <span class='ocrx_word' id='word_1_564' title='bbox 2981 1383 3288 1451; x_wconf 79' lang='lat' dir='ltr'><strong><em>resurgendi</em></strong></span> <span class='ocrx_word' id='word_1_565' title='bbox 3326 1382 3495 1435; x_wconf 87' lang='lat' dir='ltr'><strong><em>daret.</em></strong></span> <span class='ocrx_word' id='word_1_566' title='bbox 3535 1383 3601 1436; x_wconf 84' lang='lat' dir='ltr'><strong><em>Et</em></strong></span> <span class='ocrx_word' id='word_1_567' title='bbox 3628 1383 3758 1438; x_wconf 80' lang='lat' dir='ltr'><strong><em>dicit</em></strong></span> 
     </span>
    </p>
   </div>
   <div class='ocr_carea' id='block_1_75' title="bbox 2182 1452 3758 1523">
    <p class='ocr_par' dir='ltr' id='par_1_75' title="bbox 2182 1452 3758 1523">
     <span class='ocr_line' id='line_1_75' title="bbox 2182 1452 3758 1523; baseline 0 -16"><span class='ocrx_word' id='word_1_568' title='bbox 2182 1454 2288 1508; x_wconf 82' lang='lat' dir='ltr'><strong><em>ita:</em></strong></span> <span class='ocrx_word' id='word_1_569' title='bbox 2326 1455 2464 1508; x_wconf 84' lang='lat' dir='ltr'><strong><em>Deus</em></strong></span> <span class='ocrx_word' id='word_1_570' title='bbox 2503 1465 2653 1523; x_wconf 85' lang='lat' dir='ltr'><strong><em>pater</em></strong></span> <span class='ocrx_word' id='word_1_571' title='bbox 2681 1496 2695 1515; x_wconf 88' lang='lat'><strong><em>,</em></strong></span> <span class='ocrx_word' id='word_1_572' title='bbox 2743 1454 2977 1505; x_wconf 86' lang='lat' dir='ltr'><strong><em>miserere</em></strong></span> <span class='ocrx_word' id='word_1_573' title='bbox 3011 1454 3109 1505; x_wconf 85' lang='lat' dir='ltr'><strong><em>mei</em></strong></span> <span class='ocrx_word' id='word_1_574' title='bbox 3133 1492 3148 1514; x_wconf 92' lang='lat'><strong><em>,</em></strong></span> <span class='ocrx_word' id='word_1_575' title='bbox 3179 1452 3512 1505; x_wconf 85' lang='lat' dir='ltr'><strong><em>restituendo</em></strong></span> <span class='ocrx_word' id='word_1_576' title='bbox 3543 1469 3629 1507; x_wconf 89' lang='lat' dir='ltr'><strong><em>me</em></strong></span> <span class='ocrx_word' id='word_1_577' title='bbox 3660 1456 3758 1507; x_wconf 86' lang='lat' dir='ltr'><strong><em>im-</em></strong></span> 
     </span>
    </p>
   </div>
   <div class='ocr_carea' id='block_1_76' title="bbox 2185 1524 3759 1587">
    <p class='ocr_par' dir='ltr' id='par_1_76' title="bbox 2185 1524 3759 1587">
     <span class='ocr_line' id='line_1_76' title="bbox 2185 1524 3759 1587; baseline 0 -9"><span class='ocrx_word' id='word_1_578' title='bbox 2185 1527 2524 1587; x_wconf 66' lang='lat' dir='ltr'><strong><em>mortalitati,</em></strong></span> <span class='ocrx_word' id='word_1_579' title='bbox 2553 1535 2609 1578; x_wconf 88' lang='lat' dir='ltr'><strong><em>et</em></strong></span> <span class='ocrx_word' id='word_1_580' title='bbox 2635 1524 2870 1577; x_wconf 89' lang='lat' dir='ltr'><strong><em>miserere</em></strong></span> <span class='ocrx_word' id='word_1_581' title='bbox 2913 1524 3012 1576; x_wconf 87' lang='lat' dir='ltr'><strong><em>ntei</em></strong></span> <span class='ocrx_word' id='word_1_582' title='bbox 3038 1564 3052 1586; x_wconf 93' lang='lat'><strong><em>,</em></strong></span> <span class='ocrx_word' id='word_1_583' title='bbox 3103 1524 3154 1575; x_wconf 88' lang='lat' dir='ltr'><strong><em>id</em></strong></span> <span class='ocrx_word' id='word_1_584' title='bbox 3184 1533 3285 1585; x_wconf 80' lang='lat' dir='ltr'><strong><em>est,</em></strong></span> <span class='ocrx_word' id='word_1_585' title='bbox 3328 1538 3569 1576; x_wconf 87' lang='lat' dir='ltr'><strong><em>meorum</em></strong></span> <span class='ocrx_word' id='word_1_586' title='bbox 3619 1540 3759 1578; x_wconf 90' lang='lat' dir='ltr'><strong><em>nunc</em></strong></span> 
     </span>
    </p>
   </div>
   <div class='ocr_carea' id='block_1_77' title="bbox 2185 1596 3759 1663">
    <p class='ocr_par' dir='ltr' id='par_1_77' title="bbox 2185 1596 3759 1663">
     <span class='ocr_line' id='line_1_77' title="bbox 2185 1596 3759 1663; baseline -0.001 -15"><span class='ocrx_word' id='word_1_587' title='bbox 2185 1611 2279 1663; x_wconf 90' lang='lat' dir='ltr'><strong><em>per</em></strong></span> <span class='ocrx_word' id='word_1_588' title='bbox 2330 1597 2633 1649; x_wconf 88' lang='lat' dir='ltr'><strong><em>interiorem</em></strong></span> <span class='ocrx_word' id='word_1_589' title='bbox 2689 1596 3175 1658; x_wconf 81' lang='lat' dir='ltr'><strong><em>resurrectionem,</em></strong></span> <span class='ocrx_word' id='word_1_590' title='bbox 3230 1607 3506 1661; x_wconf 85' lang='lat' dir='ltr'><strong><em>quousque</em></strong></span> <span class='ocrx_word' id='word_1_591' title='bbox 3553 1605 3609 1647; x_wconf 86' lang='lat' dir='ltr'><strong><em>et</em></strong></span> <span class='ocrx_word' id='word_1_592' title='bbox 3666 1611 3759 1656; x_wconf 85' lang='lat' dir='ltr'><strong><em>per</em></strong></span> 
     </span>
    </p>
   </div>
   <div class='ocr_carea' id='block_1_78' title="bbox 2183 1665 3757 1732">
    <p class='ocr_par' dir='ltr' id='par_1_78' title="bbox 2183 1665 3757 1732">
     <span class='ocr_line' id='line_1_78' title="bbox 2183 1665 3757 1732; baseline -0.002 -13"><span class='ocrx_word' id='word_1_593' title='bbox 2183 1667 2521 1720; x_wconf 84' lang='lat' dir='ltr'><strong><em>exteriorem.</em></strong></span> <span class='ocrx_word' id='word_1_594' title='bbox 2576 1665 2641 1717; x_wconf 88' lang='lat' dir='ltr'><strong><em>Et</em></strong></span> <span class='ocrx_word' id='word_1_595' title='bbox 2690 1665 2906 1732; x_wconf 83' lang='lat' dir='ltr'><strong><em>dignum</em></strong></span> <span class='ocrx_word' id='word_1_596' title='bbox 2956 1673 3037 1716; x_wconf 88' lang='lat' dir='ltr'><strong><em>est</em></strong></span> <span class='ocrx_word' id='word_1_597' title='bbox 3082 1674 3138 1715; x_wconf 90' lang='lat' dir='ltr'><strong><em>ut</em></strong></span> <span class='ocrx_word' id='word_1_598' title='bbox 3179 1666 3278 1715; x_wconf 88' lang='lat' dir='ltr'><strong><em>hoc</em></strong></span> <span class='ocrx_word' id='word_1_599' title='bbox 3307 1666 3486 1727; x_wconf 77' lang='lat' dir='ltr'><strong><em>laetas,</em></strong></span> <span class='ocrx_word' id='word_1_600' title='bbox 3519 1667 3757 1732; x_wconf 79' lang='lat' dir='ltr'><strong><em>quoniam</em></strong></span> 
     </span>
    </p>
   </div>
   <div class='ocr_carea' id='block_1_79' title="bbox 2183 1734 3757 1802">
    <p class='ocr_par' dir='ltr' id='par_1_79' title="bbox 2183 1734 3757 1802">
     <span class='ocr_line' id='line_1_79' title="bbox 2183 1734 3757 1802; baseline 0 -15"><span class='ocrx_word' id='word_1_601' title='bbox 2183 1738 2353 1788; x_wconf 86' lang='lat' dir='ltr'><strong><em>anima</em></strong></span> <span class='ocrx_word' id='word_1_602' title='bbox 2383 1752 2493 1788; x_wconf 88' lang='lat' dir='ltr'><strong><em>mea</em></strong></span> <span class='ocrx_word' id='word_1_603' title='bbox 2516 1745 2568 1789; x_wconf 83' lang='lat' dir='ltr'><strong><em>et</em></strong></span> <span class='ocrx_word' id='word_1_604' title='bbox 2594 1750 2830 1788; x_wconf 88' lang='lat' dir='ltr'><strong><em>meorum</em></strong></span> <span class='ocrx_word' id='word_1_605' title='bbox 2860 1734 3068 1800; x_wconf 80' lang='lat' dir='ltr'><strong><em>conﬁdit</em></strong></span> <span class='ocrx_word' id='word_1_606' title='bbox 3097 1736 3148 1785; x_wconf 89' lang='lat' dir='ltr'><strong><em>in</em></strong></span> <span class='ocrx_word' id='word_1_607' title='bbox 3178 1743 3226 1785; x_wconf 91' lang='lat' dir='ltr'><strong><em>te</em></strong></span> <span class='ocrx_word' id='word_1_608' title='bbox 3257 1738 3449 1796; x_wconf 90' lang='lat' dir='ltr'><strong><em>solum,</em></strong></span> <span class='ocrx_word' id='word_1_609' title='bbox 3473 1734 3603 1787; x_wconf 78' lang='lat' dir='ltr'><strong><em>nihil</em></strong></span> <span class='ocrx_word' id='word_1_610' title='bbox 3624 1752 3757 1802; x_wconf 67' lang='lat' dir='ltr'><strong><em>pra:-</em></strong></span> 
     </span>
    </p>
   </div>
   <div class='ocr_carea' id='block_1_80' title="bbox 2183 1804 3755 1871">
    <p class='ocr_par' dir='ltr' id='par_1_80' title="bbox 2183 1804 3755 1871">
     <span class='ocr_line' id='line_1_80' title="bbox 2183 1804 3755 1871; baseline -0.005 -12"><span class='ocrx_word' id='word_1_611' title='bbox 2183 1807 2443 1859; x_wconf 78' lang='lat' dir='ltr'><strong><em>Sumeudo</em></strong></span> <span class='ocrx_word' id='word_1_612' title='bbox 2473 1807 2541 1859; x_wconf 88' lang='lat' dir='ltr'><strong><em>de</em></strong></span> <span class='ocrx_word' id='word_1_613' title='bbox 2571 1819 2648 1858; x_wconf 89' lang='lat' dir='ltr'><strong><em>se.</em></strong></span> <span class='ocrx_word' id='word_1_614' title='bbox 2700 1805 2765 1857; x_wconf 79' lang='lat' dir='ltr'><strong><em>Et</em></strong></span> <span class='ocrx_word' id='word_1_615' title='bbox 2793 1819 2895 1857; x_wconf 91' lang='lat' dir='ltr'><strong><em>non</em></strong></span> <span class='ocrx_word' id='word_1_616' title='bbox 2929 1813 3129 1856; x_wconf 88' lang='lat' dir='ltr'><strong><em>tantum</em></strong></span> <span class='ocrx_word' id='word_1_617' title='bbox 3163 1819 3302 1856; x_wconf 86' lang='lat' dir='ltr'><strong><em>nunc</em></strong></span> <span class='ocrx_word' id='word_1_618' title='bbox 3344 1804 3395 1855; x_wconf 93' lang='lat' dir='ltr'><strong><em>in</em></strong></span> <span class='ocrx_word' id='word_1_619' title='bbox 3424 1814 3476 1857; x_wconf 87' lang='lat' dir='ltr'><strong><em>te</em></strong></span> <span class='ocrx_word' id='word_1_620' title='bbox 3521 1806 3755 1871; x_wconf 62' lang='lat' dir='ltr'><strong><em>Conﬁdo,</em></strong></span> 
     </span>
    </p>
   </div>
   <div class='ocr_carea' id='block_1_81' title="bbox 2184 1873 3755 1942">
    <p class='ocr_par' dir='ltr' id='par_1_81' title="bbox 2184 1873 3755 1942">
     <span class='ocr_line' id='line_1_81' title="bbox 2184 1873 3755 1942; baseline -0.001 -13"><span class='ocrx_word' id='word_1_621' title='bbox 2184 1879 2277 1929; x_wconf 89' lang='lat' dir='ltr'><strong><em>sed</em></strong></span> <span class='ocrx_word' id='word_1_622' title='bbox 2317 1877 2476 1930; x_wconf 89' lang='lat' dir='ltr'><strong><em>etiam</em></strong></span> <span class='ocrx_word' id='word_1_623' title='bbox 2525 1890 2737 1942; x_wconf 86' lang='lat' dir='ltr'><strong><em>semper</em></strong></span> <span class='ocrx_word' id='word_1_624' title='bbox 2764 1875 3029 1942; x_wconf 82' lang='lat' dir='ltr'><strong><em>sperando</em></strong></span> <span class='ocrx_word' id='word_1_625' title='bbox 3059 1873 3111 1927; x_wconf 89' lang='lat' dir='ltr'><strong><em>in</em></strong></span> <span class='ocrx_word' id='word_1_626' title='bbox 3152 1877 3306 1934; x_wconf 89' lang='lat' dir='ltr'><strong><em>meis,</em></strong></span> <span class='ocrx_word' id='word_1_627' title='bbox 3339 1873 3391 1925; x_wconf 88' lang='lat' dir='ltr'><strong><em>in</em></strong></span> <span class='ocrx_word' id='word_1_628' title='bbox 3421 1876 3599 1927; x_wconf 83' lang='lat' dir='ltr'><strong><em>umbra</em></strong></span> <span class='ocrx_word' id='word_1_629' title='bbox 3638 1876 3755 1927; x_wconf 88' lang='lat' dir='ltr'><strong><em>ala-</em></strong></span> 
     </span>
    </p>
   </div>
   <div class='ocr_carea' id='block_1_82' title="bbox 2179 1944 3755 2012">
    <p class='ocr_par' dir='ltr' id='par_1_82' title="bbox 2179 1944 3755 2012">
     <span class='ocr_line' id='line_1_82' title="bbox 2179 1944 3755 2012; baseline 0 -13"><span class='ocrx_word' id='word_1_630' title='bbox 2179 1964 2294 1999; x_wconf 89' lang='lat' dir='ltr'><strong><em>rum</em></strong></span> <span class='ocrx_word' id='word_1_631' title='bbox 2325 1958 2547 2008; x_wconf 76' lang='lat' dir='ltr'><strong><em>tuarum,</em></strong></span> <span class='ocrx_word' id='word_1_632' title='bbox 2594 1948 2693 1998; x_wconf 91' lang='lat' dir='ltr'><strong><em>hoc</em></strong></span> <span class='ocrx_word' id='word_1_633' title='bbox 2717 1952 2820 2006; x_wconf 87' lang='lat' dir='ltr'><strong><em>est,</em></strong></span> <span class='ocrx_word' id='word_1_634' title='bbox 2864 1946 2985 2012; x_wconf 89' lang='lat' dir='ltr'><strong><em>quia</em></strong></span> <span class='ocrx_word' id='word_1_635' title='bbox 3015 1946 3151 1997; x_wconf 90' lang='lat' dir='ltr'><strong><em>sicut</em></strong></span> <span class='ocrx_word' id='word_1_636' title='bbox 3180 1944 3361 1997; x_wconf 89' lang='lat' dir='ltr'><strong><em>utnbra</em></strong></span> <span class='ocrx_word' id='word_1_637' title='bbox 3396 1957 3755 1999; x_wconf 85' lang='lat' dir='ltr'><strong><em>materuarum</em></strong></span> 
     </span>
    </p>
   </div>
   <div class='ocr_carea' id='block_1_83' title="bbox 2178 2015 3756 2086">
    <p class='ocr_par' dir='ltr' id='par_1_83' title="bbox 2178 2015 3756 2086">
     <span class='ocr_line' id='line_1_83' title="bbox 2178 2015 3756 2086; baseline -0.001 -16"><span class='ocrx_word' id='word_1_638' title='bbox 2178 2020 2378 2070; x_wconf 86' lang='lat' dir='ltr'><strong><em>alarum</em></strong></span> <span class='ocrx_word' id='word_1_639' title='bbox 2413 2020 2642 2086; x_wconf 74' lang='lat' dir='ltr'><strong><em>protegit</em></strong></span> <span class='ocrx_word' id='word_1_640' title='bbox 2673 2015 2868 2084; x_wconf 90' lang='lat' dir='ltr'><strong><em>pullos,</em></strong></span> <span class='ocrx_word' id='word_1_641' title='bbox 2928 2017 2997 2067; x_wconf 88' lang='lat' dir='ltr'><strong><em>ita</em></strong></span> <span class='ocrx_word' id='word_1_642' title='bbox 3057 2026 3110 2068; x_wconf 91' lang='lat' dir='ltr'><strong><em>tu</em></strong></span> <span class='ocrx_word' id='word_1_643' title='bbox 3156 2025 3399 2086; x_wconf 76' lang='lat' dir='ltr'><strong><em>protegas</em></strong></span> <span class='ocrx_word' id='word_1_644' title='bbox 3426 2030 3512 2068; x_wconf 88' lang='lat' dir='ltr'><strong><em>me</em></strong></span> <span class='ocrx_word' id='word_1_645' title='bbox 3543 2020 3594 2067; x_wconf 88' lang='lat' dir='ltr'><strong><em>in</em></strong></span> <span class='ocrx_word' id='word_1_646' title='bbox 3627 2016 3756 2069; x_wconf 62' lang='lat' dir='ltr'><strong><em>meis</em></strong></span> 
     </span>
    </p>
   </div>
   <div class='ocr_carea' id='block_1_84' title="bbox 2179 2085 3757 2152">
    <p class='ocr_par' dir='ltr' id='par_1_84' title="bbox 2179 2085 3757 2152">
     <span class='ocr_line' id='line_1_84' title="bbox 2179 2085 3757 2152; baseline 0.001 -13"><span class='ocrx_word' id='word_1_647' title='bbox 2179 2089 2621 2141; x_wconf 87' lang='lat' dir='ltr'><strong><em>obumbraculum</em></strong></span> <span class='ocrx_word' id='word_1_648' title='bbox 2663 2087 2863 2147; x_wconf 81' lang='lat' dir='ltr'><strong><em>dattdu,</em></strong></span> <span class='ocrx_word' id='word_1_649' title='bbox 2914 2101 2983 2138; x_wconf 88' lang='lat' dir='ltr'><strong><em>ne</em></strong></span> <span class='ocrx_word' id='word_1_650' title='bbox 3022 2086 3091 2137; x_wconf 87' lang='lat' dir='ltr'><strong><em>ab</em></strong></span> <span class='ocrx_word' id='word_1_651' title='bbox 3132 2094 3265 2137; x_wconf 77' lang='lat' dir='ltr'><strong><em>testu</em></strong></span> <span class='ocrx_word' id='word_1_652' title='bbox 3316 2085 3612 2152; x_wconf 75' lang='lat' dir='ltr'><strong><em>iniquitatis</em></strong></span> <span class='ocrx_word' id='word_1_653' title='bbox 3642 2103 3757 2140; x_wconf 87' lang='lat' dir='ltr'><strong><em>are-</em></strong></span> 
     </span>
    </p>
   </div>
   <div class='ocr_carea' id='block_1_85' title="bbox 2174 2156 3752 2225">
    <p class='ocr_par' dir='ltr' id='par_1_85' title="bbox 2174 2156 3752 2225">
     <span class='ocr_line' id='line_1_85' title="bbox 2174 2156 3752 2225; baseline -0.001 -14"><span class='ocrx_word' id='word_1_654' title='bbox 2174 2172 2341 2211; x_wconf 87' lang='lat' dir='ltr'><strong><em>scam.</em></strong></span> <span class='ocrx_word' id='word_1_655' title='bbox 2378 2158 2440 2211; x_wconf 86' lang='lat' dir='ltr'><strong><em>Et</em></strong></span> <span class='ocrx_word' id='word_1_656' title='bbox 2470 2158 2649 2210; x_wconf 87' lang='lat' dir='ltr'><strong><em>tandiu</em></strong></span> <span class='ocrx_word' id='word_1_657' title='bbox 2679 2157 2911 2225; x_wconf 84' lang='lat' dir='ltr'><strong><em>sperabo,</em></strong></span> <span class='ocrx_word' id='word_1_658' title='bbox 2941 2157 3100 2207; x_wconf 88' lang='lat' dir='ltr'><strong><em>donec</em></strong></span> <span class='ocrx_word' id='word_1_659' title='bbox 3140 2164 3363 2207; x_wconf 85' lang='lat' dir='ltr'><strong><em>transeat</em></strong></span> <span class='ocrx_word' id='word_1_660' title='bbox 3401 2156 3672 2218; x_wconf 84' lang='lat' dir='ltr'><strong><em>iniquitas,</em></strong></span> <span class='ocrx_word' id='word_1_661' title='bbox 3706 2161 3752 2209; x_wconf 88' lang='lat' dir='ltr'><strong><em>id</em></strong></span> 
     </span>
    </p>
   </div>
   <div class='ocr_carea' id='block_1_86' title="bbox 2175 2224 3752 2298">
    <p class='ocr_par' dir='ltr' id='par_1_86' title="bbox 2175 2224 3752 2298">
     <span class='ocr_line' id='line_1_86' title="bbox 2175 2224 3752 2298; baseline -0.001 -16"><span class='ocrx_word' id='word_1_662' title='bbox 2175 2240 2278 2293; x_wconf 77' lang='lat' dir='ltr'><strong><em>eat,</em></strong></span> <span class='ocrx_word' id='word_1_663' title='bbox 2322 2230 2561 2298; x_wconf 91' lang='lat' dir='ltr'><strong><em>quandiu</em></strong></span> <span class='ocrx_word' id='word_1_664' title='bbox 2612 2224 2859 2298; x_wconf 85' lang='lat' dir='ltr'><strong><em>mundus</em></strong></span> <span class='ocrx_word' id='word_1_665' title='bbox 2888 2226 3013 2298; x_wconf 85' lang='lat' dir='ltr'><strong><em>erit.</em></strong></span> <span class='ocrx_word' id='word_1_666' title='bbox 3057 2226 3287 2298; x_wconf 84' lang='lat' dir='ltr'><strong><em>Transiit</em></strong></span> <span class='ocrx_word' id='word_1_667' title='bbox 3324 2228 3433 2293; x_wconf 87' lang='lat' dir='ltr'><strong><em>jam</em></strong></span> <span class='ocrx_word' id='word_1_668' title='bbox 3481 2229 3752 2295; x_wconf 82' lang='lat' dir='ltr'><strong><em>iniquitas,</em></strong></span> 
     </span>
    </p>
   </div>
   <div class='ocr_carea' id='block_1_87' title="bbox 2174 2295 3750 2365">
    <p class='ocr_par' dir='ltr' id='par_1_87' title="bbox 2174 2295 3750 2365">
     <span class='ocr_line' id='line_1_87' title="bbox 2174 2295 3750 2365; baseline -0.003 -14"><span class='ocrx_word' id='word_1_669' title='bbox 2174 2295 2429 2364; x_wconf 84' lang='lat' dir='ltr'><strong><em>quantum</em></strong></span> <span class='ocrx_word' id='word_1_670' title='bbox 2477 2299 2542 2351; x_wconf 87' lang='lat' dir='ltr'><strong><em>ad</em></strong></span> <span class='ocrx_word' id='word_1_671' title='bbox 2591 2308 2749 2364; x_wconf 88' lang='lat' dir='ltr'><strong><em>caput</em></strong></span> <span class='ocrx_word' id='word_1_672' title='bbox 2775 2295 2987 2365; x_wconf 87' lang='lat' dir='ltr'><strong><em>quidem</em></strong></span> <span class='ocrx_word' id='word_1_673' title='bbox 3027 2304 3080 2350; x_wconf 91' lang='lat' dir='ltr'><strong><em>et</em></strong></span> <span class='ocrx_word' id='word_1_674' title='bbox 3107 2296 3366 2361; x_wconf 85' lang='lat' dir='ltr'><strong><em>quosdam</em></strong></span> <span class='ocrx_word' id='word_1_675' title='bbox 3419 2310 3750 2361; x_wconf 84' lang='lat' dir='ltr'><strong><em>sanctorum,</em></strong></span> 
     </span>
    </p>
   </div>
   <div class='ocr_carea' id='block_1_88' title="bbox 2172 2366 3751 2436">
    <p class='ocr_par' dir='ltr' id='par_1_88' title="bbox 2172 2366 3751 2436">
     <span class='ocr_line' id='line_1_88' title="bbox 2172 2366 3751 2436; baseline -0.001 -15"><span class='ocrx_word' id='word_1_676' title='bbox 2172 2372 2265 2421; x_wconf 89' lang='lat' dir='ltr'><strong><em>sed</em></strong></span> <span class='ocrx_word' id='word_1_677' title='bbox 2292 2380 2462 2422; x_wconf 77' lang='lat' dir='ltr'><strong><em>tamen</em></strong></span> <span class='ocrx_word' id='word_1_678' title='bbox 2494 2384 2596 2421; x_wconf 90' lang='lat' dir='ltr'><strong><em>non</em></strong></span> <span class='ocrx_word' id='word_1_679' title='bbox 2629 2369 2781 2436; x_wconf 79' lang='lat' dir='ltr'><strong><em>periit</em></strong></span> <span class='ocrx_word' id='word_1_680' title='bbox 2808 2367 3077 2435; x_wconf 83' lang='lat' dir='ltr'><strong><em>iniquitas.</em></strong></span> <span class='ocrx_word' id='word_1_681' title='bbox 3101 2366 3252 2420; x_wconf 76' lang='lat' dir='ltr'><strong><em>Nunc</em></strong></span> <span class='ocrx_word' id='word_1_682' title='bbox 3283 2372 3424 2418; x_wconf 84' lang='lat' dir='ltr'><strong><em>enim</em></strong></span> <span class='ocrx_word' id='word_1_683' title='bbox 3458 2366 3635 2422; x_wconf 80' lang='lat' dir='ltr'><strong><em>fervet</em></strong></span> <span class='ocrx_word' id='word_1_684' title='bbox 3655 2369 3751 2420; x_wconf 74' lang='lat' dir='ltr'><strong><em>ini-</em></strong></span> 
     </span>
    </p>
   </div>
   <div class='ocr_carea' id='block_1_89' title="bbox 2172 2437 3749 2507">
    <p class='ocr_par' dir='ltr' id='par_1_89' title="bbox 2172 2437 3749 2507">
     <span class='ocr_line' id='line_1_89' title="bbox 2172 2437 3749 2507; baseline 0.002 -20"><span class='ocrx_word' id='word_1_685' title='bbox 2172 2442 2368 2507; x_wconf 86' lang='lat' dir='ltr'><strong><em>quitas,</em></strong></span> <span class='ocrx_word' id='word_1_686' title='bbox 2400 2450 2452 2492; x_wconf 88' lang='lat' dir='ltr'><strong><em>et</em></strong></span> <span class='ocrx_word' id='word_1_687' title='bbox 2471 2454 2686 2507; x_wconf 83' lang='lat' dir='ltr'><strong><em>semper</em></strong></span> <span class='ocrx_word' id='word_1_688' title='bbox 2714 2437 2939 2491; x_wconf 86' lang='lat' dir='ltr'><strong><em>fervebit</em></strong></span> <span class='ocrx_word' id='word_1_689' title='bbox 2965 2439 3091 2489; x_wconf 87' lang='lat' dir='ltr'><strong><em>dum</em></strong></span> <span class='ocrx_word' id='word_1_690' title='bbox 3122 2438 3351 2489; x_wconf 76' lang='grc' dir='ltr'><strong><em>ιιιιιτιάυδ</em></strong></span> <span class='ocrx_word' id='word_1_691' title='bbox 3380 2446 3502 2500; x_wconf 71' lang='lat' dir='ltr'><strong><em>erit,</em></strong></span> <span class='ocrx_word' id='word_1_692' title='bbox 3532 2442 3653 2505; x_wconf 76' lang='lat' dir='ltr'><strong><em>quia</em></strong></span> <span class='ocrx_word' id='word_1_693' title='bbox 3677 2454 3749 2490; x_wconf 82' lang='lat' dir='ltr'><strong><em>st-</em></strong></span> 
     </span>
    </p>
   </div>
   <div class='ocr_carea' id='block_1_90' title="bbox 2171 2508 3749 2578">
    <p class='ocr_par' dir='ltr' id='par_1_90' title="bbox 2171 2508 3749 2578">
     <span class='ocr_line' id='line_1_90' title="bbox 2171 2508 3749 2578; baseline -0.003 -16"><span class='ocrx_word' id='word_1_694' title='bbox 2171 2520 2260 2562; x_wconf 85' lang='lat' dir='ltr'><strong><em>cut</em></strong></span> <span class='ocrx_word' id='word_1_695' title='bbox 2281 2510 2596 2578; x_wconf 86' lang='lat' dir='ltr'><strong><em>quibusdam</em></strong></span> <span class='ocrx_word' id='word_1_696' title='bbox 2618 2509 2964 2561; x_wconf 87' lang='lat' dir='ltr'><strong><em>morientinus</em></strong></span> <span class='ocrx_word' id='word_1_697' title='bbox 2988 2508 3179 2571; x_wconf 70' lang='lat' dir='ltr'><strong><em>iniquis</em></strong></span> <span class='ocrx_word' id='word_1_698' title='bbox 3203 2508 3501 2560; x_wconf 87' lang='lat' dir='ltr'><strong><em>succedunt</em></strong></span> <span class='ocrx_word' id='word_1_699' title='bbox 3532 2510 3619 2561; x_wconf 86' lang='lat' dir='ltr'><strong><em>alii</em></strong></span> <span class='ocrx_word' id='word_1_700' title='bbox 3650 2511 3749 2560; x_wconf 76' lang='lat' dir='ltr'><strong><em>in:-</em></strong></span> 
     </span>
    </p>
   </div>
   <div class='ocr_carea' id='block_1_91' title="bbox 2169 2579 3747 2647">
    <p class='ocr_par' dir='ltr' id='par_1_91' title="bbox 2169 2579 3747 2647">
     <span class='ocr_line' id='line_1_91' title="bbox 2169 2579 3747 2647; baseline 0.001 -17"><span class='ocrx_word' id='word_1_701' title='bbox 2169 2581 2279 2645; x_wconf 82' lang='lat' dir='ltr'><strong><em>qui,</em></strong></span> <span class='ocrx_word' id='word_1_702' title='bbox 2316 2582 2385 2633; x_wconf 87' lang='lat' dir='ltr'><strong><em>ita</em></strong></span> <span class='ocrx_word' id='word_1_703' title='bbox 2413 2580 2761 2633; x_wconf 86' lang='lat' dir='ltr'><strong><em>morientibus</em></strong></span> <span class='ocrx_word' id='word_1_704' title='bbox 2789 2579 3103 2645; x_wconf 78' lang='lat' dir='ltr'><strong><em>quibusdam</em></strong></span> <span class='ocrx_word' id='word_1_705' title='bbox 3137 2580 3294 2647; x_wconf 86' lang='lat' dir='ltr'><strong><em>justis</em></strong></span> <span class='ocrx_word' id='word_1_706' title='bbox 3322 2590 3614 2631; x_wconf 66' lang='lat' dir='ltr'><strong><em>nascuntur</em></strong></span> <span class='ocrx_word' id='word_1_707' title='bbox 3639 2579 3747 2631; x_wconf 78' lang='lat' dir='ltr'><strong><em>alii.</em></strong></span> 
     </span>
    </p>
   </div>
   <div class='ocr_carea' id='block_1_92' title="bbox 2169 2646 3750 2717">
    <p class='ocr_par' dir='ltr' id='par_1_92' title="bbox 2169 2646 3750 2717">
     <span class='ocr_line' id='line_1_92' title="bbox 2169 2646 3750 2717; baseline 0.001 -15"><span class='ocrx_word' id='word_1_708' title='bbox 2169 2651 2235 2703; x_wconf 72' lang='lat' dir='ltr'><strong><em>Et</em></strong></span> <span class='ocrx_word' id='word_1_709' title='bbox 2272 2650 2348 2702; x_wconf 90' lang='lat' dir='ltr'><strong><em>sic</em></strong></span> <span class='ocrx_word' id='word_1_710' title='bbox 2380 2665 2643 2717; x_wconf 89' lang='lat' dir='ltr'><strong><em>nunquam</em></strong></span> <span class='ocrx_word' id='word_1_711' title='bbox 2688 2653 2737 2701; x_wconf 83' lang='lat' dir='ltr'><strong><em>in</em></strong></span> <span class='ocrx_word' id='word_1_712' title='bbox 2785 2653 2882 2702; x_wconf 90' lang='lat' dir='ltr'><strong><em>hac</em></strong></span> <span class='ocrx_word' id='word_1_713' title='bbox 2932 2650 3035 2702; x_wconf 81' lang='lat' dir='ltr'><strong><em>vita</em></strong></span> <span class='ocrx_word' id='word_1_714' title='bbox 3069 2646 3240 2703; x_wconf 82' lang='lat' dir='ltr'><strong><em>deerit</em></strong></span> <span class='ocrx_word' id='word_1_715' title='bbox 3282 2646 3536 2717; x_wconf 84' lang='lat' dir='ltr'><strong><em>iniquitas</em></strong></span> <span class='ocrx_word' id='word_1_716' title='bbox 3569 2663 3750 2704; x_wconf 80' lang='lat' dir='ltr'><strong><em>uerse-</em></strong></span> 
     </span>
    </p>
   </div>
   <div class='ocr_carea' id='block_1_93' title="bbox 2167 2719 2919 2788">
    <p class='ocr_par' dir='ltr' id='par_1_93' title="bbox 2167 2719 2919 2788">
     <span class='ocr_line' id='line_1_93' title="bbox 2167 2719 2919 2788; baseline 0.001 -17"><span class='ocrx_word' id='word_1_717' title='bbox 2167 2734 2354 2786; x_wconf 80' lang='lat' dir='ltr'><strong><em>quens,</em></strong></span> <span class='ocrx_word' id='word_1_718' title='bbox 2384 2729 2436 2772; x_wconf 91' lang='lat' dir='ltr'><strong><em>et</em></strong></span> <span class='ocrx_word' id='word_1_719' title='bbox 2460 2719 2661 2788; x_wconf 78' lang='lat' dir='ltr'><strong><em>jnstilia</em></strong></span> <span class='ocrx_word' id='word_1_720' title='bbox 2692 2734 2919 2786; x_wconf 71' lang='lat' dir='ltr'><strong><em>pariens.</em></strong></span> 
     </span>
    </p>
   </div>
   <div class='ocr_carea' id='block_1_94' title="bbox 2239 2787 3748 2855">
    <p class='ocr_par' dir='ltr' id='par_1_94' title="bbox 2239 2787 3748 2855">
     <span class='ocr_line' id='line_1_94' title="bbox 2239 2787 3748 2855; baseline -0.002 -13"><span class='ocrx_word' id='word_1_721' title='bbox 2239 2787 2480 2842; x_wconf 82' lang='lat' dir='ltr'><strong><em>Clumabo</em></strong></span> <span class='ocrx_word' id='word_1_722' title='bbox 2501 2792 2567 2841; x_wconf 85' lang='lat' dir='ltr'><strong><em>ad</em></strong></span> <span class='ocrx_word' id='word_1_723' title='bbox 2595 2791 2753 2842; x_wconf 87' lang='lat' dir='ltr'><strong><em>Deunt</em></strong></span> <span class='ocrx_word' id='word_1_724' title='bbox 2778 2789 3099 2842; x_wconf 87' lang='lat' dir='ltr'><strong><em>altissimum.</em></strong></span> <span class='ocrx_word' id='word_1_725' title='bbox 3129 2787 3264 2855; x_wconf 85' lang='lat' dir='ltr'><strong><em>Quia</em></strong></span> <span class='ocrx_word' id='word_1_726' title='bbox 3286 2787 3516 2853; x_wconf 85' lang='lat' dir='ltr'><strong><em>Sperabo</em></strong></span> <span class='ocrx_word' id='word_1_727' title='bbox 3538 2791 3590 2842; x_wconf 83' lang='lat' dir='ltr'><strong><em>in</em></strong></span> <span class='ocrx_word' id='word_1_728' title='bbox 3618 2788 3748 2849; x_wconf 88' lang='lat' dir='ltr'><strong><em>Deo,</em></strong></span> 
     </span>
    </p>
   </div>
   <div class='ocr_carea' id='block_1_95' title="bbox 2165 2859 3749 2927">
    <p class='ocr_par' dir='ltr' id='par_1_95' title="bbox 2165 2859 3749 2927">
     <span class='ocr_line' id='line_1_95' title="bbox 2165 2859 3749 2927; baseline 0.001 -16"><span class='ocrx_word' id='word_1_729' title='bbox 2165 2862 2397 2913; x_wconf 88' lang='lat' dir='ltr'><strong><em>clamabo</em></strong></span> <span class='ocrx_word' id='word_1_730' title='bbox 2426 2863 2493 2912; x_wconf 86' lang='lat' dir='ltr'><strong><em>ad</em></strong></span> <span class='ocrx_word' id='word_1_731' title='bbox 2528 2860 2710 2923; x_wconf 78' lang='lat' dir='ltr'><strong><em>Deum,</em></strong></span> <span class='ocrx_word' id='word_1_732' title='bbox 2742 2861 2807 2912; x_wconf 85' lang='lat' dir='ltr'><strong><em>ad</em></strong></span> <span class='ocrx_word' id='word_1_733' title='bbox 2836 2874 2991 2926; x_wconf 88' lang='lat' dir='ltr'><strong><em>quem</em></strong></span> <span class='ocrx_word' id='word_1_734' title='bbox 3022 2862 3215 2913; x_wconf 81' lang='lat' dir='ltr'><strong><em>metito</em></strong></span> <span class='ocrx_word' id='word_1_735' title='bbox 3243 2859 3603 2923; x_wconf 84' lang='lat' dir='ltr'><strong><em>clamandum,</em></strong></span> <span class='ocrx_word' id='word_1_736' title='bbox 3628 2864 3749 2927; x_wconf 81' lang='lat' dir='ltr'><strong><em>quia</em></strong></span> 
     </span>
    </p>
   </div>
   <div class='ocr_carea' id='block_1_96' title="bbox 2166 2930 3748 2996">
    <p class='ocr_par' dir='ltr' id='par_1_96' title="bbox 2166 2930 3748 2996">
     <span class='ocr_line' id='line_1_96' title="bbox 2166 2930 3748 2996; baseline 0.001 -16"><span class='ocrx_word' id='word_1_737' title='bbox 2166 2932 2455 2985; x_wconf 77' lang='lat' dir='ltr'><strong><em>alti~simus</em></strong></span> <span class='ocrx_word' id='word_1_738' title='bbox 2483 2938 2583 2995; x_wconf 82' lang='lat' dir='ltr'><strong><em>est,</em></strong></span> <span class='ocrx_word' id='word_1_739' title='bbox 2613 2932 2661 2983; x_wconf 85' lang='lat' dir='ltr'><strong><em>id</em></strong></span> <span class='ocrx_word' id='word_1_740' title='bbox 2690 2939 2792 2992; x_wconf 89' lang='lat' dir='ltr'><strong><em>est,</em></strong></span> <span class='ocrx_word' id='word_1_741' title='bbox 2825 2945 3176 2996; x_wconf 59' lang='lat' dir='ltr'><strong><em>superomnta</em></strong></span> <span class='ocrx_word' id='word_1_742' title='bbox 3209 2940 3313 2982; x_wconf 89' lang='lat' dir='ltr'><strong><em>est.</em></strong></span> <span class='ocrx_word' id='word_1_743' title='bbox 3347 2930 3415 2982; x_wconf 86' lang='lat' dir='ltr'><strong><em>Et</em></strong></span> <span class='ocrx_word' id='word_1_744' title='bbox 3442 2940 3620 2983; x_wconf 86' lang='lat' dir='ltr'><strong><em>tamen</em></strong></span> <span class='ocrx_word' id='word_1_745' title='bbox 3653 2933 3748 2982; x_wconf 81' lang='lat' dir='ltr'><strong><em>ini-</em></strong></span> 
     </span>
    </p>
   </div>
   <div class='ocr_carea' id='block_1_97' title="bbox 2163 3000 3751 3067">
    <p class='ocr_par' dir='ltr' id='par_1_97' title="bbox 2163 3000 3751 3067">
     <span class='ocr_line' id='line_1_97' title="bbox 2163 3000 3751 3067; baseline 0.001 -16"><span class='ocrx_word' id='word_1_746' title='bbox 2163 3001 2315 3054; x_wconf 66' lang='lat' dir='ltr'><strong><em>serias</em></strong></span> <span class='ocrx_word' id='word_1_747' title='bbox 2360 3010 2555 3055; x_wconf 55' lang='lat' dir='ltr'><strong><em>nostra;</em></strong></span> <span class='ocrx_word' id='word_1_748' title='bbox 2590 3002 2859 3067; x_wconf 75' lang='lat' dir='ltr'><strong><em>proximus</em></strong></span> <span class='ocrx_word' id='word_1_749' title='bbox 2905 3007 3006 3063; x_wconf 84' lang='lat' dir='ltr'><strong><em>est,</em></strong></span> <span class='ocrx_word' id='word_1_750' title='bbox 3065 3000 3181 3065; x_wconf 87' lang='lat' dir='ltr'><strong><em>quia</em></strong></span> <span class='ocrx_word' id='word_1_751' title='bbox 3233 3000 3370 3051; x_wconf 87' lang='lat' dir='ltr'><strong><em>sicut</em></strong></span> <span class='ocrx_word' id='word_1_752' title='bbox 3399 3011 3481 3053; x_wconf 80' lang='lat' dir='ltr'><strong><em>est</em></strong></span> <span class='ocrx_word' id='word_1_753' title='bbox 3511 3002 3655 3053; x_wconf 84' lang='lat' dir='ltr'><strong><em>Deus</em></strong></span> <span class='ocrx_word' id='word_1_754' title='bbox 3685 3004 3751 3053; x_wconf 84' lang='lat' dir='ltr'><strong><em>de</em></strong></span> 
     </span>
    </p>
   </div>
   <div class='ocr_carea' id='block_1_98' title="bbox 2166 3070 3747 3140">
    <p class='ocr_par' dir='ltr' id='par_1_98' title="bbox 2166 3070 3747 3140">
     <span class='ocr_line' id='line_1_98' title="bbox 2166 3070 3747 3140; baseline 0.001 -19"><span class='ocrx_word' id='word_1_755' title='bbox 2166 3070 2341 3140; x_wconf 82' lang='lat' dir='ltr'><strong><em>longe,</em></strong></span> <span class='ocrx_word' id='word_1_756' title='bbox 2367 3071 2438 3124; x_wconf 85' lang='lat' dir='ltr'><strong><em>ita</em></strong></span> <span class='ocrx_word' id='word_1_757' title='bbox 2467 3082 2518 3124; x_wconf 88' lang='lat' dir='ltr'><strong><em>et</em></strong></span> <span class='ocrx_word' id='word_1_758' title='bbox 2549 3073 2615 3123; x_wconf 88' lang='lat' dir='ltr'><strong><em>de</em></strong></span> <span class='ocrx_word' id='word_1_759' title='bbox 2642 3086 2825 3139; x_wconf 86' lang='lat' dir='ltr'><strong><em>prope.</em></strong></span> <span class='ocrx_word' id='word_1_760' title='bbox 2856 3072 3002 3123; x_wconf 88' lang='lat' dir='ltr'><strong><em>Sicut</em></strong></span> <span class='ocrx_word' id='word_1_761' title='bbox 3026 3074 3166 3123; x_wconf 90' lang='lat' dir='ltr'><strong><em>enim</em></strong></span> <span class='ocrx_word' id='word_1_762' title='bbox 3196 3071 3302 3122; x_wconf 89' lang='lat' dir='ltr'><strong><em>alta</em></strong></span> <span class='ocrx_word' id='word_1_763' title='bbox 3328 3084 3381 3123; x_wconf 90' lang='lat' dir='ltr'><strong><em>et</em></strong></span> <span class='ocrx_word' id='word_1_764' title='bbox 3436 3074 3666 3137; x_wconf 80' lang='lat' dir='ltr'><strong><em>superba</em></strong></span> <span class='ocrx_word' id='word_1_765' title='bbox 3718 3087 3747 3123; x_wconf 90' lang='lat' dir='ltr'><strong><em>a</em></strong></span> 
     </span>
    </p>
   </div>
   <div class='ocr_carea' id='block_1_99' title="bbox 2166 3139 3745 3210">
    <p class='ocr_par' dir='ltr' id='par_1_99' title="bbox 2166 3139 3745 3210">
     <span class='ocr_line' id='line_1_99' title="bbox 2166 3139 3745 3210; baseline 0.001 -19"><span class='ocrx_word' id='word_1_766' title='bbox 2166 3139 2321 3209; x_wconf 86' lang='lat' dir='ltr'><strong><em>longe</em></strong></span> <span class='ocrx_word' id='word_1_767' title='bbox 2364 3143 2657 3210; x_wconf 83' lang='lat' dir='ltr'><strong><em>cognoscit,</em></strong></span> <span class='ocrx_word' id='word_1_768' title='bbox 2701 3144 2771 3193; x_wconf 87' lang='lat' dir='ltr'><strong><em>ita</em></strong></span> <span class='ocrx_word' id='word_1_769' title='bbox 2808 3140 3020 3193; x_wconf 82' lang='lat' dir='ltr'><strong><em>humilia</em></strong></span> <span class='ocrx_word' id='word_1_770' title='bbox 3051 3142 3118 3192; x_wconf 90' lang='lat' dir='ltr'><strong><em>de</em></strong></span> <span class='ocrx_word' id='word_1_771' title='bbox 3149 3143 3320 3193; x_wconf 88' lang='lat' dir='ltr'><strong><em>vicino</em></strong></span> <span class='ocrx_word' id='word_1_772' title='bbox 3353 3147 3590 3209; x_wconf 83' lang='lat' dir='ltr'><strong><em>respicit,</em></strong></span> <span class='ocrx_word' id='word_1_773' title='bbox 3625 3142 3745 3209; x_wconf 78' lang='lat' dir='ltr'><strong><em>quia</em></strong></span> 
     </span>
    </p>
   </div>
   <div class='ocr_carea' id='block_1_100' title="bbox 2164 3211 3742 3280">
    <p class='ocr_par' dir='ltr' id='par_1_100' title="bbox 2164 3211 3742 3280">
     <span class='ocr_line' id='line_1_100' title="bbox 2164 3211 3742 3280; baseline 0 -19"><span class='ocrx_word' id='word_1_774' title='bbox 2164 3227 2329 3280; x_wconf 76' lang='lat' dir='ltr'><strong><em>prope</em></strong></span> <span class='ocrx_word' id='word_1_775' title='bbox 2351 3222 2435 3266; x_wconf 84' lang='lat' dir='ltr'><strong><em>est</em></strong></span> <span class='ocrx_word' id='word_1_776' title='bbox 2461 3212 2713 3264; x_wconf 77' lang='lat' dir='ltr'><strong><em>Dominus</em></strong></span> <span class='ocrx_word' id='word_1_777' title='bbox 2744 3211 2822 3263; x_wconf 87' lang='lat' dir='ltr'><strong><em>bis</em></strong></span> <span class='ocrx_word' id='word_1_778' title='bbox 2853 3216 2938 3279; x_wconf 82' lang='lat' dir='ltr'><strong><em>qui</em></strong></span> <span class='ocrx_word' id='word_1_779' title='bbox 2961 3212 3294 3263; x_wconf 75' lang='lat' dir='ltr'><strong><em>obtriverunt</em></strong></span> <span class='ocrx_word' id='word_1_780' title='bbox 3322 3226 3436 3263; x_wconf 89' lang='lat' dir='ltr'><strong><em>cor.</em></strong></span> <span class='ocrx_word' id='word_1_781' title='bbox 3460 3212 3742 3275; x_wconf 82' lang='lat' dir='ltr'><strong><em>Clatnabo,</em></strong></span> 
     </span>
    </p>
   </div>
   <div class='ocr_carea' id='block_1_101' title="bbox 2164 3280 3750 3350">
    <p class='ocr_par' dir='ltr' id='par_1_101' title="bbox 2164 3280 3750 3350">
     <span class='ocr_line' id='line_1_101' title="bbox 2164 3280 3750 3350; baseline 0.002 -18"><span class='ocrx_word' id='word_1_782' title='bbox 2164 3297 2401 3350; x_wconf 86' lang='lat' dir='ltr'><strong><em>mquam,</em></strong></span> <span class='ocrx_word' id='word_1_783' title='bbox 2448 3284 2510 3334; x_wconf 83' lang='lat' dir='ltr'><strong><em>ad</em></strong></span> <span class='ocrx_word' id='word_1_784' title='bbox 2542 3280 2843 3345; x_wconf 86' lang='lat' dir='ltr'><strong><em>Dominum,</em></strong></span> <span class='ocrx_word' id='word_1_785' title='bbox 2886 3289 2939 3333; x_wconf 88' lang='lat' dir='ltr'><strong><em>et</em></strong></span> <span class='ocrx_word' id='word_1_786' title='bbox 2968 3280 3081 3348; x_wconf 83' lang='lat' dir='ltr'><strong><em>ipse</em></strong></span> <span class='ocrx_word' id='word_1_787' title='bbox 3107 3281 3398 3333; x_wconf 82' lang='lat' dir='ltr'><strong><em>benefaciet</em></strong></span> <span class='ocrx_word' id='word_1_788' title='bbox 3429 3292 3482 3335; x_wconf 87' lang='lat' dir='ltr'><strong><em>et</em></strong></span> <span class='ocrx_word' id='word_1_789' title='bbox 3517 3284 3650 3335; x_wconf 84' lang='lat' dir='ltr'><strong><em>mitti</em></strong></span> <span class='ocrx_word' id='word_1_790' title='bbox 3696 3294 3750 3335; x_wconf 84' lang='lat' dir='ltr'><strong><em>et</em></strong></span> 
     </span>
    </p>
   </div>
   <div class='ocr_carea' id='block_1_102' title="bbox 2162 3350 3745 3421">
    <p class='ocr_par' dir='ltr' id='par_1_102' title="bbox 2162 3350 3745 3421">
     <span class='ocr_line' id='line_1_102' title="bbox 2162 3350 3745 3421; baseline 0.001 -17"><span class='ocrx_word' id='word_1_791' title='bbox 2162 3355 2316 3421; x_wconf 87' lang='lat' dir='ltr'><strong><em>meis.</em></strong></span> <span class='ocrx_word' id='word_1_792' title='bbox 2352 3352 2500 3406; x_wconf 77' lang='lat' dir='ltr'><strong><em>Lntle</em></strong></span> <span class='ocrx_word' id='word_1_793' title='bbox 2540 3354 2907 3421; x_wconf 82' lang='lat' dir='ltr'><strong><em>experimento</em></strong></span> <span class='ocrx_word' id='word_1_794' title='bbox 2934 3354 3053 3403; x_wconf 87' lang='lat' dir='ltr'><strong><em>data</em></strong></span> <span class='ocrx_word' id='word_1_795' title='bbox 3080 3362 3162 3404; x_wconf 69' lang='lat' dir='ltr'><strong><em>est</em></strong></span> <span class='ocrx_word' id='word_1_796' title='bbox 3202 3352 3327 3403; x_wconf 87' lang='lat' dir='ltr'><strong><em>mihi</em></strong></span> <span class='ocrx_word' id='word_1_797' title='bbox 3371 3350 3589 3417; x_wconf 78' lang='lat' dir='ltr'><strong><em>ﬁducia,</em></strong></span> <span class='ocrx_word' id='word_1_798' title='bbox 3625 3358 3745 3420; x_wconf 79' lang='lat' dir='ltr'><strong><em>quia</em></strong></span> 
     </span>
    </p>
   </div>
   <div class='ocr_carea' id='block_1_103' title="bbox 2154 3420 3747 3490">
    <p class='ocr_par' dir='ltr' id='par_1_103' title="bbox 2154 3420 3747 3490">
     <span class='ocr_line' id='line_1_103' title="bbox 2154 3420 3747 3490; baseline 0.003 -19"><span class='ocrx_word' id='word_1_799' title='bbox 2154 3420 2264 3489; x_wconf 82' lang='lat' dir='ltr'><strong><em>jam</em></strong></span> <span class='ocrx_word' id='word_1_800' title='bbox 2299 3424 2561 3476; x_wconf 86' lang='lat' dir='ltr'><strong><em>benelecit</em></strong></span> <span class='ocrx_word' id='word_1_801' title='bbox 2590 3422 2715 3474; x_wconf 82' lang='lat' dir='ltr'><strong><em>inihi</em></strong></span> <span class='ocrx_word' id='word_1_802' title='bbox 2749 3427 2798 3474; x_wconf 87' lang='lat' dir='ltr'><strong><em>in</em></strong></span> <span class='ocrx_word' id='word_1_803' title='bbox 2844 3423 2997 3474; x_wconf 87' lang='lat' dir='ltr'><strong><em>meis.</em></strong></span> <span class='ocrx_word' id='word_1_804' title='bbox 3032 3421 3086 3475; x_wconf 87' lang='lat' dir='ltr'><strong><em>Si</em></strong></span> <span class='ocrx_word' id='word_1_805' title='bbox 3125 3421 3268 3474; x_wconf 89' lang='lat' dir='ltr'><strong><em>enim</em></strong></span> <span class='ocrx_word' id='word_1_806' title='bbox 3301 3437 3435 3474; x_wconf 84' lang='lat' dir='ltr'><strong><em>mets</em></strong></span> <span class='ocrx_word' id='word_1_807' title='bbox 3460 3435 3747 3490; x_wconf 80' lang='lat' dir='ltr'><strong><em>antequam</em></strong></span> 
     </span>
    </p>
   </div>
   <div class='ocr_carea' id='block_1_104' title="bbox 2161 3492 3749 3561">
    <p class='ocr_par' dir='ltr' id='par_1_104' title="bbox 2161 3492 3749 3561">
     <span class='ocr_line' id='line_1_104' title="bbox 2161 3492 3749 3561; baseline 0 -16"><span class='ocrx_word' id='word_1_808' title='bbox 2161 3506 2282 3545; x_wconf 89' lang='lat' dir='ltr'><strong><em>eum</em></strong></span> <span class='ocrx_word' id='word_1_809' title='bbox 2337 3502 2721 3560; x_wconf 84' lang='lat' dir='ltr'><strong><em>cognoscerent</em></strong></span> <span class='ocrx_word' id='word_1_810' title='bbox 2748 3492 3029 3557; x_wconf 80' lang='lat' dir='ltr'><strong><em>benelecit,</em></strong></span> <span class='ocrx_word' id='word_1_811' title='bbox 3065 3493 3322 3545; x_wconf 89' lang='lat' dir='ltr'><strong><em>mittendo</em></strong></span> <span class='ocrx_word' id='word_1_812' title='bbox 3360 3507 3447 3545; x_wconf 87' lang='lat' dir='ltr'><strong><em>me</em></strong></span> <span class='ocrx_word' id='word_1_813' title='bbox 3487 3495 3749 3561; x_wconf 69' lang='lat' dir='ltr'><strong><em>propitia-</em></strong></span> 
     </span>
    </p>
   </div>
   <div class='ocr_carea' id='block_1_105' title="bbox 2162 3564 3749 3630">
    <p class='ocr_par' dir='ltr' id='par_1_105' title="bbox 2162 3564 3749 3630">
     <span class='ocr_line' id='line_1_105' title="bbox 2162 3564 3749 3630; baseline 0.001 -16"><span class='ocrx_word' id='word_1_814' title='bbox 2162 3570 2330 3616; x_wconf 89' lang='lat' dir='ltr'><strong><em>toretn</em></strong></span> <span class='ocrx_word' id='word_1_815' title='bbox 2375 3572 2429 3616; x_wconf 90' lang='lat' dir='ltr'><strong><em>et</em></strong></span> <span class='ocrx_word' id='word_1_816' title='bbox 2456 3564 2870 3625; x_wconf 83' lang='lat' dir='ltr'><strong><em>c0ttsolatorem,</em></strong></span> <span class='ocrx_word' id='word_1_817' title='bbox 2897 3564 2982 3629; x_wconf 90' lang='lat' dir='ltr'><strong><em>qui</em></strong></span> <span class='ocrx_word' id='word_1_818' title='bbox 3008 3573 3061 3615; x_wconf 91' lang='lat' dir='ltr'><strong><em>et</em></strong></span> <span class='ocrx_word' id='word_1_819' title='bbox 3099 3578 3338 3615; x_wconf 85' lang='lat' dir='ltr'><strong><em>morerer</em></strong></span> <span class='ocrx_word' id='word_1_820' title='bbox 3368 3577 3587 3630; x_wconf 86' lang='lat' dir='ltr'><strong><em>propter</em></strong></span> <span class='ocrx_word' id='word_1_821' title='bbox 3625 3580 3749 3629; x_wconf 89' lang='lat' dir='ltr'><strong><em>pec-</em></strong></span> 
     </span>
    </p>
   </div>
   <div class='ocr_carea' id='block_1_106' title="bbox 2160 3632 3743 3701">
    <p class='ocr_par' dir='ltr' id='par_1_106' title="bbox 2160 3632 3743 3701">
     <span class='ocr_line' id='line_1_106' title="bbox 2160 3632 3743 3701; baseline 0.001 -16"><span class='ocrx_word' id='word_1_822' title='bbox 2160 3642 2276 3685; x_wconf 85' lang='lat' dir='ltr'><strong><em>cata</em></strong></span> <span class='ocrx_word' id='word_1_823' title='bbox 2331 3648 2540 3695; x_wconf 89' lang='lat' dir='ltr'><strong><em>eorum,</em></strong></span> <span class='ocrx_word' id='word_1_824' title='bbox 2598 3642 2653 3686; x_wconf 85' lang='lat' dir='ltr'><strong><em>et</em></strong></span> <span class='ocrx_word' id='word_1_825' title='bbox 2682 3646 3013 3699; x_wconf 85' lang='lat' dir='ltr'><strong><em>resurgerem</em></strong></span> <span class='ocrx_word' id='word_1_826' title='bbox 3045 3644 3265 3701; x_wconf 86' lang='lat' dir='ltr'><strong><em>propter</em></strong></span> <span class='ocrx_word' id='word_1_827' title='bbox 3301 3632 3743 3701; x_wconf 83' lang='lat' dir='ltr'><strong><em>justillcattonem</em></strong></span> 
     </span>
    </p>
   </div>
   <div class='ocr_carea' id='block_1_107' title="bbox 2159 3702 3744 3769">
    <p class='ocr_par' dir='ltr' id='par_1_107' title="bbox 2159 3702 3744 3769">
     <span class='ocr_line' id='line_1_107' title="bbox 2159 3702 3744 3769; baseline 0.003 -14"><span class='ocrx_word' id='word_1_828' title='bbox 2159 3717 2367 3767; x_wconf 84' lang='lat' dir='ltr'><strong><em>eorum,</em></strong></span> <span class='ocrx_word' id='word_1_829' title='bbox 2397 3718 2572 3757; x_wconf 86' lang='lat' dir='ltr'><strong><em>nonne</em></strong></span> <span class='ocrx_word' id='word_1_830' title='bbox 2603 3702 2850 3756; x_wconf 72' lang='lat' dir='ltr'><strong><em>exaudiet</em></strong></span> <span class='ocrx_word' id='word_1_831' title='bbox 2882 3716 2967 3755; x_wconf 87' lang='lat' dir='ltr'><strong><em>me</em></strong></span> <span class='ocrx_word' id='word_1_832' title='bbox 2992 3706 3337 3769; x_wconf 83' lang='lat' dir='ltr'><strong><em>clamantem,</em></strong></span> <span class='ocrx_word' id='word_1_833' title='bbox 3366 3703 3419 3757; x_wconf 83' lang='lat' dir='ltr'><strong><em>id</em></strong></span> <span class='ocrx_word' id='word_1_834' title='bbox 3468 3714 3576 3769; x_wconf 89' lang='lat' dir='ltr'><strong><em>est,</em></strong></span> <span class='ocrx_word' id='word_1_835' title='bbox 3607 3707 3744 3759; x_wconf 84' lang='lat' dir='ltr'><strong><em>irre-</em></strong></span> 
     </span>
    </p>
   </div>
   <div class='ocr_carea' id='block_1_108' title="bbox 2160 3772 3316 3838">
    <p class='ocr_par' dir='ltr' id='par_1_108' title="bbox 2160 3772 3316 3838">
     <span class='ocr_line' id='line_1_108' title="bbox 2160 3772 3316 3838; baseline 0.001 -12"><span class='ocrx_word' id='word_1_836' title='bbox 2160 3776 2323 3826; x_wconf 86' lang='lat' dir='ltr'><strong><em>misse</em></strong></span> <span class='ocrx_word' id='word_1_837' title='bbox 2351 3777 2485 3827; x_wconf 87' lang='lat' dir='ltr'><strong><em>bene</em></strong></span> <span class='ocrx_word' id='word_1_838' title='bbox 2512 3785 2752 3838; x_wconf 73' lang='lat' dir='ltr'><strong><em>agentetn</em></strong></span> <span class='ocrx_word' id='word_1_839' title='bbox 2778 3772 2796 3826; x_wconf 79' lang='lat' dir='ltr'><strong><em>l</em></strong></span> <span class='ocrx_word' id='word_1_840' title='bbox 2830 3776 3019 3838; x_wconf 81' lang='lat' dir='ltr'><strong><em>Utique</em></strong></span> <span class='ocrx_word' id='word_1_841' title='bbox 3047 3773 3316 3827; x_wconf 82' lang='lat' dir='ltr'><strong><em>exaudiet.</em></strong></span> 
     </span>
    </p>
   </div>
   <div class='ocr_carea' id='block_1_109' title="bbox 2235 3841 3746 3911">
    <p class='ocr_par' dir='ltr' id='par_1_109' title="bbox 2235 3841 3746 3911">
     <span class='ocr_line' id='line_1_109' title="bbox 2235 3841 3746 3911; baseline 0.001 -16"><span class='ocrx_word' id='word_1_842' title='bbox 2235 3843 2374 3896; x_wconf 73' lang='lat' dir='ltr'><strong><em>Mtsit</em></strong></span> <span class='ocrx_word' id='word_1_843' title='bbox 2419 3844 2483 3897; x_wconf 84' lang='lat' dir='ltr'><strong><em>de</em></strong></span> <span class='ocrx_word' id='word_1_844' title='bbox 2533 3848 2673 3897; x_wconf 68' lang='lat' dir='ltr'><strong><em>calo.</em></strong></span> <span class='ocrx_word' id='word_1_845' title='bbox 2702 3841 2995 3906; x_wconf 76' lang='lat' dir='ltr'><strong><em>Benefcuit,</em></strong></span> <span class='ocrx_word' id='word_1_846' title='bbox 3030 3846 3267 3911; x_wconf 86' lang='lat' dir='ltr'><strong><em>inquam.</em></strong></span> <span class='ocrx_word' id='word_1_847' title='bbox 3298 3843 3430 3898; x_wconf 84' lang='lat' dir='ltr'><strong><em>meis</em></strong></span> <span class='ocrx_word' id='word_1_848' title='bbox 3475 3844 3526 3897; x_wconf 90' lang='lat' dir='ltr'><strong><em>in</em></strong></span> <span class='ocrx_word' id='word_1_849' title='bbox 3558 3859 3667 3910; x_wconf 77' lang='lat' dir='ltr'><strong><em>me,</em></strong></span> <span class='ocrx_word' id='word_1_850' title='bbox 3693 3854 3746 3897; x_wconf 83' lang='lat' dir='ltr'><strong><em>et</em></strong></span> 
     </span>
    </p>
   </div>
   <div class='ocr_carea' id='block_1_110' title="bbox 2162 3914 3742 3984">
    <p class='ocr_par' dir='ltr' id='par_1_110' title="bbox 2162 3914 3742 3984">
     <span class='ocr_line' id='line_1_110' title="bbox 2162 3914 3742 3984; baseline 0.001 -18"><span class='ocrx_word' id='word_1_851' title='bbox 2162 3923 2211 3966; x_wconf 91' lang='lat' dir='ltr'><strong><em>ut</em></strong></span> <span class='ocrx_word' id='word_1_852' title='bbox 2247 3929 2339 3981; x_wconf 90' lang='lat' dir='ltr'><strong><em>per</em></strong></span> <span class='ocrx_word' id='word_1_853' title='bbox 2365 3930 2450 3968; x_wconf 88' lang='lat' dir='ltr'><strong><em>me</em></strong></span> <span class='ocrx_word' id='word_1_854' title='bbox 2474 3920 2827 3977; x_wconf 73' lang='lat' dir='ltr'><strong><em>benel’aceret,</em></strong></span> <span class='ocrx_word' id='word_1_855' title='bbox 2856 3916 2990 3966; x_wconf 71' lang='lat' dir='ltr'><strong><em>misit</em></strong></span> <span class='ocrx_word' id='word_1_856' title='bbox 3017 3915 3248 3967; x_wconf 78' lang='lat' dir='ltr'><strong><em>divinam</em></strong></span> <span class='ocrx_word' id='word_1_857' title='bbox 3279 3914 3568 3984; x_wconf 86' lang='lat' dir='ltr'><strong><em>potentiam</em></strong></span> <span class='ocrx_word' id='word_1_858' title='bbox 3590 3930 3742 3967; x_wconf 83' lang='lat' dir='ltr'><strong><em>suam</em></strong></span> 
     </span>
    </p>
   </div>
   <div class='ocr_carea' id='block_1_111' title="bbox 2161 3985 3746 4049">
    <p class='ocr_par' dir='ltr' id='par_1_111' title="bbox 2161 3985 3746 4049">
     <span class='ocr_line' id='line_1_111' title="bbox 2161 3985 3746 4049; baseline 0.003 -15"><span class='ocrx_word' id='word_1_859' title='bbox 2161 3986 2226 4035; x_wconf 89' lang='lat' dir='ltr'><strong><em>de</em></strong></span> <span class='ocrx_word' id='word_1_860' title='bbox 2253 3987 2399 4047; x_wconf 77' lang='lat' dir='ltr'><strong><em>coelo,</em></strong></span> <span class='ocrx_word' id='word_1_861' title='bbox 2448 3994 2495 4037; x_wconf 88' lang='lat' dir='ltr'><strong><em>et</em></strong></span> <span class='ocrx_word' id='word_1_862' title='bbox 2544 3985 2770 4038; x_wconf 67' lang='lat' dir='ltr'><strong><em>liberavit</em></strong></span> <span class='ocrx_word' id='word_1_863' title='bbox 2803 4000 2882 4037; x_wconf 86' lang='lat' dir='ltr'><strong><em>me</em></strong></span> <span class='ocrx_word' id='word_1_864' title='bbox 2928 3987 3220 4049; x_wconf 83' lang='lat' dir='ltr'><strong><em>hominem,</em></strong></span> <span class='ocrx_word' id='word_1_865' title='bbox 3264 4000 3541 4039; x_wconf 85' lang='lat' dir='ltr'><strong><em>assumens</em></strong></span> <span class='ocrx_word' id='word_1_866' title='bbox 3569 4002 3656 4038; x_wconf 86' lang='lat' dir='ltr'><strong><em>tne</em></strong></span> <span class='ocrx_word' id='word_1_867' title='bbox 3679 3990 3746 4039; x_wconf 88' lang='lat' dir='ltr'><strong><em>de</em></strong></span> 
     </span>
    </p>
   </div>
   <div class='ocr_carea' id='block_1_112' title="bbox 2163 4055 3741 4122">
    <p class='ocr_par' dir='ltr' id='par_1_112' title="bbox 2163 4055 3741 4122">
     <span class='ocr_line' id='line_1_112' title="bbox 2163 4055 3741 4122; baseline 0.001 -17"><span class='ocrx_word' id='word_1_868' title='bbox 2163 4063 2312 4106; x_wconf 87' lang='lat' dir='ltr'><strong><em>utero</em></strong></span> <span class='ocrx_word' id='word_1_869' title='bbox 2339 4065 2391 4106; x_wconf 85' lang='lat' dir='ltr'><strong><em>et</em></strong></span> <span class='ocrx_word' id='word_1_870' title='bbox 2418 4057 2704 4109; x_wconf 78' lang='lat' dir='ltr'><strong><em>imutuuem</em></strong></span> <span class='ocrx_word' id='word_1_871' title='bbox 2737 4070 2765 4106; x_wconf 90' lang='lat' dir='ltr'><strong><em>a</em></strong></span> <span class='ocrx_word' id='word_1_872' title='bbox 2811 4059 3041 4122; x_wconf 85' lang='lat' dir='ltr'><strong><em>peccatis</em></strong></span> <span class='ocrx_word' id='word_1_873' title='bbox 3082 4055 3349 4119; x_wconf 85' lang='lat' dir='ltr'><strong><em>faciendo,</em></strong></span> <span class='ocrx_word' id='word_1_874' title='bbox 3381 4067 3434 4108; x_wconf 89' lang='lat' dir='ltr'><strong><em>et</em></strong></span> <span class='ocrx_word' id='word_1_875' title='bbox 3460 4072 3741 4109; x_wconf 79' lang='lat' dir='ltr'><strong><em>assumens</em></strong></span> 
     </span>
    </p>
   </div>
   <div class='ocr_carea' id='block_1_113' title="bbox 2161 4126 3746 4193">
    <p class='ocr_par' dir='ltr' id='par_1_113' title="bbox 2161 4126 3746 4193">
     <span class='ocr_line' id='line_1_113' title="bbox 2161 4126 3746 4193; baseline 0.001 -18"><span class='ocrx_word' id='word_1_876' title='bbox 2161 4139 2247 4176; x_wconf 85' lang='lat' dir='ltr'><strong><em>me</em></strong></span> <span class='ocrx_word' id='word_1_877' title='bbox 2293 4128 2358 4176; x_wconf 88' lang='lat' dir='ltr'><strong><em>de</em></strong></span> <span class='ocrx_word' id='word_1_878' title='bbox 2410 4127 2653 4190; x_wconf 88' lang='lat' dir='ltr'><strong><em>sepulcro</em></strong></span> <span class='ocrx_word' id='word_1_879' title='bbox 2698 4126 3063 4178; x_wconf 68' lang='lat' dir='ltr'><strong><em>reSthllatldO</em></strong></span> <span class='ocrx_word' id='word_1_880' title='bbox 3114 4140 3220 4190; x_wconf 85' lang='lat' dir='ltr'><strong><em>tne,</em></strong></span> <span class='ocrx_word' id='word_1_881' title='bbox 3278 4142 3371 4193; x_wconf 81' lang='lat' dir='ltr'><strong><em>per</em></strong></span> <span class='ocrx_word' id='word_1_882' title='bbox 3405 4130 3547 4193; x_wconf 88' lang='lat' dir='ltr'><strong><em>quod</em></strong></span> <span class='ocrx_word' id='word_1_883' title='bbox 3597 4130 3746 4177; x_wconf 80' lang='lat' dir='ltr'><strong><em>dedit</em></strong></span> 
     </span>
    </p>
   </div>
   <div class='ocr_carea' id='block_1_114' title="bbox 2158 4194 3739 4261">
    <p class='ocr_par' dir='ltr' id='par_1_114' title="bbox 2158 4194 3739 4261">
     <span class='ocr_line' id='line_1_114' title="bbox 2158 4194 3739 4261; baseline 0 -16"><span class='ocrx_word' id='word_1_884' title='bbox 2158 4194 2264 4261; x_wconf 83' lang='lat' dir='ltr'><strong><em>jam</em></strong></span> <span class='ocrx_word' id='word_1_885' title='bbox 2292 4194 2658 4261; x_wconf 75' lang='lat' dir='ltr'><strong><em>dispositione,</em></strong></span> <span class='ocrx_word' id='word_1_886' title='bbox 2674 4206 2723 4249; x_wconf 85' lang='lat' dir='ltr'><strong><em>et</em></strong></span> <span class='ocrx_word' id='word_1_887' title='bbox 2746 4198 2966 4247; x_wconf 75' lang='lat' dir='ltr'><strong><em>daturus</em></strong></span> <span class='ocrx_word' id='word_1_888' title='bbox 2994 4197 3145 4249; x_wconf 79' lang='lat' dir='ltr'><strong><em>estin</em></strong></span> <span class='ocrx_word' id='word_1_889' title='bbox 3177 4197 3739 4259; x_wconf 74' lang='lat' dir='ltr'><strong><em>re,conculcantesme,</em></strong></span> 
     </span>
    </p>
   </div>
   <div class='ocr_carea' id='block_1_115' title="bbox 2162 4265 3738 4335">
    <p class='ocr_par' dir='ltr' id='par_1_115' title="bbox 2162 4265 3738 4335">
     <span class='ocr_line' id='line_1_115' title="bbox 2162 4265 3738 4335; baseline 0 -18"><span class='ocrx_word' id='word_1_890' title='bbox 2162 4266 2211 4317; x_wconf 88' lang='lat' dir='ltr'><strong><em>id</em></strong></span> <span class='ocrx_word' id='word_1_891' title='bbox 2242 4277 2345 4329; x_wconf 84' lang='lat' dir='ltr'><strong><em>est,</em></strong></span> <span class='ocrx_word' id='word_1_892' title='bbox 2378 4265 2611 4328; x_wconf 72' lang='lat' dir='ltr'><strong><em>Judteos,</em></strong></span> <span class='ocrx_word' id='word_1_893' title='bbox 2643 4269 2956 4318; x_wconf 79' lang='lat' dir='ltr'><strong><em>ttibuI.-tttes</em></strong></span> <span class='ocrx_word' id='word_1_894' title='bbox 3000 4283 3084 4320; x_wconf 89' lang='lat' dir='ltr'><strong><em>me</em></strong></span> <span class='ocrx_word' id='word_1_895' title='bbox 3126 4269 3177 4318; x_wconf 91' lang='lat' dir='ltr'><strong><em>in</em></strong></span> <span class='ocrx_word' id='word_1_896' title='bbox 3220 4269 3595 4335; x_wconf 71' lang='lat' dir='ltr'><strong><em>opprobrium.</em></strong></span> <span class='ocrx_word' id='word_1_897' title='bbox 3628 4267 3738 4319; x_wconf 80' lang='lat' dir='ltr'><strong><em>Ma-</em></strong></span> 
     </span>
    </p>
   </div>
   <div class='ocr_carea' id='block_1_116' title="bbox 2160 4338 3743 4404">
    <p class='ocr_par' dir='ltr' id='par_1_116' title="bbox 2160 4338 3743 4404">
     <span class='ocr_line' id='line_1_116' title="bbox 2160 4338 3743 4404; baseline 0.002 -18"><span class='ocrx_word' id='word_1_898' title='bbox 2160 4350 2320 4402; x_wconf 83' lang='lat' dir='ltr'><strong><em>gnum</em></strong></span> <span class='ocrx_word' id='word_1_899' title='bbox 2361 4352 2501 4387; x_wconf 82' lang='lat' dir='ltr'><strong><em>enim</em></strong></span> <span class='ocrx_word' id='word_1_900' title='bbox 2547 4342 2890 4403; x_wconf 84' lang='lat' dir='ltr'><strong><em>opprobrium</em></strong></span> <span class='ocrx_word' id='word_1_901' title='bbox 2916 4347 3018 4399; x_wconf 87' lang='lat' dir='ltr'><strong><em>est,</em></strong></span> <span class='ocrx_word' id='word_1_902' title='bbox 3050 4338 3190 4404; x_wconf 86' lang='lat' dir='ltr'><strong><em>quod</em></strong></span> <span class='ocrx_word' id='word_1_903' title='bbox 3225 4339 3277 4389; x_wconf 90' lang='lat' dir='ltr'><strong><em>in</em></strong></span> <span class='ocrx_word' id='word_1_904' title='bbox 3316 4338 3529 4390; x_wconf 73' lang='lat' dir='ltr'><strong><em>civntate</em></strong></span> <span class='ocrx_word' id='word_1_905' title='bbox 3558 4340 3645 4390; x_wconf 82' lang='lat' dir='ltr'><strong><em>illa</em></strong></span> <span class='ocrx_word' id='word_1_906' title='bbox 3690 4340 3743 4389; x_wconf 84' lang='lat' dir='ltr'><strong><em>tu</em></strong></span> 
     </span>
    </p>
   </div>
   <div class='ocr_carea' id='block_1_117' title="bbox 2160 4405 3744 4476">
    <p class='ocr_par' dir='ltr' id='par_1_117' title="bbox 2160 4405 3744 4476">
     <span class='ocr_line' id='line_1_117' title="bbox 2160 4405 3744 4476; baseline 0 -19"><span class='ocrx_word' id='word_1_907' title='bbox 2160 4421 2260 4472; x_wconf 89' lang='lat' dir='ltr'><strong><em>qua</em></strong></span> <span class='ocrx_word' id='word_1_908' title='bbox 2294 4405 2460 4474; x_wconf 85' lang='lat' dir='ltr'><strong><em>magis</em></strong></span> <span class='ocrx_word' id='word_1_909' title='bbox 2481 4409 2788 4471; x_wconf 72' lang='lat' dir='ltr'><strong><em>azuvierunt,</em></strong></span> <span class='ocrx_word' id='word_1_910' title='bbox 2818 4420 2871 4458; x_wconf 87' lang='lat' dir='ltr'><strong><em>et</em></strong></span> <span class='ocrx_word' id='word_1_911' title='bbox 2898 4410 3291 4474; x_wconf 81' lang='lat' dir='ltr'><strong><em>Superbiernnt,</em></strong></span> <span class='ocrx_word' id='word_1_912' title='bbox 3317 4424 3475 4459; x_wconf 76' lang='lat' dir='ltr'><strong><em>onmo</em></strong></span> <span class='ocrx_word' id='word_1_913' title='bbox 3501 4408 3589 4476; x_wconf 67' lang='lat' dir='ltr'><strong><em>ius</em></strong></span> <span class='ocrx_word' id='word_1_914' title='bbox 3606 4422 3744 4459; x_wconf 82' lang='lat' dir='ltr'><strong><em>atm-</em></strong></span> 
     </span>
    </p>
   </div>
   <div class='ocr_carea' id='block_1_118' title="bbox 2163 4478 3745 4548">
    <p class='ocr_par' dir='ltr' id='par_1_118' title="bbox 2163 4478 3745 4548">
     <span class='ocr_line' id='line_1_118' title="bbox 2163 4478 3745 4548; baseline 0 -20"><span class='ocrx_word' id='word_1_915' title='bbox 2163 4485 2371 4539; x_wconf 89' lang='lat' dir='ltr'><strong><em>seruut,</em></strong></span> <span class='ocrx_word' id='word_1_916' title='bbox 2400 4488 2452 4530; x_wconf 88' lang='lat' dir='ltr'><strong><em>et</em></strong></span> <span class='ocrx_word' id='word_1_917' title='bbox 2478 4478 2599 4530; x_wconf 88' lang='lat' dir='ltr'><strong><em>inde</em></strong></span> <span class='ocrx_word' id='word_1_918' title='bbox 2628 4478 2901 4541; x_wconf 84' lang='lat' dir='ltr'><strong><em>erathcati,</em></strong></span> <span class='ocrx_word' id='word_1_919' title='bbox 2934 4493 2985 4531; x_wconf 87' lang='lat' dir='ltr'><strong><em>et</em></strong></span> <span class='ocrx_word' id='word_1_920' title='bbox 3015 4479 3213 4548; x_wconf 89' lang='lat' dir='ltr'><strong><em>ubique</em></strong></span> <span class='ocrx_word' id='word_1_921' title='bbox 3237 4481 3463 4545; x_wconf 77' lang='lat' dir='ltr'><strong><em>dispersi</em></strong></span> <span class='ocrx_word' id='word_1_922' title='bbox 3504 4491 3745 4530; x_wconf 82' lang='lat' dir='ltr'><strong><em>eontem-</em></strong></span> 
     </span>
    </p>
   </div>
   <div class='ocr_carea' id='block_1_119' title="bbox 492 4539 3737 4616">
    <p class='ocr_par' dir='ltr' id='par_1_119' title="bbox 492 4539 3737 4616">
     <span class='ocr_line' id='line_1_119' title="bbox 492 4539 3737 4616; baseline -0.002 -13"><span class='ocrx_word' id='word_1_923' title='bbox 492 4556 741 4616; x_wconf 88' lang='lat' dir='ltr'><strong><em>rumpant</em></strong></span> <span class='ocrx_word' id='word_1_924' title='bbox 769 4544 953 4605; x_wconf 81' lang='lat' dir='ltr'><strong><em>David,</em></strong></span> <span class='ocrx_word' id='word_1_925' title='bbox 980 4543 1039 4616; x_wconf 81' lang='lat' dir='ltr'><strong><em>id</em></strong></span> <span class='ocrx_word' id='word_1_926' title='bbox 1065 4552 1280 4616; x_wconf 88' lang='lat' dir='ltr'><strong><em>est,_ne</em></strong></span> <span class='ocrx_word' id='word_1_927' title='bbox 1321 4539 1519 4616; x_wconf 71' lang='lat' dir='ltr'><strong><em>pellere</em></strong></span> <span class='ocrx_word' id='word_1_928' title='bbox 1543 4540 1716 4616; x_wconf 68' lang='lat' dir='ltr'><strong><em>velint</em></strong></span> <span class='ocrx_word' id='word_1_929' title='bbox 1748 4554 1926 4593; x_wconf 90' lang='lat' dir='ltr'><strong><em>verum</em></strong></span> <span class='ocrx_word' id='word_1_930' title='bbox 1961 4543 2064 4616; x_wconf 80' lang='lat' dir='ltr'><strong><em>Da-</em></strong></span> <span class='ocrx_word' id='word_1_931' title='bbox 2094 4550 2141 4609; x_wconf 83' lang='grc' dir='ltr'><strong><em>ι)</em></strong></span> <span class='ocrx_word' id='word_1_932' title='bbox 2169 4548 2381 4615; x_wconf 86' lang='lat' dir='ltr'><strong><em>ptibiles</em></strong></span> <span class='ocrx_word' id='word_1_933' title='bbox 2402 4548 2648 4601; x_wconf 85' lang='lat' dir='ltr'><strong><em>omnibus</em></strong></span> <span class='ocrx_word' id='word_1_934' title='bbox 2673 4560 2801 4602; x_wconf 85' lang='lat' dir='ltr'><strong><em>sunt</em></strong></span> <span class='ocrx_word' id='word_1_935' title='bbox 2832 4539 2970 4600; x_wconf 80' lang='lat' dir='ltr'><strong><em>tacti.</em></strong></span> <span class='ocrx_word' id='word_1_936' title='bbox 2990 4549 3099 4601; x_wconf 86' lang='lat' dir='ltr'><strong><em>Hoc</em></strong></span> <span class='ocrx_word' id='word_1_937' title='bbox 3116 4539 3274 4601; x_wconf 71' lang='lat' dir='ltr'><strong><em>etiam</em></strong></span> <span class='ocrx_word' id='word_1_938' title='bbox 3301 4539 3365 4599; x_wconf 79' lang='lat' dir='ltr'><strong><em>ad</em></strong></span> <span class='ocrx_word' id='word_1_939' title='bbox 3393 4553 3737 4614; x_wconf 70' lang='lat' dir='ltr'><strong><em>opprobrium</em></strong></span> 
     </span>
    </p>
   </div>
   <div class='ocr_carea' id='block_1_120' title="bbox 495 4607 2065 4683">
    <p class='ocr_par' dir='ltr' id='par_1_120' title="bbox 495 4607 2065 4683">
     <span class='ocr_line' id='line_1_120' title="bbox 495 4607 2065 4683; baseline -0.004 -11"><span class='ocrx_word' id='word_1_940' title='bbox 495 4622 576 4673; x_wconf 85' lang='lat' dir='ltr'><strong><em>vid</em></strong></span> <span class='ocrx_word' id='word_1_941' title='bbox 597 4607 629 4683; x_wconf 79' lang='grc'><em>,’</em></span> <span class='ocrx_word' id='word_1_942' title='bbox 654 4618 706 4673; x_wconf 88' lang='lat' dir='ltr'><strong><em>id</em></strong></span> <span class='ocrx_word' id='word_1_943' title='bbox 732 4626 837 4678; x_wconf 90' lang='lat' dir='ltr'><strong><em>est,</em></strong></span> <span class='ocrx_word' id='word_1_944' title='bbox 868 4613 1135 4683; x_wconf 83' lang='lat' dir='ltr'><strong><em>Christum</em></strong></span> <span class='ocrx_word' id='word_1_945' title='bbox 1166 4611 1235 4683; x_wconf 82' lang='lat' dir='ltr'><strong><em>de</em></strong></span> <span class='ocrx_word' id='word_1_946' title='bbox 1265 4607 1430 4683; x_wconf 78' lang='lat' dir='ltr'><strong><em>regno</em></strong></span> <span class='ocrx_word' id='word_1_947' title='bbox 1455 4607 1556 4661; x_wconf 89' lang='lat' dir='ltr'><strong><em>sibi</em></strong></span> <span class='ocrx_word' id='word_1_948' title='bbox 1591 4609 1845 4675; x_wconf 88' lang='lat' dir='ltr'><strong><em>deputato</em></strong></span> <span class='ocrx_word' id='word_1_949' title='bbox 1872 4650 1887 4675; x_wconf 93' lang='lat'><strong><em>,</em></strong></span> <span class='ocrx_word' id='word_1_950' title='bbox 1935 4614 2065 4666; x_wconf 90' lang='lat' dir='ltr'><strong><em>sub-</em></strong></span> 
     </span>
    </p>
   </div>
   <div class='ocr_carea' id='block_1_121' title="bbox 493 4680 2063 4752">
    <p class='ocr_par' dir='ltr' id='par_1_121' title="bbox 493 4680 2063 4752">
     <span class='ocr_line' id='line_1_121' title="bbox 493 4680 2063 4752; baseline -0.004 -10"><span class='ocrx_word' id='word_1_951' title='bbox 493 4680 755 4742; x_wconf 78' lang='lat' dir='ltr'><strong><em>trahendo</em></strong></span> <span class='ocrx_word' id='word_1_952' title='bbox 783 4700 843 4740; x_wconf 88' lang='lat' dir='ltr'><strong><em>se</em></strong></span> <span class='ocrx_word' id='word_1_953' title='bbox 869 4682 1106 4752; x_wconf 76' lang='lat' dir='ltr'><strong><em>regimini</em></strong></span> <span class='ocrx_word' id='word_1_954' title='bbox 1136 4680 1253 4751; x_wconf 84' lang='lat' dir='ltr'><strong><em>ejus</em></strong></span> <span class='ocrx_word' id='word_1_955' title='bbox 1278 4680 1432 4752; x_wconf 23' lang='lat' dir='ltr'><strong><em>,uni</em></strong></span> <span class='ocrx_word' id='word_1_956' title='bbox 1459 4693 1599 4752; x_wconf 5' lang='lat' dir='ltr'><strong><em>vere,</em></strong></span> <span class='ocrx_word' id='word_1_957' title='bbox 1630 4695 1721 4752; x_wconf 81' lang='lat' dir='ltr'><strong><em>rex</em></strong></span> <span class='ocrx_word' id='word_1_958' title='bbox 1766 4695 1948 4734; x_wconf 92' lang='lat' dir='ltr'><strong><em>eorum</em></strong></span> <span class='ocrx_word' id='word_1_959' title='bbox 1981 4693 2063 4737; x_wconf 82' lang='lat' dir='ltr'><strong><em>est</em></strong></span> 
     </span>
    </p>
   </div>
   <div class='ocr_carea' id='block_1_122' title="bbox 488 4750 2064 4828">
    <p class='ocr_par' dir='ltr' id='par_1_122' title="bbox 488 4750 2064 4828">
     <span class='ocr_line' id='line_1_122' title="bbox 488 4750 2064 4828; baseline -0.003 -16"><span class='ocrx_word' id='word_1_960' title='bbox 488 4761 645 4828; x_wconf 87' lang='lat' dir='ltr'><strong><em>(quia</em></strong></span> <span class='ocrx_word' id='word_1_961' title='bbox 676 4750 1039 4828; x_wconf 50' lang='lat' dir='ltr'><strong><em>omnium—rex</em></strong></span> <span class='ocrx_word' id='word_1_962' title='bbox 1065 4750 1218 4820; x_wconf 80' lang='lat' dir='ltr'><strong><em>est),</em></strong></span> <span class='ocrx_word' id='word_1_963' title='bbox 1250 4750 1435 4805; x_wconf 82' lang='lat' dir='ltr'><strong><em>ollensi</em></strong></span> <span class='ocrx_word' id='word_1_964' title='bbox 1466 4752 1515 4828; x_wconf 72' lang='lat' dir='ltr'><strong><em>in</em></strong></span> <span class='ocrx_word' id='word_1_965' title='bbox 1551 4750 1699 4828; x_wconf 70' lang='lat' dir='ltr'><strong><em>tituli</em></strong></span> <span class='ocrx_word' id='word_1_966' title='bbox 1736 4752 2064 4828; x_wconf 71' lang='lat' dir='ltr'><strong><em>inscriptione</em></strong></span> 
     </span>
    </p>
   </div>
   <div class='ocr_carea' id='block_1_123' title="bbox 492 4819 2062 4890">
    <p class='ocr_par' dir='ltr' id='par_1_123' title="bbox 492 4819 2062 4890">
     <span class='ocr_line' id='line_1_123' title="bbox 492 4819 2062 4890; baseline -0.004 -9"><span class='ocrx_word' id='word_1_967' title='bbox 492 4819 627 4882; x_wconf 73' lang='lat' dir='ltr'><strong><em>lucta</em></strong></span> <span class='ocrx_word' id='word_1_968' title='bbox 664 4826 765 4890; x_wconf 87' lang='lat' dir='ltr'><strong><em>ipsi</em></strong></span> <span class='ocrx_word' id='word_1_969' title='bbox 798 4826 983 4887; x_wconf 82' lang='lat' dir='ltr'><strong><em>David,</em></strong></span> <span class='ocrx_word' id='word_1_970' title='bbox 1024 4838 1139 4875; x_wconf 90' lang='lat' dir='ltr'><strong><em>cum</em></strong></span> <span class='ocrx_word' id='word_1_971' title='bbox 1170 4828 1364 4890; x_wconf 77' lang='lat' dir='ltr'><strong><em>lugeret</em></strong></span> <span class='ocrx_word' id='word_1_972' title='bbox 1394 4837 1425 4871; x_wconf 90' lang='lat' dir='ltr'><strong><em>a</em></strong></span> <span class='ocrx_word' id='word_1_973' title='bbox 1458 4822 1588 4888; x_wconf 82' lang='lat' dir='ltr'><strong><em>[acie</em></strong></span> <span class='ocrx_word' id='word_1_974' title='bbox 1614 4819 1747 4874; x_wconf 84' lang='lat' dir='ltr'><strong><em>Saul</em></strong></span> <span class='ocrx_word' id='word_1_975' title='bbox 1776 4823 1829 4874; x_wconf 90' lang='lat' dir='ltr'><strong><em>in</em></strong></span> <span class='ocrx_word' id='word_1_976' title='bbox 1854 4819 2062 4890; x_wconf 83' lang='lat' dir='ltr'><strong><em>spelun-</em></strong></span> 
     </span>
    </p>
   </div>
   <div class='ocr_carea' id='block_1_124' title="bbox 487 4842 2058 4961">
    <p class='ocr_par' dir='ltr' id='par_1_124' title="bbox 487 4842 2058 4961">
     <span class='ocr_line' id='line_1_124' title="bbox 492 4842 2058 4890; baseline -0.004 -9"><span class='ocrx_word' id='word_1_977' title='bbox 492 4842 627 4882; x_wconf 76' lang='lat' dir='ltr'><strong><em>lnctn</em></strong></span> <span class='ocrx_word' id='word_1_978' title='bbox 664 4844 675 4880; x_wconf 94' lang='lat' dir='ltr'><strong>I</strong></span> <span class='ocrx_word' id='word_1_979' title='bbox 720 4842 765 4879; x_wconf 87' lang='lat' dir='ltr'><strong><em>SI</em></strong></span> <span class='ocrx_word' id='word_1_980' title='bbox 798 4842 983 4887; x_wconf 80' lang='lat' dir='ltr'><strong><em>llaVIu,</em></strong></span> <span class='ocrx_word' id='word_1_981' title='bbox 1024 4842 1139 4875; x_wconf 87' lang='lat' dir='ltr'><strong><em>cum</em></strong></span> <span class='ocrx_word' id='word_1_982' title='bbox 1170 4842 1364 4890; x_wconf 62' lang='lat' dir='ltr'><strong><em>lugeret</em></strong></span> <span class='ocrx_word' id='word_1_983' title='bbox 1394 4842 1425 4871; x_wconf 82' lang='grc' dir='ltr'><em>α</em></span> <span class='ocrx_word' id='word_1_984' title='bbox 1458 4842 1588 4888; x_wconf 62' lang='lat' dir='ltr'><strong><em>lacte</em></strong></span> <span class='ocrx_word' id='word_1_985' title='bbox 1614 4842 1745 4874; x_wconf 70' lang='lat' dir='ltr'><strong><em>aaut</em></strong></span> <span class='ocrx_word' id='word_1_986' title='bbox 1776 4842 1829 4874; x_wconf 82' lang='lat' dir='ltr'><strong><em>tn</em></strong></span> <span class='ocrx_word' id='word_1_987' title='bbox 1854 4842 2058 4890; x_wconf 70' lang='lat' dir='ltr'><strong><em>xpetun-</em></strong></span> 
     </span>
     <span class='ocr_line' id='line_1_125' title="bbox 487 4842 2058 4961; baseline -0.004 -10"><span class='ocrx_word' id='word_1_988' title='bbox 487 4916 621 4951; x_wconf 88' lang='lat' dir='ltr'><strong><em>cam.</em></strong></span> <span class='ocrx_word' id='word_1_989' title='bbox 648 4842 761 4951; x_wconf 57' lang='lat' dir='ltr'><strong><em>libo</em></strong></span> <span class='ocrx_word' id='word_1_990' title='bbox 790 4906 845 4951; x_wconf 90' lang='lat' dir='ltr'><strong><em>et</em></strong></span> <span class='ocrx_word' id='word_1_991' title='bbox 877 4894 1095 4948; x_wconf 86' lang='lat' dir='ltr'><strong><em>historia</em></strong></span> <span class='ocrx_word' id='word_1_992' title='bbox 1126 4893 1307 4956; x_wconf 87' lang='lat' dir='ltr'><strong><em>habet,</em></strong></span> <span class='ocrx_word' id='word_1_993' title='bbox 1333 4901 1391 4946; x_wconf 90' lang='lat' dir='ltr'><strong><em>et</em></strong></span> <span class='ocrx_word' id='word_1_994' title='bbox 1418 4891 1687 4957; x_wconf 86' lang='lat' dir='ltr'><strong><em>allegoria.</em></strong></span> <span class='ocrx_word' id='word_1_995' title='bbox 1732 4892 1889 4961; x_wconf 80' lang='lat' dir='ltr'><strong><em>Fugit</em></strong></span> <span class='ocrx_word' id='word_1_996' title='bbox 1918 4898 2058 4949; x_wconf 86' lang='lat' dir='ltr'><strong><em>enim</em></strong></span> 
     </span>
    </p>
   </div>
   <div class='ocr_carea' id='block_1_125' title="bbox 494 4963 2063 5030">
    <p class='ocr_par' dir='ltr' id='par_1_125' title="bbox 494 4963 2063 5030">
     <span class='ocr_line' id='line_1_126' title="bbox 494 4963 2063 5030; baseline -0.001 -9"><span class='ocrx_word' id='word_1_997' title='bbox 494 4967 786 5023; x_wconf 82' lang='lat' dir='ltr'><strong><em>Itistorialis</em></strong></span> <span class='ocrx_word' id='word_1_998' title='bbox 811 4966 998 5028; x_wconf 82' lang='lat' dir='ltr'><strong><em>David,</em></strong></span> <span class='ocrx_word' id='word_1_999' title='bbox 1034 4963 1245 5018; x_wconf 89' lang='lat' dir='ltr'><strong><em>Saulem</em></strong></span> <span class='ocrx_word' id='word_1_1000' title='bbox 1274 4971 1668 5030; x_wconf 86' lang='lat' dir='ltr'><strong><em>persecutorem</em></strong></span> <span class='ocrx_word' id='word_1_1001' title='bbox 1708 4963 1967 5018; x_wconf 87' lang='lat' dir='ltr'><strong><em>immitem</em></strong></span> <span class='ocrx_word' id='word_1_1002' title='bbox 2007 4974 2063 5019; x_wconf 86' lang='lat' dir='ltr'><strong><em>et</em></strong></span> 
     </span>
    </p>
   </div>
   <div class='ocr_carea' id='block_1_126' title="bbox 486 5033 2060 5107">
    <p class='ocr_par' dir='ltr' id='par_1_126' title="bbox 486 5033 2060 5107">
     <span class='ocr_line' id='line_1_127' title="bbox 486 5033 2060 5107; baseline -0.002 -14"><span class='ocrx_word' id='word_1_1003' title='bbox 486 5041 753 5107; x_wconf 82' lang='lat' dir='ltr'><strong><em>ingratum</em></strong></span> <span class='ocrx_word' id='word_1_1004' title='bbox 784 5037 1199 5107; x_wconf 29' lang='lat' dir='ltr'><strong><em>inAspeluncam,</em></strong></span> <span class='ocrx_word' id='word_1_1005' title='bbox 1224 5035 1276 5086; x_wconf 87' lang='lat' dir='ltr'><strong><em>in</em></strong></span> <span class='ocrx_word' id='word_1_1006' title='bbox 1302 5045 1403 5098; x_wconf 86' lang='lat' dir='ltr'><strong><em>qua</em></strong></span> <span class='ocrx_word' id='word_1_1007' title='bbox 1428 5033 1815 5107; x_wconf 85' lang='lat' dir='ltr'><strong><em>occultabatur,</em></strong></span> <span class='ocrx_word' id='word_1_1008' title='bbox 1838 5046 1889 5107; x_wconf 86' lang='lat' dir='ltr'><strong><em>et</em></strong></span> <span class='ocrx_word' id='word_1_1009' title='bbox 1921 5044 2060 5090; x_wconf 88' lang='lat' dir='ltr'><strong><em>terra</em></strong></span> 
     </span>
    </p>
   </div>
   <div class='ocr_carea' id='block_1_127' title="bbox 494 5103 2063 5179">
    <p class='ocr_par' dir='ltr' id='par_1_127' title="bbox 494 5103 2063 5179">
     <span class='ocr_line' id='line_1_128' title="bbox 494 5103 2063 5179; baseline -0.003 -15"><span class='ocrx_word' id='word_1_1010' title='bbox 494 5103 786 5179; x_wconf 78' lang='lat' dir='ltr'><strong><em>tegebatur.</em></strong></span> <span class='ocrx_word' id='word_1_1011' title='bbox 823 5103 980 5179; x_wconf 83' lang='lat' dir='ltr'><strong><em>Fugit</em></strong></span> <span class='ocrx_word' id='word_1_1012' title='bbox 998 5118 1231 5179; x_wconf 78' lang='lat' dir='ltr'><strong><em>_quoque</em></strong></span> <span class='ocrx_word' id='word_1_1013' title='bbox 1277 5112 1625 5179; x_wconf 83' lang='lat' dir='ltr'><strong><em>nun_c_uoster</em></strong></span> <span class='ocrx_word' id='word_1_1014' title='bbox 1653 5103 1814 5179; x_wconf 77' lang='lat' dir='ltr'><strong><em>David</em></strong></span> <span class='ocrx_word' id='word_1_1015' title='bbox 1845 5106 1897 5157; x_wconf 89' lang='lat' dir='ltr'><strong><em>in</em></strong></span> <span class='ocrx_word' id='word_1_1016' title='bbox 1929 5120 2063 5179; x_wconf 47' lang='lat' dir='ltr'><strong><em>spe-5</em></strong></span> 
     </span>
    </p>
   </div>
   <div class='ocr_carea' id='block_1_128' title="bbox 489 5172 2061 5245">
    <p class='ocr_par' dir='ltr' id='par_1_128' title="bbox 489 5172 2061 5245">
     <span class='ocr_line' id='line_1_129' title="bbox 489 5172 2061 5245; baseline -0.003 -11"><span class='ocrx_word' id='word_1_1017' title='bbox 489 5172 721 5243; x_wconf 73' lang='lat' dir='ltr'><strong><em>lituram,</em></strong></span> <span class='ocrx_word' id='word_1_1018' title='bbox 751 5178 962 5245; x_wconf 83' lang='lat' dir='ltr'><strong><em>quando</em></strong></span> <span class='ocrx_word' id='word_1_1019' title='bbox 998 5174 1219 5228; x_wconf 83' lang='lat' dir='ltr'><strong><em>Verbum</em></strong></span> <span class='ocrx_word' id='word_1_1020' title='bbox 1248 5172 1391 5241; x_wconf 88' lang='lat' dir='ltr'><strong><em>quod</em></strong></span> <span class='ocrx_word' id='word_1_1021' title='bbox 1420 5173 1472 5225; x_wconf 88' lang='lat' dir='ltr'><strong><em>in</em></strong></span> <span class='ocrx_word' id='word_1_1022' title='bbox 1511 5173 1761 5243; x_wconf 84' lang='lat' dir='ltr'><strong><em>principio</em></strong></span> <span class='ocrx_word' id='word_1_1023' title='bbox 1789 5186 1893 5226; x_wconf 83' lang='lat' dir='ltr'><strong><em>erat</em></strong></span> <span class='ocrx_word' id='word_1_1024' title='bbox 1921 5172 2061 5245; x_wconf 82' lang='lat' dir='ltr'><strong><em>apud</em></strong></span> 
     </span>
    </p>
   </div>
   <div class='ocr_carea' id='block_1_129' title="bbox 487 5246 2061 5313">
    <p class='ocr_par' dir='ltr' id='par_1_129' title="bbox 487 5246 2061 5313">
     <span class='ocr_line' id='line_1_130' title="bbox 487 5246 2061 5313; baseline -0.003 -8"><span class='ocrx_word' id='word_1_1025' title='bbox 487 5250 653 5305; x_wconf 84' lang='lat' dir='ltr'><strong><em>Deum</em></strong></span> <span class='ocrx_word' id='word_1_1026' title='bbox 675 5289 691 5310; x_wconf 88' lang='lat'><strong><em>.</em></strong></span> <span class='ocrx_word' id='word_1_1027' title='bbox 743 5246 1101 5302; x_wconf 82' lang='lat' dir='ltr'><strong><em>infirmitatem</em></strong></span> <span class='ocrx_word' id='word_1_1028' title='bbox 1148 5253 1383 5297; x_wconf 89' lang='lat' dir='ltr'><strong><em>nostram</em></strong></span> <span class='ocrx_word' id='word_1_1029' title='bbox 1433 5246 1600 5313; x_wconf 81' lang='lat' dir='ltr'><strong><em>induit</em></strong></span> <span class='ocrx_word' id='word_1_1030' title='bbox 1623 5282 1639 5309; x_wconf 92' lang='lat'><strong><em>,</em></strong></span> <span class='ocrx_word' id='word_1_1031' title='bbox 1681 5246 1732 5297; x_wconf 90' lang='lat' dir='ltr'><strong><em>in</em></strong></span> <span class='ocrx_word' id='word_1_1032' title='bbox 1763 5259 1862 5313; x_wconf 86' lang='lat' dir='ltr'><strong><em>qua</em></strong></span> <span class='ocrx_word' id='word_1_1033' title='bbox 1892 5263 1950 5300; x_wconf 80' lang='lat' dir='ltr'><strong><em>se</em></strong></span> <span class='ocrx_word' id='word_1_1034' title='bbox 1979 5249 2061 5301; x_wconf 89' lang='lat' dir='ltr'><strong><em>bis</em></strong></span> 
     </span>
    </p>
   </div>
   <div class='ocr_carea' id='block_1_130' title="bbox 488 5312 2054 5391">
    <p class='ocr_par' dir='ltr' id='par_1_130' title="bbox 488 5312 2054 5391">
     <span class='ocr_line' id='line_1_131' title="bbox 488 5312 2054 5391; baseline -0.003 -16"><span class='ocrx_word' id='word_1_1035' title='bbox 488 5327 578 5391; x_wconf 85' lang='lat' dir='ltr'><strong><em>qui</em></strong></span> <span class='ocrx_word' id='word_1_1036' title='bbox 608 5336 699 5389; x_wconf 86' lang='lat' dir='ltr'><strong><em>per</em></strong></span> <span class='ocrx_word' id='word_1_1037' title='bbox 722 5319 848 5374; x_wconf 88' lang='lat' dir='ltr'><strong><em>Saul</em></strong></span> <span class='ocrx_word' id='word_1_1038' title='bbox 875 5318 1257 5391; x_wconf 83' lang='lat' dir='ltr'><strong><em>designantur,</em></strong></span> <span class='ocrx_word' id='word_1_1039' title='bbox 1290 5314 1340 5391; x_wconf 84' lang='lat' dir='ltr'><strong><em>id</em></strong></span> <span class='ocrx_word' id='word_1_1040' title='bbox 1379 5322 1503 5391; x_wconf 64' lang='lat' dir='ltr'><strong><em>est,</em></strong></span> <span class='ocrx_word' id='word_1_1041' title='bbox 1531 5312 1727 5368; x_wconf 60' lang='lat' dir='ltr'><strong><em>Judaiis</em></strong></span> <span class='ocrx_word' id='word_1_1042' title='bbox 1755 5312 2054 5391; x_wconf 78' lang='lat' dir='ltr'><strong><em>occultavit.</em></strong></span> 
     </span>
    </p>
   </div>
   <div class='ocr_carea' id='block_1_131' title="bbox 484 5384 2060 5458">
    <p class='ocr_par' dir='ltr' id='par_1_131' title="bbox 484 5384 2060 5458">
     <span class='ocr_line' id='line_1_132' title="bbox 484 5384 2060 5458; baseline -0.003 -13"><span class='ocrx_word' id='word_1_1043' title='bbox 484 5384 775 5458; x_wconf 75' lang='lat' dir='ltr'><strong><em>Oportebat</em></strong></span> <span class='ocrx_word' id='word_1_1044' title='bbox 802 5392 945 5445; x_wconf 89' lang='lat' dir='ltr'><strong><em>enim</em></strong></span> <span class='ocrx_word' id='word_1_1045' title='bbox 977 5384 1097 5441; x_wconf 57' lang='lat' dir='ltr'><strong><em>e&#39;utn</em></strong></span> <span class='ocrx_word' id='word_1_1046' title='bbox 1123 5388 1203 5439; x_wconf 88' lang='lat' dir='ltr'><strong><em>sic</em></strong></span> <span class='ocrx_word' id='word_1_1047' title='bbox 1233 5384 1699 5458; x_wconf 3' lang='lat' dir='ltr'><strong><em>utqititelligetetur</em></strong></span> <span class='ocrx_word' id='word_1_1048' title='bbox 1728 5386 1914 5448; x_wconf 82' lang='lat' dir='ltr'><strong><em>videri,</em></strong></span> <span class='ocrx_word' id='word_1_1049' title='bbox 1937 5392 2060 5456; x_wconf 84' lang='lat' dir='ltr'><strong><em>quia</em></strong></span> 
     </span>
    </p>
   </div>
   <div class='ocr_carea' id='block_1_132' title="bbox 483 5454 2054 5532">
    <p class='ocr_par' dir='ltr' id='par_1_132' title="bbox 483 5454 2054 5532">
     <span class='ocr_line' id='line_1_133' title="bbox 483 5454 2054 5532; baseline -0.004 -16"><span class='ocrx_word' id='word_1_1050' title='bbox 483 5454 900 5532; x_wconf 41' lang='lat' dir='ltr'><strong><em>si&#39;wguovissent</em></strong></span> <span class='ocrx_word' id='word_1_1051' title='bbox 927 5500 943 5526; x_wconf 93' lang='lat'><strong><em>,</em></strong></span> <span class='ocrx_word' id='word_1_1052' title='bbox 976 5472 1231 5526; x_wconf 84' lang='lat' dir='ltr'><strong><em>nunquam</em></strong></span> <span class='ocrx_word' id='word_1_1053' title='bbox 1264 5454 1429 5507; x_wconf 87' lang='lat' dir='ltr'><strong><em>Deum</em></strong></span> <span class='ocrx_word' id='word_1_1054' title='bbox 1466 5454 2054 5532; x_wconf 35' lang='lat' dir='ltr'><strong><em>glariwfruci/iaztss‘ent.</em></strong></span> 
     </span>
    </p>
   </div>
   <div class='ocr_carea' id='block_1_133' title="bbox 482 5524 2062 5600">
    <p class='ocr_par' dir='ltr' id='par_1_133' title="bbox 482 5524 2062 5600">
     <span class='ocr_line' id='line_1_134' title="bbox 482 5524 2062 5600; baseline -0.003 -14"><span class='ocrx_word' id='word_1_1055' title='bbox 482 5524 658 5600; x_wconf 47' lang='lat' dir='ltr'><strong><em>Quar&#39;e</em></strong></span> <span class='ocrx_word' id='word_1_1056' title='bbox 689 5524 976 5600; x_wconf 78' lang='lat' dir='ltr'><strong><em>Dominum</em></strong></span> <span class='ocrx_word' id='word_1_1057' title='bbox 998 5524 1100 5581; x_wconf 86' lang='lat' dir='ltr'><strong><em>non</em></strong></span> <span class='ocrx_word' id='word_1_1058' title='bbox 1127 5524 1532 5600; x_wconf 76' lang='lat' dir='ltr'><strong><em>cognoverunt?</em></strong></span> <span class='ocrx_word' id='word_1_1059' title='bbox 1559 5524 1688 5590; x_wconf 81' lang='lat' dir='ltr'><strong><em>Quia</em></strong></span> <span class='ocrx_word' id='word_1_1060' title='bbox 1719 5536 1912 5580; x_wconf 85' lang='lat' dir='ltr'><strong><em>terram</em></strong></span> <span class='ocrx_word' id='word_1_1061' title='bbox 1936 5544 2062 5582; x_wconf 88' lang='lat' dir='ltr'><strong><em>ocu-</em></strong></span> 
     </span>
    </p>
   </div>
   <div class='ocr_carea' id='block_1_134' title="bbox 484 5596 2058 5668">
    <p class='ocr_par' dir='ltr' id='par_1_134' title="bbox 484 5596 2058 5668">
     <span class='ocr_line' id='line_1_135' title="bbox 484 5596 2058 5668; baseline -0.003 -13"><span class='ocrx_word' id='word_1_1062' title='bbox 484 5596 550 5655; x_wconf 70' lang='lat' dir='ltr'><strong><em>lis</em></strong></span> <span class='ocrx_word' id='word_1_1063' title='bbox 582 5617 762 5655; x_wconf 90' lang='lat' dir='ltr'><strong><em>eorum</em></strong></span> <span class='ocrx_word' id='word_1_1064' title='bbox 792 5598 1124 5668; x_wconf 82' lang='lat' dir='ltr'><strong><em>subjiciebat,</em></strong></span> <span class='ocrx_word' id='word_1_1065' title='bbox 1155 5609 1207 5651; x_wconf 91' lang='lat' dir='ltr'><strong><em>et</em></strong></span> <span class='ocrx_word' id='word_1_1066' title='bbox 1231 5596 1563 5668; x_wconf 74' lang='lat' dir='ltr'><strong><em>maiestatem</em></strong></span> <span class='ocrx_word' id='word_1_1067' title='bbox 1587 5611 1739 5649; x_wconf 86' lang='lat' dir='ltr'><strong><em>suam</em></strong></span> <span class='ocrx_word' id='word_1_1068' title='bbox 1771 5605 1907 5668; x_wconf 81' lang='lat' dir='ltr'><strong><em>terra</em></strong></span> <span class='ocrx_word' id='word_1_1069' title='bbox 1930 5614 2058 5653; x_wconf 87' lang='lat' dir='ltr'><strong><em>con-</em></strong></span> 
     </span>
    </p>
   </div>
   <div class='ocr_carea' id='block_1_135' title="bbox 483 5667 2056 5739">
    <p class='ocr_par' dir='ltr' id='par_1_135' title="bbox 483 5667 2056 5739">
     <span class='ocr_line' id='line_1_136' title="bbox 483 5667 2056 5739; baseline 0 -16"><span class='ocrx_word' id='word_1_1070' title='bbox 483 5672 713 5739; x_wconf 81' lang='lat' dir='ltr'><strong><em>tegebat,</em></strong></span> <span class='ocrx_word' id='word_1_1071' title='bbox 746 5671 795 5723; x_wconf 90' lang='lat' dir='ltr'><strong><em>in</em></strong></span> <span class='ocrx_word' id='word_1_1072' title='bbox 828 5667 928 5738; x_wconf 82' lang='lat' dir='ltr'><strong><em>qua</em></strong></span> <span class='ocrx_word' id='word_1_1073' title='bbox 960 5678 1096 5722; x_wconf 82' lang='lat' dir='ltr'><strong><em>terra</em></strong></span> <span class='ocrx_word' id='word_1_1074' title='bbox 1130 5676 1334 5739; x_wconf 83' lang='lat' dir='ltr'><strong><em>tantum</em></strong></span> <span class='ocrx_word' id='word_1_1075' title='bbox 1366 5667 1535 5733; x_wconf 87' lang='lat' dir='ltr'><strong><em>potuit</em></strong></span> <span class='ocrx_word' id='word_1_1076' title='bbox 1563 5670 1751 5731; x_wconf 86' lang='lat' dir='ltr'><strong><em>teneri,</em></strong></span> <span class='ocrx_word' id='word_1_1077' title='bbox 1799 5667 2056 5737; x_wconf 84' lang='lat' dir='ltr'><strong><em>ﬂagellari</em></strong></span> 
     </span>
    </p>
   </div>
   <div class='ocr_carea' id='block_1_136' title="bbox 483 5737 2058 5807">
    <p class='ocr_par' dir='ltr' id='par_1_136' title="bbox 483 5737 2058 5807">
     <span class='ocr_line' id='line_1_137' title="bbox 483 5737 2058 5807; baseline 0.003 -16"><span class='ocrx_word' id='word_1_1078' title='bbox 483 5737 825 5807; x_wconf 56' lang='grc' dir='ltr'><strong><em>σείει-ιιίτιίὶεὶ.</em></strong></span> <span class='ocrx_word' id='word_1_1079' title='bbox 849 5737 992 5792; x_wconf 77' lang='lat' dir='ltr'><strong><em>Male</em></strong></span> <span class='ocrx_word' id='word_1_1080' title='bbox 1020 5737 1383 5804; x_wconf 67' lang='lat' dir='ltr'><strong><em>quaerentibus</em></strong></span> <span class='ocrx_word' id='word_1_1081' title='bbox 1408 5745 1603 5790; x_wconf 90' lang='lat' dir='ltr'><strong><em>terram</em></strong></span> <span class='ocrx_word' id='word_1_1082' title='bbox 1626 5742 1893 5804; x_wconf 80' lang='lat' dir='ltr'><strong><em>opposuit,</em></strong></span> <span class='ocrx_word' id='word_1_1083' title='bbox 1920 5741 2058 5795; x_wconf 88' lang='lat' dir='ltr'><strong><em>bene</em></strong></span> 
     </span>
    </p>
   </div>
   <div class='ocr_carea' id='block_1_137' title="bbox 484 5807 2055 5879">
    <p class='ocr_par' dir='ltr' id='par_1_137' title="bbox 484 5807 2055 5879">
     <span class='ocr_line' id='line_1_138' title="bbox 484 5807 2055 5879; baseline 0.001 -15"><span class='ocrx_word' id='word_1_1084' title='bbox 484 5811 847 5879; x_wconf 57' lang='lat' dir='ltr'><strong><em>qttutcntibus</em></strong></span> <span class='ocrx_word' id='word_1_1085' title='bbox 877 5820 1034 5862; x_wconf 82' lang='lat' dir='ltr'><strong><em>vitam</em></strong></span> <span class='ocrx_word' id='word_1_1086' title='bbox 1067 5808 1380 5862; x_wconf 80' lang='lat' dir='ltr'><strong><em>reservavit.</em></strong></span> <span class='ocrx_word' id='word_1_1087' title='bbox 1430 5807 1601 5861; x_wconf 84' lang='lat' dir='ltr'><strong><em>Aliter</em></strong></span> <span class='ocrx_word' id='word_1_1088' title='bbox 1641 5823 1850 5877; x_wconf 81' lang='lat' dir='ltr'><strong><em>quoque</em></strong></span> <span class='ocrx_word' id='word_1_1089' title='bbox 1881 5821 2055 5879; x_wconf 44' lang='lat' dir='ltr'><strong><em>potest</em></strong></span> 
     </span>
    </p>
   </div>
   <div class='ocr_carea' id='block_1_138' title="bbox 2168 4619 3742 4685">
    <p class='ocr_par' dir='ltr' id='par_1_138' title="bbox 2168 4619 3742 4685">
     <span class='ocr_line' id='line_1_139' title="bbox 2168 4619 3742 4685; baseline -0.001 -14"><span class='ocrx_word' id='word_1_1090' title='bbox 2168 4621 2415 4685; x_wconf 82' lang='lat' dir='ltr'><strong><em>pertinet,</em></strong></span> <span class='ocrx_word' id='word_1_1091' title='bbox 2460 4622 2601 4684; x_wconf 89' lang='lat' dir='ltr'><strong><em>quod</em></strong></span> <span class='ocrx_word' id='word_1_1092' title='bbox 2650 4621 2894 4685; x_wconf 87' lang='lat' dir='ltr'><strong><em>capsarii,</em></strong></span> <span class='ocrx_word' id='word_1_1093' title='bbox 2949 4620 3000 4671; x_wconf 88' lang='lat' dir='ltr'><strong><em>id</em></strong></span> <span class='ocrx_word' id='word_1_1094' title='bbox 3043 4631 3142 4683; x_wconf 70' lang='lat' dir='ltr'><strong><em>est,</em></strong></span> <span class='ocrx_word' id='word_1_1095' title='bbox 3176 4621 3375 4671; x_wconf 77' lang='lat' dir='ltr'><strong><em>librarii</em></strong></span> <span class='ocrx_word' id='word_1_1096' title='bbox 3420 4630 3589 4671; x_wconf 72' lang='lat' dir='ltr'><strong><em>nostri</em></strong></span> <span class='ocrx_word' id='word_1_1097' title='bbox 3615 4619 3742 4670; x_wconf 87' lang='lat' dir='ltr'><strong><em>lacti</em></strong></span> 
     </span>
    </p>
   </div>
   <div class='ocr_carea' id='block_1_139' title="bbox 2165 4688 3747 4756">
    <p class='ocr_par' dir='ltr' id='par_1_139' title="bbox 2165 4688 3747 4756">
     <span class='ocr_line' id='line_1_140' title="bbox 2165 4688 3747 4756; baseline -0.001 -14"><span class='ocrx_word' id='word_1_1098' title='bbox 2165 4698 2309 4753; x_wconf 85' lang='lat' dir='ltr'><strong><em>sunt,</em></strong></span> <span class='ocrx_word' id='word_1_1099' title='bbox 2363 4690 2484 4756; x_wconf 88' lang='lat' dir='ltr'><strong><em>quia</em></strong></span> <span class='ocrx_word' id='word_1_1100' title='bbox 2528 4699 2741 4755; x_wconf 88' lang='lat' dir='ltr'><strong><em>portant</em></strong></span> <span class='ocrx_word' id='word_1_1101' title='bbox 2791 4691 2943 4742; x_wconf 85' lang='lat' dir='ltr'><strong><em>nobis</em></strong></span> <span class='ocrx_word' id='word_1_1102' title='bbox 2995 4691 3159 4743; x_wconf 87' lang='lat' dir='ltr'><strong><em>libros</em></strong></span> <span class='ocrx_word' id='word_1_1103' title='bbox 3197 4705 3343 4749; x_wconf 81' lang='lat' dir='ltr'><strong><em>suos.</em></strong></span> <span class='ocrx_word' id='word_1_1104' title='bbox 3390 4688 3525 4741; x_wconf 80' lang='lat' dir='ltr'><strong><em>sicut</em></strong></span> <span class='ocrx_word' id='word_1_1105' title='bbox 3569 4700 3747 4741; x_wconf 88' lang='lat' dir='ltr'><strong><em>solent</em></strong></span> 
     </span>
    </p>
   </div>
   <div class='ocr_carea' id='block_1_140' title="bbox 2163 4759 3739 4825">
    <p class='ocr_par' dir='ltr' id='par_1_140' title="bbox 2163 4759 3739 4825">
     <span class='ocr_line' id='line_1_141' title="bbox 2163 4759 3739 4825; baseline -0.001 -13"><span class='ocrx_word' id='word_1_1106' title='bbox 2163 4763 2303 4813; x_wconf 86' lang='lat' dir='ltr'><strong><em>servi</em></strong></span> <span class='ocrx_word' id='word_1_1107' title='bbox 2347 4768 2466 4825; x_wconf 88' lang='lat' dir='ltr'><strong><em>post</em></strong></span> <span class='ocrx_word' id='word_1_1108' title='bbox 2500 4761 2763 4811; x_wconf 86' lang='lat' dir='ltr'><strong><em>dominos.</em></strong></span> <span class='ocrx_word' id='word_1_1109' title='bbox 2806 4761 2908 4825; x_wconf 88' lang='lat' dir='ltr'><strong><em>Ipsi</em></strong></span> <span class='ocrx_word' id='word_1_1110' title='bbox 2948 4764 3085 4813; x_wconf 90' lang='lat' dir='ltr'><strong><em>enim</em></strong></span> <span class='ocrx_word' id='word_1_1111' title='bbox 3136 4759 3389 4813; x_wconf 76' lang='lat' dir='ltr'><strong><em>denotant</em></strong></span> <span class='ocrx_word' id='word_1_1112' title='bbox 3435 4770 3739 4825; x_wconf 79' lang='lat' dir='ltr'><strong><em>portantes,</em></strong></span> 
     </span>
    </p>
   </div>
   <div class='ocr_carea' id='block_1_141' title="bbox 2163 4828 3741 4897">
    <p class='ocr_par' dir='ltr' id='par_1_141' title="bbox 2163 4828 3741 4897">
     <span class='ocr_line' id='line_1_142' title="bbox 2163 4828 3741 4897; baseline -0.001 -16"><span class='ocrx_word' id='word_1_1113' title='bbox 2163 4828 2445 4882; x_wconf 83' lang='lat' dir='ltr'><strong><em>Christiant</em></strong></span> <span class='ocrx_word' id='word_1_1114' title='bbox 2479 4831 2759 4896; x_wconf 83' lang='lat' dir='ltr'><strong><em>proficiunt</em></strong></span> <span class='ocrx_word' id='word_1_1115' title='bbox 2782 4832 3034 4897; x_wconf 69' lang='lat' dir='ltr'><strong><em>legentes.</em></strong></span> <span class='ocrx_word' id='word_1_1116' title='bbox 3064 4829 3129 4884; x_wconf 85' lang='lat' dir='ltr'><strong><em>Et</em></strong></span> <span class='ocrx_word' id='word_1_1117' title='bbox 3150 4834 3356 4884; x_wconf 86' lang='lat' dir='ltr'><strong><em>suniles</em></strong></span> <span class='ocrx_word' id='word_1_1118' title='bbox 3375 4845 3517 4884; x_wconf 65' lang='lat' dir='ltr'><strong><em>caseo</em></strong></span> <span class='ocrx_word' id='word_1_1119' title='bbox 3540 4845 3629 4897; x_wconf 78' lang='grc' dir='ltr'><strong><em>ψη</em></strong></span> <span class='ocrx_word' id='word_1_1120' title='bbox 3657 4833 3741 4880; x_wconf 79' lang='grc' dir='ltr'><strong><em>Ιη-</em></strong></span> 
     </span>
    </p>
   </div>
   <div class='ocr_carea' id='block_1_142' title="bbox 2163 4900 3742 4971">
    <p class='ocr_par' dir='ltr' id='par_1_142' title="bbox 2163 4900 3742 4971">
     <span class='ocr_line' id='line_1_143' title="bbox 2163 4900 3742 4971; baseline -0.001 -19"><span class='ocrx_word' id='word_1_1121' title='bbox 2163 4900 2497 4971; x_wconf 88' lang='lat' dir='ltr'><strong><em>cidissimum</em></strong></span> <span class='ocrx_word' id='word_1_1122' title='bbox 2546 4901 2819 4966; x_wconf 86' lang='lat' dir='ltr'><strong><em>speculum</em></strong></span> <span class='ocrx_word' id='word_1_1123' title='bbox 2874 4912 3126 4971; x_wconf 77' lang='lat' dir='ltr'><strong><em>portaret,</em></strong></span> <span class='ocrx_word' id='word_1_1124' title='bbox 3173 4906 3224 4954; x_wconf 86' lang='lat' dir='ltr'><strong><em>in</em></strong></span> <span class='ocrx_word' id='word_1_1125' title='bbox 3262 4918 3367 4970; x_wconf 89' lang='lat' dir='ltr'><strong><em>quo</em></strong></span> <span class='ocrx_word' id='word_1_1126' title='bbox 3423 4914 3599 4968; x_wconf 69' lang='lat' dir='ltr'><strong><em>imago</em></strong></span> <span class='ocrx_word' id='word_1_1127' title='bbox 3641 4916 3742 4951; x_wconf 87' lang='lat' dir='ltr'><strong><em>sua</em></strong></span> 
     </span>
    </p>
   </div>
   <div class='ocr_carea' id='block_1_143' title="bbox 2165 4970 3739 5041">
    <p class='ocr_par' dir='ltr' id='par_1_143' title="bbox 2165 4970 3739 5041">
     <span class='ocr_line' id='line_1_144' title="bbox 2165 4970 3739 5041; baseline -0.002 -18"><span class='ocrx_word' id='word_1_1128' title='bbox 2165 4970 2306 5035; x_wconf 89' lang='lat' dir='ltr'><strong><em>aliis,</em></strong></span> <span class='ocrx_word' id='word_1_1129' title='bbox 2335 4981 2389 5041; x_wconf 85' lang='lat' dir='ltr'><strong><em>et</em></strong></span> <span class='ocrx_word' id='word_1_1130' title='bbox 2433 4984 2535 5023; x_wconf 90' lang='lat' dir='ltr'><strong><em>non</em></strong></span> <span class='ocrx_word' id='word_1_1131' title='bbox 2577 4972 2701 5035; x_wconf 87' lang='lat' dir='ltr'><strong><em>sibi,</em></strong></span> <span class='ocrx_word' id='word_1_1132' title='bbox 2744 4975 3007 5025; x_wconf 80' lang='lat' dir='ltr'><strong><em>elucetet:</em></strong></span> <span class='ocrx_word' id='word_1_1133' title='bbox 3040 4987 3159 5040; x_wconf 83' lang='lat' dir='ltr'><strong><em>quia</em></strong></span> <span class='ocrx_word' id='word_1_1134' title='bbox 3186 4974 3283 5041; x_wconf 88' lang='lat' dir='ltr'><strong><em>ipsi</em></strong></span> <span class='ocrx_word' id='word_1_1135' title='bbox 3315 4982 3524 5038; x_wconf 89' lang='lat' dir='ltr'><strong><em>portant</em></strong></span> <span class='ocrx_word' id='word_1_1136' title='bbox 3554 4971 3739 5032; x_wconf 74' lang='lat' dir='ltr'><strong><em>libros,</em></strong></span> 
     </span>
    </p>
   </div>
   <div class='ocr_carea' id='block_1_144' title="bbox 2166 5040 3741 5111">
    <p class='ocr_par' dir='ltr' id='par_1_144' title="bbox 2166 5040 3741 5111">
     <span class='ocr_line' id='line_1_145' title="bbox 2166 5040 3741 5111; baseline -0.002 -18"><span class='ocrx_word' id='word_1_1137' title='bbox 2166 5041 2218 5093; x_wconf 90' lang='lat' dir='ltr'><strong><em>in</em></strong></span> <span class='ocrx_word' id='word_1_1138' title='bbox 2248 5040 2443 5108; x_wconf 87' lang='lat' dir='ltr'><strong><em>quibus</em></strong></span> <span class='ocrx_word' id='word_1_1139' title='bbox 2471 5042 2642 5111; x_wconf 85' lang='lat' dir='ltr'><strong><em>vultus</em></strong></span> <span class='ocrx_word' id='word_1_1140' title='bbox 2671 5057 2879 5106; x_wconf 87' lang='lat' dir='ltr'><strong><em>eorum,</em></strong></span> <span class='ocrx_word' id='word_1_1141' title='bbox 2913 5044 3136 5105; x_wconf 75' lang='lat' dir='ltr'><strong><em>scilicet,</em></strong></span> <span class='ocrx_word' id='word_1_1142' title='bbox 3167 5040 3294 5111; x_wconf 85' lang='lat' dir='ltr'><strong><em>quid</em></strong></span> <span class='ocrx_word' id='word_1_1143' title='bbox 3314 5048 3393 5097; x_wconf 87' lang='lat' dir='ltr'><strong><em>eis</em></strong></span> <span class='ocrx_word' id='word_1_1144' title='bbox 3416 5055 3741 5110; x_wconf 81' lang='lat' dir='ltr'><strong><em>promissum</em></strong></span> 
     </span>
    </p>
   </div>
   <div class='ocr_carea' id='block_1_145' title="bbox 2165 5110 3738 5183">
    <p class='ocr_par' dir='ltr' id='par_1_145' title="bbox 2165 5110 3738 5183">
     <span class='ocr_line' id='line_1_146' title="bbox 2165 5110 3738 5183; baseline 0 -20"><span class='ocrx_word' id='word_1_1145' title='bbox 2165 5111 2371 5174; x_wconf 84' lang='lat' dir='ltr'><strong><em>luisset,</em></strong></span> <span class='ocrx_word' id='word_1_1146' title='bbox 2403 5110 2557 5166; x_wconf 87' lang='lat' dir='ltr'><strong><em>nobis</em></strong></span> <span class='ocrx_word' id='word_1_1147' title='bbox 2587 5115 2781 5175; x_wconf 85' lang='lat' dir='ltr'><strong><em>elucet,</em></strong></span> <span class='ocrx_word' id='word_1_1148' title='bbox 2807 5129 2884 5165; x_wconf 74' lang='lat' dir='ltr'><strong><em>eis</em></strong></span> <span class='ocrx_word' id='word_1_1149' title='bbox 2901 5128 3026 5167; x_wconf 89' lang='lat' dir='ltr'><strong><em>vero</em></strong></span> <span class='ocrx_word' id='word_1_1150' title='bbox 3048 5130 3151 5166; x_wconf 84' lang='lat' dir='ltr'><strong><em>non</em></strong></span> <span class='ocrx_word' id='word_1_1151' title='bbox 3176 5110 3419 5183; x_wconf 81' lang='lat' dir='ltr'><strong><em>apparet.</em></strong></span> <span class='ocrx_word' id='word_1_1152' title='bbox 3447 5112 3738 5165; x_wconf 69' lang='lat' dir='ltr'><strong><em>Maxumum</em></strong></span> 
     </span>
    </p>
   </div>
   <div class='ocr_carea' id='block_1_146' title="bbox 2163 5183 3745 5253">
    <p class='ocr_par' dir='ltr' id='par_1_146' title="bbox 2163 5183 3745 5253">
     <span class='ocr_line' id='line_1_147' title="bbox 2163 5183 3745 5253; baseline -0.002 -19"><span class='ocrx_word' id='word_1_1153' title='bbox 2163 5192 2340 5235; x_wconf 88' lang='lat' dir='ltr'><strong><em>autem</em></strong></span> <span class='ocrx_word' id='word_1_1154' title='bbox 2386 5191 2470 5235; x_wconf 88' lang='lat' dir='ltr'><strong><em>est</em></strong></span> <span class='ocrx_word' id='word_1_1155' title='bbox 2506 5183 2872 5250; x_wconf 89' lang='lat' dir='ltr'><strong><em>opprobrium,</em></strong></span> <span class='ocrx_word' id='word_1_1156' title='bbox 2909 5185 3046 5251; x_wconf 87' lang='lat' dir='ltr'><strong><em>quod</em></strong></span> <span class='ocrx_word' id='word_1_1157' title='bbox 3089 5184 3236 5237; x_wconf 86' lang='lat' dir='ltr'><strong><em>illum</em></strong></span> <span class='ocrx_word' id='word_1_1158' title='bbox 3280 5199 3439 5253; x_wconf 85' lang='lat' dir='ltr'><strong><em>quem</em></strong></span> <span class='ocrx_word' id='word_1_1159' title='bbox 3480 5198 3555 5253; x_wconf 74' lang='lat' dir='ltr'><strong><em>se</em></strong></span> <span class='ocrx_word' id='word_1_1160' title='bbox 3582 5196 3745 5249; x_wconf 85' lang='lat' dir='ltr'><strong><em>pror--</em></strong></span> 
     </span>
    </p>
   </div>
   <div class='ocr_carea' id='block_1_147' title="bbox 2162 5252 3742 5325">
    <p class='ocr_par' dir='ltr' id='par_1_147' title="bbox 2162 5252 3742 5325">
     <span class='ocr_line' id='line_1_148' title="bbox 2162 5252 3742 5325; baseline 0.002 -23"><span class='ocrx_word' id='word_1_1161' title='bbox 2162 5267 2253 5306; x_wconf 87' lang='lat' dir='ltr'><strong><em>sus</em></strong></span> <span class='ocrx_word' id='word_1_1162' title='bbox 2285 5262 2603 5319; x_wconf 86' lang='lat' dir='ltr'><strong><em>putaverunt</em></strong></span> <span class='ocrx_word' id='word_1_1163' title='bbox 2650 5254 2932 5322; x_wconf 82' lang='lat' dir='ltr'><strong><em>delevisse,</em></strong></span> <span class='ocrx_word' id='word_1_1164' title='bbox 2964 5255 3185 5308; x_wconf 81' lang='lat' dir='ltr'><strong><em>audiunt</em></strong></span> <span class='ocrx_word' id='word_1_1165' title='bbox 3208 5252 3401 5325; x_wconf 83' lang='lat' dir='ltr'><strong><em>ubique</em></strong></span> <span class='ocrx_word' id='word_1_1166' title='bbox 3440 5252 3742 5307; x_wconf 78' lang='lat' dir='ltr'><strong><em>exaltatum</em></strong></span> 
     </span>
    </p>
   </div>
   <div class='ocr_carea' id='block_1_148' title="bbox 2162 5336 2303 5375">
    <p class='ocr_par' dir='ltr' id='par_1_148' title="bbox 2162 5336 2303 5375">
     <span class='ocr_line' id='line_1_149' title="bbox 2162 5336 2303 5375; baseline 0.007 -1"><span class='ocrx_word' id='word_1_1167' title='bbox 2162 5336 2303 5375; x_wconf 88' lang='lat' dir='ltr'><strong><em>esse.</em></strong></span> 
     </span>
    </p>
   </div>
   <div class='ocr_carea' id='block_1_149' title="bbox 2234 5392 3741 5465">
    <p class='ocr_par' dir='ltr' id='par_1_149' title="bbox 2234 5392 3741 5465">
     <span class='ocr_line' id='line_1_150' title="bbox 2234 5392 3741 5465; baseline 0.001 -21"><span class='ocrx_word' id='word_1_1168' title='bbox 2234 5393 2377 5465; x_wconf 74' lang='lat' dir='ltr'><strong><em>Misit</em></strong></span> <span class='ocrx_word' id='word_1_1169' title='bbox 2426 5392 2565 5447; x_wconf 85' lang='lat' dir='ltr'><strong><em>Deus</em></strong></span> <span class='ocrx_word' id='word_1_1170' title='bbox 2614 5392 3013 5446; x_wconf 82' lang='lat' dir='ltr'><strong><em>misericordiam</em></strong></span> <span class='ocrx_word' id='word_1_1171' title='bbox 3056 5409 3220 5447; x_wconf 85' lang='lat' dir='ltr'><strong><em>suam.</em></strong></span> <span class='ocrx_word' id='word_1_1172' title='bbox 3286 5394 3447 5461; x_wconf 77' lang='lat' dir='ltr'><strong><em>Misit,</em></strong></span> <span class='ocrx_word' id='word_1_1173' title='bbox 3495 5396 3741 5465; x_wconf 83' lang='lat' dir='ltr'><strong><em>inquam,</em></strong></span> 
     </span>
    </p>
   </div>
   <div class='ocr_carea' id='block_1_150' title="bbox 2163 5461 3745 5530">
    <p class='ocr_par' dir='ltr' id='par_1_150' title="bbox 2163 5461 3745 5530">
     <span class='ocr_line' id='line_1_151' title="bbox 2163 5461 3745 5530; baseline 0.001 -14"><span class='ocrx_word' id='word_1_1174' title='bbox 2163 5461 2304 5516; x_wconf 89' lang='lat' dir='ltr'><strong><em>Deus</em></strong></span> <span class='ocrx_word' id='word_1_1175' title='bbox 2356 5463 2513 5517; x_wconf 87' lang='lat' dir='ltr'><strong><em>Pater</em></strong></span> <span class='ocrx_word' id='word_1_1176' title='bbox 2560 5464 2789 5517; x_wconf 84' lang='lat' dir='ltr'><strong><em>Verbum</em></strong></span> <span class='ocrx_word' id='word_1_1177' title='bbox 2846 5480 2999 5517; x_wconf 89' lang='lat' dir='ltr'><strong><em>suum</em></strong></span> <span class='ocrx_word' id='word_1_1178' title='bbox 3045 5475 3099 5518; x_wconf 93' lang='lat' dir='ltr'><strong><em>ut</em></strong></span> <span class='ocrx_word' id='word_1_1179' title='bbox 3130 5480 3215 5518; x_wconf 86' lang='lat' dir='ltr'><strong><em>tne</em></strong></span> <span class='ocrx_word' id='word_1_1180' title='bbox 3261 5461 3745 5530; x_wconf 45' lang='lat' dir='ltr'><strong><em>liberarem—misit</em></strong></span> 
     </span>
    </p>
   </div>
   <div class='ocr_carea' id='block_1_151' title="bbox 2160 5535 3739 5599">
    <p class='ocr_par' dir='ltr' id='par_1_151' title="bbox 2160 5535 3739 5599">
     <span class='ocr_line' id='line_1_152' title="bbox 2160 5535 3739 5599; baseline 0.003 -14"><span class='ocrx_word' id='word_1_1181' title='bbox 2160 5537 2320 5586; x_wconf 88' lang='lat' dir='ltr'><strong><em>etiam</em></strong></span> <span class='ocrx_word' id='word_1_1182' title='bbox 2351 5535 2416 5586; x_wconf 85' lang='lat' dir='ltr'><strong><em>ad</em></strong></span> <span class='ocrx_word' id='word_1_1183' title='bbox 2443 5536 2575 5588; x_wconf 88' lang='lat' dir='ltr'><strong><em>alios</em></strong></span> <span class='ocrx_word' id='word_1_1184' title='bbox 2595 5535 2920 5599; x_wconf 76' lang='lat' dir='ltr'><strong><em>liberandum</em></strong></span> <span class='ocrx_word' id='word_1_1185' title='bbox 2950 5551 3035 5589; x_wconf 86' lang='lat' dir='ltr'><strong><em>tne</em></strong></span> <span class='ocrx_word' id='word_1_1186' title='bbox 3061 5537 3458 5590; x_wconf 67' lang='lat' dir='ltr'><strong><em>misericordiam</em></strong></span> <span class='ocrx_word' id='word_1_1187' title='bbox 3481 5554 3643 5594; x_wconf 86' lang='lat' dir='ltr'><strong><em>suam.</em></strong></span> <span class='ocrx_word' id='word_1_1188' title='bbox 3682 5540 3739 5589; x_wconf 84' lang='lat' dir='ltr'><strong><em>id</em></strong></span> 
     </span>
    </p>
   </div>
   <div class='ocr_carea' id='block_1_152' title="bbox 2161 5606 3744 5675">
    <p class='ocr_par' dir='ltr' id='par_1_152' title="bbox 2161 5606 3744 5675">
     <span class='ocr_line' id='line_1_153' title="bbox 2161 5606 3744 5675; baseline 0.002 -20"><span class='ocrx_word' id='word_1_1189' title='bbox 2161 5614 2265 5667; x_wconf 88' lang='lat' dir='ltr'><strong><em>est,</em></strong></span> <span class='ocrx_word' id='word_1_1190' title='bbox 2300 5620 2385 5656; x_wconf 89' lang='lat' dir='ltr'><strong><em>me</em></strong></span> <span class='ocrx_word' id='word_1_1191' title='bbox 2416 5606 2650 5659; x_wconf 87' lang='lat' dir='ltr'><strong><em>miseriis</em></strong></span> <span class='ocrx_word' id='word_1_1192' title='bbox 2678 5608 2903 5657; x_wconf 82' lang='lat' dir='ltr'><strong><em>aliorum</em></strong></span> <span class='ocrx_word' id='word_1_1193' title='bbox 2932 5607 3371 5675; x_wconf 78' lang='lat' dir='ltr'><strong><em>eompatiuntum,</em></strong></span> <span class='ocrx_word' id='word_1_1194' title='bbox 3425 5619 3479 5661; x_wconf 86' lang='lat' dir='ltr'><strong><em>et</em></strong></span> <span class='ocrx_word' id='word_1_1195' title='bbox 3525 5609 3744 5660; x_wconf 76' lang='lat' dir='ltr'><strong><em>miseri-</em></strong></span> 
     </span>
    </p>
   </div>
   <div class='ocr_carea' id='block_1_153' title="bbox 2161 5676 3737 5741">
    <p class='ocr_par' dir='ltr' id='par_1_153' title="bbox 2161 5676 3737 5741">
     <span class='ocr_line' id='line_1_154' title="bbox 2161 5676 3737 5741; baseline 0.001 -14"><span class='ocrx_word' id='word_1_1196' title='bbox 2161 5676 2395 5727; x_wconf 81' lang='lat' dir='ltr'><strong><em>cordiam</em></strong></span> <span class='ocrx_word' id='word_1_1197' title='bbox 2425 5678 2786 5740; x_wconf 77' lang='lat' dir='ltr'><strong><em>exhibentem,</em></strong></span> <span class='ocrx_word' id='word_1_1198' title='bbox 2842 5687 2891 5728; x_wconf 90' lang='lat' dir='ltr'><strong><em>et</em></strong></span> <span class='ocrx_word' id='word_1_1199' title='bbox 2937 5693 3023 5730; x_wconf 89' lang='lat' dir='ltr'><strong><em>me</em></strong></span> <span class='ocrx_word' id='word_1_1200' title='bbox 3069 5682 3324 5730; x_wconf 74' lang='lat' dir='ltr'><strong><em>ceritatem</em></strong></span> <span class='ocrx_word' id='word_1_1201' title='bbox 3351 5695 3519 5741; x_wconf 84' lang='lat' dir='ltr'><strong><em>suam,</em></strong></span> <span class='ocrx_word' id='word_1_1202' title='bbox 3552 5680 3602 5730; x_wconf 88' lang='lat' dir='ltr'><strong><em>td</em></strong></span> <span class='ocrx_word' id='word_1_1203' title='bbox 3628 5689 3737 5741; x_wconf 80' lang='lat' dir='ltr'><strong><em>est,</em></strong></span> 
     </span>
    </p>
   </div>
   <div class='ocr_carea' id='block_1_154' title="bbox 2162 5747 3743 5809">
    <p class='ocr_par' dir='ltr' id='par_1_154' title="bbox 2162 5747 3743 5809">
     <span class='ocr_line' id='line_1_155' title="bbox 2162 5747 3743 5809; baseline 0.003 -13"><span class='ocrx_word' id='word_1_1204' title='bbox 2162 5759 2286 5797; x_wconf 79' lang='lat' dir='ltr'><strong><em>vera</em></strong></span> <span class='ocrx_word' id='word_1_1205' title='bbox 2309 5748 2609 5800; x_wconf 89' lang='lat' dir='ltr'><strong><em>docentem.</em></strong></span> <span class='ocrx_word' id='word_1_1206' title='bbox 2644 5747 2730 5797; x_wconf 75' lang='lat' dir='ltr'><strong><em>\‘el</em></strong></span> <span class='ocrx_word' id='word_1_1207' title='bbox 2771 5755 2939 5809; x_wconf 75' lang='lat' dir='ltr'><strong><em>potest</em></strong></span> <span class='ocrx_word' id='word_1_1208' title='bbox 2959 5748 3065 5802; x_wconf 87' lang='lat' dir='ltr'><strong><em>dici</em></strong></span> <span class='ocrx_word' id='word_1_1209' title='bbox 3090 5748 3157 5801; x_wconf 86' lang='lat' dir='ltr'><strong><em>ad</em></strong></span> <span class='ocrx_word' id='word_1_1210' title='bbox 3198 5751 3604 5802; x_wconf 71' lang='lat' dir='ltr'><strong><em>similitudinem</em></strong></span> <span class='ocrx_word' id='word_1_1211' title='bbox 3634 5748 3743 5801; x_wconf 83' lang='lat' dir='ltr'><strong><em>hoc</em></strong></span> 
     </span>
    </p>
   </div>
   <div class='ocr_carea' id='block_1_155' title="bbox 2162 5816 3741 5885">
    <p class='ocr_par' dir='ltr' id='par_1_155' title="bbox 2162 5816 3741 5885">
     <span class='ocr_line' id='line_1_156' title="bbox 2162 5816 3741 5885; baseline 0.003 -15"><span class='ocrx_word' id='word_1_1212' title='bbox 2162 5816 2441 5885; x_wconf 78' lang='lat' dir='ltr'><strong><em>legationis</em></strong></span> <span class='ocrx_word' id='word_1_1213' title='bbox 2468 5818 2576 5871; x_wconf 84' lang='lat' dir='ltr'><strong><em>ita:</em></strong></span> <span class='ocrx_word' id='word_1_1214' title='bbox 2610 5816 2743 5871; x_wconf 76' lang='lat' dir='ltr'><strong><em>Misit</em></strong></span> <span class='ocrx_word' id='word_1_1215' title='bbox 2780 5816 2917 5871; x_wconf 77' lang='lat' dir='ltr'><strong><em>Deus</em></strong></span> <span class='ocrx_word' id='word_1_1216' title='bbox 2947 5819 3099 5873; x_wconf 75' lang='lat' dir='ltr'><strong><em>Pater</em></strong></span> <span class='ocrx_word' id='word_1_1217' title='bbox 3122 5820 3347 5873; x_wconf 69' lang='lat' dir='ltr'><strong><em>Verbum</em></strong></span> <span class='ocrx_word' id='word_1_1218' title='bbox 3372 5833 3423 5873; x_wconf 86' lang='lat' dir='ltr'><strong><em>et</em></strong></span> <span class='ocrx_word' id='word_1_1219' title='bbox 3448 5836 3531 5873; x_wconf 77' lang='lat' dir='ltr'><strong><em>tuo</em></strong></span> <span class='ocrx_word' id='word_1_1220' title='bbox 3558 5822 3741 5875; x_wconf 71' lang='lat' dir='ltr'><strong><em>homi~</em></strong></span> 
     </span>
    </p>
   </div>
  </div>
