4010 6190
308 365 407 420 7H

1043 362 1108 418 IN
1151 363 1568 421 PSALMORUM
1611 364 1867 419 LIBRUM
1910 362 2267 421 EXEGESIS.
2300 398 2366 408 -—-—
2407 367 2651 423 PSALM.
2695 365 2851 419 LVll.

3472 368 3577 421 73?.

308 494 435 535 nem
477 476 800 552 assumpsit.
836 475 977 531 Misu
1016 491 1239 552 quoque
1258 471 1678 533 misericordiam
1717 493 1889 541 suam,
1925 479 1971 534 Α
2004 477 2271 544 mendum,
2321 498 2419 552 ego
2448 498 2576 537 vero
2607 487 2671 536 ad
2702 481 3025 550 patiendum.
3061 480 3189 545 Quia
3224 492 3460 546 paratum
3500 498 3573 537 est

309 553 436 620 quia
468 548 890 620 misericorditer
918 549 1284 620 mecumegit,
1318 561 1371 601 et
1402 552 1678 602 veritatem
1711 564 1888 611 suam,

312 616 439 690 quia
492 634 617 672 vere
671 618 935 690 promisit.
976 616 1391 690 Misericorditer
1435 622 1579 673 enim
1632 620 1888 688 implevit,

313 688 457 755 quod
510 688 772 744 veraciter
819 689 1175 755 promisit,iet
1230 691 1419 756 eripuit
1446 691 1673 743 animam
1706 705 1894 742 meum.

316 762 461 816 Dixit
493 762 737 828 superius
761 759 989 812 liberavit
1012 774 1110 811 me.
1148 761 1220 811 Ex
1254 761 1353 814 hoc
1382 761 1539 812 modo
1568 761 1718 828 quasi
1749 760 1896 812 dice-

315 843 430 886 ret:
461 831 729 885 Liberavit
771 845 876 891 me,
906 830 1025 894 quia
1068 830 1254 898 eripuit
1276 831 1502 882 animant
1532 847 1721 893 meam,
1749 844 1901 883 resu-

317 902 561 956 st'itando
601 916 686 953 me
715 900 779 954 de
809 900 973 952 medio
1002 902 1286 952 catulorum
1328 902 1553 964 leonum,
1596 901 1646 953 id
1705 908 1803 963 est,
1831 900 1900 953 de

319 972 498 1027 medio
517 969 722 1025 Iudaici
751 971 949 1037 populi,
998 984 1026 1022 a
1061 970 1324 1035 leonibus,
1363 970 1413 1023 id
1443 979 1543 1035 est,
1578 971 1900 1039 principibus

319 1045 392 1097 ad
419 1042 842 1096 interficiendum
867 1056 951 1093 me
971 1040 1197 1094 seducti.
1214 1041 1317 1094 Per
1337 1041 1538 1093 catulos
1564 1041 1704 1095 enim
1731 1041 1904 1093 mino-

323 1131 434 1175 res.
469 1128 562 1178 per
595 1114 775 1166 leones
819 1126 949 1165 vero
975 1110 1205 1179 majores
1255 1110 1636 1179 intelliguntur,
1684 1111 1802 1180 quia
1850 1110 1901 1162 in

325 1193 559 1238 mortem
600 1182 719 1249 ejus
747 1196 934 1235 omnes
962 1180 1422 1248 conspiraveruut.
1448 1180 1679 1250 Maiores
1708 1179 1905 1249 quippe

326 1270 452 1308 cum
502 1254 896 1311 interfecerunt.
933 1254 1169 1305 minores
1200 1262 1376 1305 autem
1410 1259 1813 1306 consenserunt.
1842 1251 1907 1303 Et

330 1325 457 1391 quid
488 1338 623 1392 opus
655 1324 748 1376 fuit
771 1321 1081 1388 ereptioiie?
1105 1322 1247 1388 Ideo,
1278 1321 1501 1387 scilicet,
1528 1322 1645 1391 quia
1669 1321 1905 1384 dormivi,

330 1396 387 1448 id
417 1405 517 1455 est,
550 1405 772 1447 mortem
802 1393 939 1446 subii
983 1406 1101 1462 qua!
1152 1407 1293 1446 mors
1338 1393 1511 1458 potius
1546 1392 1776 1462 dicenda
1819 1400 1902 1444 est

329 1465 588 1519 dormitio
616 1480 776 1532 quam
820 1477 984 1527 mors,
1008 1461 1138 1530 quia
1170 1474 1275 1517 tam
1323 1464 1476 1517 facile
1502 1466 1567 1516 ab
1590 1477 1676 1525 ea,
1702 1461 1843 1514 velut
1876 1476 1906 1514 a

330 1550 524 1588 somno
571 1533 798 1598 surrexi,
842 1548 963 1597 ego,
1003 1534 1144 1595 dico,
1187 1533 1539 1587 conturbatus.
1594 1533 1909 1601 Repugnare

336 1610 547 1658 videtur
592 1607 733 1674 quod
762 1616 815 1658 et
840 1605 1073 1658 dormiet
1099 1614 1155 1658 et
1182 1608 1529 1658 conturbatus
1574 1611 1737 1665 esset,
1785 1602 1906 1670 quia

328 1678 420 1745 qui
449 1677 822 1742 conturbatur,
845 1686 933 1726 aut
954 1689 1145 1745 somno
1176 1676 1457 1737 excitatur,
1482 1683 1572 1727 aut
1603 1689 1669 1728 ne
1690 1674 1742 1726 in
1765 1687 1910 1745 soni.

329 1742 455 1799 rium
483 1756 663 1817 vergat
691 1746 1021 1813 prohibetur.
1048 1743 1154 1817 sed
1190 1746 1289 1798 hoc
1309 1744 1439 1817 dicit
1464 1752 1722 1817 quantum
1747 1744 1812 1796 ad
1841 1742 1908 1796 il-

330 1820 417 1871 los
439 1818 524 1885 qui
548 1814 640 1882 per
658 1827 904 1877 mortem,
926 1830 1086 1884 quam
1104 1814 1545 1884 iucundissimam
1562 1814 1766 1878 habuit,
1782 1827 1911 1867 con-

332 1889 599 1941 turbatum
628 1904 746 1940 eum
782 1898 1118 1955 putaverunt.

407 1956 532 2009 Fitii
578 1956 860 2011 hominum.
911 1954 1070 2021 Quasi
1125 1954 1301 2010 dicat:
1344 1956 1443 2023 Qui
1468 1965 1520 2011 te
1548 1954 1912 2010 conturbave-

333 2027 578 2084 runt?R.
612 2028 726 2081 Filii
761 2029 1030 2081 hominum
1054 2028 1507 2082 conturbaverunt
1529 2041 1631 2081 me.
1665 2027 1775 2080 Hoc
1793 2025 1915 2080 ideo

331 2102 675 2159 determinat,
709 2108 764 2151 ut
801 2097 1047 2151 ostendat
1097 2098 1217 2150 illos
1248 2113 1353 2151 non
1405 2113 1527 2151 esse
1554 2095 1913 2160 excusabiles,

330 2172 424 2235 qui
455 2184 513 2223 se
537 2168 871 2223 excusabiles
901 2176 1222 2237 putaverunt
1249 2169 1488 2223 dicentes
1520 2168 1686 2221 Pilato
1718 2165 1917 2237 :Nobis

335 2257 437 2292 non
466 2242 577 2293 licet
607 2241 891 2305 interﬁcere
917 2255 1235 2307 quemquam.
1260 2238 1392 2293 Tale
1438 2238 1580 2292 enim
1612 2246 1715 2305 est,
1758 2236 1913 2304 quasi

340 2312 540 2364 diceret
561 2310 639 2364 eis
670 2310 957 2376 propheta:
987 2309 1040 2363 Si
1076 2324 1179 2361 non
1219 2310 1338 2363 licet
1370 2311 1694 2371 iuterlicere,
1720 2323 1822 2361 nec
1847 2309 1913 2361 li-

340 2392 429 2434 cet
452 2382 517 2433 ad
552 2380 973 2434 interficiendum
1008 2380 1237 2432 tradere.
1277 2380 1341 2431 Et
1370 2380 1517 2446 quasi
1565 2381 1731 2432 dicat:
1769 2380 1917 2442 Quo-

342 2452 500 2504 tttodo
529 2462 578 2504 te
606 2451 1084 2514 Conturbaveruut,
1131 2452 1219 2517 qui
1252 2452 1455 2503 nullum
1499 2452 1548 2501 in
1597 2458 1647 2501 te
1686 2448 1918 2518 gladium

342 2520 711 2595 strinxerunt?
739 2521 899 2595 dicit:
932 2521 1208 2595 Linguam
1230 2535 1416 2595 eorum
1449 2520 1676 2586 gladium
1699 2517 1916 2595 accipe,

342 2594 468 2661 quia
508 2592 703 2655 dentes,
737 2592 787 2644 id
827 2603 931 2654 est,
979 2591 1244 2643 murdacia
1297 2591 1455 2645 verba
1503 2605 1676 2641 eorum
1707 2589 1921 2643 fuerunt

339 2678 507 2726 arma,
539 2673 789 2727 quantum
833 2663 898 2715 ad
935 2662 1238 2723 consilium,
1293 2662 1433 2730 quod
1479 2661 1792 2712 invenerunt
1830 2674 1919 2713 oc-

342 2737 502 2787 culte.
538 2732 603 2786 Et
632 2734 852 2803 sagittw.
899 2733 1246 2803 quantum‘ad
1279 2732 1506 2784 volantia
1532 2733 1718 2803 verba,
1749 2732 1799 2783 in
1828 2744 1920 2784 ac-

338 2800 707 2857 cusationem.
731 2805 795 2856 Et
824 2804 1032 2855 fuerunt
1062 2800 1291 2869 gladius,
1325 2812 1580 2870 quantum
1605 2802 1669 2853 ad
1700 2810 1920 2854 senten-

338 2876 467 2927 tiam
517 2875 584 2929 de
635 2886 807 2927 morte
859 2887 980 2926 cum
1014 2872 1261 2926 dixerunt
1297 2891 1310 2927 :
1342 2870 1633 2941 Cruci/iga,
1675 2871 1920 2942 crucifige

332 2959 472 2997 eum.

417 3012 665 3068 Exaltare
699 3030 853 3083 super
880 3012 1051 3067 ctelos.
1080 3010 1162 3083 Illi
1201 3010 1413 3083 quidem
1465 3020 1784 3079 putaverunt
1831 3025 1920 3066 me

335 3089 682 3147 conturbare,
736 3095 789 3139 tu
844 3096 1047 3147 autem,
1102 3082 1328 3136 Domine
1362 3082 1617 3146 Verbum,
1660 3083 1713 3135 in
1754 3096 1916 3136 cruce

342 3161 525 3219 homo,
555 3155 697 3210 Deus
726 3156 776 3209 in
803 3155 963 3218 coelo,
986 3153 1211 3207 exaltare
1241 3168 1326 3207 me
1371 3154 1585 3207 homine
1633 3153 1905 3217 exaltato;

340 3243 497 3294 super
527 3226 701 3289 caelos,
737 3242 839 3279 non
871 3227 1043 3279 solani
1080 3237 1241 3294 super
1279 3225 1607 3289 materiales,
1631 3223 1724 3276 sed
1750 3239 1910 3291 super

342 3293 537 3351 omnes
563 3300 779 3350 ordines
804 3295 1095 3363 angelicos.
1133 3293 1200 3346 Et
1229 3295 1398 3363 gloria
1423 3305 1529 3358 tua,
1563 3295 1613 3347 id
1653 3303 1761 3361 est,
1802 3296 1912 3364 glo-

346 3366 521 3421 riosus
551 3378 694 3429 tuus,
725 3366 933 3420 scilicet
963 3380 1061 3433 ego
1088 3364 1419 3434 glorificatus
1440 3381 1467 3416 a
1500 3374 1553 3417 te
1580 3379 1675 3432 per
1698 3368 1916 3418 immor-

345 3439 604 3491 talitatem
660 3447 717 3491 et
764 3452 856 3503 per
913 3436 1357 3503 incorruptionem
1391 3476 1405 3498 ,
1460 3436 1761 3497 estaltetur,
1807 3450 1915 3489 non

343 3523 507 3575 super
554 3506 795 3562 Iudaeam
836 3506 1053 3569 solum,
1100 3505 1195 3560 sed
1246 3520 1403 3572 super
1459 3521 1659 3558 omnem
1704 3514 1913 3560 terram.

341 3578 499 3645 Quod
548 3590 601 3634 et
650 3578 844 3631 factum
895 3584 997 3639 est,
1037 3591 1157 3629 cum
1191 3589 1286 3645 per
1311 3580 1586 3644 apostolos
1618 3577 1668 3628 itt
1698 3589 1912 3631 omnem

344 3651 535 3703 orbem
563 3650 880 3715 praedicatus
907 3654 1008 3701 est.

422 3714 682 3785 Laqueuat
706 3724 1013 3786 paraverunt
1038 3714 1253 3785 pedibus
1274 3716 1418 3772 meis.
1466 3715 1697 3770 Necesse
1735 3726 1819 3770 est
1861 3727 1917 3773 ut

349 3805 439 3843 me
465 3790 688 3856 exaltes,
718 3792 839 3857 quia
866 3794 989 3841 sunt
1030 3787 1118 3856 qui
1159 3787 1467 3855 deprimunt
1517 3802 1621 3841 me.
1678 3788 1918 3857 Namque

348 3863 443 3914 filii
475 3861 750 3914 hominum
777 3868 1079 3927 paraverunt
1126 3860 1363 3923 laqueum
1389 3899 1405 3924 ,
1453 3857 1503 3911 id
1532 3866 1650 3921 est,
1694 3858 1918 3926 impedi-

349 3939 587 3984 mentum
614 3930 827 4001 pedibus
865 3932 1007 3983 meis.
1064 3929 1128 3982 Et
1172 3930 1356 4001 accipe
1400 3928 1563 4001 pedes
1618 3928 1787 4001 minas
1839 3930 1917 3983 vel

352 4000 757 4069 promissiones,
790 4002 985 4069 quibus
1013 4000 1255 4054 doctrina
1281 4000 1521 4051 veritatis
1550 4000 1811 4065 procedit,
1832 4002 1918 4053 vel

348 4068 571 4125 Sanctus
597 4068 890 4136 apostolos,
919 4070 1112 4139 quibus
1150 4072 1265 4135 ipse
1295 4068 1551 4137 processit
1581 4069 1648 4121 ad
1677 4071 1917 4124 notitiam

347 4141 607 4211 gentium.
643 4144 704 4195 Et
744 4158 848 4195 non
880 4142 1051 4194 solum
1096 4142 1341 4209 laqueum
1396 4150 1713 4205 paraverunt
1744 4142 1870 4193 mihi
1903 4182 1917 4206 ,

346 4216 444 4265 sed
476 4221 523 4264 et
561 4214 785 4265 animant
814 4228 975 4265 meam
1018 4220 1073 4265 et
1126 4224 1364 4263 meorum
1394 4211 1789 4265 incurvaverunt
1816 4253 1829 4275 ,
1868 4213 1919 4265 id

346 4294 453 4345 cst,
488 4283 771 4337 incurvare
818 4292 872 4336 et
919 4283 1219 4351 deprimere
1246 4284 1549 4334 voluerunt.
1592 4282 1753 4334 Suam
1804 4284 1919 4351 qui-

347 4356 498 4415 dem,
533 4354 747 4419 quando
788 4353 1037 4407 dixerunt
1064 4368 1075 4401 :
1106 4350 1429 4404 Dwmom’um
1455 4352 1632 4412 habes,
1663 4360 1718 4404 et
1748 4369 1761 4405 :
1799 4350 1919 4405 Non

343 4433 425 4477 est
447 4424 529 4476 hic
556 4423 706 4476 Immo
735 4440 767 4476 a
792 4420 921 4485 Deo,
944 4434 998 4476 et
1020 4422 1210 4475 similia
1239 4437 1254 4485 ;
1286 4437 1501 4476 suorum
1532 4437 1678 4487 vero,
1710 4424 1921 4491 quando

346 4509 447 4547 cos
470 4494 569 4547 sibi
601 4493 935 4546 conformare
964 4494 1263 4547 voluerunt.

2001 565 2087 619 cor
2112 567 2277 603 meum
2308 552 2358 605 in
2391 568 2498 617 me,
2521 564 2574 607 et
2597 564 2829 619 paratum
2862 568 2945 603 cor
2974 569 3137 603 meum
3160 565 3235 605 est
3265 554 3314 604 in
3342 554 3492 618 meis,
3526 570 3580 609 et

2002 618 2140 681 ideo,
2171 636 2202 672 ο
2235 622 2375 675 Deus
2419 618 2603 688 Pater,
2640 625 2851 677 cantabo
2892 623 2982 675 tibi
3031 623 3080 674 iu
3127 636 3210 675 me
3241 632 3295 677 ct
3341 623 3392 676 in
3443 628 3576 679 meis

2001 691 2163 745 corde
2185 704 2237 745 et
2262 706 2378 758 ore,
2408 704 2455 745 et
2485 695 2734 761 psalmum
2766 694 2927 746 diram
2953 706 3133 755 Opere.
3172 692 3234 745 Et
3266 702 3321 745 ut
3353 696 3573 760 psallam

2001 769 2055 815 et
2101 771 2332 826 cautem,
2361 767 2510 832 quasi
2540 765 2681 817 dicat
2716 783 2726 816 :
2762 764 2967 817 Morere
2998 762 3282 829 ignominia
3331 780 3471 829 mea,
3527 767 3575 817 id

2001 840 2103 895 est,
2130 847 2254 885 caro
2276 849 2414 896 mea,
2441 834 2491 886 in
2517 836 2618 888 hoc
2640 835 2779 901 quod
2813 833 3071 898 mortalis,
3105 833 3244 901 quod
3275 834 3540 898 passibilis
3563 853 3575 893 ;

2003 910 2057 953 et
2083 916 2309 970 exsurge
2340 913 2394 956 ut
2422 905 2590 971 gloria
2621 921 2757 969 mea,
2792 904 2843 957 id
2874 912 2975 967 est,
3011 905 3062 957 iu
3096 904 3493 959 immortalitate
3521 916 3575 958 et

2006 971 2425 1037 impassibilitate
2454 975 2768 1043 glorificata.
2804 975 3065 1042 Exsurge,
3096 973 3235 1036 dico,
3266 988 3391 1027 caro
3431 991 3571 1037 mea,

2005 1056 2102 1094 ens
2132 1045 2434 1107 psalterium
2480 1054 2535 1098 et
2561 1046 2789 1098 cithara.
2834 1045 2937 1097 Res
2967 1059 3068 1097 una
3099 1052 3200 1104 est,
3246 1051 3301 1098 et
3338 1047 3577 1100 continet

2006 1109 2110 1163 dtto
2139 1116 2338 1167 musica
2378 1114 2754 1178 instrumenta,
2802 1116 2922 1180 quia
2954 1115 3006 1167 in
3051 1130 3153 1167 una
3185 1129 3346 1168 carne
3380 1115 3577 1169 Chrisd

2006 1193 2129 1235 sunt
2152 1184 2305 1237 nobis
2328 1185 2560 1240 exhibita
2590 1187 2696 1239 duo
2720 1188 2927 1240 diversa
2960 1184 3218 1238 factorum
3243 1200 3458 1253 genera,
3489 1188 3581 1240 de-

2006 1253 2214 1318 signata
2248 1269 2340 1322 per
2369 1255 2474 1308 duo
2503 1255 2710 1310 diversa
2744 1259 2942 1310 musica
2975 1256 3344 1309 instrumenta.
3377 1256 3583 1310 Psalte-

2009 1324 2151 1402 rium_
2174 1339 2401 1402 namque
2430 1328 2569 1395 quod
2602 1343 2648 1402 ag
2676 1328 2935 1402 superiori
2980 1335 3153 1402 sonat,
3193 1327 3455 1394 signiticat
3485 1330 3585 1381 mi-

2008 1393 2187 1446 racula
2232 1393 2484 1449 divinitus
2529 1397 2681 1451 nobis
2727 1393 2992 1459 exhibita;
3024 1397 3224 1449 cithara
3257 1393 3407 1459 vero,
3445 1404 3583 1461 quod

2008 1462 2076 1515 ab
2099 1462 2339 1519 inferiori
2360 1478 2538 1533 sonat,
2562 1468 2925 1523 tribulationes
2942 1479 2992 1522 et
3018 1467 3352 1520 infirmitates
3377 1479 3586 1521 nostras

2012 1533 2064 1585 itt
2116 1548 2343 1605 corpore
2372 1537 2570 1591 Christi
2610 1539 2881 1592 exhibitas
2934 1537 3219 1606 significat.
3272 1537 3585 1592 Psalterium

2010 1615 2188 1671 sonat,
2223 1608 2349 1660 cruci
2380 1607 2578 1672 vident,
2612 1609 2787 1662 claudi
2821 1608 3116 1669 ambulant,
3162 1616 3221 1663 et
3254 1609 3474 1671 similia;
3505 1610 3583 1662 ci-

2012 1675 2165 1747 tbara
2188 1691 2315 1730 vero
2337 1690 2511 1742 sonat,
2546 1679 2740 1733 famem
2771 1681 2983 1747 patitur,
3014 1678 3212 1731 dormit
3242 1688 3295 1732 et
3324 1680 3584 1743 tristatur,

2013 1753 2066 1797 et
2092 1744 2307 1802 similia.
2343 1748 2470 1801 Dico
2494 1765 2722 1816 exsurge.
2757 1744 2824 1802 Et
2867 1764 3048 1802 revera
3083 1750 3150 1801 ita
3181 1750 3305 1811 erit,
3336 1754 3453 1815 quia
3487 1765 3587 1818 ego

1941 1840 1988 1899 Β
2016 1830 2307 1899 ersurgam.
2338 1818 2551 1899 Et_ideo
2571 1820 2721 1899 dicit,
2755 1828 2811 1899 ut
2841 1834 2935 1888 per
2968 1819 3069 1873 hoc
3082 1821 3427 1899 com-probet,
3463 1820 3592 1899 Ver-

2019 1887 2145 1939 bum
2178 1889 2527 1954 personaliter
2551 1890 2653 1944 sibi
2683 1887 3047 1958 conjunctum,
3080 1888 3222 1942 Patri
3248 1892 3518 1957 coaequale
3538 1904 3590 1943 et

2014 1958 2505 2029 consubstantiale;
2552 1961 2671 2029 quia
2703 1963 2844 2014 enim
2890 1961 3044 2013 Pater
3068 1970 3122 2014 et
3153 1958 3383 2014 Verbum
3426 1976 3586 2013 unum

2014 2037 2158 2097 sunt,
2189 2038 2247 2081 et
2287 2028 2443 2083 Pater
2474 2028 2595 2084 eum
2642 2030 3005 2091 resuscitavit,
3050 2040 3103 2085 et
3144 2031 3254 2097 ipse
3298 2032 3591 2085 secundum

2020 2096 2252 2151 Verbum
2283 2114 2342 2153 se
2385 2100 2741 2154 resuscitavit.
2787 2099 3030 2154 Diluculo
3064 2096 3209 2163 ponit
3253 2099 3393 2161 ideo,
3427 2103 3505 2156 vel
3539 2116 3589 2155 ut

2019 2176 2164 2222 notet
2188 2178 2396 2237 tempus
2422 2170 2853 2235 resurrectionis,
2876 2186 2995 2238 qua:
3016 2185 3173 2223 mane
3198 2170 3329 2223 facta
3358 2180 3471 2234 est;
3510 2175 3592 2229 vel

2016 2237 2138 2316 quia
2181 2240 2323 2316 sicut
2350 2240 2660 2316 diluculum
2679 2250 2800 2316 post
2843 2242 3092 2316 tenebras
3140 2243 3344 2316 iugatas
3371 2241 3588 2312 dicitur,

2019 2308 2088 2381 ita
2124 2318 2267 2381 tunc,
2300 2308 2493 2381 fugatis
2525 2312 2758 2366 tenebris
2790 2311 3137 2378 inﬁdelitatis,
3172 2312 3445 2365 luceacere
3482 2328 3566 2367 co:

2020 2379 2094 2447 pit
2127 2379 2303 2433 lumen
2338 2379 2455 2434 fidei
2485 2388 2541 2433 et
2563 2382 2825 2436 veritatis.

2090 2448 2379 2522 Conﬁtebor
2409 2452 2497 2504 tibi
2519 2454 2572 2505 in
2602 2451 2824 2519 pupulis,
2860 2451 3093 2505 Domine.
3129 2448 3262 2522 Quia
3293 2465 3589 2522 egrsurgam,

2020 2518 2161 2583 ideo,
2205 2521 2439 2585 Domine,
2471 2518 2750 2590 conﬁtebor
2776 2523 2867 2575 tibi
2898 2522 2950 2573 in
3000 2522 3215 2586 psalmis
3242 2518 3494 2575 Judaicis.
3525 2523 3594 2576 Et

2022 2592 2274 2657 psalmum
2299 2594 2466 2645 dicam
2498 2593 2604 2655 tibi,
2631 2592 2855 2646 laudabo
2878 2602 2930 2645 te
2959 2606 3053 2658 per
3080 2604 3240 2659 opera
3272 2591 3407 2644 bona
3430 2591 3589 2646 etiuu

2020 2663 2071 2713 in
2097 2661 2351 2732 gentibus.
2395 2664 2457 2717 Et
2487 2666 2677 2716 merito
2706 2663 2933 2716 laudabo
2963 2672 3034 2726 te,
3067 2663 3187 2728 quia
3217 2676 3317 2729 ego
3343 2676 3447 2714 non
3495 2676 3589 2716 so-

2022 2733 2130 2786 lum
2161 2734 2417 2787 dicendus
2448 2735 2775 2796 misericors,
2804 2733 2895 2786 sed
2924 2733 3034 2800 ipsa
3065 2741 3153 2784 tua
3195 2732 3587 2786 misericordia.

2021 2804 2267 2867 Quicum
2316 2813 2504 2873 potens
2532 2818 2729 2867 essem,
2760 2804 2921 2857 miser
2959 2802 3151 2866 factus,
3199 2812 3254 2855 ut
3291 2802 3589 2873 remedium

2021 2872 2327 2927 conferrem
2375 2875 2603 2928 miseriis
2634 2875 2884 2928 aliorum.
2921 2874 2981 2926 Et
3028 2873 3117 2939 qui
3166 2887 3282 2925 sum
3334 2872 3589 2927 dicendus

2023 2945 2216 2998 veritas
2268 2954 2375 3011 tua,
2408 2946 2529 3014 quia
2580 2960 2673 3012 per
2720 2960 2807 2998 me
2845 2942 3044 2997 mundo
3072 2943 3246 2997 omnis
3287 2942 3482 2996 veritas
3510 2953 3588 2997 est

2022 3022 2262 3080 ostensa,
2292 3030 2409 3068 sum
2428 3013 2826 3085 magnificatus,
2851 3015 2901 3068 id
2924 3023 3025 3079 est,
3053 3013 3317 3067 exaltatus
3339 3026 3503 3081 usque
3524 3014 3588 3066 ad

2024 3085 2190 3138 caelos
2220 3086 2641 3150 constituendos,
2674 3096 2727 3140 et
2756 3101 2924 3151 usque
2953 3086 3019 3138 ad
3052 3085 3219 3137 nubes
3256 3086 3588 3138 constituen-

2026 3155 2143 3209 das.
2171 3157 2236 3208 Et
2253 3157 2433 3224 accipe
2457 3171 2547 3219 per
2572 3158 2766 3211 coelum
2790 3164 2843 3209 et
2866 3170 2957 3222 per
2979 3155 3169 3217 nubes,
3192 3154 3588 3218 praedicatores.

2018 3227 2117 3279 Per
2146 3228 2340 3281 caelum
2386 3240 2511 3279 vero
2539 3228 2791 3293 majores,
2827 3235 2885 3278 ut
2926 3224 3245 3291 Apostolos;
3289 3238 3382 3289 per
3421 3224 3593 3278 nubes

2016 3311 2143 3350 vero
2175 3297 2473 3351 inferiores.
2510 3297 2605 3350 Vel
2634 3297 2810 3351 aliter.
2842 3294 3062 3347 Videtur
3089 3293 3493 3347 convenientius
3524 3304 3581 3346 ut

2014 3367 2210 3420 veritas
2236 3366 2528 3422 referretur
2563 3365 2629 3420 ad
2655 3367 2841 3427 cmlos,
2875 3374 2929 3419 et
2968 3363 3335 3419 misericordia
3371 3364 3436 3417 ad
3486 3379 3583 3417 nu-

2015 3437 2130 3501 bes,
2164 3438 2284 3505 quia
2328 3440 2451 3491 cmli
2499 3445 2625 3491 sunt
2669 3435 2863 3504 angeli,
2896 3434 2987 3504 qui
3036 3442 3234 3500 quanto
3262 3434 3497 3505 altiores,
3528 3446 3584 3487 et

2017 3503 2225 3561 veritati
2257 3508 2561 3571 viciniores,
2594 3503 3055 3574 tanto’perfectius
3097 3505 3214 3557 sine
3244 3503 3470 3573 caligine
3501 3505 3581 3558 vi-

2015 3579 2181 3631 sionis
2209 3592 2357 3645 spem
2388 3579 2626 3632 veritatis
2659 3578 2928 3631 intuentur
2950 3584 3005 3630 et
3034 3576 3267 3639 laudant,
3301 3575 3539 3628 dicentes
3564 3591 3579 3627 :

2017 3649 2257 3713 Sanctus,
2289 3648 2531 3714 Sanctus,
2560 3649 2798 3703 Sanctus.
2827 3649 3002 3701 Nubes
3026 3661 3151 3699 vero
3175 3646 3421 3699 dicuntur
3453 3660 3587 3711 prat-

2016 3719 2282 3773 dicatores
2310 3730 2528 3787 propter
2558 3723 2893 3773 tenebrosam
2921 3731 3162 3787 carnem,
3190 3730 3291 3784 qua
3317 3725 3585 3782 teguntur,

2019 3790 2143 3842 licet
2198 3785 2449 3844 Dominus
2499 3805 2591 3857 per
2635 3804 2729 3842 eos
2789 3790 2992 3841 intonet
3034 3785 3213 3857 minis,
3244 3793 3300 3857 et
3344 3797 3594 3857 coruscet

2020 3860 2307 3914 miraculis.
2340 3861 2407 3914 Et
2435 3855 2558 3927 quia
2602 3859 2655 3912 in
2684 3860 2762 3913 eis
2800 3868 2883 3912 est
2922 3858 3155 3919 miseria,
3203 3855 3331 3927 ideo
3353 3855 3595 3925 indigent

2019 3930 2406 3984 misericordia.
2437 3924 2611 3996 Quare
2638 3932 2704 3981 ad
2737 3932 2903 3983 nubes
2948 3930 3215 3996 pertinere
3252 3924 3460 3979 videtur
3480 3924 3563 3979 mi

2020 4000 2331 4068 sericordia,
2364 4009 2420 4054 ct
2465 4000 2530 4053 ad
2574 3999 2741 4054 caelos
2789 3999 3003 4053 veritas.
3054 3998 3121 4050 Et
3172 4008 3347 4068 tamen
3389 3997 3596 4068 veritas

2018 4072 2230 4139 quidem
2258 4066 2533 4140 pr'azpollet
2556 4071 2605 4123 in
2635 4069 2860 4139 angelis,
2893 4072 2988 4122 sed
3020 4069 3273 4140 Dominus
3301 4066 3445 4121 dedit
3471 4082 3590 4140 eam

2018 4145 2179 4195 etiam
2222 4138 2469 4196 nubibus.
2514 4142 2582 4195 Et
2609 4138 2731 4209 quia
2762 4140 2935 4207 angeli
2967 4152 3071 4193 non
3115 4138 3354 4206 indigent
3383 4138 3594 4209 miseri—

2020 4214 2226 4278 cordia,
2261 4214 2380 4266 ideo
2422 4208 2677 4265 Dominus
2708 4210 3012 4265 misericors
3043 4209 3314 4263 hominum
3347 4208 3591 4261 miserias

2020 4285 2327 4347 miseratus,
2356 4283 2503 4337 dedit
2528 4282 2606 4335 eis
2636 4281 3082 4346 misericordiam,
3113 4288 3167 4332 et
3199 4294 3290 4347 per
3328 4278 3591 4332 clarifica-

2025 4355 2221 4407 tiouem
2266 4354 2695 4415 resurrectionis,
2728 4361 2783 4406 et
2811 4350 3226 4418 incorruptionis
3271 4348 3471 4417 angelis
3501 4363 3595 4402 eos

2023 4426 2339 4494 coasquavit.
2372 4423 2438 4477 Et
2465 4424 2584 4477 ideo
2612 4424 2811 4475 dictum
2840 4432 2922 4475 est
2947 4432 3091 4474 recte
3116 4436 3128 4470 :
3164 4418 3418 4494 Quoniam
3445 4419 3593 4494 mise-

2022 4489 2246 4548 ricordia
2296 4496 2390 4547 Dei
2422 4494 2749 4563 mugniﬁcata
2794 4499 2867 4543 est
2891 4505 3068 4563 usque
3107 4493 3181 4563 ad,
3217 4489 3365 4563 stelas
3397 4493 3599 4563 c_onsti~

425 4563 693 4617 Fuderunt
717 4572 834 4616 ante
865 4564 1044 4631 faciem
1075 4579 1259 4633 meam.
1291 4562 1422 4623 lloc,
1471 4564 1682 4631 inquam
1707 4603 1723 4627 ,
1754 4564 1912 4618 modo
1950 4557 2002 4617 D
2028 4572 2276 4629 tuendos,
2313 4568 2435 4633 quia
2468 4557 2563 4633 per
2593 4557 3013 4616 misericordiam
3045 4562 3288 4633 homines
3318 4559 3440 4633 lacti
3471 4570 3595 4612 sunt

347 4642 674 4703 paraverunt
701 4635 829 4688 mihi
856 4636 1100 4701 laqueum
1126 4673 1142 4697 ,
1174 4631 1295 4699 quia
1324 4634 1561 4702 foderunt
1591 4638 1788 4702 foveam
1810 4672 1825 4697 ,
1860 4637 1908 4688 id

343 4716 455 4769 est,
488 4715 809 4774 paraverunt
838 4706 1206 4771 deceptionem
1227 4712 1281 4757 et
1311 4715 1536 4757 mortem
1570 4706 1699 4758 mihi
1722 4748 1734 4769 ,
1763 4711 1910 4769 quasi

346 4776 611 4830 nescienti
643 4776 1031 4842 reputationem
1059 4788 1280 4846 eorum;
1333 4775 1426 4827 sed
1468 4784 1639 4846 tamen
1670 4784 1785 4827 ante
1835 4778 1914 4846 [a-

344 4848 479 4900 ciem
517 4862 681 4899 meam
711 4849 838 4911 fuit,
868 4847 916 4897 id
939 4854 1040 4907 est,
1073 4844 1411 4898 manifestum
1442 4844 1566 4898 mihi
1607 4861 1699 4899 cor
1728 4844 1912 4901 eorum

345 4919 693 4985 cognoscenti
720 4918 835 4970 fuit.
865 4916 956 4969 Vel
990 4929 1083 4983 per
1112 4912 1317 4967 foveam
1365 4930 1646 4981 possumus
1671 4917 1913 4984 accipere

348 4987 695 5041 manifestam
724 4988 1079 5040 damnationis
1104 4990 1448 5050 sententiam,
1480 4987 1601 5054 quia
1627 5002 1676 5039 tu
1708 4997 1910 5040 tantum

348 5072 477 5111 eum
501 5059 872 5125 neglexerunt,
902 5056 1044 5126 quod
1075 5064 1198 5108 ante
1229 5056 1415 5109 lactem
1446 5058 1561 5124 ejus
1583 5099 1597 5122 ,
1630 5056 1680 5109 id
1709 5069 1788 5109 est
1815 5101 1829 5127 ,
1860 5060 1910 5111 in

349 5132 664 5196 praesentia,
694 5129 947 5181 damnare
968 5142 1088 5180 eum
1123 5141 1223 5179 non
1264 5127 1682 5191 dubitaverunt,
1731 5129 1912 5182 dicen-

350 5210 435 5252 tes
466 5215 479 5251 :
522 5197 663 5254 Reus
686 5212 756 5252 est
782 5200 981 5251 mortis.
1017 5199 1080 5249 Et
1105 5197 1403 5250 inciderunt
1433 5197 1483 5250 in
1517 5200 1720 5251 foveam
1748 5238 1764 5263 ,
1791 5201 1909 5268 quia

342 5269 594 5335 quisquis
645 5272 731 5321 alii
778 5269 1170 5322 damnationem
1203 5276 1390 5333 parat,
1440 5268 1585 5334 prius
1632 5283 1691 5321 se
1741 5273 1911 5336 ipsum

344 5342 597 5393 damnat.
627 5338 781 5395 Prius
812 5341 952 5393 enim
986 5342 1035 5392 in
1064 5354 1123 5391 se
1153 5346 1352 5403 peccat,
1396 5354 1554 5405 quam
1586 5340 1636 5391 iu
1660 5340 1907 5393 alterum.

348 5413 417 5464 Et
444 5425 663 5478 semper
692 5411 894 5463 [elicior
924 5421 1007 5462 est
1035 5407 1533 5478 tristitiaupatientis
1557 5448 1572 5471 ,
1604 5425 1760 5477 quam
1813 5410 1911 5463 ini-

344 5496 455 5548 qua
490 5476 669 5534 laetitia
709 5481 1003 5535 inferentis.
1037 5481 1164 5534 Item
1198 5495 1210 5529 :
1246 5476 1429 5531 Omnis
1458 5476 1704 5532 sententia
1739 5480 1913 5549 inique

344 5556 477 5603 data
501 5552 706 5605 damnat
734 5564 994 5604 auctorem
1015 5566 1164 5603 suum
1188 5590 1203 5613 ,
1236 5549 1375 5616 quod
1420 5551 1607 5603 attinet
1646 5552 1709 5603 ad
1739 5560 1915 5620 p0ste-

348 5620 550 5675 liorem
574 5624 642 5676 de
673 5622 820 5676 fovea
848 5623 1187 5675 sententiam.

426 5692 677 5746 Paratum
704 5708 792 5745 cor
815 5708 982 5745 meant
1009 5689 1167 5755 Deus,
1201 5698 1437 5757 paratum
1461 5705 1547 5743 cor
1572 5707 1758 5757 meum,
1790 5708 1916 5745 cau-

346 5764 470 5815 tabo
495 5772 541 5815 et
572 5765 825 5828 psalmum
858 5763 1026 5815 dicam
1065 5760 1301 5814 Domino.
1336 5760 1457 5831 ipsi,
1489 5762 1725 5831 inquam,
1760 5778 1915 5830 para-

354 5843 545 5888 verunt
576 5833 801 5901 foveam,
832 5848 933 5902 ego
964 5846 1089 5889 vero
1132 5828 1467 5907 patientiam;
1505 5828 1602 5903 ἱρὲὶ
1641 5834 1705 5886 ad
1736 5828 1914 5903 depri-

2015 4639 2161 4700 caali,
2194 4638 2245 4689 id
2295 4631 2401 4701 est,
2427 4631 2624 4705 angeli,
2658 4644 2712 4686 et
2740 4634 2931 4705 veritas
2963 4645 3129 4705 usque
3156 4632 3220 4705 ad
3268 4631 3437 4705 nubes
3466 4644 3592 4683 con.

2015 4708 2335 4772 stituendas,
2367 4709 2486 4773 quia
2503 4700 2964 4774 praedicatoribus
2986 4700 3224 4755 veritatis
3245 4700 3476 4768 cognitio
3501 4715 3601 4754 suo

2016 4781 2174 4832 tnodo
2204 4779 2323 4830 data
2350 4786 2453 4831 est.
3366 4784 3371 4794 ‘

2088 4849 2331 4902 Era/tare
2368 4863 2521 4915 super
2550 4845 2701 4899 calas
2734 4842 2890 4907 Deus,
2926 4853 2973 4895 et
3008 4857 3158 4915 super
3182 4855 3379 4894 onmem
3406 4850 3590 4915 terram

2015 4927 2183 4990 gloria
2216 4930 2321 4971 tua.
2361 4913 2640 4987 Ut‘pOpuli
2674 4924 2727 4967 et
2772 4926 2957 4990 gentes
2997 4914 3366 4990 coaflteaiitur.
3404 4913 3492 4990 Vel
3532 4920 3590 4963 ut

2016 4983 2382 5044 misericordia
2414 4983 2475 5041 et
2500 4983 2694 5040 veritas
2726 4985 3152 5053 magnificeutur,
3184 4984 3301 5035 ideo
3339 4991 3413 5053 tu,
3452 4983 3589 5035 Deus

2019 5061 2271 5125 Verbum,
2309 5062 2468 5113 homo
2493 5058 2545 5111 in
2573 5071 2750 5119 cruce,
2803 5052 2936 5108 tiens
2969 5058 3020 5108 in
3055 5058 3215 5119 cmlo,
3247 5052 3588 5125 exaltaretne

2014 5132 2231 5201 quidem
2258 5121 2491 5184 exaltato
2517 5142 2670 5197 super
2698 5140 2885 5201 outnes
2912 5126 3086 5188 calas,
3107 5136 3171 5201 _ct
3226 5124 3445 5201 reliqua.
3468 5121 3587 5201 μευ

2017 5191 2201 5268 petitio
2224 5212 2306 5255 est
2329 5217 2433 5255 non
2451 5215 2515 5255 ex
2540 5191 2857 5253 necessitate
2884 5196 3171 5261 narrantis,
3193 5194 3287 5248 sed
3310 5191 3590 5246 affectione

2014 5284 2241 5328 orantis.

2494 5361 2558 5418 IN
2599 5359 2925 5417 PSALMUM
2964 5356 3118 5415 LVll.

2017 5486 2071 5540 In
2116 5485 2295 5550 finem,
2331 5497 2397 5539 ne
2424 5480 2700 5551 disperdas
2730 5478 2899 5535 David
2942 5477 2994 5531 in
3046 5474 3182 5529 tituli
3224 5473 3592 5542 inseriptioue.

2626 5605 3007 5648 ABGUMENTUI.

2090 5690 2380 5743 Crescente
2404 5687 2458 5740 in
2489 5685 2603 5739 dies
2628 5683 2790 5747 fama,
2814 5690 2870 5737 et
2894 5680 3112 5737 victoria
3142 5677 3588 5739 Macbabaiorum.

2022 5761 2234 5831 quidam
2282 5773 2361 5831 se
2389 5754 2733 5831 illisinirnici
2783 5750 3522 5831 fraudulenti‘aflmiscebant,
3560 5764 3589 5798 η

2022 5821 2217 5902 quibus
2258 5840 2310 5886 et
2340 5828 2593 5884 Jouathas
2635 5826 2927 5895 Simouque
2952 5839 3071 5879 cum
3102 5821 3225 5877 ﬁliis
3254 5833 3380 5875 sunt
3432 5832 3595 5874 inter-
