4010 6190
491 376 598 430 735

951 371 1145 427 ΒΕυιΕ
1186 368 1637 425 VENERABILIS
1672 370 1818 424 Ol’l‘.
1866 365 2039 422 PARS
2077 363 2136 417 11.
2178 362 2367 416 SECT.
2408 362 2471 417 ll.
2495 389 2563 401 --
2589 360 2787 415 DUB‘lA
2822 360 2914 414 ΕΤ
2951 360 3219 415 SPURIA.

3610 362 3715 416 781

490 488 674 552 empti.
708 486 813 540 llos
841 498 967 551 ergo
997 483 1227 549 psalmus
1272 482 1370 534 iste
1401 480 1686 550 redarguit.
1720 480 1889 534 Aliter
1929 494 2052 548 ιιι-ο-
2083 478 2129 534 Δ
2157 474 2285 525 derit
2310 472 2657 552 mulierem‘ad
2684 470 3289 552 concupiscendunteam.
3313 473 3425 540 jam
3443 476 3721 552 nitechatns

492 563 648 628 pheta
674 558 741 612 de
762 555 1060 610 senioribus
1084 553 1386 606 JUdiBUl‘lllﬂ
1416 552 1564 605 dicit.

1099 659 1444 699 EXPLANATIO.

564 738 762 792 Nomen
787 738 901 802 ﬁnis
922 747 967 788 et
1000 734 1158 789 David
1196 737 1249 788 in
1285 736 1420 788 tituli
1447 734 1778 804 inscriptione
1805 734 2059 786 Christum

488 810 542 861 in
572 823 718 859 cruce
746 809 992 875 designat,
1016 814 1452 875 commoneturgue
1497 804 1692 856 Pilatus
1722 821 1782 855 ne
1803 806 2060 875 disperdat

487 880 728 945 scriptum
760 872 986 939 titulum,
1019 878 1102 940 qui
1140 890 1307 945 regem
1342 874 1612 926 Dominum
1657 875 1961 945 declarabat.
1988 872 2059 927 in

490 943 653 1015 prima
682 948 972 999 narratione
1004 945 1247 997 Dominus
1264 943 1563 997 Juda’omtn
1593 943 1861 1011 exprobrat
1885 945 2060 1007 nequi-

488 1014 635 1071 tiam.
673 1018 733 1069 In
765 1016 987 1068 secunda
1024 1016 1373 1067 retributiones
1404 1029 1575 1067 eorum
1618 1014 1889 1082 aptissintis
1920 1030 2057 1065 cont-

490 1085 836 1154 parationibus
884 1086 1134 1138 declarat.
1181 1083 1635 1152 Intertia‘qttalis
1682 1090 1769 1147 [tat
1808 1088 2058 1151 correptio

481 1160 741 1225 justorunt
768 1157 831 1209 de
852 1164 1171 1225 peccatorum
1193 1155 1384 1207 ultione
1405 1162 1728 1205 memoratur.

1034 1278 1477 1319 'COMIENTARIUS.

560 1376 620 1433 Si
661 1391 773 1430 vere
815 1377 989 1446 utique
1007 1377 1269 1447 justitiam
1306 1375 1594 1443 loquimini,
1635 1382 1769 1427 recte
1798 1374 2052 1444 judicate,

488 1449 581 1515 ﬁlii
610 1448 885 1499 hanttrmm.

557 1518 762 1570 Titulus
788 1525 869 1569 est
897 1516 1013 1568 talis
1057 1534 1067 1567 :
1120 1514 1185 1567 In
1211 1516 1399 1584 ﬁnem,
1427 1531 1488 1568 ne
1514 1514 1776 1582 disperdas
1811 1511 1973 1565 David
2000 1516 2053 1567 in

486 1589 622 1639 tituli
662 1588 1006 1654 inscriptione.
1060 1584 1181 1638 ch
1228 1586 1530 1639 referuntur
1560 1584 1742 1637 verba
1794 1584 1845 1654 in
1896 1586 2053 1637 linem

491 1657 776 1724 proposita,
813 1672 878 1709 ne
906 1666 958 1707 tu
994 1656 1214 1723 quilibet
1242 1656 1514 1720 disperdas
1546 1654 1730 1724 David,
1760 1653 1811 1705 id
1841 1662 1953 1717 ἐει,
1987 1669 2055 1708 ηε

485 1728 732 1791 dissipes,
773 1734 1025 1793 quantum
1059 1727 1189 1777 inte
1235 1734 1340 1790 est,
1382 1739 1614 1793 regnum
1631 1723 1789 1775 David
1836 1725 2052 1793 subtra-

484 1797 664 1850 iu-ntlo
694 1807 744 1847 te
792 1791 1033 1862 regimini
1078 1794 1216 1861 ejus,
1249 1804 1329 1859 ιιι,
1359 1795 1499 1855 dico,
1542 1791 1773 1846 olfensus
1808 1792 1945 1862 tjtnli
1973 1794 2047 1845 in-

486 1868 797 1934 scriptione.
830 1859 932 1918 Per
966 1859 1172 1915 titulum
1204 1866 1343 1934 enim
1376 1863 1559 1934 David,
1592 1862 1643 1915 id
1670 1859 2051 1934 est,‘Cbristus

485 1932 716 1988 obtiimit
741 1934 837 1986 sibi
872 1948 1091 2002 regnum
1122 1934 1171 1985 itt
1201 1933 1417 1990 ludatis.
1451 1932 1498 1985 id
1532 1944 1632 1993 εει,
1667 1932 1717 1984 in
1747 1932 2052 2002 conﬁtenti-

482 2006 608 2058 bus.
639 2006 771 2056 Vere
792 2001 966 2057 autem
999 2004 1317 2056 confitentes
1342 2013 1486 2065 sunt,
1518 2003 1606 2069 qui
1636 2015 1756 2054 vera
1789 2001 1971 2055 dicunt
1998 2010 2055 2057 et

490 2076 707 2141 faciunt.
758 2075 857 2137 Qui
905 2088 1032 2140 ergo
1079 2074 1239 2125 aliter
1272 2072 1392 2124 facit
1436 2088 1591 2137 quant
1638 2072 1888 2138 loquitur,
1941 2074 2050 2136 ille,

487 2157 740 2211 quantum
773 2148 825 2195 itt
856 2160 913 2197 se
944 2152 1044 2205 est,
1075 2143 1368 2207 corrumpit
1399 2143 1632 2205 titulum,
1664 2157 1787 2211 quia
1830 2157 2049 2209 regnum

490 2210 676 2279 David,
704 2229 859 2280 quem
889 2229 992 2266 non
1018 2216 1131 2265 vult
1159 2214 1372 2276 imitari,
1400 2227 1428 2264 a
1459 2226 1516 2264 se
1540 2210 1770 2279 repellit.
1803 2211 2051 2280 Qtt:sqttis

487 2286 629 2337 cnim
685 2298 899 2338 manere
931 2284 981 2336 iit
1026 2282 1241 2335 Christo
1283 2296 1341 2335 se
1386 2283 1534 2344 dicit,
1565 2282 1838 2334 ambulare
1873 2282 2049 2345 debet,

484 2356 705 2407 sictttet
735 2353 848 2417 ipse
877 2352 1185 2413 ambulavit,
1236 2351 1287 2404 id
1322 2362 1423 2418 est,
1470 2352 1626 2405 debet
1674 2366 1794 2405 eum
1836 2351 2048 2404 imitari.

489 2426 675 2476 Potest
703 2436 876 2476 autem
909 2423 959 2475 iit
987 2422 1088 2474 hoc
1116 2422 1318 2489 psalmo
1348 2436 1466 2475 esse
1499 2437 1594 2474 vox
1624 2422 1811 2489 capitis
1840 2429 1917 2474 vel
1954 2422 2055 2474 Ec-

487 2494 689 2555 (desine,
712 2493 965 2561 autquod
987 2487 1317 2544 commodius
1336 2500 1437 2558 est,
1469 2491 1758 2557 prOpbetze.
1786 2487 2052 2558 Propheta

490 2566 628 2614 inter
658 2560 1084 2615 maledicentiam
1114 2570 1166 2612 et
1192 2562 1516 2613 adulantium
1550 2569 1763 2626 peccata
1795 2562 1873 2612 vel
1908 2563 2049 2626 peri-

488 2631 607 2683 cula
650 2631 854 2693 vivens,
889 2643 986 2682 nec
1030 2630 1220 2682 timens
1258 2630 1681 2691 convitiatorem,
1729 2643 1826 2682 nec
1869 2644 2053 2684 amans

490 2701 849 2763 adulatorem;
874 2700 1095 2753 audietis
1115 2713 1298 2753 vocem
1321 2702 1581 2762 omnium,
1606 2700 1885 2753 attendens
1916 2699 2050 2754 labia

490 2770 751 2828 omnium,
778 2768 1059 2823 attendens
1083 2770 1219 2822 labia
1240 2780 1291 2823 et
1313 2770 1523 2823 dissona
1550 2773 1731 2835 corda,
1761 2770 1879 2837 quia
1910 2769 2051 2824 aliud

492 2840 777 2907 perstrepit
807 2841 855 2891 itt
884 2838 1055 2903 labiis,
1085 2838 1223 2892 aliud
1255 2840 1305 2892 itt
1330 2840 1634 2907 praecordiis
1660 2842 1878 2893 celatur.
1916 2840 2050 2893 Hor-

492 2919 631 2962 tatur
660 2925 752 2961 eos
783 2923 849 2962 ne
891 2911 1171 2976 loquantur
1200 2908 1380 2962 falsam
1409 2908 1693 2976 justitiam,
1741 2908 1832 2962 sed
1872 2925 2049 2963 veram

486 2978 765 3047 justitiam,
798 2988 851 3031 et
879 2978 1048 3044 ipsam
1080 2979 1154 3030 uti
1194 2987 1276 3031 t-st
1304 2979 1580 3047 loquenda,
1614 2979 1662 3029 id
1693 2987 1796 3039 est,
1820 2980 2049 3047 utquod

489 3046 675 3117 dicunt
716 3061 808 3101 ore
838 3051 1062 3116 probent
1086 3058 1139 3100 et
1164 3061 1347 3115 Opere.
1392 3046 1457 3099 Et
1482 3048 1607 3101 dicit
1636 3048 1706 3101 ita
1738 3064 1754 3102 :
1798 3046 1858 3101 Si
1887 3046 2052 3117 loqui-

491 3116 637 3183 mini,
666 3119 716 3170 id
744 3127 846 3179 est,
877 3119 919 3170 si
950 3118 1105 3170 vultis
1137 3117 1276 3185 loqui
1298 3118 1554 3186 justitiam
1576 3132 1706 3181 vere,
1738 3126 1794 3171 et
1820 3117 1895 3170 uti
1926 3116 2049 3174 vera

485 3189 687 3255 justitia
739 3187 995 3255 loquenda
1035 3194 1136 3251 est,
1175 3202 1291 3251 vos,
1329 3187 1471 3249 dico,
1518 3188 1605 3253 qui
1654 3186 1749 3255 ﬁlii
1793 3186 2052 3245 hominum

490 3260 640 3322 estis,
668 3257 717 3311 id
746 3267 847 3319 est,
876 3256 964 3325 qui
997 3258 1253 3309 rationem
1285 3256 1513 3322 babetis,
1544 3257 1663 3310 ideo
1691 3256 1828 3323 quod
1858 3258 2055 3313 bonum

489 3336 591 3388 est.
620 3327 757 3383 velle
778 3327 1002 3389 debetis,
1025 3326 1257 3397 judicate
1278 3337 1430 3389 recte,
1452 3326 1506 3380 id
1531 3336 1633 3389 est,
1655 3328 1794 3394 quod
1814 3326 2058 3395 judican-

482 3398 615 3449 dum
638 3406 730 3451 est
772 3397 1030 3464 iudicate,
1080 3397 1130 3450 id
1167 3405 1267 3461 est,
1303 3398 1507 3465 placeat
1534 3397 1681 3459 vobis
1712 3412 1814 3450 non
1858 3409 2055 3452 tantum

485 3466 693 3534 justitia
721 3466 1002 3533 labiorum,
1031 3466 1122 3521 sed
1154 3467 1317 3520 etiam
1360 3466 1639 3531 factorum,
1669 3469 1787 3535 quia
1817 3467 1861 3520 si
1906 3469 2059 3522 aliter

488 3536 606 3603 agis
643 3551 800 3602 quam
828 3536 1077 3603 loqueris,
1118 3535 1375 3606 justitiam
1413 3537 1625 3604 quidem
1665 3536 1915 3604 loqueris,
1963 3539 2056 3591 sed

489 3608 747 3673 justitiam
776 3621 880 3659 non
906 3606 1133 3672 iudicas.
1164 3605 1348 3660 Nullus
1368 3608 1514 3659 enim
1542 3606 1674 3659 adeo
1703 3619 1981 3673 perversos
2004 3616 2060 3661 et

491 3678 698 3739 devius,
721 3676 805 3729 cui
834 3690 937 3729 non
968 3676 1038 3728 sit
1058 3674 1221 3730 facile
1248 3675 1392 3745 loqui
1417 3676 1483 3730 de
1511 3675 1735 3745 justitia,
1763 3678 1885 3743 quia
1916 3678 2056 3730 veri-

497 3757 578 3800 tas
600 3746 914 3800 naturaliter
940 3745 1039 3798 hoc
1059 3743 1360 3799 hominibus
1383 3743 1600 3799 inseruit
1625 3762 1637 3797 :
1663 3743 1812 3807 Quod
1831 3747 1921 3798 tibi
1943 3748 2059 3815 ﬁeri

492 3832 594 3869 non
620 3818 713 3879 vis,
740 3816 829 3869 alii
860 3830 921 3868 ne
946 3815 1140 3883 feceris.
1164 3816 1271 3869 Nec
1316 3815 1605 3883 permissus
1624 3825 1718 3869 est
1739 3817 1839 3870 hoc
1865 3816 2059 3883 aliquis

490 3888 736 3954 ignorare
763 3886 922 3941 etiam
944 3895 1067 3941 ante
1096 3886 1264 3955 legem
1293 3886 1490 3951 datam,
1523 3895 1579 3938 ut
1598 3888 1903 3955 essetguude
1919 3885 2061 3955 judi-

493 3953 745 4010 carentur
770 3966 823 4009 et
844 3970 910 4010 ex
938 3956 1128 4023 quibus
1153 3953 1239 4025 lex
1268 3971 1371 4009 non
1399 3966 1542 4010 esset
1568 3955 1709 4008 data.
1734 3953 1838 4009 Sed
1869 3953 1934 4009 ne
1960 3954 2060 4009 ho-

496 4026 668 4078 mittes
710 4025 906 4092 aliquid
944 4026 1043 4079 sibi
1063 4026 1258 4080 deesse
1295 4035 1765 4094 conquererentur,
1805 4026 2059 4093 scriptum

488 4104 576 4147 est
604 4105 657 4147 et
702 4096 752 4146 iii
803 4094 990 4164 tabulis
1030 4096 1169 4164 quod
1202 4095 1483 4148 uoluerunt
1524 4097 1696 4163 legere
1727 4101 1776 4147 in
1808 4096 2059 4150 cordibus

485 4180 630 4228 suis,
664 4174 719 4215 ut
751 4178 840 4231 per
866 4162 1162 4218 forinsecus
1187 4165 1416 4232 objecta,
1444 4176 1757 4231 cogerentur
1780 4164 1857 4217 ire
1881 4166 1946 4217 ad
1973 4164 2059 4219 in—

486 4236 690 4287 .teriora
714 4248 830 4298 sua,
853 4233 1061 4287 dicente
1072 4232 1351 4300 Scriptura
1372 4251 1383 4285 :
1413 4234 1606 4295 Redite,
1630 4236 2057 4302 prtevaricatores,

493 4305 561 4357 ad
608 4319 714 4356 cor.
756 4304 883 4368 Quis
916 4303 1060 4356 enim
1109 4312 1161 4357 te
1186 4303 1386 4368 docuit,
1430 4312 1484 4355 ut
1515 4307 1680 4358 nolles
1719 4303 1946 4370 aliquem
1992 4308 2059 4358 ad

495 4390 716 4427 uxorein
746 4387 889 4426 tuam
918 4374 1193 4440 accedere,
1222 4382 1317 4425 aut
1360 4373 1557 4438 aliquid
1601 4376 1650 4424 vi
1683 4374 1763 4425 vel
1799 4376 1934 4425 lurto
1965 4374 2060 4429 tibi

492 4458 703 4510 rapere,
736 4457 910 4497 nonne
937 4457 1031 4497 cor
1056 4443 1238 4497 tuum?
1265 4444 1319 4497 Si
1353 4458 1480 4512 ergo
1509 4456 1611 4496 non
1641 4444 1784 4495 solus
1812 4443 1946 4497 vivis
1976 4447 2057 4498 in-

494 4524 573 4567 ter
612 4513 876 4578 homines,
909 4512 1003 4566 sed

492 4593 665 4636 tecum
699 4595 853 4636 natus
881 4592 985 4648 est,
1015 4582 1267 4652 quidquid
1286 4583 1414 4635 mali
1444 4582 1534 4635 tibi
1557 4597 1663 4635 non
1695 4585 1772 4636 vis
1800 4583 1932 4648 fieri,
1965 4582 2060 4637 uo-

490 4655 557 4706 lis
582 4656 759 4707 facere
788 4653 976 4715 alteri,
1007 4663 1061 4707 et
1096 4652 1347 4721 quidquid
1387 4653 1510 4705 boni
1541 4653 1630 4705 tibi
1660 4654 1737 4705 vis
1763 4654 1897 4716 fieri,
1930 4654 2059 4707 velis

490 4724 801 4789 impendere
814 4724 986 4778 alteri.
1011 4724 1294 4779 Sciendum
1308 4733 1411 4787 est,
1436 4721 1786 4789 quodaliquis
1801 4724 2057 4789 jusdtiam

490 4806 619 4845 vere
647 4793 789 4860 loqui
814 4802 1008 4861 potest,
1031 4804 1081 4847 et
1112 4807 1217 4847 non
1244 4791 1316 4846 uti
1341 4794 1515 4856 debet,
1546 4799 1605 4844 ut
1622 4792 1809 4859 aliquis
1832 4794 2058 4847 interro-

490 4870 666 4928 gatus,
698 4876 764 4915 an
797 4863 948 4927 lides,
975 4877 1044 4916 an
1075 4865 1295 4932 pecunia
1332 4861 1538 4931 dignior
1566 4870 1669 4926 est,
1694 4870 1751 4915 et
1777 4863 1916 4929 quod
1940 4863 2059 4932 jus-

492 4942 603 4983 tum
632 4941 714 4983 est
744 4932 1067 4998 respondere
1094 4943 1272 5002 potest
1292 4944 1353 4985 et
1381 4947 1527 4996 vere,
1558 4935 1603 4983 si
1634 4932 1793 4985 tidem
1823 4932 2057 4999 praefert,

492 5012 547 5053 et
570 5010 773 5054 tantum
802 5017 908 5054 non
934 5001 1034 5055 hoc
1064 5001 1220 5055 faciet
1246 5012 1301 5054 ut
1330 5003 1503 5062 decet,
1533 5002 1654 5069 quia
1686 5002 1730 5054 si
1758 5004 1965 5056 locutus
1990 5006 2061 5057 sit

494 5071 624 5133 ι-ἱιο,
657 5073 811 5124 tidem
860 5072 1094 5140 pecunia:
1123 5080 1424 5140 postponet.
1461 5073 1528 5123 Et
1573 5072 1691 5124 ideo
1721 5085 1824 5124 non
1855 5081 1938 5125 est
1962 5086 2025 5123 su

498 5141 756 5208 perﬂuunt
788 5140 967 5207 utique
994 5142 1072 5195 sic
1100 5144 1422 5207 expositum.
1468 5141 1648 5194 Potest
1674 5148 1729 5193 et
1757 5153 1876 5194 esse
1902 5141 2058 5194 illati-

494 5227 639 5274 vum,
668 5216 815 5280 quasi
849 5213 1104 5279 propheta
1130 5212 1205 5263 sic
1236 5210 1340 5280 illis
1369 5224 1500 5278 quos
1538 5211 1789 5263 admonet
1812 5212 2013 5265 diceret
2040 5228 2055 5262 ς

498 5282 664 5334 Video
687 5278 831 5348 quod
860 5282 1105 5334 omnibus
1125 5282 1274 5333 vobis
1295 5278 1449 5333 factle
1473 5280 1612 5347 loqui
1635 5279 1700 5333 de
1716 5280 1925 5346 justitia
1953 5290 2036 5334 est

494 5367 621 5418 ergo
652 5352 695 5405 si
722 5353 875 5404 vultis
904 5365 1019 5403 eant
1052 5351 1191 5418 loqui
1214 5364 1358 5412 vere,
1387 5359 1531 5403 recte
1551 5351 1801 5416 judicate.

570 5417 764 5473 Etenim
795 5423 847 5473 in
874 5421 1046 5473 corde.
1080 5417 1201 5473 Ideo
1228 5419 1346 5472 dico
1365 5428 1494 5473 recte
1513 5419 1744 5488 judicate
1767 5434 1786 5481 ;
1813 5417 1934 5487 quia
1964 5433 2060 5474 vos

492 5490 648 5559 aliter
692 5490 883 5544 facitis.
934 5488 1137 5543 Etenim
1164 5490 1443 5559 aperantini
1471 5490 1773 5559 iniquitates
1805 5494 1858 5541 in
1886 5490 2059 5554 corde,

496 5558 552 5611 id
581 5569 684 5623 est,
710 5562 864 5612 vultis
907 5557 1308 5619 outne'malum,
1342 5570 1394 5612 et
1437 5560 1480 5611 si
1515 5574 1617 5611 non
1650 5557 1922 5625 perlicitis,
1955 5576 2059 5612 tton

496 5627 618 5681 ideo
659 5637 898 5682 remanet
924 5630 1043 5697 quia
1072 5644 1177 5683 non
1210 5630 1384 5696 vultis,
1416 5629 1511 5681 sed
1536 5630 1657 5695 quia
1686 5631 1790 5693 jam
1825 5645 1929 5682 non
1964 5644 2059 5695 po-

499 5699 672 5751 testis.
713 5699 767 5751 ln
801 5702 901 5751 ltoc
931 5704 1045 5752 loco
1069 5700 1195 5753 dicit
1224 5700 1412 5753 beatus
1441 5698 1765 5765 Augustinus
1795 5714 1810 5749 :
1842 5716 1861 5749 ι
1893 5700 2059 5763 Quid-

499 5766 627 5834 quid
658 5768 733 5821 vis
758 5779 811 5822 et
837 5781 939 5822 non
964 5777 1135 5836 potes.
1177 5784 1273 5838 pro
1306 5771 1446 5823 facto
1477 5768 1616 5823 Deus
1645 5770 1819 5824 liabet.
1856 5770 1956 5835 Qui
1985 5771 2059 5823 vi-

2076 3157 2123 3220 C

1049 4515 1223 4582 potius
1258 4522 1348 4583 est
1376 4504 1443 4566 iu'
1460 4514 1687 4565 humano
1710 4528 1926 4580 genere,
1969 4514 2057 4583 qui
2086 4504 2139 4565 D

2159 554 2229 595 est
2257 559 2368 597 eam
2388 544 2439 595 in
2468 542 2618 595 corde
2645 556 2753 593 suo.
2798 559 2817 592 ι
2852 539 3176 604 Operatitini,
3207 539 3444 606 inquam,
3470 542 3721 609 iniquita—

2160 622 2237 665 tes
2265 615 2315 665 itt
2357 613 2539 665 corde.
2574 613 2638 663 Et
2678 622 2851 662 utrum
2899 618 3099 661 tantum
3132 610 3182 661 in
3212 617 3393 671 corde,
3438 621 3492 664 et
3523 628 3626 665 non
3672 616 3725 664 in

2160 683 2416 749 frequenti
2464 691 2581 733 actu
2631 689 2793 743 esset,
2844 680 2936 731 sed
2984 694 3171 749 manus
3223 680 3546 733 famulantur
3573 684 3721 733 cordi

2159 748 2275 811 suo,
2305 760 2361 805 et
2388 760 2677 817 sequuntur
2702 764 2793 800 cor
2824 763 2998 801 suum.
3030 748 3308 815 Cogitatur
3328 752 3467 802 enim
3503 753 3723 812 malum,

2157 832 2210 872 et
2260 825 2314 873 lit
2346 822 2570 881 malum;
2603 829 2693 870 aut
2719 818 2763 871 si
2792 833 2894 871 non
2927 820 3003 878 fit,
3035 832 3139 871 non
3170 818 3287 871 ideo
3316 831 3549 889 remanet
3599 838 3720 889 qmzt

2160 892 2424 957 nolumus,
2467 891 2559 941 ενα
2590 890 2708 953 quia
2753 905 2856 939 non
2904 901 3202 954 possumus.
3255 888 3445 942 Etitoc
3473 900 3553 943 est
3581 892 3725 957 quod

2157 962 2281 1011 dicit
2313 976 2326 1010 :
2358 956 2540 1011 [Ianus
2587 968 2758 1011 vestra!
2803 960 3123 1017 concinnant,
3172 957 3221 1009 id
3266 968 3377 1025 -εει,
3426 956 3723 1013 centesttnt

2159 1039 2413 1096 peccata,
2471 1030 2874 1091 superaddendo
2933 1027 3252 1096 injustitias,
3304 1030 3354 1080 id
3409 1039 3531 1093 est,
3583 1032 3724 1082 mala

2158 1114 2338 1165 opera,
2390 1099 2509 1163 quia
2538 1099 2675 1149 sicut
2704 1097 2753 1149 itt
2797 1097 3068 1149 conciunis
3112 1098 3187 1156 lit,
3233 1096 3320 1150 ubi
3354 1097 3508 1151 sitttili
3547 1101 3723 1152 simile

2156 1166 2488 1235 supponitur.
2527 1167 2597 1218 De
2620 1167 2806 1218 talibus
2834 1181 2926 1232 per
2947 1166 3132 1217 Isaiam
3159 1165 3386 1219 dicitur:
3421 1166 3509 1220 Vte
3536 1169 3612 1221 his
3635 1170 3725 1235 qui

2158 1234 2653 1303 trahuntpeccatum
2683 1251 2829 1288 suum
2858 1237 2986 1287 sicut
3010 1236 3211 1304 longam
3245 1238 3441 1291 restim.
3480 1239 3543 1290 Et
3581 1234 3724 1305 quod

2158 1309 2287 1359 tales
2333 1308 2647 1359 concinnant
2692 1307 3016 1371 iniquitates,
3068 1305 3190 1357 inde
3230 1321 3335 1359 non
3382 1318 3587 1370 auctor,
3623 1310 3743 1361 sed‘

2156 1376 2254 1442 ipsi
2299 1384 2423 1429 sunt
2450 1375 2792 1436 accusabiles,
2822 1382 2941 1441 quia
2975 1374 3074 1441 ipsi
3118 1376 3195 1425 vel
3228 1390 3442 1438 prorsus
3474 1390 3720 1429 content-

2158 1457 2287 1498 nunt
2321 1447 2370 1498 in
2400 1454 2549 1497 utero
2582 1443 2766 1496 matris
2790 1444 3051 1496 Ecclesia:
3098 1446 3423 1513 regenerari,
3454 1456 3546 1498 aut
3574 1449 3616 1499 si
3653 1449 3724 1499 tbi

2158 1515 2551 1580 concipiuntur,
2579 1531 2684 1567 noti
2703 1524 2875 1565 ortum
2898 1522 3229 1578 exspectant,
3253 1515 3347 1567 sed
3369 1516 3726 1569 abortiuntur.

2138 1582 2351 1638 'Uterus
2384 1585 2630 1639 Ecclesiae
2670 1593 2793 1635 sunt
2823 1597 3084 1649 pracepta
3118 1583 3375 1646 veritatis,
3408 1590 3565 1637 vulva
3599 1601 3726 1639 vero

2154 1653 2269 1722 ejus
2309 1655 2534 1721 perfecta
2580 1656 2766 1706 borum
2793 1661 2877 1705 est
2923 1650 3240 1705 informatio.
3266 1654 3342 1722 Et
3370 1669 3502 1720 puer
3527 1654 3727 1722 aliquis

2156 1721 2394 1776 nascitur
2424 1726 2473 1777 in
2506 1725 2687 1776 lllull‘ls
2712 1722 3026 1785 visceribus,
3055 1723 3196 1775 etde
3225 1721 3536 1777 visceribus.
3571 1725 3623 1777 In
3647 1726 3725 1778 vi-

2084 1815 2129 1874 B
2157 1796 2393 1847 sceribus
2413 1795 2644 1874 quidem,
2668 1808 2785 1845 cunt
2808 1793 3131 1874 concipitur;
3156 1792 3226 1874 de
3251 1793 3545 1874 visceribus
3570 1809 3717 1874 vero,

2153 1876 2272 1915 cum
2306 1878 2397 1931 per
2424 1864 2632 1915 vulvam
2663 1870 2966 1931 generatur.
3000 1861 3089 1915 Sic
3116 1862 3309 1927 aliquis
3338 1865 3640 1931 concipitur
3671 1867 3720 1919 in

2155 1929 2321 1986 utero'
2341 1933 2609 1998 Ecclesiae,
2635 1947 2752 1985 cum
2785 1929 2965 1997 incipit
2990 1933 3118 1983 strui
3144 1947 3169 1981 a
3196 1933 3446 1997 veritate;
3476 1929 3522 1986 si
3546 1943 3723 1993 autem

2156 2002 2386 2068 perfecte
2418 2002 2756 2062 inlortnelur,
2787 2002 2930 2067 quasi
2964 2015 3058 2069 per
3084 2001 3296 2053 vulvam
3329 2016 3638 2069 generatur.
3668 2005 3726 2059 Si

2150 2086 2278 2125 vero
2299 2086 2418 2126 cum
2444 2073 2617 2124 adhuc
2644 2073 2776 2123 lacte
2801 2081 2975 2137 egeat,
3010 2085 3101 2136 per
3127 2071 3429 2136 Superbiam
3454 2073 3583 2126 velit
3603 2088 3724 2127 esse

2157 2146 2427 2209 magister,
2464 2157 2555 2208 per
2582 2143 2822 2193 abortum
2852 2140 2973 2191 imle
3002 2150 3131 2202 estt,
3156 2140 3296 2208 quod
3325 2140 3523 2195 faciunt
3554 2143 3727 2196 luere-

2154 2214 2263 2264 ticu.
2294 2212 2428 2266 Sunt
2459 2220 2633 2263 autem
2666 2212 2815 2280 multi
2848 2209 2934 2277 qui
2967 2224 3062 2261 nec
3088 2210 3163 2280 ibi
3206 2211 3368 2263 velint
3398 2213 3629 2280 concipi.
3660 2214 3726 2267 Et

2155 2282 2253 2333 ltoc
2279 2292 2361 2334 est
2382 2281 2518 2348 quod
2542 2281 2665 2333 dicit
2693 2297 2704 2331 :
2736 2279 3053 2340 Peccatores,
3084 2279 3133 2330 id
3158 2289 3263 2347 est,
3296 2280 3427 2348 legis
3456 2289 3567 2334 tant
3593 2285 3724 2337 scri—

2155 2361 2276 2418 pta»,
2318 2367 2475 2419 quam
2509 2350 2779 2412 naturalis,
2824 2361 3234 2419 trangressores,
3285 2352 3494 2403 alienati
3544 2363 3661 2405 sunt
3687 2370 3721 2404 a

2154 2417 2403 2487 utilem-id
2449 2431 2551 2481 est,
2582 2437 2609 2471 a
2641 2420 3037 2486 regeneratioue
3084 2417 3338 2486 perfecta.
3374 2423 3475 2473 Alii
3520 2435 3717 2485 autem,

2151 2493 2271 2557 quia
2306 2506 2571 2556 nunquam
2603 2504 2721 2542 esse
2764 2500 3119 2550 accesserunt,
3153 2490 3239 2541 alii
3277 2504 3407 2543 vero
3435 2500 3491 2544 et
3536 2493 3578 2543 si
3628 2508 3718 2545 ac-

2153 2568 2452 2624 cesserunt,
2500 2560 2622 2613 ideo
2670 2570 2840 2611 tamen
2872 2572 2901 2609 a
2951 2559 3269 2623 perfectione
3305 2559 3525 2612 alienati
3570 2570 3715 2626 sunt,

2152 2636 2270 2698 quia
2301 2631 2363 2682 ab
2391 2642 2534 2699 utero
2563 2628 2727 2681 avulsi
2758 2637 3069 2690 erraverunt,
3100 2626 3150 2680 id
3181 2640 3281 2699 est,
3315 2629 3406 2697 qui
3436 2640 3719 2699 antequam

2155 2700 2384 2766 perfecte
2429 2698 2844 2751 informareutur
2892 2699 2943 2749 in
2973 2707 3143 2759 utero,
3186 2698 3356 2751 latera
3402 2698 3589 2753 matris
3622 2705 3721 2753 Ec-

2151 2771 2326 2848 clesiae
2350 2768 2581 2847 graviter
2605 2782 2787 2822 errore
2816 2782 2913 2821 suo
2938 2769 3323 2832 concutientes,
3347 2779 3601 2838 tanquam
3628 2772 3725 2826 ab-

2152 2854 2306 2893 OI'IIVI
2332 2851 2594 2892 emerunt.

2226 2911 2291 2961 ιιι
2321 2912 2437 2961 ideo
2467 2907 2622 2959 locuti
2650 2917 2766 2960 sunt
2794 2906 2950 2976 falsa,
2984 2907 3031 2959 id
3061 2917 3163 2971 est,
3198 2906 3409 2975 placent
3437 2908 3517 2961 eis
3548 2907 3718 2974 falsa;

2152 2994 2274 3033 vera
2304 2990 2479 3032 autem
2511 2994 2608 3031 nec
2632 2978 2816 3031 audire
2849 2976 3054 3039 volunt,
3082 2979 3201 3044 quia
3233 2979 3336 3029 illis
3365 2986 3511 3045 [uror
3537 2993 3640 3044 est,
3670 2985 3722 3034 id

2148 3059 2253 3114 est,
2288 3052 2361 3102 ira
2384 3057 2568 3101 contra
2597 3047 2974 3117 praedicatores
3000 3048 3255 3110 veritatis,
3280 3052 3561 3099 secundum
3582 3053 3725 3102 simi-

2153 3119 2419 3172 litudinem
2447 3116 2724 3187 serpentis;
2764 3116 3024 3184 serpentis
3070 3120 3208 3184 dico,
3238 3118 3367 3170 sicut
3413 3119 3571 3185 ltujus
3610 3135 3725 3174 ser-

2160 3193 2330 3254 pentis
2358 3188 2568 3255 aspidis,
2599 3203 2712 3255 qua:
2740 3202 2841 3238 non
2869 3189 3099 3239 exaudiet
3136 3203 3301 3239 uocem
3331 3190 3721 3253 incantantium,

2157 3270 2210 3313 et
2241 3274 2344 3328 non
2375 3259 2618 3311 exaudiet
2650 3270 2829 3308 vocem
2860 3258 3063 3324 veneﬁci
3090 3259 3413 3309 incantantis.
3442 3261 3723 3325 Sapienter

2158 3329 2328 3383 solent
2356 3329 2509 3380 Marsi
2537 3328 2750 3394 aspides
2782 3328 3098 3379 incantauzto
3126 3328 3193 3379 de
3224 3329 3521 3381 tenebrosis
3549 3342 3717 3382 antiis

2158 3398 2373 3461 elicere,
2406 3399 2474 3451 de
2521 3411 2725 3450 veneno
2770 3396 2973 3447 illarum
3006 3405 3201 3449 norunt
3247 3398 3422 3450 facere
3451 3400 3717 3465 quoddam

2159 3469 2487 3530 antidotum;
2514 3471 2605 3520 sed
2630 3470 2749 3536 quia
2768 3466 2867 3517 scit
2888 3479 3107 3532 serpens
3131 3469 3217 3518 illa
3243 3468 3553 3519 naturaliter
3573 3482 3633 3521 se
3656 3471 3719 3521 ad

2160 3552 2385 3590 mortem
2410 3540 2706 3604 provocari,
2733 3550 2888 3588 unam
2910 3551 3088 3588 aurem
3114 3547 3267 3588 terra:
3284 3536 3544 3604 adiungit,
3567 3550 3725 3606 atque

2159 3622 2281 3661 cum
2311 3607 2478 3661 cauda
2508 3608 2665 3659 altam
2696 3607 2949 3670 obtrudit,
2987 3617 3035 3658 et
3069 3606 3146 3659 sic
3186 3606 3565 3659 incantatorem
3608 3620 3723 3673 pte-

2162 3692 2385 3742 rumque
2414 3691 2517 3729 non
2567 3676 2732 3729 audit.
2782 3674 3161 3728 Prtedtcatores
3190 3688 3313 3727 sunt
3342 3678 3719 3735 ittcantatores.

2159 3749 2246 3813 qui
2270 3746 2334 3800 ad
2368 3746 2465 3798 ltoc
2490 3747 2780 3808 incautam,
2812 3747 2861 3796 id
2893 3756 2995 3812 est,
3030 3746 3333 3811 pratdicant.
3370 3756 3425 3799 ut
3453 3750 3720 3800 hominem

2160 3820 2228 3869 de
2258 3817 2489 3869 tenebris
2527 3817 2724 3869 erroris
2766 3823 2855 3867 aut
2888 3814 3207 3867 infelicitatis
3244 3814 3479 3869 eliciant.
3533 3818 3597 3869 lat
3634 3836 3721 3868 sa-

2161 3885 2364 3953 pienter
2392 3890 2680 3947 incantant,
2713 3884 2830 3953 quia
2856 3893 3074 3938 monent
3101 3899 3192 3938 ens
3225 3896 3282 3936 ut
3308 3886 3374 3937 de
3399 3888 3629 3939 terrenis
3657 3896 3720 3938 ait

2154 3956 2399 4009 caelestia
2430 3956 2667 4010 tendant.
2704 3956 2802 4007 l'er
2829 3955 3067 4021 aspidem
3099 3968 3225 4006 vero
3252 3954 3596 4022 designantur
3622 3958 3721 4019 illi,

2161 4029 2249 4094 qui
2275 4026 2630 4079 delectatione
2661 4035 3026 4090 praesentiunt,
3068 4039 3185 4090 qua:
3225 4037 3317 4087 per
3357 4040 3539 4077 aurem
3571 4036 3724 4078 terra:

2162 4097 2480 4163 applicatam
2522 4094 2905 4162 intelliguntur,
2948 4104 3001 4147 et
3032 4093 3398 4146 recordatione
3428 4101 3724 4161 praterita-

2163 4180 2278 4218 runt
2309 4165 2739 4226 ιιειιιειιιιῖυιιιιιιι,
2784 4179 2902 4230 quae
2947 4178 3040 4231 per
3081 4164 3297 4216 caudam
3342 4173 3608 4227 notantur,
3654 4176 3722 4217 tta

2163 4250 2257 4288 cor
2299 4248 2451 4287 suum
2499 4234 2782 4295 obdurant,
2817 4244 2869 4285 ut
2901 4233 3158 4300 praeconia
3192 4233 3427 4286 veritatis
3479 4249 3582 4288 non
3623 4250 3723 4287 au-

2163 4306 2328 4368 diant,
2355 4315 2411 4358 et
2437 4306 2487 4356 in
2516 4303 2840 4357 infidelitatis
2873 4305 2951 4356 vel
2978 4306 3173 4355 erroris
3200 4317 3279 4354 sut
3322 4302 3555 4356 tenebris
3600 4321 3723 4370 per-

2165 4384 2430 4427 maneant.
2464 4376 2562 4427 l’er
2588 4374 2877 4426 venelicutn
2909 4387 3117 4440 quoque
3154 4372 3524 4438 praedicatores
3569 4374 3722 4426 desi-

2163 4453 2412 4512 gnautur,
2442 4445 2563 4509 quia
2593 4444 2731 4496 sicut
2762 4457 3017 4512 venenum
3045 4446 3095 4495 vi
3127 4456 3218 4508 per
3250 4456 3407 4495 venas
3434 4446 3617 4507 currit,
3652 4447 3723 4496 ita

2163 4510 2340 4568 sermo
2368 4528 2553 4567 eorum
2578 4516 2642 4565 ad
2674 4510 2922 4563 interiora
2950 4512 3000 4563 vi
3021 4528 3113 4563 sua
3146 4513 3408 4579 irrumpit.

2237 4584 2373 4636 Deus
2397 4593 2620 4636 conteret
2644 4583 2815 4633 dentes
2837 4597 3009 4634 eorum
3029 4584 3082 4632 in
3100 4596 3185 4633 ore
3210 4583 3447 4650 ipsorum.
3477 4580 3577 4650 Ipsi
3599 4582 3724 4649 qui-

2162 4652 2284 4707 dem
2319 4657 2603 4720 loquuntur
2633 4654 2781 4714 falsa,
2817 4650 2951 4703 Deus
2979 4663 3159 4703 autem
3186 4661 3404 4704 conteret
3430 4652 3619 4712 dentes,
3668 4652 3725 4704 id

2161 4732 2266 4787 εει,
2292 4721 2557 4776 mordacia
2582 4727 2742 4774 verba
2763 4737 2955 4784 eorum,
2985 4726 3036 4774 in
3059 4738 3145 4773 ore
3164 4721 3407 4787 ipsorum,
3431 4721 3481 4773 id
3501 4732 3601 4783 est,
3627 4736 3727 4788 per

2162 4792 2803 4862 propriatnisenteutiam
2879 4806 3110 4857 ipsorum
3175 4793 3502 4845 earumdem.
3573 4791 3728 4845 Unde

2160 4861 2360 4918 dictum
2386 4878 2401 4915 :
2427 4861 2545 4916 Com
2553 4864 2860 4927 prehendam
2882 4862 3132 4930 sapientes
3153 4861 3206 4912 in
3225 4862 3411 4913 astutia
3431 4875 3559 4924 sua;
3579 4865 3727 4927 quod

2166 4943 2291 4987 tunc
2341 4931 2441 4985 fuit
2469 4934 2681 4995 factum,
2712 4930 2921 4998 quando
2970 4932 3182 4998 quidam
3229 4943 3389 4982 causa
3434 4932 3731 4996 reprelien-

2162 5002 2323 5056 dendi
2352 5000 2674 5068 quwsieruut
2700 5018 2729 5051 ιι
2777 4998 3020 5061 Domino,
3066 5016 3133 5052 an
3162 5000 3330 5052 liceret
3357 5014 3560 5052 censum
3599 5000 3732 5054 dare

2162 5070 2377 5136 Cwsari,
2409 5088 2476 5122 an
2509 5087 2629 5125 non.
2662 5071 2716 5123 Si
2744 5068 2884 5122 enim
2913 5071 3114 5123 diceret
3140 5070 3278 5134 quod
3327 5069 3529 5131 liceret,
3558 5083 3729 5121 voca-

2163 5152 2282 5195 rent
2320 5156 2443 5195 eum
2485 5139 2979 5204 immisericordem,
3013 5141 3100 5204 qui
3132 5142 3337 5205 plebem
3380 5153 3528 5191 suam
3557 5140 3730 5191 tribu-

2164 5214 2351 5267 tariam
2383 5211 2612 5273 faceret;
2635 5210 2679 5262 si
2703 5223 2829 5261 vero
2856 5217 3093 5278 negaret,
3119 5210 3358 5261 dicerent
3377 5208 3495 5276 quia
3518 5210 3726 5271 Περι-ει,

2162 5284 2282 5349 quia
2311 5297 2432 5333 rcus
2461 5280 2753 5348 maiestatis
2776 5292 2939 5332 esset.
2970 5278 3076 5332 Sed
3106 5279 3157 5330 iit
3188 5278 3380 5331 astutia
3410 5290 3594 5330 eorum
3624 5281 3731 5327 Do-

2163 5354 2337 5403 minus
2362 5364 2456 5403 eos
2476 5350 2897 5416 comprehendit,
2921 5349 3042 5415 quia
3072 5362 3165 5415 per
3188 5361 3373 5399 eorum
3404 5350 3728 5416 sententiam

2162 5423 2450 5472 cool'utavtt
2491 5414 2816 5471 eos’diceus
2863 5438 2875 5471 :
2929 5414 3145 5470 Reddite
3190 5432 3302 5484 qua:
3346 5425 3465 5469 sunt
3508 5414 3732 5469 Casaris

2163 5488 2443 5551 Ca-sari,et
2472 5504 2586 5557 qua:
2623 5500 2737 5540 sunt
2768 5490 2856 5538 lle:
2890 5485 3016 5541 Deo.
3036 5488 3127 5541 Sic
3153 5497 3206 5539 et
3228 5489 3730 5557 mulierecompte-

2163 5562 2327 5613 bensa
2374 5562 2424 5611 itt
2473 5556 2752 5619 adulterio,
2782 5565 2837 5609 et
2867 5560 3102 5623 pluribus
3132 5559 3263 5610 locis
3307 5558 3426 5609 aliis
3456 5556 3599 5610 fecit.
3634 5558 3733 5608 llic

2164 5644 2290 5682 vero
2318 5628 2386 5680 ita
2412 5630 2777 5694 accipiendum
2817 5630 2916 5678 huc
2942 5638 3027 5679 εει
3054 5644 3066 5678 :
3099 5626 3332 5680 Conteret
3359 5628 3530 5678 dentes
3553 5643 3733 5677 eorum

2160 5700 2214 5751 in
2239 5714 2326 5750 ore
2375 5700 2619 5760 ipsorum,
2653 5699 2701 5750 id
2727 5707 2833 5760 est,
2869 5711 2962 5763 per
2988 5711 3080 5748 sua
3113 5702 3273 5750 verba
3322 5712 3530 5765 ptoprta
3572 5699 3736 5750 faciet

2162 5784 2255 5823 eos
2283 5782 2663 5837 recognoscere
2704 5767 3153 5823 contradictiones
3180 5783 3364 5823 eorum
3397 5770 3557 5822 falsas
3583 5780 3731 5822 esse.
