4010 6190
519 269 622 324 787

979 267 1179 322 BENE
1223 268 1668 323 VENERABILIS
1706 267 1858 322 OPP.
1902 264 2078 321 PARS
2117 265 2177 320 Il.
2218 266 2405 322 SECT.
2451 268 2510 322 ll.
2544 299 2612 309 —
2654 269 2847 325 DUBIA
2894 270 2979 324 ET
3019 269 3285 328 SPURIA.

3635 277 3739 334 788

511 385 619 454 puli
643 400 756 437 eum
782 387 1032 454 iurantur,
1054 388 1102 454 et
1127 380 1294 454 dicunt
1320 379 1452 445 plebi
1473 395 1492 433 :
1521 379 1754 432 Surrexit
1781 394 1811 429 a
1837 379 2046 432 mortuis

2148 419 2152 431 .
2178 387 2257 454 est
2287 379 2364 431 eis
2395 381 2576 454 Agnus
2607 379 2806 454 liuidus,
2847 390 2902 434 et
2931 382 3285 454 q_nia_Agnum
3317 393 3375 437 nt
3403 386 3611 442 hzedum
3643 408 3737 447 oc-

523 455 773 508 Miserunt
801 450 976 516 itaque
1002 461 1055 504 ut
1087 449 1447 503 interﬁcerent
1474 465 1592 502 eum
1611 487 1629 511 ,
1672 465 1775 501 non
1809 458 2060 514 quantum

520 527 585 576 ad
613 533 772 591 caput
801 522 959 589 (quod
989 521 1097 586 jam
1131 530 1394 572 mortuum
1427 521 1477 571 in
1511 519 1596 591 illa
1630 526 1930 591 partc,_qua
1961 534 2061 591 po.

517 587 696 658 terat),
729 591 821 646 sed
847 587 1120 658 quantum
1171 590 1232 641 all
1282 604 1474 654 corpus
1517 589 1652 652 ejus,
1682 587 1821 654 quod
1847 597 1926 640 est
1959 589 2060 640 Ec-

518 655 705 726 clesia,
728 655 953 725 scilicet,
980 671 1032 711 ut
1062 674 1165 712 non
1189 659 1610 719 resuscitaretur,
1637 667 1689 711 et
1721 658 1770 709 in
1802 672 1921 712 eum
1953 673 2057 712 non

511 735 835 791 crederetur,
887 740 937 781 et
987 738 1042 782 ut
1093 729 1424 782 mendacium
1473 729 1845 782 dormientium
1883 740 2060 780 custo-

510 805 634 856 dutn
668 800 1008 864 praevaleret,
1058 808 1108 852 et
1148 800 1374 851 mundus
1405 808 1522 866 post
1551 812 1669 849 eum
1717 813 1822 850 non
1867 798 2058 850 abiret.

511 874 610 926 Sed
644 874 777 926 sicut
806 870 929 924 Saul
959 869 1172 923 elﬁcere
1203 884 1304 921 non
1337 869 1535 934 potuit,
1580 878 1638 919 ut
1666 867 1825 920 David
1859 867 2058 920 interli-

510 954 742 1002 eeretur,
765 944 831 994 ita
856 954 952 992 nec
972 954 1190 1006 regnum
1213 938 1538 990 mendacium
1562 937 1863 991 Judteorum
1892 939 2059 1003 potuit

512 1012 614 1067 hoc
638 1012 882 1074 efficere,
925 1017 982 1062 ut
1010 1008 1339 1062 mendacium
1371 1007 1742 1061 dormientium
1775 1008 2054 1060 custodum

447 1116 453 1142 ς.
509 1083 822 1141 praevaleret
848 1081 1149 1134 testimonio
1179 1079 1510 1142 vigilantium
1537 1079 1920 1142 apoitolnrutn.
1959 1077 2057 1129 Pu-

511 1139 643 1204 terat
692 1154 832 1205 enim
881 1149 1188 1204 custodibus
1237 1139 1348 1210 illis
1393 1147 1532 1200 dici:
1575 1139 1635 1200 Si
1685 1147 2052 1210 dormivistis,

507 1221 841 1283 nescivisﬁs;
896 1220 938 1273 si
985 1229 1159 1272 autem
1189 1219 1479 1288 vigilastis,
1527 1232 1690 1281 quare
1720 1214 1915 1268 furtum
1951 1233 2052 1270 non

508 1291 890 1352 prohibuistis?
943 1291 1030 1344 Est
1077 1298 1249 1342 autem
1297 1305 1394 1340 vox
1447 1289 1634 1358 capitis
1676 1302 1703 1338 a
1746 1288 2054 1343 custodibus

506 1361 609 1414 illis
650 1379 740 1428 per
769 1359 1212 1416 resurrectionem
1247 1357 1455 1412 liberari
1487 1357 1732 1428 orantis,
1764 1367 1835 1428 et
1859 1373 1954 1411 nos
1999 1367 2055 1412 ut

509 1426 795 1486 liberemur
823 1447 919 1485 suo
949 1429 1196 1494 exemplo
1223 1444 1377 1482 orare
1402 1430 1663 1481 docmitis.
1698 1427 1762 1480 Et
1789 1426 1915 1479 dicit
1943 1431 2048 1479 ita:

509 1502 642 1556 Deus
673 1503 840 1563 Pater,
876 1502 1012 1554 Deus
1041 1501 1274 1553 omnium
1308 1515 1401 1565 per
1427 1510 1685 1557 naturain.
1712 1514 1848 1549 meus
1875 1508 2049 1551 autem

507 1583 556 1624 et
589 1588 821 1626 nieorum
851 1586 942 1631 per
967 1571 1206 1640 gratiam,
1236 1571 1373 1632 eripe
1397 1580 1554 1640 meet
1581 1568 2050 1640 tneosﬂdeininticis

507 1642 629 1694 meis
659 1642 950 1696 visibilihus
973 1637 1032 1693 ct
1062 1640 1431 1693 invisibilibus.
1482 1637 1679 1690 Inimici
1708 1637 1903 1691 Christi
1932 1638 2045 1691 dia-

2173 448 2434 507 cidernnt,
2468 451 2586 501 ideo
2612 449 2676 503 ab
2707 455 2856 514 Aeno
2886 451 3074 504 redimi
3105 467 3210 503 non
3239 467 3567 510 meruerunt.

2237 516 2415 596 lVeque
2442 519 2685 596 iniquitas
2714 536 2843 572 mea.
2879 521 2979 585 Ipsi
3005 521 3218 596 quidem
3247 522 3298 596 in
3329 540 3412 576 me
3441 525 3726 596 irruernnt,

2165 588 2256 640 sed
2293 596 2466 662 tamen
2500 589 2700 662 nullum
2735 599 3006 662 peccatum
3048 593 3215 662 inme
3246 591 3578 662 invenerunt,
3611 588 3730 660 quia

2164 672 2322 727 neque
2361 659 2603 734 iniquitas
2651 675 2777 734 mea
2810 660 2860 711 in
2910 660 3234 734 actualibus.
3284 679 3444 734 neque
3474 659 3734 724 peccatum

2163 743 2327 778 meum
2355 728 2634 796 originale.
2688 728 2778 781 Vel
2813 745 2971 796 neque
3001 732 3242 786 iniquitas
3283 728 3396 805 mea
3449 736 3500 788 in
3550 754 3732 805 opere,

2163 812 2321 859 neque
2344 809 2602 862 peccatum
2630 815 2796 875 meum
2826 801 2876 851 in
2902 803 3370 875 C‘ttgllaliO-HCLES!
3399 805 3516 857 inde
3547 801 3728 875 causa,

2164 881 2282 918 nam
2313 883 2411 931 ego
2438 870 2661 930 cucurri,
2694 871 2816 934 quia
2849 871 2988 922 nulla
3022 871 3200 922 carnis
3232 870 3478 926 illecebra
3530 893 3615 929 me
3644 870 3728 931 te;

2163 939 2298 1000 nuit,
2331 952 2427 990 ens
2457 938 2568 1010 sine
2595 938 2880 1010 iniquitate.
2937 939 3051 1006 Ipse
3096 941 3238 993 enim
3270 943 3532 1010 particeps
3565 947 3731 1002 factos

2161 1017 2242 1057 est
2272 1016 2468 1078 nostra:
2498 1008 2842 1070 infirmitatis,
2873 1024 2978 1062 non
3012 1020 3206 1063 nostra:
3239 1008 3549 1078 iniquitatis,
3581 1027 3639 1070 ut
3661 1036 3727 1073 ex

2159 1089 2223 1128 eo
2245 1077 2456 1152 quidem
2479 1079 2920 1152 quod_nob_i~:cum
2947 1077 3364 1152 communicaret
3392 1085 3724 1152 iniquitatem

2161 1161 2330 1198 meam
2356 1146 2577 1200 deleret.
2612 1149 2672 1200 Et
2694 1149 2756 1200 ad
2785 1148 2886 1202 hoc
2910 1149 3142 1211 cucurri,
3168 1159 3223 1202 nt
3250 1146 3506 1207 dismrtos
3536 1157 3588 1210 in
3616 1175 3728 1211 ma-

2161 1214 2264 1268 lum
2290 1217 2570 1291 dirigerem
2597 1218 2983 1291 ad_bonuni,_et
3004 1219 3168 1271 direxi
3195 1222 3352 1273 \erbo
3383 1233 3432 1276 et
3455 1231 3722 1291 exemplo,

2157 1295 2411 1352 quantum
2461 1289 2510 1339 in
2559 1303 2641 1339 me
2670 1288 2786 1366 fuit.
2835 1288 3095 1366 lpsi_vero
3127 1305 3210 1342 ine
3237 1305 3539 1348 currentem
3578 1288 3728 1366 sequi

2158 1369 2276 1431 non
2298 1367 2602 1431 potuerunt,
2627 1358 2746 1426 quia
2777 1358 2996 1424 vestigia
3029 1373 3141 1411 mea
3175 1375 3276 1431 non
3305 1358 3692 1431 cognoirerunt.

2233 1424 2461 1496 Exsurge
2490 1428 2541 1479 in
2569 1424 2830 1479 occursum
2858 1444 3046 1488 meum,
3077 1440 3124 1480 et
3153 1429 3296 1491 vide;
3324 1424 3472 1497 etvtu,
3509 1435 3725 1492 Domine

2159 1492 2294 1569 Deus
2323 1492 2582 1569 virtutum,
2617 1497 2966 1569 Deus‘lsrael.
3007 1499 3165 1564 Quasi
3195 1500 3400 1554 diceret
3425 1521 3436 1554 :
3458 1492 3602 1569 'Quia
3628 1524 3723 1561 cu-

2154 1568 2318 1639 curri.
2349 1569 2468 1620 ideo
2496 1568 2718 1639 Domine
2749 1566 2928 1630 Pater,
2963 1584 3176 1639 exsurge
3205 1569 3326 1622 milii
3355 1573 3406 1624 in
3435 1566 3719 1638 occursum,

2157 1633 2206 1686 id
2240 1647 2355 1700 est,
2387 1636 2506 1690 veni
2541 1636 2669 1688 mihi
2706 1638 2754 1690 in
2785 1639 3066 1701 auxilium,
3099 1633 3153 1689 ιῐι
3183 1655 3266 1692 me
3293 1654 3601 1699 currentem
3631 1633 3720 1702 se;

511 1712 658 1763 holus
687 1725 735 1765 et
767 1711 934 1777 angeli
964 1709 1078 1778 ejus
1101 1749 1116 1770 ,
1151 1719 1220 1781 et
1269 1708 1492 1781 ministri
1540 1707 1656 1781 ejus
1695 1709 1901 1761 fuerunt
1928 1749 1942 1771 ,
1993 1718 2047 1762 et
2080 1723 2124 1781 Β
2155 1716 2376 1781 tutatur;
2407 1716 2462 1781 et
2489 1706 2624 1768 vide,
2655 1707 2703 1781 id
2728 1717 2837 1781 est,
2853 1707 2934 1762 fac
2956 1723 3050 1762 eos
3071 1710 3252 1781 videre
3273 1726 3486 1765 cursum
3515 1731 3716 1781 meum,

506 1782 677 1833 adlmc
707 1791 827 1835 sunt
853 1780 1086 1846 corporis
1115 1779 1266 1841 ejus;
1313 1779 1450 1844 quod
1483 1779 1867 1844 subsequenter
1899 1787 2049 1830 nola-

507 1862 610 1913 tur,
641 1865 760 1903 cum
789 1849 951 1903 dicit:
988 1849 1050 1901 lit
1079 1847 1239 1902 lbera
1267 1865 1344 1900 me
1370 1848 1432 1900 ab
1459 1849 1833 1916 insurgentibus
1863 1846 1913 1899 in
1945 1863 2047 1912 uie,

503 1931 555 1972 et
599 1921 649 1972 in
695 1934 841 1974 meos
879 1919 1128 1973 maritae.
1177 1919 1397 1984 Semper
1425 1918 1567 1970 enim
1601 1918 1832 1979 prmdicti
1870 1919 2050 1972 hostes

504 1989 780 2057 insurgunt
819 1991 870 2042 itt
915 2003 1046 2048 nos.
1103 1998 1158 2042 et
1204 1989 1423 2041 illudere
1469 1997 1711 2053 iuuerunt
1761 1985 2048 2042 infirmitati

507 2067 701 2112 nostra;
721 2057 1165 2128 siiggestionibns,
1191 2058 1568 2113 Ientationibus
1590 2069 1642 2111 et
1665 2059 1824 2112 variis
1849 2057 2049 2128 illusio-

501 2129 690 2193 nibus;
724 2132 813 2183 sed
837 2127 886 2182 'si
915 2145 1011 2182 vox
1045 2137 1218 2182 nostra
1245 2127 1440 2196 vigilet,
1472 2137 1524 2180 et
1549 2128 1612 2180 ad
1645 2128 1803 2181 Deum
1832 2127 2045 2191 clamet,

501 2200 617 2252 sine
645 2199 804 2253 dubio
835 2200 1190 2254 liberabimnr.
1226 2197 1399 2268 Eripe,
1428 2197 1569 2261 diro,
1600 2198 1737 2251 Deus
1769 2198 1941 2260 Pater,
1973 2215 2050 2250 me

499 2277 553 2320 et
583 2284 726 2323 meos
746 2313 761 2337 ,
793 2271 856 2324 de
882 2269 1201 2336 aper-antibus
1231 2270 1574 2334 iniquitatem,
1623 2269 1670 2320 id
1703 2275 1784 2322 est
1805 2308 1818 2334 ,
1861 2269 1941 2321 vel
1981 2269 2048 2322 de

502 2339 698 2410 Judiris
746 2341 1065 2410 operantibus
1101 2340 1426 2410 iniquitatem
1473 2338 1778 2410 specialem,
1831 2337 1880 2410 id
1915 2349 2044 2410 est,

499 2408 688 2462 nietlici
723 2407 985 2473 mortem;
1033 2409 1114 2462 vel
1145 2411 1209 2462 de
1246 2409 1490 2461 omnibus
1519 2409 1808 2475 quamlibet
1857 2407 2046 2475 iniqui-

501 2487 659 2530 tatem
687 2481 1023 2545 operantibus
1051 2481 1194 2542 eripe
1225 2493 1390 2537 meos,
1424 2493 1489 2529 ne
1518 2481 1595 2530 eis
1623 2477 2044 2544 conformentur,

497 2555 544 2599 et
571 2549 710 2599 salva
735 2565 810 2601 me
840 2559 893 2602 et
922 2563 1068 2602 meos
1099 2549 1160 2600 de
1186 2549 1309 2600 viris
1336 2547 1663 2616 sanguinum.
1701 2547 1806 2600 Viri
1835 2549 2046 2614 sangui-

502 2633 624 2669 num
656 2618 898 2682 fuerunt,
929 2620 1016 2684 qui
1047 2617 1356 2686 sanguinem
1389 2618 1721 2670 innocentem
1756 2616 2002 2671 fuderunt
2025 2655 2042 2679 .

495 2696 547 2756 et
593 2688 682 2755 qui
726 2688 1106 2752 clamaverunt,
1150 2687 1420 2756 Cruciﬁge,
1470 2687 1708 2755 cruciﬁge
1735 2702 1872 2751 eum,
1922 2703 2042 2741 cum

499 2754 696 2810 Pilatus
741 2759 1069 2827 alienigena,
1121 2757 1239 2812 lotis
1287 2754 1560 2818 inanibus,
1610 2754 1876 2812 dimittere
1921 2772 2042 2811 eum

497 2827 686 2890 vellet;
732 2835 785 2880 et
811 2829 897 2895 qui
941 2829 1247 2897 sanguinem
1280 2827 1631 2880 dimnationis
1663 2829 1884 2894 posteris
1925 2828 2042 2881 suis

498 2897 932 2967 propinaverunt,
963 2897 1197 2950 dicentes
1223 2915 1234 2949 :
1272 2897 1491 2966 Sanguis
1519 2898 1629 2967 ejus
1656 2914 1806 2966 super
1835 2915 1946 2962 nos,
1993 2905 2042 2950 et

495 2980 646 3031 super
674 2966 810 3032 ﬁlios
839 2977 1056 3032 nostros,
1086 2979 1140 3021 et
1169 2969 1254 3034 qui
1284 2972 1441 3020 etiam
1489 2966 1546 3018 in
1581 2981 1772 3033 corpus
1797 2969 1912 3035 ejus
1941 2984 2042 3021 sic-

2157 1775 2356 1840 idest,
2408 1777 2488 1829 fac
2532 1792 2626 1830 eos
2673 1779 3003 1846 intelligere,
3034 1780 3283 1845 quidquid
3315 1782 3433 1836 dico
3460 1786 3542 1837 vel
3573 1775 3714 1840 facio

2152 1857 2269 1898 esse
2295 1846 2514 1912 justum.
2543 1847 2655 1918 Nec
2683 1849 2752 1901 sit
2780 1848 2858 1899 eis
2887 1862 3103 1901 curvum
3135 1849 3272 1913 apud
3306 1866 3390 1904 me
3410 1894 3423 1914 ,
3457 1855 3599 1918 quod
3632 1868 3716 1912 est

2153 1922 2382 1986 rectum,
2409 1927 2496 1970 aut
2524 1916 2830 1978 distortum,
2855 1919 2992 1986 quod
3022 1919 3086 1970 ad
3115 1921 3344 1986 regulam
3369 1916 3606 1978 veritatis
3631 1937 3711 1982 est

2150 1983 2432 2041 directum.
2468 1986 2558 2039 Vel
2603 1985 2760 2040 aliter
2787 1983 3029 2054 superius
3061 1983 3259 2042 dictum
3290 2000 3411 2045 est:
3443 1993 3487 2045 Α
3515 2011 3714 2048 summa

2151 2057 2273 2128 melo
2299 2057 2514 2125 egressio
2539 2057 2670 2124 ejus,
2703 2068 2750 2128 et
2776 2074 3016 2128 occursus
3044 2059 3156 2127 ejus
3185 2076 3339 2128 usque
3366 2064 3432 2114 ad
3459 2079 3717 2120 summum

2155 2127 2738 2202 ejus.__$ummus__cmli
2774 2127 2928 2202 Pater
2955 2142 3063 2202 est,
3095 2132 3220 2202 quia
3247 2127 3491 2196 superior
3521 2136 3572 2188 in
3605 2139 3712 2202 Spi-

2154 2195 2436 2268 ritualibits
2463 2198 2708 2250 omnith
2739 2210 2840 2262 εει,
2875 2198 2924 2250 iti
2957 2201 3077 2266 hoc,
3109 2195 3332 2261 scilicet,
3359 2203 3479 2268 quia
3515 2205 3600 2258 lux
3631 2195 3712 2259 est

2151 2279 2245 2328 per
2271 2281 2350 2332 se,
2382 2266 2418 2320 F
2425 2266 2542 2320 ilius
2571 2283 2696 2320 vero
2724 2268 2899 2340 lumen
2927 2268 2993 2320 de
3023 2269 3218 2322 lumine
3256 2266 3430 2325 Patre.
3477 2275 3708 2340 Spiritus

2147 2345 2322 2410 autem
2354 2347 2676 2410 sanctusest
2724 2337 2900 2392 lumen
2951 2340 3240 2410 procedens
3288 2341 3356 2396 de
3387 2337 3704 2410 luminibus;

2148 2405 2271 2458 huic
2299 2407 2796 2482 summo__Cli_ristus,
2828 2411 2915 2476 qui
2945 2409 3030 2482 hic
3063 2410 3319 2482 lnquitur,
3349 2423 3463 2465 erat
3489 2405 3706 2482 aequalis

2147 2476 2454 2552 secundum_
2500 2477 2749 2552 verbum,
2815 2479 2955 2545 quod
3007 2476 3436 2552 non’videbatur
3485 2476 3704 2552 propter

2145 2544 2323 2616 carnis
2369 2545 2760 2612 inﬁrmitatem,
2803 2544 2857 2600 et
2889 2549 3148 2616 passionis
3177 2544 3599 2608 tribulationem:
3642 2557 3707 2610 Et

2146 2611 2284 2690 ideo.
2320 2616 2484 2683 dicit,
2530 2611 2755 2690 Domine
2783 2611 2957 2682 Pater,
2991 2620 3081 2682 qui
3111 2620 3378 2675 videbaris
3421 2624 3606 2690 jacere
3648 2627 3702 2680 in

2146 2686 2396 2761 passione
2422 2697 2487 2761 et
2529 2688 2581 2740 iu
2619 2689 2922 2761 inlirmitate
2949 2704 3086 2750 mea,
3116 2706 3328 2761 exsurge
3354 2692 3409 2744 in
3422 2686 3699 2748 occursum

2144 2768 2338 2827 meum,
2384 2755 2433 2810 id
2463 2767 2572 2823 est,
2619 2758 3050 2827 inaequalitatem
3083 2755 3296 2825 meam',
3346 2762 3398 2814 id
3446 2775 3569 2827 est,
3619 2764 3701 2819 fac

2147 2825 2482 2896 manifestum
2521 2844 2612 2896 per
2639 2825 2861 2895 gloriam
2891 2831 3296 2882 resurrectionis
3337 2841 3390 2885 et
3429 2825 3700 2888 ascensio-

2145 2895 2249 2966 nis,
2276 2897 2414 2964 quod
2443 2895 2547 2951 sim
2577 2899 2670 2952 tibi
2697 2899 2944 2966 aequalis;
2975 2909 3030 2953 et
3049 2900 3190 2964 vide,
3214 2900 3263 2953 id
3285 2909 3384 2963 est,
3413 2903 3495 2956 fac
3519 2905 3702 2960 videre

2147 2963 2428 3039 nomines,
2476 2969 2615 3036 quod
2664 2963 2956 3022 secundum
3005 2963 3271 3023 hominem
3304 2976 3446 3036 potui
3499 2977 3702 3039 teneri,

501 3036 724 3128 vierunt.
777 3037 1098 3104 Stephanum
1146 3039 1286 3128 enim
1335 3036 1734 3104 lapiilaverunt,
1775 3048 1830 3092 et
1858 3043 2038 3108 plures
2074 3067 2118 3128 ρ
2152 3035 2400 3128 Ιξιςεηετί
2429 3049 2478 3128 et
2498 3035 2698 3102 occidi,
2731 3053 2834 3128 non
2863 3041 3032 3128 solum
3065 3035 3330 3128 hominem
3356 3057 3494 3107 esse,
3529 3047 3622 3098 sed
3653 3035 3704 3100 et

501 3117 525 3128 ο.
557 3106 630 3128 ελ-
689 3107 986 3128 --Αξ,1.-..-,-.ι
1066 3108 1135 3128 στι-
1172 3123 1218 3128 Α-
1267 3109 1359 3128 __!_.:
1417 3108 1724 3128 ...-_._--!_.___-_
1787 3112 1876 3128 _.'_
1922 3127 1930 3128 κ
1991 3110 2002 3128 2
2026 3127 2032 3128 ,
2207 3120 2320 3128 λη---
2357 3116 2401 3128 ,ι
2453 3111 2694 3128 _-__!,,-__
2791 3117 2836 3128 Α,
2875 3119 2920 3128 ,μ
3003 3110 3125 3128 ὶημέ
3176 3127 3185 3128 κ
3294 3120 3336 3128 ι,
3457 3114 3493 3128 .·
3647 3117 3658 3126 ο

499 3105 632 3158 alios
684 3107 1008 3160 occiderunt.
1066 3108 1221 3161 Tales
1267 3109 1361 3160 viri
1415 3108 1729 3174 sanguinum
1780 3105 1938 3162 etiam
1991 3110 2042 3163 in

495 3176 738 3236 gentibus
787 3177 951 3243 accipi
1003 3186 1264 3245 possunt,
1315 3175 1433 3244 quia
1488 3186 1542 3230 et
1591 3178 1810 3248 gentiles
1855 3179 2051 3234 Christi

2158 3105 2321 3158 Deum
2352 3116 2406 3160 et
2437 3109 2720 3163 hominem.
2769 3106 2836 3160 Et
2871 3119 2946 3172 tu,
2975 3108 3188 3162 Domine
3217 3109 3392 3175 Pater,
3422 3105 3582 3167 etiam
3611 3117 3708 3168 stir-

2156 3184 2316 3227 tutum
2337 3216 2350 3236 ,
2384 3178 2433 3231 id
2463 3189 2576 3244 est,
2610 3179 3062 3244 supercaelestiuni
3093 3185 3421 3234 exercituum
3453 3200 3593 3238 nunc
3625 3201 3705 3238 re-

497 3255 863 3320 perseciitores
887 3248 1174 3320 secundum
1203 3263 1395 3311 corpus
1427 3256 1566 3320 sunt.
1593 3247 1693 3301 Sed
1717 3249 1960 3304 Christus
1988 3250 2055 3304 ab
2156 3255 2366 3320 ριιιθιυε
2400 3248 2531 3302 Deus
2574 3247 2777 3310 Israel.
2825 3250 2876 3302 id
2924 3257 3004 3302 est
3027 3288 3042 3312 ,
3063 3319 3069 3320 ί
3094 3249 3248 3304 ullius
3293 3254 3465 3320 gentis
3499 3264 3700 3309 tantum

497 3314 746 3387 0tnn;_bus
773 3317 1014 3387 eripitur,
1049 3327 1098 3370 et
1130 3335 1156 3371 a
1194 3319 1568 3385 praesentibus,
1599 3329 1654 3372 et
1681 3335 1709 3372 a
1741 3324 2048 3387 prmteritis,

498 3393 551 3456 et
581 3399 607 3435 a
641 3385 849 3456 futuris.
902 3387 1108 3440 Primus
1138 3389 1350 3454 quidem
1380 3402 1411 3440 a
1443 3385 1754 3456 pra-teritis,
1783 3390 1988 3446 futurus
2018 3409 2048 3448 a

500 3452 710 3520 futuris,
741 3469 977 3524 priesens
1005 3472 1033 3511 a
1063 3452 1434 3527 praisentibus.

568 3543 699 3607 Quia
728 3561 839 3599 erce
866 3556 1098 3614 ceperunt
1123 3549 1344 3599 animam
1373 3563 1556 3604 meant.
1590 3549 1710 3603 Ideo
1738 3566 1886 3617 rogo,
1916 3553 2050 3608 Deus

492 3611 669 3676 Pater,
715 3623 769 3668 ut
805 3611 1000 3682 eripias
1042 3632 1150 3681 me,
1189 3620 1308 3686 quia
1340 3619 1532 3672 inimici
1563 3611 2050 3687 ceperunt'auimam

492 3698 676 3747 meam,
713 3687 1055 3757 reputatione
1101 3702 1216 3748 sua,
1264 3688 1545 3742 dicentes:
1585 3688 1965 3757 l’ersequitnini
1997 3706 2049 3747 et

491 3755 924 3820 comprehendite
951 3769 1092 3819 eum,
1124 3759 1242 3823 quia
1281 3774 1384 3811 non
1426 3766 1510 3811 est
1555 3760 1644 3826 qui
1689 3755 1908 3827 eripiat;
1963 3764 2043 3818 vel

490 3833 726 3888 ceperunt
756 3827 980 3878 animam
1009 3841 1172 3878 meam
1200 3828 1531 3890 simpliciter,
1565 3829 1614 3881 id
1647 3841 1750 3892 est,
1781 3846 1864 3884 me
1890 3834 2050 3887 inter-

489 3894 744 3946 fecerunt.
798 3893 865 3948 Et
911 3906 1149 3960 ceperunt
1205 3899 1425 3950 animant
1471 3915 1671 3958 mrum,
1725 3900 1849 3952 dum
1901 3917 2048 3958 mens

487 3963 950 4039 conformare_sibi
982 3977 1320 4039 putaverunt.
1355 3968 1483 4039 Ecce
1507 3969 1679 4034 (quasi
1706 3971 1869 4037 dicat)
1895 3986 2048 4039 puta-

489 4038 680 4107 verunt
711 4033 848 4097 quod
877 4044 1152 4107 ceperunt,
1183 4045 1256 4107 et,
1280 4038 1377 4105 ipsi
1410 4033 1563 4107 fortes
1598 4033 1861 4091 irrueruttt
1887 4033 1937 4093 in
1967 4059 2046 4096 me

487 4109 539 4150 et
568 4100 619 4151 in
653 4113 820 4162 meos,
851 4114 1092 4170 tanquam
1123 4100 1322 4159 debiles
1351 4100 1690 4160 et'int‘irmos.
1743 4109 1928 4163 Fortes
1959 4113 2043 4167 isti

490 4179 710 4244 possunt
734 4170 900 4244 accipi
924 4172 1167 4244 diabolus
1191 4183 1245 4227 et
1271 4177 1438 4243 angeli
1465 4177 1600 4244 ejus,
1624 4176 1693 4230 de
1717 4194 1820 4244 quo
1845 4180 2042 4236 dictum

485 4248 603 4321 est:
637 4238 774 4319 Dum
813 4241 960 4309 {ortis
1003 4244 1221 4321 custodit
1265 4238 1455 4321 atrium
1492 4238 1674 4321 suum,
1725 4238 1780 4300 et
1825 4252 2041 4321 reliqua.

495 4305 681 4384 Fortes
706 4305 1016 4384 etiamsunt
1045 4311 1110 4365 de
1143 4325 1349 4366 terrena
1379 4313 1629 4368 felicitate
1660 4305 1957 4384 tumentes,
1989 4305 2044 4376 ut

490 4378 703 4473 quidam
729 4381 796 4473 dAe
823 4381 1013 4473 robqre
1041 4397 1161 4473 atto,
1184 4385 1396 4473 quidam
1422 4385 1489 4473 die
1517 4385 1701 4467 gloria,
1731 4378 1956 4473 quidam
1973 4393 2039 4445 de
2071 4413 2121 4473 ι)

486 4446 713 4526 divitiis,
747 4450 820 4526 de
842 4451 1032 4526 quibu_s
1059 4446 1254 4526 dictum
1284 4463 1404 4526 est:
1438 4446 1544 4520 Qui
1585 4446 1801 4518 sperauit
1844 4460 1895 4512 in
1936 4476 2036 4526 me,

487 4518 539 4568 d.
562 4533 628 4594 s._,
655 4528 707 4570 et
731 4519 958 4594 reliqua.
987 4520 1077 4573 Est
1105 4524 1276 4576 adhuc
1302 4525 1439 4578 aliud
1459 4518 1636 4594 genus
1661 4527 1797 4581 male
1825 4518 2036 4584 fortium

485 4587 712 4640 maxime
763 4591 1074 4667 cavendum,
1122 4587 1611 4667 eorum,sci_licet1
1655 4597 1741 4662 qui
1783 4599 2038 4667 justitiam

480 4671 621 4708 suam
649 4664 867 4734 stat_t_ie_re
904 4663 1195 4734 noluerunt,
1244 4675 1288 4716 et
1328 4665 1545 4734 justitie
1571 4663 1667 4716 Dei
1709 4663 1896 4719 subditi
1935 4685 2040 4722 esse

482 4727 886 4805 netunt._"l‘ales
917 4731 1079 4805 fortes
1111 4747 1213 4786 non
1246 4727 1384 4787 venit
1413 4748 1601 4805 vocare
1632 4735 1906 4801 Dominus,
1949 4741 2036 4805 qui

480 4795 607 4873 dicit
633 4813 655 4873 :_
681 4793 803 4848 Non
815 4801 942 4873 lieni
972 4807 1364 4873 vocarejustos,
1406 4804 1493 4855 sed
1529 4813 1812 4872 peccatores
1837 4793 1904 4859 ad
1931 4793 2036 4873 pie-

480 4863 758 4941 nitentiam.
915 4869 1036 4941 item
1066 4887 1078 4922 :
1113 4863 1235 4924 Non
1263 4883 1333 4926 est
1353 4863 1502 4926 sanis
1528 4863 1655 4939 opus
1680 4879 1870 4929 medico
1891 4917 1905 4941 ,
1931 4863 2040 4930 'sed

483 4935 614 4984 male
640 4933 955 5010 habentibus.
1007 4939 1068 4992 lli
1103 4941 1264 4994 fortes
1292 4933 1916 5010 apostolis'insultabant',
1949 4949 2037 5000 di-

478 5011 663 5086 centes
686 5021 697 5056 :
733 5008 1168 5086 Quare‘magister
1191 5008 1347 5064 vester
1373 5027 1487 5064 cum
1515 5014 1796 5077 publicanis
1833 5026 1881 5086 et
1906 5008 2040 5086 pec-

480 5073 736 5150 catoribus
765 5073 1036 5150 manduca?
1059 5081 1085 5131 Ρ
1107 5149 1110 5150 ν
1135 5081 1312 5132 Justus
1352 5098 1411 5136 se
1450 5073 1699 5150 namque,
1725 5094 1776 5135 et
1805 5073 1929 5140 illos.
1954 5087 2036 5139 in-

476 5141 654 5221 justos
700 5143 1043 5223 deputabunt.
1101 5149 1163 5202 lli
1213 5165 1420 5223 quoque
1474 5141 1605 5204 cuni
1645 5141 1856 5221 quidam
1906 5171 2037 5223 quos

485 5211 739 5285 miserant
776 5211 854 5285 ad
907 5211 1462 5284 ciunprebendenilum
1522 5211 1688 5285 eum',
1743 5211 2033 5279 dicerent:

483 5279 536 5356 1!
542 5296 762 5356 unquam
788 5283 984 5339 locutus
1010 5279 1107 5355 fuit
1135 5289 1280 5341 homo
1304 5291 1430 5342 sicut
1458 5289 1542 5342 hic
1567 5279 1736 5356 hoino,
1758 5293 2033 5348 dixerunt:

485 5347 736 5418 Nunquid
765 5356 949 5421 aliquis
981 5347 1277 5414 Scribarum
1303 5361 1380 5414 vel
1409 5347 1783 5414 l'ltarisazorum
1811 5365 2039 5418 credide-

479 5422 677 5501 r‘untin
703 5440 814 5501 eum
836 5427 861 5476 .’
886 5429 1027 5480 solus
1055 5433 1270 5496 papulas
1298 5432 1388 5482 iste
1413 5432 1638 5482 nesciens
1665 5433 1842 5501 legem.
1873 5434 2034 5497 Quasi

483 5493 660 5567 dicat,
713 5493 764 5544 in
813 5507 935 5548 eum
984 5493 1088 5550 non
1125 5493 1232 5552 nisi
1274 5501 1415 5552 stulti
1456 5503 1677 5554 credunt
1700 5493 1732 5564 ,ν
1766 5517 1862 5556 nos
1885 5493 2037 5556 ivero

483 5567 747 5634 sapientes
772 5575 981 5630 sumus,
1015 5575 1067 5620 et
1097 5567 1149 5620 in
1181 5569 1354 5634 ipsum
1390 5583 1492 5622 non
1522 5570 1821 5626 credemus.
1874 5573 1939 5626 Et
1978 5575 2031 5628 hi

477 5623 646 5681 [artes
683 5623 1043 5690 irruerunt'in
1087 5623 1310 5705 lapidem
1351 5623 1682 5708 oﬂensionis,
1707 5623 1853 5711 quia
1875 5623 2032 5700 uisus

2223 3332 2314 3375 rus.
2345 3320 2466 3385 quia
2492 3320 2608 3391 alia:
2632 3334 2818 3391 omnes
2847 3320 2982 3372 idola
3011 3319 3252 3382 adorant,
3279 3322 3493 3380 intende.
3521 3325 3572 3376 id
3595 3337 3699 3391 est,

2157 3385 2412 3457 intentum
2445 3399 2496 3443 te
2523 3390 2602 3443 fac
2628 3390 2695 3442 ad
2721 3390 3025 3442 uisitandum
3059 3405 3151 3455 per
3177 3392 3397 3457 gratiam
3426 3403 3566 3446 tuam
3596 3385 3699 3449 non

2152 3456 2324 3508 solum
2354 3458 2586 3523 Iudaeos,
2619 3460 2709 3532 sed
2739 3475 2908 3512 omnes
2937 3469 3126 3532 gentes,
3165 3456 3222 3512 ut
3253 3461 3538 3532 impleatur
3562 3469 3701 3532 quod

2153 3539 2247 3590 per
2281 3534 2590 3595 prophetam
2635 3531 2831 3582 dictum
2879 3541 2998 3582 est:
3032 3529 3229 3582 La'tare
3253 3531 3439 3584 sterilis
3463 3529 3702 3597 quianon

2150 3597 2313 3668 paris,
2337 3613 2544 3662 erumpe
2584 3608 2627 3654 et
2674 3601 2838 3652 clama
2864 3615 2979 3666 quis
3005 3614 3106 3652 non
3133 3601 3374 3668 parturis,
3405 3604 3525 3666 quia
3553 3606 3704 3658 multi

2150 3665 2248 3731 ﬁlii
2279 3666 2491 3722 desertas
2520 3672 2679 3738 magis
2706 3685 2856 3738 quam
2878 3665 2993 3738 ejus
3019 3665 3304 3736 qute'hubet
3335 3665 3516 3726 virum.
3559 3674 3701 3729 Alius

2153 3746 2274 3788 item
2309 3741 2559 3805 propheta
2591 3737 2754 3795 dicit:
2789 3737 3014 3792 Extende
3047 3740 3191 3807 palos
3219 3749 3332 3792 tuos
3359 3744 3412 3792 iu
3440 3746 3699 3798 dexteram

2149 3815 2193 3856 et
2221 3808 2495 3870 sinistram,
2520 3821 2567 3862 et
2595 3810 2918 3863 tabernacula
2945 3820 3054 3862 tua.
3084 3809 3370 3874 Sequitur:
3404 3811 3522 3864 Non
3551 3817 3697 3866 mise~

2147 3878 2307 3928 rearis
2330 3880 2584 3933 omnibus.
2621 3880 2832 3938 Visites,
2863 3883 3095 3947 inquam,
3125 3894 3311 3933 onmes
3337 3891 3543 3947 gentes.
3577 3883 3688 3936 Non

2146 3956 2323 3998 autem
2351 3949 2418 4001 de
2447 3950 2689 4003 omnibus
2713 3949 2908 4004 iudicis
2933 3950 3044 4002 sive
3071 3949 3318 4004 omnibus
3341 3952 3587 4017 gentibus
3616 3955 3694 4006 his

2145 4019 2233 4081 qui
2275 4029 2545 4089 operantur
2586 4021 2928 4089 iniquitatem,
2975 4027 3031 4072 et
3078 4021 3129 4071 in
3179 4021 3277 4072 hoc
3326 4034 3691 4085 perseverant.

2145 4093 2312 4150 Quem
2341 4087 2494 4153 plane
2522 4091 2634 4144 hinc
2661 4087 2920 4143 sententia
2953 4104 3055 4142 non
3102 4090 3341 4142 terreat?
3384 4091 3540 4156 Quis,
3565 4107 3691 4146 ccu-

2145 4156 2416 4208 scientiam
2440 4173 2588 4211 suam
2613 4161 2975 4223 considerans,
3001 4173 3105 4212 non
3130 4159 3265 4213 hanc
3283 4161 3690 4215 contrezniscat?

2143 4223 2195 4276 Si
2227 4227 2366 4278 enim
2396 4228 2639 4296 iniquitas
2681 4229 2854 4283 omnis
2884 4240 2965 4282 est
2994 4239 3265 4295 peccatum
3286 4269 3302 4292 ,
3349 4244 3469 4287 cum
3517 4233 3692 4286 nullus

2145 4303 2384 4367 nostrum
2415 4299 2485 4350 sit
2516 4299 2632 4352 sine
2671 4308 2886 4364 peccato
2911 4338 2928 4361 ,
2977 4302 3019 4350 si
3067 4299 3260 4353 nullius
3289 4303 3561 4367 operai-tis
3594 4306 3694 4356 ini-

2144 4361 2393 4432 quitatem
2440 4361 2798 4432 miserebitur,
2840 4368 3035 4422 nullius
3065 4381 3301 4422 nostrum
3327 4361 3691 4428 miserebitur.

2145 4431 2250 4486 Sed
2279 4450 2380 4488 non
2409 4435 2599 4508 frustra
2627 4440 2726 4492 hoc
2749 4439 2945 4490 dictum
2970 4446 3070 4492 est.
3102 4440 3248 4492 Nulla
3273 4440 3416 4492 enim
3441 4440 3692 4508 iniquitas

2143 4516 2331 4578 magna
2361 4505 2448 4578 vel
2491 4523 2646 4574 parva
2673 4508 2904 4561 manebit
2946 4509 3219 4574 impunita.
3270 4512 3373 4562 Aut
3415 4505 3561 4563 enim
3593 4526 3692 4578 pu-

2141 4574 2317 4645 nietur
2344 4575 2413 4628 ab
2440 4577 2657 4632 homine
2685 4578 3009 4645 pmnilente,
3055 4591 3144 4630 aut
3185 4593 3214 4630 a
3260 4578 3366 4632 Deo
3392 4574 3688 4644 iudicante.

2140 4639 2195 4716 βξ
2219 4652 2521 4716 autemnon
2544 4653 2622 4700 vis
2648 4639 2706 4700 ut
2733 4649 2847 4714 ipse
2874 4649 3073 4714 puniat,
3101 4651 3330 4714 pratveni
3359 4639 3549 4702 faciem
3575 4655 3694 4716 ejus

2140 4710 2191 4762 in
2225 4715 2443 4778 psalmis
2470 4725 2523 4770 et
2553 4717 2604 4770 in
2633 4710 2986 4778 confessione,
3039 4710 3115 4769 id'
3138 4727 3244 4780 est,
3288 4710 3690 4775 conﬁtendo-et

2140 4781 2277 4858 bene
2301 4787 2587 4858 operando,
2619 4801 2674 4839 ut
2701 4789 2774 4858 ait
2819 4787 3090 4858 psaltnista
3118 4804 3131 4838 :
3162 4785 3581 4853 Prteoccupemus
3605 4794 3692 4858 {a-

2138 4850 2264 4902 ciem
2291 4856 2425 4921 ejus,
2448 4865 2551 4909 etc.
2600 4858 2664 4910 Et
2708 4855 2778 4910 ita
2806 4850 3038 4909 inveniet
3069 4866 3120 4909 te
3150 4850 3460 4923 cperantem
3489 4850 3686 4924 iniqui-

2141 4928 2322 4994 tatem.
2351 4933 2405 4976 et
2431 4925 2765 4980 miserebitur
2793 4927 2865 4980 tui
2895 4928 2988 4980 ita.
3035 4926 3167 4990 Quia
3198 4939 3450 4994 quantum
3490 4933 3557 4981 sil
3588 4936 3693 4982 hoc

2137 4991 2276 5072 quod
2320 4995 2662 5072 concipiunt,
2686 4999 2862 5072 pauci
2905 4991 3300 5072 convertentur.
3335 4996 3445 5072 _\lel
3483 5001 3686 5052 aliter:

2140 5058 2230 5110 ESI
2263 5058 2503 5128 quaedam
2535 5058 2784 5132 iniquit‘as
2811 5066 3042 5134 egregia,
3070 5081 3226 5134 quam
3257 5068 3346 5132 qui
3374 5080 3689 5133 operantur,

2138 5142 2329 5202 eorum;
2371 5147 2474 5184 non
2521 5136 2876 5200 miserebitur,
2925 5138 3165 5200 scilicet,
3203 5137 3413 5202 quando
3443 5137 3692 5192 homines

2139 5197 2208 5272 ita
2240 5199 2526 5272 defendunt
2557 5215 2824 5270 peccatum
2854 5197 3027 5267 suum,
3077 5197 3288 5258 ut'ill'ud
3319 5207 3493 5272 quivis
3521 5212 3686 5261 etiam

2137 5265 2319 5343 devius
2354 5280 2409 5324 et
2445 5265 2721 5338 perveisus
2745 5273 2948 5343 judicat
2975 5265 3280 5328 nefandum.
3313 5265 3421 5338 \lel,
3453 5287 3509 5329 ut
3533 5277 3691 5330 adul-

2139 5339 2326 5410 terium
2374 5355 2584 5395 summo
2631 5339 2788 5410 bono,
2841 5345 2893 5396 id
2941 5353 3041 5407 est,
3095 5345 3236 5409 Deo,
3283 5346 3582 5410 imputant;
3631 5357 3694 5401 et

2137 5407 2386 5482 quidquid
2411 5411 2531 5463 boui
2558 5407 2892 5476 habena-sibi
2917 5407 3255 5477 adscribunt;
3279 5407 3535 5482 quidquid
3559 5407 3694 5470 vero

2137 5477 2511 5548 tnali_bahent,
2548 5482 2658 5535 Deo
2684 5484 3007 5548 attribuunt,
3038 5477 3314 5538 dicentesi
3361 5477 3472 5538 Nisi
3520 5488 3691 5539 vellet

2138 5545 2397 5619 nosDeus
2425 5549 2577 5615 tales,
2605 5565 2707 5605 non
2730 5545 3002 5606 essemus.
3019 5557 3281 5606 Accusant
3304 5556 3468 5606 etiam
3494 5556 3689 5619 fatum,

2134 5613 2334 5680 stellas,
2357 5629 2409 5691 et
2431 5613 2646 5684 similia,
2670 5622 2936 5676 venientes
2960 5638 3051 5688 per
3068 5623 3402 5691 dispendium
3425 5625 3490 5676 ad
3519 5613 3689 5678 Dentri

2133 5686 2513 5758 accusandum,
2563 5704 2684 5746 cum
2730 5706 2824 5761 per
2848 5686 3216 5761 compendium
3245 5694 3424 5749 venire
3468 5706 3696 5764 possent
