4010 6190
332 299 436 355 739

1008 305 1075 360 IN
1117 304 1539 362 rSALuoaun
1576 291 1833 362 unum!
1875 306 2215 362 EXEGESIS
2279 339 2344 351 -
2384 310 2630 368 PSALM.
2675 313 2849 369 Lvnt.

3468 317 3575 375 790

324 423 390 474 ad
424 424 586 479 Deum
621 425 955 486 placandum.
998 423 1294 477 Excusatur
1319 421 1516 491 quippe
1544 429 1812 491 peccator,
1839 431 1897 477 et
1925 429 1972 482 Δ
2005 421 2124 474 ideo
2153 424 2341 478 merito
2365 439 2423 478 es
2456 423 2590 478 Deus
2618 442 2756 479 nisus
2784 435 2838 479 et
2867 441 3131 491 meorum,
3161 428 3210 482 id
3242 439 3342 493 est,
3372 436 3561 490 merito

324 495 569 548 colnatur
593 495 835 548 Creator.

397 563 761 618 Convertentur
790 563 861 619 ad
899 578 1179 630 uesperam.
1236 562 1374 615 Istud
1426 570 1531 614 tam
1583 563 1648 615 tle
1697 561 1898 616 Judteis

325 649 487 699 quam
519 636 586 690 de
611 637 858 700 gentibus
889 644 1063 704 potest
1088 633 1331 702 intelligi.
1371 631 1540 704 Nunc
1568 644 1744 686 autem
1777 634 1896 700 pri-

323 720 472 758 mum
523 703 904 771 prosequamur
947 706 1015 760 de
1058 704 1294 763 .ludagis.
1349 703 1542 757 deinde
1588 703 1776 756 ordine
1827 704 1895 756 de

319 777 608 840 gentibus:
643 778 875 840 pertinet
923 775 1427 845 prmdictaAegt-egia
1472 773 1726 845 iniquitas
1759 789 1896 839 prte-

321 846 484 909 cipue
528 847 591 898 ad
638 847 872 902 .ludteos.
905 843 1078 900 adhuc
1108 843 1458 896 defendentes
1503 859 1560 895 se
1603 844 1671 897 de
1721 855 1894 899 morte

325 918 539 970 medici.
574 916 979 970 Continuabitur
1001 925 1176 968 autem
1202 915 1310 966 sic:
1341 915 1470 967 Dico
1499 929 1566 967 ne
1589 917 1894 970 miserearis

322 985 524 1040 .lndzeis
551 988 878 1053 iniquitatem
911 984 1340 1046 defendentihus.
1371 991 1426 1038 et
1460 983 1512 1036 in
1545 999 1604 1036 ea
1642 1000 1893 1050 perseve-

321 1058 585 1111 rantibus.
635 1057 998 1122 Quorumdam
1030 1063 1205 1108 autem
1239 1057 1328 1122 qui
1373 1068 1469 1107 nec
1513 1065 1888 1119 perseverant,

325 1143 423 1179 nec
465 1143 523 1182 se
562 1128 874 1190 defendunt,
920 1126 1250 1186 miserearis,
1285 1134 1343 1178 ut
1370 1135 1772 1178 convertantur.
1827 1125 1893 1180 Et

323 1199 394 1248 ita
423 1201 558 1260 erit,
589 1200 709 1265 quia
743 1207 1097 1252 convertentur
1121 1197 1188 1248 ad
1219 1211 1499 1260 vesperam,
1533 1195 1580 1246 id
1609 1205 1712 1258 est,
1741 1211 1892 1249 sero-

327 1268 436 1319 tina
460 1271 830 1323 conversione.
864 1267 1176 1322 Debuiswnt
1209 1266 1352 1318 enim
1382 1267 1430 1316 in
1461 1279 1617 1318 mane
1639 1267 1889 1320 conversi

322 1338 509 1400 fuisse,
543 1339 594 1392 id
625 1351 704 1393 εει
726 1381 740 1400 ,
777 1340 983 1392 medico
1023 1347 1324 1403 praesente;
1371 1335 1463 1390 sed
1492 1335 1613 1395 quia
1645 1337 1888 1390 conversi

322 1423 426 1459 non
458 1418 599 1468 sunt.
631 1411 749 1476 quia
783 1410 1046 1463 medicum
1079 1407 1439 1460 necessarium
1470 1404 1707 1476 sibinon
1740 1419 1887 1470 puta-

321 1489 532 1541 verunt,
557 1475 713 1549 quem
735 1479 1134 1558 cruciiixerunt,
1153 1485 1502 1557 convertentur
1521 1475 1588 1529 ad
1612 1492 1886 1558 vesperam,

320 1558 439 1603 post
471 1548 585 1615 ejus
612 1550 1061 1605 resurrectionem
1093 1558 1148 1602 et
1175 1548 1546 1601 ascensionem
1567 1586 1583 1611 ,
1630 1548 1768 1614 quod
1815 1549 1888 1602 ita

373 1635 513 1671 ιἰιιιιι
553 1635 656 1674 εει.

373 1635 397 1663 υ
643 1659 656 1674 ι

318 1618 366 1671 ra
712 1689 855 1744 enim
886 1693 1031 1743 viros
1075 1688 1302 1749 idiotas,
1347 1686 1397 1740 id
1439 1696 1557 1747 est,
1603 1687 1880 1752 apostolos

1997 494 2162 562 gratis
2193 503 2244 547 te
2273 509 2412 557 amo,
2457 496 2620 562 gratis
2651 507 2701 550 te
2728 497 2848 550 colo
2881 506 2935 552 et
2967 498 3144 552 laudo.
3201 499 3265 553 Et
3295 511 3564 560 convertit

1998 575 2056 614 se
2082 560 2146 616 ad
2172 579 2291 625 nos,
2336 573 2392 618 nt
2415 560 2481 618 et‘
2495 580 2590 617 nos
2616 568 2785 632 ipsum
2816 569 2982 622 Deum
3011 579 3248 623 nostrum
3281 570 3558 632 faciamus.

1997 632 2166 712 Quasi
2203 632 2344 712 dicat
2370 653 2380 686 :
2409 633 2556 712 _ldeo
2604 636 2729 712 dico
2769 638 2909 712 quod
2956 638 3030 692 sis
3064 639 3198 692 Deus
3247 657 3406 706 meus,
3439 645 3558 712 quia

1996 703 2346 777 misericordia
2372 706 2480 777 ejus
2510 703 2913 777 praeveniet—jam
2945 719 3000 763 et
3027 723 3240 776 semper
3271 703 3563 774 prmveniet

1997 787 2166 849 meos,
2198 772 2336 849 Nihil
2365 776 2506 828 enim
2534 772 2820 832 attulimus
2833 794 2930 842 ego
2959 788 3016 833 et
3044 772 3158 833 mei
3178 772 3392 846 propter
3415 787 3553 849 quod

1998 845 2560 915 nostrimisereremr,
2589 855 2644 900 et
2668 862 2761 899 nos
2781 850 3118 915 justiiicaret,
3141 845 3232 904 scd
3258 851 3372 905 sola
3400 845 3557 910 mise-

1996 913 2225 986 ricordia
2256 915 2369 982 ejus
2399 915 2535 969 sicut
2566 913 2820 982 praevenit
2858 935 2944 974 me
2974 931 3028 973 ut
3053 934 3225 975 essent
3246 962 3260 986 ,
3294 920 3365 977 ita
3397 927 3558 979 etiam

1996 985 2282 1051 praeveniet
2315 1002 2399 1038 me
2427 996 2482 1038 ut
2510 988 2681 1040 bonus
2709 990 2832 1042 sim.

2066 1052 2205 1126 Deus
2236 1057 2452 1109 ostendit
2480 1057 2628 1112 mihi.
2679 1057 2805 1113 Ideo
2844 1058 3003 1113 etiam
3045 1060 3166 1114 dico
3209 1060 3346 1116 Deus
3388 1080 3559 1126 meus,

1997 1123 2117 1187 quia
2153 1125 2289 1179 Deus
2312 1126 2445 1196 mihi
2481 1126 2621 1180 facto
2652 1129 2704 1181 in
2736 1144 2818 1182 mc.
2851 1140 2905 1183 et
2931 1129 2982 1184 in
3017 1132 3176 1194 meis,
3211 1147 3363 1196 super
3391 1123 3565 1188 inimi;

1992 1209 2076 1245 cos
2102 1211 2272 1269 meos,
2307 1195 2356 1250 id
2389 1205 2500 1269 est,
2543 1198 2769 1269 collecto
2812 1198 2916 1253 illis
2959 1200 3196 1269 rejectis,
3240 1195 3414 1258 electo
3457 1207 3562 1260 illis

1993 1265 2220 1331 repulsis
2239 1307 2252 1327 .
2287 1268 2526 1330 ostendit,
2557 1267 2606 1320 id
2635 1278 2738 1334 est,
2767 1265 3128 1325 ostensioncm
3158 1271 3303 1335 fecit,
3329 1275 3557 1338 scilicet,

1994 1341 2052 1384 ut
2077 1338 2694 1410 cognoscercmdivitias
2721 1341 2906 1410 gratias
2931 1341 3068 1409 ejus,
3099 1357 3192 1410 per
3217 1359 3342 1398 vasa
3374 1345 3467 1399 ira:
3498 1347 3552 1400 in

1991 1404 2132 1458 Vasis
2175 1407 2577 1461 niisericordiie.
2629 1404 2786 1474 Quasi
2817 1404 2993 1464 dicat':
3027 1404 3278 1466 Conferat
3322 1431 3417 1470 vas
3467 1416 3558 1471 ira!

1991 1475 2130 1554 vasis
2162 1478 2566 1542 misericordia},
2587 1480 2854 1554 collectus
2881 1481 3111 1554 rejectis.
3140 1483 3339 1539 electus
3372 1501 3559 1554 repro-

1994 1544 2150 1606 batis,
2181 1557 2235 1599 et
2260 1558 2546 1619 cognoscat
2569 1549 2783 1619 divitias
2807 1544 2989 1618 gratim
3017 1552 3153 1618 eius,
3178 1569 3309 1619 quas
3332 1544 3554 1610 offendit

1992 1628 2087 1690 per
2116 1631 2239 1670 vasa
2259 1619 2362 1690 irae
2393 1618 2445 1671 in
2475 1620 2616 1672 vasis
2649 1618 3045 1675 misericordiae.
3083 1623 3157 1676 Ex
3187 1618 3555 1690 persecutione

1989 1685 2131 1758 enim
2167 1687 2428 1758 malorum
2460 1690 2798 1758 cognoscitur
2833 1691 3090 1756 perfectio
3121 1685 3404 1748 bonorum.
3448 1696 3552 1750 liii-

318 1755 561 1813 videron’t
590 1769 732 1814 tanta
765 1760 1016 1814 miracula
1048 1759 1324 1834 facientes,
1352 1767 1460 1810 tam
1491 1756 1624 1810 mira
1644 1759 1880 1834 _tt_iqnen-
1917 1777 1956 1834 Β
1990 1755 2159 1834 iniens
2191 1756 2242 1834 i_n
2263 1759 2372 1834 _ha_c
2410 1755 2683 1834 sententia,
2703 1758 2916 1834 Iudaeos
2943 1762 3168 1829 accipit;
3190 1773 3274 1834 iet
3310 1768 3553 1832 quamvis

317 1839 417 1888 tes,
457 1843 565 1893 post
599 1832 829 1898 Spiritus
855 1831 1024 1883 sancti
1056 1827 1384 1888 missionem.
1419 1836 1542 1879 tunc
1569 1827 1781 1891 quidam
1812 1842 1880 1882 ex

315 1900 716 1954 crucifixoribus
749 1901 943 1953 Christi
975 1910 1248 1963 peccatum
1281 1912 1436 1950 suum
1467 1907 1876 1965 cognoscentes.

315 1981 577 2024 venerunt
609 1975 673 2024 ad
707 1971 976 2038 apostolos
1007 1970 1247 2022 dicentes
1275 1986 1287 2020 :
1322 1967 1458 2032 Ouid
1489 1968 1751 2037 faciemus,
1786 1969 1879 2023 uiri

308 2039 542 2106 fratres?
597 2043 657 2095 Et
694 2037 1021 2107 respondens
1067 2043 1255 2092 Petrus
1297 2039 1464 2091 dixit:
1521 2037 1878 2092 Paenitentiam

309 2109 557 2180 agitate!
604 2112 883 2180 baptisctur
924 2111 1268 2180 unusquisque
1313 2119 1532 2162 vestrum
1577 2109 1631 2160 in
1675 2111 1878 2180 nomine

307 2177 436 2260 .lesu
467 2177 675 2260 Christi.
705 2181 1031 2260 Quasindicat
1061 2177 1534 2260 eis_:.'Sangui_netn
1559 2194 1717 2260 quem
1744 2177 1877 2260 eliq-

310 2251 468 2303 distis
495 2253 798 2311 saevientes.
832 2252 992 2305 bibite
1023 2251 1370 2304 confidentes.
1407 2249 1556 2302 Etde
1585 2250 1664 2300 his
1695 2249 1878 2314 primi-

315 2329 400 2372 tus
441 2323 710 2376 conversis
761 2323 860 2375 hoc
907 2320 1273 2386 accipiendum
1303 2333 1404 2372 est.
1462 2318 1872 2384 Convertantur,

313 2389 528 2451 inquam
549 2436 563 2454 ,
614 2401 660 2444 et
710 2393 956 2446 conversi
988 2391 1246 2459 patientur
1274 2391 1477 2459 famem.
1513 2389 1562 2441 id
1593 2399 1702 2459 est,
1736 2389 1874 2442 avidi

307 2471 464 2512 erunt
495 2462 637 2514 verbi
671 2463 761 2515 Dei
791 2473 845 2514 et
871 2458 1088 2530 gratiae,
1136 2469 1290 2515 entes
1329 2470 1383 2511 ut
1424 2476 1604 2522 canes,
1655 2458 1704 2512 id
1750 2470 1869 2523 est,

310 2543 689 2593 cognoscentes
733 2547 791 2586 se
832 2533 1039 2585 medico
1080 2545 1241 2598 egere
1281 2531 1420 2584 sicut
1461 2545 1643 2593 canes,
1689 2530 1871 2594 idest,

307 2601 534 2665 gentiles
556 2602 813 2680 immundi
857 2611 910 2680 et
931 2601 1265 2680 idololatria,
1289 2601 1410 2680 quia
1443 2609 1766 2680 cognoscent
1790 2614 1872 2680 se,

309 2685 407 2722 nec
449 2687 542 2737 per
580 2688 729 2726 suam
775 2671 1032 2740 justitiam
1072 2687 1168 2725 nec
1213 2688 1307 2735 per
1347 2671 1512 2737 legem
1557 2671 1872 2736 jnstiticatos

304 2754 449 2820 e-se,
481 2743 598 2809 quia
629 2744 773 2796 illum
805 2743 892 2809 qui
943 2743 1029 2820 luit
1071 2752 1164 2820 est
1198 2741 1329 2809 legis
1371 2751 1438 2820 et_
1469 2740 1869 2820 prophetarum,

303 2811 528 2874 scilicet,
558 2813 845 2878 Christum,
882 2829 983 2866 non
1017 2812 1396 2866 intellexerunt
1428 2813 1478 2863 in
1515 2811 1647 2876 lege.
1701 2809 1766 2862 Et
1815 2809 1868 2864 bi

305 2881 439 2934 tales
467 2886 730 2944 conversi,
765 2895 818 2936 ut
849 2893 905 2936 ct
935 2884 1031 2942 ipsi
1059 2881 1194 2935 alios
1223 2891 1556 2943 convertant,
1584 2879 1870 2934 circuibunt

302 2951 572 3013 civitatem,
609 2954 656 3006 id
689 2962 792 3019 est,
835 2953 1070 3006 fidelium
1113 2953 1534 3014 correctionem,
1579 2951 1661 3004 vel
1705 2951 1867 3005 etiam

305 3023 472 3073 tctins
517 3023 730 3075 humani
776 3025 985 3087 generis
1030 3023 1421 3074 multitudinem
1448 3061 1463 3084 ,
1516 3036 1634 3089 qua:
1678 3021 1868 3074 civitas

301 3090 499 3144 dicitur
529 3105 744 3156 propter
771 3093 1226 3146 circumstantiam
1257 3091 1594 3156 Judzeorutn,
1626 3091 1714 3157 qui
1748 3091 1863 3144 ubi-

299 3175 408 3232 que
453 3161 675 3229 dispersi
724 3173 867 3217 sunt.
923 3164 985 3217 Et
1031 3177 1146 3214 ecce
1195 3163 1365 3232 (quasi
1397 3159 1573 3232 dicat)
1625 3161 1863 3232 adgquid

303 3231 649 3285 circuibnnt?
699 3233 936 3297 Scilicet,
980 3233 1041 3285 ad
1088 3230 1211 3292 hoc,
1237 3234 1358 3299 quia
1385 3231 1671 3298 loquentur,
1706 3230 1756 3284 id
1787 3240 1869 3286 est

301 3302 668 3365 pra-dicabunt
693 3305 748 3356 in
775 3319 862 3355 ore
890 3321 1003 3367 suo,
1035 3304 1084 3355 in
1113 3317 1207 3355 ore
1235 3302 1411 3363 avido,
1437 3303 1485 3354 id
1516 3311 1621 3366 est,
1648 3303 1714 3353 ita
1738 3317 1864 3354 con-

299 3377 508 3423 stanter
537 3385 589 3425 et
621 3374 974 3438 impudenter,
1025 3375 1161 3426 sicut
1189 3374 1438 3425 convenit
1488 3372 1588 3424 illis
1633 3387 1862 3440 quorum

297 3453 363 3490 os
389 3442 531 3494 verbi
575 3444 665 3496 Dei
695 3443 997 3497 famelicum
1027 3454 1128 3496 est.
1185 3441 1249 3496 Et
1290 3445 1340 3493 in
1371 3442 1518 3494 labiis
1546 3457 1722 3494 eorum
1762 3445 1863 3496 erit

297 3508 526 3577 gladius,
552 3513 618 3567 de
645 3529 749 3572 quo
775 3515 973 3566 dictum
1006 3522 1122 3566 cst:
1160 3512 1221 3564 Et
1246 3513 1448 3581 gladius
1472 3513 1702 3574 spiritus,
1727 3513 1864 3580 quod

297 3590 374 3631 est
407 3583 603 3635 uerbum
635 3582 858 3636 Domini.
909 3583 1104 3637 Eorum
1131 3583 1250 3634 dico
1279 3583 1562 3635 dicentium
1596 3583 1686 3643 ita,
1716 3584 1859 3648 quia,

298 3663 556 3718 quantum
597 3655 662 3706 ad
709 3657 806 3706 hoc
835 3654 975 3718 quod
1007 3653 1244 3717 cupiunt,
1279 3651 1429 3716 pauci
1460 3664 1858 3706 convertentur.

300 3717 557 3784 Domine,
591 3722 784 3777 frustra
829 3717 1164 3786 laboramus,
1209 3723 1457 3789 quoniam
1501 3737 1602 3774 nco
1650 3733 1732 3774 est
1771 3723 1859 3790 qui

299 3791 486 3843 credat
527 3793 729 3846 auditui
774 3803 972 3848 nostro.
1028 3792 1169 3846 Nam
1196 3795 1309 3859 quis
1341 3809 1437 3845 nos
1466 3792 1680 3853 audivit.
1731 3807 1860 3846 aure

296 3861 523 3932 scijcet,
552 3863 842 3917 audiendi?
875 3865 1057 3917 Nullos
1088 3865 1256 3932 (quasi
1283 3862 1484 3929 dicant)
1516 3878 1610 3914 nos
1638 3862 1856 3916 audivit.

370 3929 438 3981 Et
468 3945 549 3992 tu,
599 3932 843 3997 Domine,
888 3929 1140 3987 deridebis
1161 3949 1267 3986 eos.
1321 3934 1482 3998 Quasi
1527 3932 1706 3985 dicat:
1754 3933 1856 3999 |p~i

293 4001 510 4064 quidem
559 4002 736 4056 dicent
785 4007 891 4064 sic,
939 4004 1087 4071 quasi
1137 4003 1466 4071 impossibile
1515 4011 1854 4071 reputantes,

292 4071 439 4142 quod
490 4074 693 4137 possint
721 4074 879 4142 aliqui
909 4070 1145 4128 coiivcrti
1175 4091 1188 4137 ;
1241 4082 1286 4125 et
1321 4085 1494 4126 tamen
1528 4081 1602 4133 tu,
1639 4070 1854 4126 Domine

290 4140 546 4194 deridebis
575 4159 680 4206 eos,
730 4140 931 4207 idest,
977 4144 1248 4196 derisione
1294 4141 1483 4208 dignos
1530 4143 1692 4195 facias
1737 4158 1852 4208 eos,

289 4213 415 4279 quia
444 4210 598 4266 facile
627 4215 870 4276 perficies
894 4215 1030 4279 quod
1061 4212 1390 4278 impossibile
1415 4213 1490 4265 illi
1516 4215 1854 4273 reputabant.

287 4277 534 4350 Namque
577 4284 795 4336 deduces
835 4277 1004 4336 omnes
1043 4277 1236 4351 gentes,
1286 4283 1336 4334 id
1379 4291 1490 4345 est,
1536 4283 1742 4348 aliquos
1786 4285 1854 4338 de

288 4355 540 4404 omnibus
583 4358 828 4423 gentibus
854 4355 923 4406 ad
964 4352 1216 4416 nihilum,
1267 4352 1347 4423 in_
1373 4352 1472 4404 hoc
1515 4352 1653 4419 quod
1700 4362 1854 4406 crant

290 4431 502 4485 gentes,
529 4423 577 4475 id
592 4421 699 4489 eo,
725 4426 991 4488 gentiliter
1017 4425 1275 4474 viventes.
1308 4421 1458 4475 Verte
1483 4427 1614 4474 enim
1645 4424 1848 4491 impios,

1984 1825 2161 1902 (dicit)
2205 1826 2448 1902 inimicos
2495 1844 2588 1883 eos
2634 1825 3434 1902 discrimptamen,’Domine,
3487 1855 3552 1890 ne

1979 1896 2203 1969 occidas.
2237 1896 2288 1950 id
2320 1905 2424 1961 est,
2459 1914 2524 1952 ne
2551 1899 2721 1954 occidi
2757 1900 3033 1966 permittas
3061 1896 3144 1956 eos
3175 1896 3547 1969 corporaliter,

1980 1965 2315 2041 ita_scilic_e_t,
2358 1979 2408 2021 ut
2445 1977 2721 2041 transeant
2749 1965 2801 2025 in
2831 1972 2964 2041 ritus
3003 1965 3552 2041 gentium—Quamvis

1979 2037 2119 2088 enim
2153 2051 2183 2089 a
2213 2037 2332 2090 Tito
2370 2047 2425 2092 et
2457 2039 2782 2106 Vespasiano
2813 2037 3043 2107 dispersi
3074 2043 3202 2107 sint,
3237 2037 3340 2097 non
3372 2057 3550 2103 tamen

1977 2108 2462 2183 amiserunt-ritum
2491 2125 2672 2176 sumu,
2703 2111 2831 2183 quia
2859 2112 3035 2183 adhuc
3063 2115 3542 2183 circumciduntur,

1977 2185 2031 2227 et
2059 2192 2252 2243 agnum
2285 2177 2592 2245 immolant,
2643 2190 2695 2234 et
2723 2177 2892 2235 multa
2924 2182 3114 2236 similia
3149 2183 3364 2238 faciunt.
3423 2177 3545 2242 Ideo

1977 2245 2099 2323 dico
2127 2264 2189 2323 ne
2215 2251 2416 2323 occidas
2441 2266 2524 2302 eos
2553 2253 2925 2323 corporaliter.
2950 2268 3012 2306 ne
3039 2253 3112 2305 illi
3141 2256 3338 2323 populi,
3366 2256 3417 2310 id
3441 2268 3542 2321 est,

1975 2314 2143 2370 Judaei
2180 2318 2327 2389 prius
2359 2335 2495 2373 unus
2528 2322 2777 2387 populus,
2820 2323 2979 2375 modo
3015 2339 3106 2385 per
3135 2314 3541 2389 dispositionem

1979 2389 2156 2460 populi
2183 2388 2416 2460 diversi.
2457 2391 2659 2457 quando
2691 2392 2813 2460 (pro
2843 2391 3151 2460 aliquando)
3179 2388 3541 2451 obliviscantur

1975 2457 2092 2519 mei,
2145 2457 2196 2530 id
2246 2471 2347 2519 est,
2400 2460 2530 2526 legis
2581 2457 2744 2524 metu;
2795 2461 2888 2515 sed
2936 2457 3152 2530 semper
3178 2479 3392 2519 servent
3422 2483 3538 2522 eam

1975 2528 2254 2607 memoria,
2305 2530 2407 2583 etsi
2441 2545 2542 2582 non
2577 2531 2628 2584 in
2662 2532 2800 2607 vita._
2844 2532 2908 2586 Et
2962 2528 3087 2607 sunt
3120 2535 3505 2607 (quasiidicat
3535 2542 3551 2607 ;
3596 2601 3599 2603 _

1973 2599 2200 2670 capsarii
2233 2614 2494 2664 meorum,
2531 2609 2585 2653 ιιι
2615 2601 2757 2667 apud
2788 2602 2932 2668 ipsos
2961 2599 3211 2670 habeant,
3244 2606 3386 2661 unde
3413 2599 3546 2662 alios

1975 2665 2222 2722 inimicos
2255 2683 2381 2724 suos
2413 2665 2755 2724 convincam.
2811 2665 2906 2726 Vel
2957 2673 3158 2728 aliter:
3199 2665 3291 2728 'Ne
3335 2679 3546 2730 occidas

1972 2751 2067 2810 eos
2110 2741 2483 2807 corporaliter,
2529 2755 2597 2794 ne
2625 2741 2839 2808 quando
2888 2741 2962 2794 illi
3010 2745 3099 2810 qui
3145 2754 3266 2798 sunt
3316 2749 3546 2804 oleaster

1972 2807 2223 2873 insertus,
2252 2807 2838 2883 obliviscantur’populi
2869 2811 3009 2883 illius
3031 2807 3185 2883 prius
3210 2816 3336 2881 mei,
3365 2816 3414 2869 id
3437 2831 3541 2879 est,

1969 2890 2186 2952 semper
2215 2881 2651 2952 attendant,quia
2682 2882 2952 2952 naturales
2981 2881 3111 2938 raini
3137 2885 3285 2939 fracti
3309 2897 3452 2952 sunt,
3488 2899 3542 2943 et

1970 2947 2047 3026 sic
2078 2964 2180 3000 non
2212 2951 2637 3026 altum_sapiant,
2663 2952 2762 3026 sed
2797 2951 3036 3022 timeant,
3067 2956 3300 3011 scientes
3331 2947 3452 3026 quia
3497 2958 3542 3012 si

1972 3016 2110 3094 Deus
2150 3020 2478 3074 naturalibus
2543 3023 2707 3076 ramis
2747 3037 2852 3077 non
2897 3020 3153 3094 pepercit,
3208 3041 3305 3081 nec
3349 3016 3545 3085 parcet

1971 3090 2224 3144 oleastro.

1896 3131 1943 3193 (ἶ
1974 3131 2294 3232 vijitip‘eige
2322 3159 2460 3214 illos.
2495 3159 2573 3216 Ne
2617 3163 2832 3216 occidas
2857 3202 2872 3224 ,
2923 3163 3160 3231 inquam,
3194 3179 3309 3232 eos,
3334 3168 3428 3222 sed
3461 3168 3543 3222 fac

1971 3229 2047 3282 eis
2079 3232 2218 3304 quod
2236 3229 2542 3304 merentur,
2573 3233 2794 3304 scilicet,
2819 3229 3054 3304 disperge
3082 3236 3198 3288 illos
3229 3229 3323 3302 per
3351 3253 3540 3293 omnes

1967 3310 2151 3373 gentes
2175 3301 2231 3373 in
2258 3301 2438 3354 virtute
2477 3313 2566 3373 tua
2589 3343 2603 3362 ,
2653 3301 2909 3365 Domine,
2931 3301 3052 3372 quia
3086 3301 3540 3373 praesumpserant

1967 3372 2034 3444 de
2063 3384 2156 3444 sua
2187 3371 2479 3444 virtttte,_et
2508 3372 2705 3438 depone
2729 3388 2812 3425 eos
2836 3373 2904 3426 de
2931 3371 3098 3444 gloria
3128 3375 3230 3429 loci
3260 3371 3533 3444 etgeutis.

1967 3437 2071 3514 Tu,
2099 3439 2239 3504 dico,
2272 3438 2488 3514 Domine
2510 3437 2768 3508 pratertor
2822 3437 2983 3510 mea},
3026 3443 3076 3496 id
3108 3455 3208 3511 est,
3242 3437 3481 3501 medi-um
3517 3491 3532 3514 ,

1971 3508 2023 3584 in
2063 3511 2180 3584 hoc,
2214 3511 2337 3577 quia
2367 3514 2799 3584 persecutoribus
2829 3514 2934 3565 illis
2970 3508 3531 3584 auferespotentiam:

1969 3578 2032 3630 Et
2060 3579 2182 3646 quia
2207 3589 2474 3642 protector
2501 3596 2578 3644 es,
2613 3583 2753 3644 ideo,
2785 3585 3026 3648 nurnine,
3061 3578 3267 3649 depone
3294 3587 3534 3640 delictum

1965 3650 2076 3723 oris
2118 3664 2293 3702 eorum
2314 3691 2350 3723 ,_
2381 3662 2434 3706 et
2455 3651 2662 3723 depone
2685 3669 2966 3707 sermonem
2995 3655 3247 3708 labiorunt
3284 3657 3532 3723 ipsorum.

1966 3717 2223 3797 Delicium
2244 3721 2425 3787 accipe
2452 3717 2594 3791 quod
2623 3723 2872 3778 dixerunt
2896 3740 2910 3779 :
2937 3724 3057 3797 on
3091 3717 3334 3779 habemus
3363 3743 3531 3797 regem

1964 3790 2062 3840 nisi
2092 3789 2372 3853 Ctesarem;
2431 3789 2706 3847 sermones
2755 3807 2884 3847 vero
2939 3794 3195 3848 labioruin
3230 3810 3245 3848 :
3284 3789 3529 3852 Reus'est

1963 3861 2159 3936 mortis,
2187 3861 2481 3936 etsimilia.
2515 3862 2667 3927 Quod
2703 3872 2867 3936 totum
2905 3865 3042 3918 Deus
3073 3867 3231 3936 Pater
3258 3865 3525 3936 deposuit,

1965 3929 2014 3982 id
2043 3941 2144 3992 est,
2191 3930 2507 3994 l'alsiiicavit,
2546 3947 2666 3986 com
2700 3931 2974 3987 Christum
3035 3929 3377 3989 resu~citavit
3405 3978 3418 4000 ,
3472 3929 3527 3992 ei.

1961 4013 2140 4124 gegem
2174 4015 2279 4053 non
2330 4003 2501 4055 solum
2559 4003 2888 4068 iudicarunt,
2915 4005 3009 4060 sed
3041 4017 3095 4058 et
3117 4006 3355 4074 gentium
3383 4008 3523 4064 fecit.

2002 4081 2250 4124 canitur:

2002 4081 2250 4134 eqtutur:

2033 4137 2097 4191 Et
2125 4139 2623 4204 comprehendantur
2653 4142 2704 4196 in
2735 4143 2972 4211 superbia
2998 4161 3113 4200 sua.
3145 4144 3222 4200 Ac
3260 4145 3306 4201 si
3337 4147 3480 4204 dicat
3513 4169 3526 4204 :

1962 4208 2088 4263 Dico
2120 4211 2500 4287 ot_dispcrg‘a_s,
2535 4221 2580 4264 et
2613 4208 2812 4287 depone
2839 4231 2944 4277 eos,
2992 4225 3040 4268 et
3086 4225 3262 4270 tamen
3312 4220 3525 4287 quidam

1957 4294 2144 4356 eorum
2175 4281 2227 4333 in
2247 4283 2490 4346 superbia
2520 4299 2615 4335 sua
2649 4284 2772 4338 inde
2801 4284 2850 4339 in
2886 4287 3006 4350 hoc,
3040 4289 3177 4356 quod
3207 4281 3438 4356 superbe
3469 4291 3522 4344 in

1957 4351 2220 4423 medicum
2244 4365 2301 4405 se
2330 4364 2613 4407 erexerunt
2645 4366 2697 4408 et
2725 4360 2894 4420 ipsum
2925 4351 3253 4418 occiderunt,
3276 4351 3523 4423 'compre«

1957 4419 2262 4494 [tendantur,
2293 4423 2338 4474 id
2364 4433 2466 4484 est,
2485 4435 2866 4494 recognoscant
2896 4427 3095 4478 nullum
3121 4425 3364 4480 ell‘ectum
3399 4419 3521 4488 inde

291 4481 338 4541 Et
369 4507 471 4542 non
491 4481 666 4546 ierunt.
688 4481 699 4489 ’
720 4481 783 4547 Et
815 4497 912 4548 hoc
943 4494 1113 4562 (quasi
1144 4492 1307 4564 dicat)
1340 4493 1500 4546 facies
1531 4508 1622 4557 per
1649 4481 1850 4560 fortitul
1883 4481 1928 4539 D
1958 4481 2390 4564 subsecutuium,
2421 4481 2741 4564 necrali‘quid
2764 4495 2864 4548 sibi
2897 4495 3139 4548 relictum
3166 4509 3362 4562 praeter
3392 4481 3518 4564 pec:

290 4561 462 4612 dinem
495 4579 676 4625 meum,
707 4565 755 4616 id
784 4576 886 4626 est,
920 4561 1178 4625 ineorum,
1223 4562 1274 4614 id
1305 4574 1406 4624 est,
1453 4578 1546 4629 per
1575 4563 1698 4628 hoc,
1729 4566 1852 4630 quia

289 4641 604 4686 constantes
640 4635 799 4686 iacies
843 4648 991 4687 meos
1023 4635 1071 4686 in
1104 4632 1575 4700 praedicationem;
1625 4647 1848 4699 quorum

287 4703 568 4767 fortitudo,
600 4706 718 4770 quia
755 4705 804 4757 iu
850 4709 928 4757 eis
966 4719 1103 4768 sum,
1154 4714 1236 4756 est
1267 4718 1405 4754 mea.
1463 4703 1849 4757 Fortitudinem

284 4771 432 4834 diCo,
451 4788 604 4834 quam
629 4775 724 4840 ipsi
753 4775 879 4826 mihi
904 4775 1314 4838 conservabunt,
1333 4771 1452 4836 quia
1478 4789 1581 4825 non
1612 4773 1847 4828 referent

284 4855 410 4891 eam
443 4843 507 4892 sd
544 4859 601 4896 se
634 4844 768 4896 sicut
790 4843 953 4896 fortes
977 4845 1117 4896 male
1145 4843 1432 4910 supradicti
1459 4842 1717 4904 fecerunt,
1753 4843 1848 4896 sed

287 4912 524 4964 referent
538 4928 653 4964 eam
672 4917 734 4965 ad
752 4925 820 4975 te,
842 4914 930 4966 tibi
956 4928 1070 4966 eam
1089 4913 1438 4974 ascribentes,
1455 4913 1574 4979 quia
1591 4915 1841 4981 quidquid

286 4981 414 5033 boni
451 4982 682 5046 habent,
734 4985 845 5036 sive
877 4984 927 5035 in
960 4998 1208 5048 corpore,
1251 4983 1364 5034 sive
1396 4985 1446 5034 in
1478 4985 1673 5044 anima,
1721 4999 1750 5036 a
1797 4994 1848 5038 te

284 5050 507 5104 habent.
539 5053 669 5105 Nam
700 5063 754 5105 et
781 5058 824 5106 si
854 5053 1029 5105 anitna
1059 5053 1319 5121 intelligat
1347 5061 1399 5104 et
1422 5052 1710 5118 discernat,
1740 5070 1844 5107 non

283 5132 465 5174 tamen
493 5136 521 5175 a
550 5136 608 5175 se
634 5125 813 5191 habet,
836 5125 927 5175 sed
952 5133 1033 5175 est
1056 5122 1297 5191 quaadam
1327 5138 1473 5191 regio
1502 5125 1847 5178 itttanlabiiiS

281 5191 561 5262 veritatis,
609 5199 673 5245 ad
718 5209 877 5262 quant
909 5207 1029 5245 cum
1059 5192 1294 5255 accedit,
1348 5193 1745 5262 corroboratur,
1793 5207 1846 5248 et

283 5261 653 5328 illuminatur;
697 5261 814 5318 cum
847 5279 976 5316 vero
1003 5263 1070 5317 ab
1099 5278 1160 5317 ea
1193 5261 1421 5324 recedit,
1451 5262 1763 5318 obscuratur
1791 5275 1846 5318 et

275 5333 668 5387 obtenebrator
693 5345 748 5387 et
776 5335 1090 5388 infirmatur.
1127 5334 1376 5399 Sequitur
1400 5349 1412 5383 :

357 5401 495 5466 Quia
523 5403 656 5455 Deus
687 5415 943 5472 suscrptor
973 5421 1110 5456 meus
1135 5421 1204 5455 es.
1236 5404 1420 5456 Merito
1446 5402 1508 5455 ad
1541 5415 1591 5458 te
1620 5403 1844 5459 referam

280 5469 648 5526 fortitudinem
678 5469 871 5539 meam,
905 5475 1025 5542 quia
1059 5483 1112 5527 tu
1148 5473 1283 5526 Deus
1313 5485 1574 5538 susceptor
1603 5491 1739 5527 meus
1766 5493 1841 5538 es,

277 5551 333 5594 et
365 5556 624 5607 meorum,
656 5545 704 5596 id
731 5557 833 5605 est,
855 5547 1132 5609 suscepisti
1165 5558 1250 5596 me
1281 5547 1546 5596 hominem
1581 5559 1673 5609 per
1707 5545 1841 5599 Ver-

281 5612 408 5663 bum
441 5624 586 5663 tmnn
617 5613 684 5667 de
716 5631 886 5668 massa
921 5615 1310 5679 perdendos-um
1333 5654 1349 5677 ,
1397 5623 1451 5666 et
1495 5628 1642 5668 meos
1684 5625 1858 5669 etiam.

277 5683 566 5749 suscepisti
590 5684 657 5736 de
683 5686 860 5739 medio
887 5687 1170 5738 malorum.
1201 5684 1326 5738 Scio
1347 5684 1488 5736 enim
1511 5685 1649 5737 unde
1673 5700 1840 5747 erant,

276 5762 330 5804 ct
364 5754 506 5808 unde
535 5769 620 5809 Ine
646 5758 966 5828 susceperis,
999 5764 1052 5813 et
1080 5765 1276 5827 quanta
1303 5753 1434 5808 mihi
1456 5753 1752 5820 dimiseris,
1781 5769 1836 5810 et

1954 4568 2152 4625 catum,
2182 4571 2236 4615 et
2265 4564 2341 4615 sic
2371 4563 2738 4629 humiliantur,
2769 4574 2822 4615 et
2856 4575 3126 4629 pectratuztt
3177 4581 3330 4618 suum
3384 4563 3518 4622 cutt-

1954 4630 2222 4685 fiteantur.
2266 4631 2330 4685 Et
2373 4643 2428 4684 ut
2473 4634 2997 4701 comprehendantur
3024 4633 3088 4686 de
3126 4637 3472 4691 exsecratione
3501 4681 3516 4700 ,

1952 4701 2001 4752 id
2027 4710 2128 4771 est,
2162 4703 2228 4754 de
2260 4711 2430 4756 morte
2455 4702 2676 4768 Christi,
2707 4716 2864 4771 quem
2913 4704 3011 4770 ipsi
3053 4706 3434 4761 exsecrabilem
3463 4719 3520 4764 et

1952 4770 2294 4824 maledictum
2339 4772 2657 4839 habuerunt,
2696 4770 2750 4826 et
2777 4774 3322 4841 comprehendantur,
3355 4779 3406 4831 et
3447 4781 3516 4834 de

1950 4841 2234 4903 mendacio,
2263 4841 2317 4894 id
2345 4853 2445 4906 est,
2479 4843 2545 4895 de
2572 4844 2671 4895 hoc
2693 4843 2832 4910 quod
2859 4858 2952 4911 per
2981 4846 3313 4898 mendacium
3337 4861 3516 4902 custo-

1949 4911 2073 4964 dum
2114 4913 2271 4964 vitaut
2306 4913 2632 4980 resurgentis
2661 4912 2938 4967 destruere
2975 4916 3274 4969 voluerunt.
3304 4916 3367 4969 Et
3392 4934 3518 4975 vero

1946 4982 2482 5053 comprehendentur,
2515 4986 2634 5053 quia
2659 4983 2710 5035 in
2738 4989 3222 5048 consummatione,
3253 4985 3302 5040 id
3325 4997 3430 5053 est,
3462 4991 3514 5043 in

1951 5051 2754 5127 perlect‘ioneannuntiabuntur
2779 5055 2920 5109 aliis.
2953 5053 3102 5109 Sicut
3155 5057 3299 5109 enim
3331 5051 3517 5127 super-

1947 5121 2030 5174 bia
2090 5123 2232 5189 prius
2294 5122 2614 5190 impedivit,
2681 5139 2750 5177 ne
2824 5121 3515 5192 consunmiarentur,'ita

1951 5192 2221 5245 humilitas
2254 5208 2358 5245 non
2407 5192 2606 5246 valebit
2661 5205 2715 5246 ut
2774 5199 3005 5261 perfecte
3053 5207 3512 5250 consummentur.

1945 5263 2077 5336 Quia
2108 5262 2662 5336 ubi‘superabuadavit
2687 5263 2956 5336 iniquitas,
3013 5267 3441 5336 superabundavit
3465 5279 3510 5320 et

1944 5334 2130 5402 gratia.
2198 5332 2262 5385 Et
2315 5334 2435 5388 ideo
2480 5334 2877 5388 annuntiabitur
2903 5332 3294 5390 consummatio
3323 5351 3508 5391 eorum

1945 5402 2084 5469 aliis,
2129 5420 2195 5457 ne
2225 5402 2340 5470 quis
2374 5405 2621 5471 desperet
2650 5406 2717 5457 de
2769 5418 2987 5472 peccato
3021 5420 3119 5458 suo
3153 5446 3166 5470 ,
3220 5421 3340 5460 cum
3393 5408 3510 5461 istis

1948 5482 2150 5527 tantum
2184 5483 2452 5538 peccatum
2482 5477 2550 5526 sit
2583 5473 2862 5528 indultum.
2916 5474 3330 5529 Annuntiabitur
3352 5517 3368 5540 ,
3423 5477 3506 5530 io-

1945 5557 2126 5608 quam,
2157 5543 2208 5595 in
2240 5543 2780 5611 consummationem,
2811 5553 2867 5598 et
2903 5544 2954 5597 in
3007 5547 3461 5600 consummatione
3490 5587 3508 5612 ,

1946 5614 2085 5686 quod
2115 5612 2169 5666 in
2196 5615 2274 5666 ira
2308 5614 2807 5686 consummationis,
2834 5615 2883 5667 id
2907 5623 3011 5680 est,
3039 5620 3176 5684 quod
3203 5631 3298 5686 per
3325 5620 3458 5670 iram
3484 5661 3498 5684 ,

1947 5685 1994 5736 id
2022 5694 2120 5745 est,
2155 5698 2247 5751 per
2287 5684 2576 5739 vindictam
2607 5685 2982 5754 procedentem
3020 5700 3084 5741 ex
3131 5684 3215 5741 ira
3243 5686 3333 5742 Dei
3356 5728 3369 5750 ,
3403 5689 3506 5744 erit

1947 5770 2026 5808 eis
2054 5755 2441 5810 consonuit-aiio
2465 5757 2584 5822 ista,
2614 5756 2754 5826 quod
2784 5758 3056 5813 attendunt
3083 5755 3502 5828 dispersioocin,
