4010 6190
500 256 599 317 791

966 264 1165 319 ΒΕΒΛΕ
1206 264 1655 322 VENERABILIS
1694 266 1840 322 Ol'i’.
1886 265 2043 320 PARS

2148 302 2164 319 .
2204 266 2398 324 SECT.
2439 270 2502 322 ll.
2530 294 2603 310 -ι
2632 265 2837 322 DUBIA
2880 265 2967 321 ET
3008 266 3274 323 SPURIA.

3631 262 3734 322 792

512 393 563 432 et
594 390 783 435 cietera
814 395 932 451 quae
960 381 1230 449 patiuntur
1257 396 1377 436 esse
1415 396 1480 435 ex
1529 391 1743 447 peccato
1769 423 1783 443 ,
1813 392 1861 436 et
1895 381 2061 434 conti.
2093 381 2141 441 Α
2169 392 2510 449 sumpserunt
2550 384 2616 438 de
2641 383 2889 437 facultate
2935 384 3154 451 ingenii.
3191 392 3245 435 et
3284 382 3350 436 de
3379 383 3628 439 libertate
3650 399 3734 436 ar-

508 453 754 505 tebmttur
775 452 940 518 ipsum
967 460 1259 519 peccatum.
1288 452 1736 504 Annuittiabuntur
1754 453 1805 504 in
1828 468 2066 504 consum-

509 523 750 584 matione,
780 537 894 588 quia
922 524 1312 575 consummatio
1356 522 1458 576 erit
1504 524 1571 576 de
1614 524 1982 575 exsecratione
2011 532 2064 575 et

506 592 803 660 mendacio,
840 590 889 645 id
919 599 1021 654 est,
1048 594 1168 660 quia
1199 594 1473 647 attendent
1500 601 1755 660 quantum
1787 600 2061 657 peccatum

505 658 666 714 fuerit
691 662 987 713 exsecratio
1018 658 1272 726 praedicta
1312 673 1367 716 et
1397 658 1751 726 mendacium,
1779 671 1830 713 et
1860 670 2063 729 quanto

501 733 668 798 magis
724 729 886 784 fuisse
935 745 1307 797 cognoscunt,
1342 741 1487 785 tanto
1516 732 1729 799 gravius
1779 733 2058 795 pienitent.

500 800 567 854 Et.
615 801 715 854 erit
760 802 920 855 etiam
972 802 1085 855 huic
1128 805 1517 855 consummatio
1540 802 1592 853 in
1621 801 1721 865 ira,
1755 802 1802 854 id
1836 812 1937 864 eSl,
1968 817 2063 868 per

499 869 631 922 iram
670 870 905 935 scilicet,
955 877 1076 941 quia
1108 873 1384 926 attendunt
1432 874 1655 925 futuram
1696 871 1861 933 iram;
1894 879 1961 941 et
2004 881 2061 926 ut

498 952 614 991 cam
650 942 835 1001 vitent,
866 940 1421 1004 consimimabuntur;
1456 952 1506 995 et
1554 940 1905 995 consummati
1946 940 2057 1009 jam

478 1027 586 1064 non
617 1022 777 1067 erunt
820 1014 962 1084 quod
997 1016 1147 1080 prius
1180 1032 1283 1069 non
1322 1015 1558 1068 luerunt.
1608 1014 1754 1069 Verte
1780 1018 1921 1070 enim
1955 1021 2058 1073 im-

477 1086 613 1151 pios.
643 1093 690 1136 et
725 1099 828 1136 non
864 1096 1039 1138 erunt.
1089 1085 1157 1138 Et
1198 1096 1323 1137 tunc
1353 1100 1479 1139 vere
1506 1087 1694 1145 scient.
1729 1088 1779 1139 id
1826 1098 1932 1150 est,
1965 1105 2059 1140 co-

479 1163 742 1214 unoscent
763 1156 890 1222 quia
924 1153 1060 1208 Deus
1086 1156 1444 1210 dominabitur
1486 1170 1611 1208 vere
1637 1156 1829 1220 Jacob,
1861 1159 1909 1209 id
1954 1169 2057 1223 est,

479 1222 810 1280 Jtidazorum.
850 1224 991 1280 sicut
1027 1235 1075 1276 et
1101 1227 1283 1291 ﬁniunt
1310 1236 1485 1287 terrm,
1523 1226 1574 1277 id
1615 1239 1718 1289 est,
1751 1229 2059 1291 gentilium,

480 1296 533 1345 id
562 1302 664 1356 est,
701 1294 999 1361 intelligent
1023 1294 1191 1349 Jacob
1232 1311 1335 1347 non
1375 1311 1531 1363 posse
1556 1298 1753 1349 salvari
1781 1312 1875 1362 per
1906 1314 2060 1351 sitam

476 1364 775 1432 justitiam,
801 1376 852 1432 et
886 1367 1006 1419 ideo
1036 1366 1305 1418 medicum
1340 1367 1711 1432 necessarium
1737 1383 1858 1419 esse
1883 1368 1984 1418 sibi
2010 1378 2063 1420 et

495 1432 757 1495 gentibus.
799 1430 861 1485 Et
889 1447 1054 1497 quare
1082 1432 1345 1486 addiderit
1375 1432 1441 1483 de
1490 1431 1740 1497 gentibus
1766 1468 1781 1490 ,
1839 1443 2053 1485 causam

500 1499 692 1560 reddit,
725 1501 927 1557 scilicet
947 1512 996 1555 et
1044 1512 1229 1571 gentes
1278 1509 1629 1554 convertentur
1664 1501 1732 1552 ad
1754 1515 2012 1563 vesperam
2037 1542 2055 1567 ,

499 1579 603 1623 etc.
636 1572 785 1626 Nunc
814 1576 878 1625 ad
909 1575 1134 1640 primum
1167 1572 1557 1626 Convertenttir
1582 1571 1883 1632 redeamur,
1912 1578 1965 1621 et
1988 1572 2056 1626 de

496 1640 741 1703 gentibus
772 1658 887 1708 quae
912 1639 980 1697 de
1006 1641 1203 1697 Judazis
1228 1643 1448 1708 legimus
1477 1648 1575 1692 line
1605 1655 1771 1707 usque
1796 1639 2051 1709 legamus,

497 1709 643 1775 juxta
694 1713 834 1776 quod
882 1715 982 1766 erit
1021 1714 1136 1766 hmo
1188 1711 1517 1767 continuatio
1561 1727 1574 1762 :
1615 1710 1749 1762 Vere
1799 1710 2052 1763 Dominus

502 1777 661 1833 Pater
690 1782 920 1836 visitabit
950 1793 1156 1848 gentes,
1183 1783 1303 1850 quia
1344 1780 1569 1849 gentiles
1598 1781 1664 1830 ad
1684 1795 1965 1850 rvesperam,
2001 1781 2053 1836 id

503 1858 609 1907 est.
654 1865 775 1905 sero
807 1863 1175 1906 convertentur.
1204 1849 1357 1908 Sicut
1384 1850 1526 1905 enim
1569 1849 1811 1903 Christus
1858 1852 2052 1917 princi-

498 1918 691 1984 paliter
740 1921 807 1975 ad
837 1922 956 1976 illos
984 1924 1052 1977 de
1081 1923 1241 1977 domo
1291 1922 1448 1975 lsrael
1480 1921 1673 1972 missus
1720 1929 1838 1983 est,
1876 1921 1954 1975 sic
1998 1930 2053 1975 et

498 1992 723 2056 apostoli
768 1993 832 2045 ad
866 1993 982 2047 illos
1012 1991 1157 2047 missi
1207 2002 1364 2056 sunt;
1407 1990 1500 2045 sed
1530 2001 1803 2057 postquam
1834 1990 1902 2043 ab
1949 1991 2050 2047 illis

500 2060 699 2127 repulsi
728 2072 873 2126 sunt,
916 2064 981 2115 ad
1004 2064 1246 2132 gentium
1279 2062 1680 2117 conversionem
1712 2075 1771 2112 se
1797 2061 2051 2132 contule-

500 2137 645 2201 runt,
679 2140 731 2183 et
762 2132 882 2189 ideo
908 2130 1042 2188 dicit
1072 2149 1086 2187 :
1128 2134 1209 2187 Ad
1230 2148 1483 2201 vesperam
1522 2138 1889 2184 convertentur.
1918 2130 2047 2184 Nam

495 2198 740 2272 si_Jndtri
770 2203 946 2256 statim
980 2204 1030 2257 in
1066 2203 1233 2270 prima
1269 2198 1648 2272 prtcdicatione
1688 2203 2046 2265 apostolorum

498 2268 563 2320 ad
596 2286 866 2340 vesperam
898 2268 1141 2329 conversi
1184 2268 1344 2337 sunt,
1393 2275 1561 2327 multo
1609 2272 1773 2333 magis
1821 2274 2049 2339 gentiles

499 2340 589 2406 qui
622 2340 777 2411 longe
808 2345 950 2405 prius
979 2347 1222 2399 conversi
1244 2352 1387 2406 sunt,
1411 2344 1475 2397 ad
1502 2355 1781 2410 vesperam
1802 2346 2045 2396 conversi

497 2424 618 2464 esse
647 2422 869 2480 possunt
896 2414 1023 2469 dici.
1052 2414 1441 2469 Convertaiilur
1461 2454 1477 2477 ,
1531 2412 1765 2475 inquam,
1825 2423 1870 2464 et
1920 2427 2046 2466 con-

499 2481 641 2533 versi
684 2483 869 2551 famem
902 2487 1173 2551 patientur,
1210 2486 1260 2539 id
1287 2494 1388 2545 est,
1411 2481 1731 2537 desiderium
1761 2481 1896 2534 alios
1922 2496 2044 2535 con-

492 2552 759 2624 vertendi,
793 2563 844 2607 et
872 2554 970 2607 sibi
1018 2555 1387 2624 incorporandi
1418 2552 1685 2624 habebunt
1734 2551 1784 2604 in
1806 2562 2043 2624 tantum,

492 2627 551 2691 ut
585 2622 723 2675 avidi
783 2638 931 2677 canes
959 2625 1061 2679 cibi
1092 2621 1233 2680 sunt.
1282 2626 1347 2679 Et
1371 2625 1492 2691 quia
1526 2623 1657 2674 adeo
1699 2621 1837 2673 avidi
1866 2634 2041 2688 erunt,

493 2690 615 2764 ideo
642 2702 687 2745 et
717 2694 818 2762 ipsi
847 2694 980 2747 sicut
1004 2695 1147 2764 prius
1174 2690 1418 2750 conversi
1439 2693 1506 2746 de
1526 2691 1745 2764 Judreis,
1764 2693 2045 2764 cii-coibunt

490 2760 767 2828 civitatem,
798 2774 854 2818 et
883 2760 1165 2829 loquentur
1209 2766 1434 2832 prmitiia
1465 2764 1596 2816 ionis
1625 2763 1843 2833 verbum
1873 2762 1922 2815 in
1949 2778 2044 2818 ore

494 2844 614 2901 suo,
651 2834 699 2884 id
730 2842 833 2901 est,
865 2836 1018 2887 avido
1041 2845 1095 2889 et
1124 2836 1387 2900 famelico,
1417 2843 1463 2887 et
1492 2834 1546 2886 in
1576 2833 1721 2885 labiis
1748 2848 1921 2885 eorum
1942 2834 2045 2887 erit

489 2899 712 2974 gladius,
738 2904 789 2974 id
822 2899 924 2969 est,
951 2907 1167 2959 verbum
1204 2907 1314 2970 Dei,
1339 2920 1442 2974 quo
1471 2903 1682 2971 quidam
1712 2902 2044 2957 interiit-ien-

489 2980 574 3042 ttir
601 2972 686 3042 ad
727 2972 906 3039 lidem,
934 2975 1144 3042 quidam
1184 2993 1308 3031 vero
1352 2972 1417 3028 ad
1452 2983 1673 3027 mortem
1700 3012 1716 3036 ,
1760 2974 2041 3027 credentes

486 3040 699 3103 quidem
730 3045 796 3096 ad
825 3040 1009 3109 vitam,
1068 3062 1170 3100 non
1222 3046 1501 3100 credentes
1542 3060 1669 3096 vero
1697 3046 1759 3094 ad
1788 3056 2032 3097 incitent.

492 3089 557 3163 Ιῖι
601 3116 907 3182 exsequitur
949 3089 1268 3172 ta'ntutii'de'
1308 3118 1388 3169 Itis
1432 3115 1518 3181 qui
1553 3114 1939 3167 interﬁciuntur
1975 3117 2039 3168 ad
2069 3089 2116 3154 ϐ

488 3192 737 3256 ttiortem,
769 3186 918 3253 quasi
959 3188 1099 3241 dicat
1129 3206 1140 3239 :
1173 3188 1311 3243 Vere
1338 3188 1545 3256 gladius
1592 3185 1917 3236 iitortilicaits
1949 3188 2046 3238 luit

486 3266 538 3302 tit
573 3254 722 3327 labiis
740 3272 959 3327 eorum,
988 3260 1227 3327 quoniam
1252 3254 1361 3323 quis
1403 3271 1531 3309 attie
1559 3256 1803 3327 audiendi
1854 3257 2043 3309 audivit

485 3323 839 3398 t_-osiNull_its,
870 3323 1090 3393 scilicet,
1108 3343 1361 3398 quantum
1392 3330 1453 3380 ad
1478 3325 1800 3379 deSIderiuiit
1831 3340 2037 3379 eorum.

484 3391 570 3454 Et,
613 3403 690 3458 tu,
726 3394 959 3459 Domine,
996 3391 1207 3454 tandem
1246 3401 1495 3453 deridebis
1533 3413 1639 3461 eos,
1673 3400 1723 3447 ιιι
1757 3403 1858 3457 est,
1895 3398 2038 3450 deri-

481 3462 665 3537 sibilos
698 3462 859 3521 facies
892 3470 1031 3531 illos,
1075 3472 1316 3532 scilicet,
1348 3471 1470 3537 quia
1500 3484 1629 3521 aure
1659 3466 1903 3519 audiendi
1934 3483 2037 3520 non

485 3532 716 3612 aitdient,
746 3539 869 3612 quia
900 3540 1115 3612 deduces
1162 3557 1332 3594 omnes
1353 3532 1543 3612 ﬁentes,
1576 3538 1759 3612 idest.
1778 3538 2041 3612 gentiliter

485 3602 718 3659 tiveiites
748 3602 815 3657 ad
856 3610 1093 3663 nihilum.
1141 3612 1277 3665 Vere
1306 3602 1445 3664 enim
1488 3612 1552 3661 ad
1601 3602 1820 3659 iiiltilmii
1870 3608 2040 3661 dedu-

485 3685 694 3745 centur,
734 3693 959 3745 quorum
1003 3684 1323 3735 resurrectio
1372 3695 1475 3733 non
1523 3678 1625 3732 erit
1665 3678 1728 3729 ad
1774 3678 1993 3745 gloriam
2019 3719 2035 3743 ,

485 3744 577 3795 sed
606 3747 668 3821 ad
701 3744 1068 3821 ignominiam,
1112 3761 1168 3805 et
1204 3753 1294 3821 qni
1351 3765 1478 3804 vero
1512 3762 1632 3801 esse
1662 3744 1938 3821 carebunt.
1973 3749 2040 3803 Et

479 3818 618 3891 quod
647 3819 716 3891 ad
746 3817 960 3872 nihilum
986 3821 1200 3875 dedoces
1224 3816 1398 3874 omnes
1428 3833 1597 3891 gemes
1618 3860 1632 3880 .
1665 3816 1765 3870 hoc
1787 3817 1915 3871 [πίε
1944 3833 2039 3886 Per

480 3883 844 3957 fortitudinem
892 3905 1064 3943 meam
1105 3903 1158 3945 et
1197 3883 1479 3953 nteitrttiii,
1532 3891 1582 3942 id
1635 3896 1756 3954 est,
1814 3883 2035 3957 cttmim'

478 3955 740 4009 rationem
786 3973 1055 4024 meorum;
1123 3965 1210 4029 qui
1270 3964 1470 4026 fortes,
1521 3962 1570 4015 id
1624 3967 1743 4017 est.
1791 3955 2038 4011 constan-

483 4033 561 4075 tes
612 4036 767 4079 eruiit
798 4029 849 4080 iii
886 4031 985 4083 tide
1014 4040 1068 4083 et
1100 4028 1151 4083 in
1180 4034 1481 4087 virtutibus.
1535 4028 1845 4082 Jttdit‘abttnl
1892 4031 2035 4083 cnim

480 4095 645 4166 sancti
673 4098 924 4166 nationes,
958 4115 1060 4151 non
1094 4103 1290 4163 Verbis,
1346 4104 1437 4156 sed
1486 4102 1881 4166 comparatione
1910 4139 1923 4164 ,
1982 4110 2038 4154 ut

477 4164 603 4237 alibi
635 4165 831 4237 dictum
861 4177 963 4221 est.
996 4168 1373 4223 Fortitudinem
1401 4174 1539 4233 dico,
1566 4164 1718 4237 quam
1751 4185 1847 4236 ego
1877 4173 1925 4221 in
1953 4186 2036 4225 itte

478 4241 533 4306 et
562 4234 612 4285 in
651 4236 784 4290 meis
814 4239 1122 4306 custodiam,
1146 4245 1364 4294 relatam
1398 4259 1498 4294 non
1530 4234 1598 4291 ad
1626 4249 1692 4297 te.
1725 4234 1815 4291 scd
1841 4240 1903 4290 ad
1929 4257 2032 4293 tne.

472 4302 672 4377 tlzetera
726 4321 828 4377 non
857 4302 1129 4363 mutantur
1155 4351 1169 4375 ,
1214 4326 1380 4377 usque
1418 4312 1497 4364 Ne
1525 4310 1727 4360 occidtls
1753 4325 1854 4363 εοδ-
1883 4311 2033 4374 011οά

476 4375 530 4424 in
560 4374 657 4427 hac
684 4375 840 4431 etiam
870 4379 1099 4435 lectione
1130 4374 1373 4434 similiter
1406 4386 1761 4442 continuatur,
1794 4391 1847 4431 ut
1873 4396 1922 4432 iii
1947 4396 2036 4432 su-

473 4445 693 4565 peiiori,
721 4447 799 4501 sic
828 4450 1029 4503 scilicet
1060 4468 1071 4501 :
1104 4452 1351 4517 Quamvis
1400 4454 1506 4505 sint
1533 4449 1731 4501 inimici
1774 4454 1875 4502 tnei
1897 4489 1912 4512 ,
1952 4458 2028 4515 tu,

501 4516 701 4565 lumine
725 4556 740 4565 .
788 4534 849 4565 ne
880 4522 1080 4565 occidas
1110 4538 1211 4565 pas-
1251 4523 1304 4565 Et
1340 4537 1495 4565 titiam
1524 4518 1844 4565 ncnisimietn
1884 4523 2025 4565 anni-

501 4516 701 4589 lumine
725 4556 741 4580 ,
788 4534 849 4570 ne
880 4522 1080 4574 occidas
1110 4516 1211 4574 eos.
1251 4523 1307 4575 Et
1340 4537 1495 4589 quam
1524 4518 1845 4572 occisionem
1884 4523 2025 4573 acci-

477 4585 606 4659 νίδῖν
633 4589 974 4651 determinat,
1006 4593 1230 4653 scilicet,
1265 4608 1328 4644 ne
1360 4585 1653 4659 permittas
1702 4601 1756 4641 ut
1811 4591 1885 4643 illi
1935 4606 2026 4658 po-

477 4653 608 4731 puli,
658 4659 883 4724 gentiles
928 4660 1155 4726 scilicet,
1183 4653 1387 4731 quando
1418 4664 1537 4729 (pro
1566 4660 1869 4727 aliquando)
1919 4653 2026 4713 sci-

478 4725 622 4799 licet,
649 4725 1148 4799 cumannuntiabor
1172 4725 1292 4793 illis,
1320 4725 1675 4785 obliti—istantui'
1705 4725 1879 4799 populi
1904 4732 2024 4796 mei,

483 4796 661 4870 Idest,
695 4797 1005 4870 legisnieae.
1046 4801 1177 4854 Vera
1207 4804 1348 4855 enim
1380 4802 1677 4856 interiectio
1703 4796 1895 4853 amittat
1920 4812 2022 4865 est,

476 4862 716 4938 oblivisci
752 4862 843 4921 Dei
870 4870 950 4921 sui
977 4886 991 4933 ;
1017 4882 1067 4924 et
1096 4872 1221 4925 dicit
1252 4875 1369 4925 ideo
1399 4871 1660 4931 oblivisci,
1717 4873 1839 4937 quia
1871 4862 2024 4925 natu;-

472 4932 655 5010 Iaii-ler
683 4939 862 5010 omnis
887 4932 1049 4992 homo
1079 4944 1235 4995 habet
1262 4946 1612 5010 cognitionem
1648 4932 1756 4994 Dei.

550 5002 797 5073 Disperge
826 5009 959 5060 illos.
991 5012 1150 5074 Quasi
1180 5002 1363 5066 dicatv:
1393 5015 1457 5065 lit
1494 5022 1551 5065 ut
1582 5027 1684 5062 non
1707 5009 2026 5064 obliviscan-

470 5079 560 5125 tur
586 5077 708 5150 nivi,
743 5076 881 5150 ideo.
912 5080 1151 5141 Domine,
1181 5086 1323 5150 prius
1364 5084 1480 5135 illos
1532 5091 1912 5148 praesumentes
1958 5082 2027 5137 de

473 5158 572 5195 sua
598 5146 789 5220 virtute
818 5149 1066 5217 disperge,
1108 5155 1158 5206 in
1182 5146 1310 5219 'quo
1340 5146 1670 5220 dispergendi
1701 5161 1843 5216 sunt,
1879 5151 2025 5205 scili-

473 5224 560 5265 cet
608 5218 661 5267 in
693 5223 850 5281 malo,
880 5221 931 5272 in
958 5231 1137 5274 virtute
1178 5218 1282 5287 tua,
1314 5234 1359 5275 et
1390 5218 1584 5288 depone
1626 5236 1709 5275 eos
1738 5236 1830 5288 per
1854 5221 2027 5276 humi-

481 5292 680 5337 litatein
709 5288 853 5353 prius
873 5304 1082 5345 erectos
1105 5309 1196 5360 per
1223 5294 1547 5360 superbiam,
1579 5302 1656 5355 tu,
1678 5292 1815 5354 dico,
1849 5292 1899 5345 in
1926 5293 2025 5347 hoc

480 5363 732 5415 protector
762 5374 920 5423 meus,
952 5363 999 5414 id
1031 5373 1144 5427 cst,
1196 5380 1428 5418 ineorum
1458 5402 1473 5423 ,
1511 5382 1573 5415 ne
1606 5362 1794 5415 talibus
1815 5363 2025 5416 confor-

482 5435 713 5500 tiieittttr.
740 5428 804 5480 Et
832 5434 951 5497 quia
984 5445 1248 5498 protector
1277 5452 1355 5497 es,
1389 5437 1525 5495 ideo,
1550 5433 1789 5496 Domine,
1819 5435 2026 5499 depone

480 5497 740 5570 delictum
772 5515 871 5552 oris
900 5497 1072 5554 eorum
1093 5543 1107 5565 ,
1153 5521 1430 5557 seriitoncm
1468 5507 1711 5556 (abiciunt
1749 5497 1975 5570 ipsorum
2005 5545 2021 5568 ,

480 5577 700 5642 ttocest,
728 5568 806 5619 l'ac
830 5584 1039 5625 cessare
1067 5578 1533 5628 contradictioitein
1563 5588 1744 5626 eorum
1767 5568 2025 5629 adversus

478 5643 777 5712 formalem,
806 5651 851 5690 et
876 5643 1361 5708 comprehenduntur
1392 5645 1486 5709 ipsi
1522 5645 1744 5712 gentiles
1764 5646 1816 5694 in
1841 5657 2023 5711 super-

478 5698 559 5752 bia
585 5717 697 5768 sua,
730 5709 777 5759 id
805 5721 902 5774 est,
940 5698 1315 5781 ιε’ςοειιυειςιιιιι
1344 5698 1423 5768 ὅθ’
1446 5698 1711 5782 prtia-“>50.
1746 5714 1863 5780 (Ιυίθ
1890 5698 2023 5782 ὑπ’

2172 451 2334 505 bitrii.
2363 452 2432 505 Et
2462 454 2982 517 comprehendantur
3010 454 3072 505 de
3117 455 3481 517 exsecratione,
3510 456 3731 509 scilicet.

2168 522 2310 585 quod
2377 524 2726 577 christianum
2779 538 2970 576 nomen
3015 523 3344 577 exsecrabile
3399 524 3730 586 habuerunt;

2167 600 2215 643 et
2242 592 2309 645 de
2334 595 2622 656 mendacio,
2673 594 2894 654 scilicet,
2947 594 3088 661 quod
3121 594 3425 648 Creatorem
3476 605 3735 649 creature

2167 670 2602 729 postposuerttnt,
2656 664 2985 716 afﬁrmantes
3039 672 3343 716 creaturam
3388 681 3508 719 esse
3539 665 3733 726 Deum,

2167 729 2221 782 in
2248 747 2353 800 quo
2383 735 2587 786 mentiti
2621 742 2764 787 sunt.
2794 734 2856 787 Et
2876 733 3569 802 vereminprehendentur,
3604 736 3731 802 quia

2163 816 2215 852 in
2260 804 2694 855 consummatione
2747 801 3213 856 annuntiabuntur.
3264 801 3502 857 Gentiles
3529 801 3688 857 etiam
3719 846 3735 870 ,

2163 871 2294 923 sicut
2328 873 2395 924 de
2421 871 2621 927 ludat-is
2671 873 2813 939 prius
2868 874 3181 936 priedictutn
3235 883 3316 925 est
3344 914 3358 933 ,
3394 875 3513 937 ipsi.
3555 877 3677 927 dico
3708 916 3725 936 ,

2162 948 2311 994 entes
2340 943 2392 992 in
2418 945 2495 994 ira
2524 944 2994 1008 consummationis,
3046 942 3095 994 id
3143 951 3245 1004 est,
3284 942 3336 995 in
3379 957 3728 997 consumma-

2164 1024 2307 1065 tione
2339 1010 2499 1066 futuri
2525 1013 2734 1080 judicii,
2772 1029 2864 1078 per
2890 1013 3048 1083 ‘qttod
3092 1014 3613 1083 consumntahuntttr
3636 1055 3655 1082 ,
3682 1024 3730 1067 et

2162 1095 2262 1131 non
2290 1091 2438 1134 erunt
2469 1085 2606 1151 quod
2642 1086 2785 1145 prius
2814 1080 3047 1135 l'uerttiit.
3086 1080 3148 1132 Et
3184 1092 3307 1134 tunc
3327 1086 3502 1143 scient,
3549 1084 3600 1136 id
3622 1080 3731 1147 est,

2166 1151 2485 1223 intelligent,
2529 1153 2667 1223 quod
2710 1152 2845 1205 Deus
2889 1153 3232 1205 dominabitur
3258 1153 3641 1223 etiamdaeob,
3679 1155 3730 1208 id

2162 1230 2263 1278 est.
2288 1220 2614 1285 Judaeuruin,
2646 1234 2934 1280 tantorum.
2967 1224 3191 1284 scilicet,
3226 1221 3727 1287 prtevaricatomm,

2157 1301 2297 1354 quos
2317 1302 2540 1360 prorsus
2566 1295 2830 1359 rettulisse
2859 1292 3201 1350 videbantur,
3255 1294 3388 1343 sicut
3442 1304 3490 1344 et
3545 1294 3726 1358 ﬁniam

2162 1366 2330 1421 terrm,
2364 1361 2412 1412 id
2436 1370 2533 1425 est,
2565 1363 2860 1429 gentilium.
2898 1365 2960 1414 lit
2989 1376 3115 1415 vere
3137 1361 3484 1413 dominabitur
3510 1361 3672 1417 Jacob
3703 1406 3721 1424 .

2161 1430 2282 1491 quia
2310 1429 2544 1500 reliquiae
2573 1447 2637 1485 ex
2663 1431 2826 1485 Jacoh
2853 1433 3012 1486 salva:
3059 1432 3205 1484 lient.
3259 1430 3495 1500 Namque
3523 1449 3732 1486 conver-

2162 1507 2331 1551 tentur
2372 1499 2542 1554 Judrei
2595 1504 2661 1553 ad
2712 1518 2973 1572 uesperam
3003 1544 3021 1566 ,
3066 1503 3270 1553 scilicet
3321 1501 3374 1553 in
3410 1499 3728 1558 ’Antichrisli

2160 1575 2435 1636 tempore;
2483 1582 2529 1623 et
2557 1574 2798 1626 conversi
2831 1576 3085 1640 patiemur
3114 1573 3304 1639 famem
3352 1581 3406 1623 ut
3453 1589 3623 1635 canes,
3676 1577 3727 1626 id

2160 1647 2266 1699 est,
2294 1639 2364 1692 ita
2390 1640 2527 1693 avidi
2551 1652 2709 1695 erunt
2732 1639 3077 1695 convertendi
3109 1642 3265 1703 alzos,
3292 1651 3348 1693 ut
3388 1656 3547 1696 canes
3585 1646 3726 1696 avidi

2086 1733 2133 1793 Β
2163 1717 2298 1793 sunt.
2337 1709 2467 1793 cibi,
2515 1720 2562 1763 et
2624 1712 2746 1793 ideo
2795 1713 3077 1793 circuibunt
3120 1712 3390 1793 civitatein.
3440 1714 3726 1793 Sciendum

2158 1778 2298 1849 quod
2349 1777 2521 1833 tribus
2575 1784 2745 1835 modis
2807 1783 3002 1835 variari
3072 1790 3242 1849 potest
3296 1780 3725 1846 Convertentur,

2155 1846 2318 1911 istud,
2350 1859 2406 1901 et
2431 1851 2656 1915 primum
2704 1851 2906 1907 scilicet
2934 1869 2947 1904 :
2980 1861 3036 1905 ut
3067 1846 3291 1915 primum
3335 1852 3726 1907 Convertentur

2152 1917 2448 1986 accipiatur
2472 1921 2539 1974 de
2559 1920 2779 1985 iudicis,
2805 1932 2857 1976 et
2881 1923 3158 1976 conversis
3189 1924 3438 1987 primum,
3460 1930 3517 1975 et
3544 1922 3595 1975 in
3620 1923 3727 1977 line

2152 1990 2556 2059 convertetidis;
2597 2001 2652 2044 et
2690 1992 2829 2045 istud
2883 1992 2951 2046 de
2988 1990 3295 2059 gentilibus.
3346 1990 3436 2043 Vel
3482 1992 3609 2046 illud
3649 1996 3723 2048 de

2150 2055 2350 2113 ludatis
2382 2060 2550 2127 primo
2585 2066 2894 2125 conversis,
2926 2055 3140 2116 etistud
3171 2062 3239 2114 de
3268 2061 3373 2114 line
3400 2075 3720 2117 converten-

2150 2127 2253 2203 dis.
2285 2128 2377 2182 Vel
2403 2131 2691 2198 accipiatur
2714 2134 2780 2186 de
2797 2133 3044 2203 gentibus
3065 2170 3083 2199 ,
3111 2142 3165 2185 et
3190 2132 3326 2184 istud
3351 2131 3419 2187 de
3441 2131 3638 2188 ludatis
3658 2135 3719 2188 in

2151 2197 2257 2249 ﬁne
2283 2197 2672 2254 convertendis.

2225 2266 2334 2335 Ipsi
2371 2272 2742 2342 dispergentur.
2772 2272 3019 2327 Ostendit
3061 2271 3126 2326 ad
3163 2272 3289 2340 quid
3320 2272 3492 2327 Judaei
3527 2273 3578 2326 in
3611 2272 3719 2328 ﬁne

2148 2341 2515 2406 convertendi,
2542 2341 2646 2406 vel,
2686 2342 2974 2397 secuuduin
3015 2342 3299 2398 lectionem
3329 2346 3582 2410 priorem,
3608 2348 3719 2397 sint

2147 2411 2371 2475 gentiles
2395 2414 2657 2475 Conversi,
2688 2414 2971 2466 circuibunt
3014 2415 3286 2475 civitatem,
3320 2415 3506 2467 dicetis
3540 2432 3551 2466 :
3583 2414 3715 2479 Quia

2145 2479 2250 2543 ipsi
2276 2481 2632 2547 dispergentur
2681 2482 2777 2537 hac
2830 2494 2883 2538 et
2928 2485 3051 2538 illac
3077 2484 3143 2534 ad
3174 2484 3587 2536 manducandum
3607 2523 3625 2549 ,
3657 2487 3714 2537 id

2146 2562 2247 2609 BSt,
2280 2552 2343 2601 ad
2374 2551 2507 2603 alios
2537 2550 2635 2605 sibi
2661 2553 3125 2621 incorporandum.
3163 2553 3225 2606 Si
3254 2570 3366 2607 vero
3391 2570 3492 2606 non
3523 2556 3714 2621 [uerius

2144 2620 2363 2690 saturati
2393 2621 2729 2676 multitudine
2771 2620 3101 2677 credentium
3132 2663 3146 2682 .
3179 2623 3351 2677 allecti
3385 2620 3545 2676 taedio
3575 2640 3715 2690 pric-

2145 2688 2521 2759 varicatortim,
2549 2701 2595 2745 et
2625 2694 3007 2747 murmurabunt
3028 2734 3044 2756 ,
3078 2691 3163 2746 isti
3192 2732 3205 2753 ,
3236 2696 3461 2757 scilicet,
3496 2688 3661 2748 Judaei
3692 2738 3710 2759 ,

2145 2758 2197 2811 in
2225 2760 2349 2822 line,
2380 2759 2714 2834 sic_t_ttpatres
2742 2778 2926 2818 eorum
2974 2765 3117 2834 prius
3146 2763 3195 2816 in
3225 2763 3440 2820 deserto
3472 2758 3713 2821 murmué

2143 2839 2414 2909 ravernnt.
2451 2831 2537 2885 Vel
2569 2831 2987 2909 murmurabunt'
3018 2836 3266 2905 gentiles,
3295 2838 3434 2890 sicut
3455 2846 3513 2892 et
3533 2837 3704 2891 Judaei

2145 2904 2317 2968 primo
2340 2904 2581 2956 conversi
2620 2904 3108 2961 murmiiraveruiit.

2214 2970 2325 3040 Ego
2352 2984 2517 3024 autem
2561 2975 2795 3027 cantabo.
2838 2975 2939 3042 Ipsi
2993 2978 3205 3045 quidem
3258 2978 3694 3044 murmurabunt,

2144 3055 2236 3107 ego
2258 3053 2425 3094 autent
2454 3046 2704 3115 saturabo
2728 3060 2842 3109 eos,
2872 3048 2993 3115 quia
3026 3046 3238 3099 cantabo
3265 3047 3317 3099 in
3339 3048 3418 3100 eis
3442 3048 3705 3115 fortitudi-

2144 3126 2258 3163 nem
2305 3128 2519 3175 meam,
2589 3114 2639 3167 id
2703 3126 2824 3178 est,
2896 3114 3218 3169 laudabilem
3279 3117 3331 3169 in
3376 3114 3456 3170 eis
3522 3118 3709 3170 faciant

2145 3185 2499 3236 Constantiam
2527 3199 2576 3255 _a
2631 3194 2680 3237 te
2718 3186 2934 3250 datam,
2976 3188 3097 3255 quia
3156 3201 3185 3238 a
3235 3185 3345 3240 Deo
3397 3198 3708 3241 constantes

2145 3261 2299 3305 erunt
2331 3289 2347 3313 ,
2401 3253 2542 3320 quod
2606 3270 2791 3308 oumes
2838 3253 3078 3310 videntes
3124 3256 3413 3309 laudabunt
3460 3270 3711 3311 constan-

2147 3325 2269 3374 tiam
2322 3338 2529 3387 eoruin,
2575 3335 2628 3376 et
2679 3325 3013 3379 conforinare
3083 3343 3140 3379 se
3183 3329 3261 3379 eis
3306 3327 3636 3390 studebant,
3666 3340 3712 3380 et

2143 3407 2288 3444 mane
2314 3394 2476 3455 l'acto,
2508 3394 2732 3456 scilicet,
2766 3396 2816 3448 iu
2857 3396 3057 3461 judicio
3085 3396 3282 3455 loturo.
3312 3398 3529 3463 quando
3554 3413 3711 3450 verus

2141 3468 2218 3513 sol
2256 3464 2549 3531 illuccscet,
2577 3465 2861 3528 exsultatio,
2916 3466 2966 3519 id
3014 3476 3116 3531 est,
3149 3472 3474 3519 exSnItanter
3503 3482 3711 3519 annun-

2141 3534 2284 3585 tiabo
2311 3538 2391 3588 eis
2418 3536 2812 3587 misericordiam
2844 3547 3007 3590 tttam.
3043 3537 3264 3590 Prmmia
3289 3542 3429 3588 enim
3464 3538 3711 3589 declara-

2140 3601 2310 3668 bunt,
2343 3614 2593 3670 quantam
2640 3607 2956 3659 contulerim
3000 3612 3079 3659 eis
3120 3606 3565 3659 misericordiam.
3615 3609 3705 3660 \el

2140 3674 2296 3725 etiam
2358 3673 2411 3727 iii
2445 3677 2687 3741 priesenti
2740 3690 2893 3729 inane
2939 3678 3077 3729 facto
3100 3675 3150 3727 in
3172 3680 3273 3738 eis,
3296 3678 3383 3741 qui
3430 3692 3523 3741 per
3564 3679 3707 3739 ipsos

2138 3754 2538 3808 convertentur,
2564 3745 2798 3799 exaltabo
2830 3748 3221 3800 misericordiam
3268 3754 3429 3811 tuam,
3459 3750 3579 3813 quia
3614 3762 3710 3810 per

2141 3813 2241 3864 hoc
2267 3819 2541 3879 apparebit
2565 3854 2580 3878 ,
2602 3820 2740 3884 quod
2765 3818 3178 3871 iniseiictirditer
3206 3831 3324 3868 cum
3359 3819 3457 3875 illo.
3504 3820 3699 3883 egeris.

2212 3884 2343 3946 Quia
2373 3885 2533 3953 factus
2564 3902 2615 3937 es
2647 3899 2903 3956 susceptor
2930 3905 3091 3950 meus,
3115 3900 3157 3936 et
3184 3888 3439 3957 relugi'um
3463 3903 3630 3937 meum
3654 3891 3705 3938 in

2138 3952 2218 4005 die
2247 3952 2586 4008 tribulationis
2617 3972 2755 4008 meae.
2789 3952 2910 4009 ideo
2936 3960 3126 4009 metito
3168 3952 3318 4009 tuant'
3354 3958 3707 4020 fortitudinem

2136 4025 2375 4095 cantabo,
2404 4035 2453 4077 et
2482 4029 2877 4079 misericordiam
2924 4039 3062 4079 tuam
3108 4026 3340 4079 exultabo
3373 4068 3388 4087 ,
3422 4029 3544 4095 quia
3571 4038 3625 4077 tu
3656 4044 3707 4078 es

2137 4094 2299 4159 [actus
2328 4107 2587 4164 susceptor
2625 4112 2765 4148 meus
2789 4105 2843 4149 et
2872 4113 3141 4156 meorum,
3188 4108 3243 4148 ut
3296 4094 3455 4161 supra
3508 4100 3705 4149 dictum

2135 4178 2235 4222 est,
2269 4176 2318 4217 et
2346 4181 2396 4216 es
2427 4167 2680 4234 refugium
2711 4183 2876 4219 meum
2900 4176 2951 4219 et
2986 4183 3224 4219 meorum
3264 4176 3449 4217 contra
3489 4181 3702 4220 omnem

2135 4237 2474 4299 molestiam,
2505 4236 2559 4287 in
2604 4238 2683 4288 die
2723 4239 3080 4298 tribulationis,
3116 4238 3163 4288 id
3216 4247 3320 4296 est,
3362 4236 3415 4288 iit
3452 4238 3698 4302 praesenti

2135 4306 2266 4367 vita,
2301 4306 2408 4368 tibi,
2438 4306 2656 4365 scilicet,
2690 4321 2821 4373 οιιιις
2851 4318 2948 4367 est,
2987 4310 3107 4374 qua
3150 4306 3429 4359 imminent
3485 4307 3709 4359 tributa-

2140 4376 2311 4430 tiones
2341 4388 2390 4428 et
2420 4377 2833 4442 persecutiones,
2868 4389 2914 4428 et
2950 4394 3005 4427 e~
3041 4378 3246 4446 adjutor
3295 4393 3438 4446 meus
3479 4376 3529 4427 in
3571 4377 3707 4428 meis

2065 4448 2116 4508 D
2142 4447 2483 4507 perﬁciendo,
2514 4446 2733 4508 scilicet,
2772 4446 2910 4513 quod
2943 4445 3151 4501 iaciam.
3188 4446 3255 4497 Et
3298 4445 3419 4499 ideo
3448 4447 3536 4498 tibi
3566 4448 3709 4510 psal-

2136 4515 2240 4565 lam
2270 4518 2401 4567 bene
2430 4518 2717 4583 operando,
2749 4518 2867 4580 quia
2897 4525 2949 4568 tu
2980 4532 3029 4568 es
3066 4517 3197 4568 Deus
3238 4528 3497 4584 susceptor
3538 4532 3700 4568 meus.

2135 4585 2197 4636 Et
2244 4586 2361 4638 ideo
2414 4600 2473 4639 es
2516 4583 2653 4637 D.us
2709 4602 2879 4652 meus,
2918 4588 2967 4638 id
2998 4597 3098 4648 est,
3131 4587 3251 4638 ideo
3288 4595 3336 4638 te
3369 4583 3503 4637 iacio
3534 4584 3699 4637 Deum

2131 4670 2330 4706 unum.
2366 4657 2429 4708 Et
2472 4657 2686 4713 merito.
2717 4658 2836 4719 quia
2879 4669 2932 4707 ιιι
2983 4671 3043 4709 es
3099 4656 3453 4709 misericordia
3478 4671 3611 4714 mea,
3649 4658 3703 4708 id

2129 4734 2233 4787 est,
2267 4727 2516 4793 quidquid
2549 4729 2666 4775 bunt
2696 4742 2836 4787 suto,
2871 4742 2963 4792 per
2994 4737 3045 4779 te
3074 4742 3216 4779 sum.

2612 4815 2672 4867 IN
2718 4815 3043 4871 ΡδΑιΑιωι
3086 4815 3215 4869 LIX.

2132 4904 2187 4959 ιιι
2214 4906 2371 4959 linem
2401 4920 2498 4974 pro
2528 4905 2610 4957 liis
2637 4908 2724 4972 qui
2770 4907 3206 4967 imiitutabtintnr,
3247 4905 3298 4958 in
3352 4905 3485 4957 tituli
3513 4904 3707 4959 inscri-

2212 4977 2391 5043 ptione
2420 4979 2517 5041 ipsi
2564 4977 2724 5028 David
2777 4979 2827 5031 iii
2871 4978 3205 5037 doctrinam,
3253 4991 3373 5029 cum
3424 4980 3709 5029 succendit

2204 5046 2639 5113 Mesopotamiam
2670 5049 2838 5116 Syria:
2868 5055 2921 5100 et
2944 5047 3135 5112 Sobal,
3167 5058 3220 5099 et
3249 5048 3518 5100 convertit
3540 5044 3704 5109 Joab,

2200 5129 2251 5171 et
2284 5118 2545 5183 percussit
2571 5116 2856 5171 ldummam
2892 5118 2945 5171 in
2977 5119 3113 5171 valle
3138 5116 3453 5170 Saliuarum
3488 5117 3709 5169 duode-

2200 5189 2303 5241 cim
2336 5186 2519 5241 millia.

2716 5272 3095 5312 ARGUMENTUI.

2201 5327 2301 5381 Per
2337 5329 2615 5381 occasione
2640 5347 2667 5373 ιο
2699 5344 2809 5380 suae
2836 5333 3072 5380 victoria:
3110 5327 3529 5380 Macltahzeoruni
3558 5341 3701 5393 qun-

2128 5413 2231 5467 que
2287 5399 2580 5464 triuniphos
2630 5398 2885 5460 praedicit.
2936 5402 3102 5451 Aliter
3153 5412 3253 5451 vox
3301 5397 3704 5464 apostolorum,

2128 5468 2341 5537 quando
2369 5468 2609 5521 Cinisms
2641 5482 2826 5536 passus
2861 5478 2961 5521 est.

2732 5574 3091 5614 ειριλκλτπι

2204 5647 2266 5700 In
2314 5650 2464 5716 ﬁnem
2496 5651 2546 5701 in
2580 5650 2833 5702 Christum
2863 5647 3179 5702 Salvatorem
3208 5647 3353 5709 dicit,
3377 5644 3456 5698 his
3478 5646 3715 5716 qui_mu-

2133 5712 2391 5786 tabtiitiitr,
2423 5722 2513 5774 illo
2545 5721 2719 5786 utique
2754 5720 2905 5773 modo
2935 5734 3034 5787 quo
3061 5716 3336 5788 Apostolus
3364 5718 3483 5770 dicit
3504 5732 3523 5766 .·
3547 5712 3713 5768 Fuis-
