4010 6190
334 317 439 374 795

1008 315 1069 372 ΙΝ
1112 315 1524 373 PSAMIORU“
1565 314 1818 371 LIBRUM
1860 312 2212 370 EXEGESIS.
2254 343 2325 357 —
2365 315 2606 370 PSALM.
2650 313 2782 370 LIX.

3468 314 3572 372 τοι

329 436 398 488 tis
419 433 699 496 aliquando
742 431 986 492 tenebrae,
1031 449 1166 484 nunc
1222 443 1388 484 autem
1431 433 1523 485 tua:
1563 432 1615 483 in
1650 430 1891 486 Domino.
1923 433 1972 494 Α
1999 443 2136 500 nurrc
2159 437 2330 500 autem
2367 430 2459 483 tua:
2495 430 2548 482 in
2578 430 2820 482 Domino.
2852 429 3278 500 Commutantur,
3329 432 3568 500 inquam,

337 505 441 570 Qui
471 504 686 570 qualiter
713 503 779 555 ad
801 505 930 552 hunc
954 503 1105 562 ﬁnem
1129 505 1312 553 mutari
1333 503 1551 562 valeant,
1585 516 1896 570 consequen-

336 569 413 627 ter
442 569 730 644 eapgnitur.
766 570 830 623 In
862 572 994 644 tituli
1036 573 1371 644 inscriptione
1388 571 1563 644 David
1602 569 1897 644 in_doctri-

329 661 472 696 nam.
506 640 686 697 'Tituli
731 642 1064 704 inscriptione
1110 641 1292 694 .lesum
1333 641 1588 694 Christum
1639 640 1896 706 signiﬁcat

329 730 519 780 regm.
561 713 650 768 Sir
679 728 798 780 ergo
828 722 1113 774 mu'eatur,
1164 722 1240 768 ut.
1284 713 1564 763 deserentes
1613 711 1890 780 diabolum,

333 779 465 849 Regi
493 783 694 836 Christo
718 783 848 834 colla
878 781 1193 833 submittant.
1229 781 1292 834 In
1341 782 1643 843 doctrinam,
1668 779 1891 849 addidit,

332 846 528 906 scilicet
553 892 571 917 ,
601 852 944 903 Christianam
965 893 978 910 ,
1012 853 1130 914 quia
1170 870 1270 904 non
1300 851 1476 917 sufﬁcit
1501 851 1756 904 Christum
1796 847 1896 900 Re-

328 939 440 991 gem
471 926 698 983 credere,
744 923 789 974 si
838 938 938 972 non
978 924 1094 991 ejus
1133 933 1179 975 et
1210 926 1441 975 doctrina
1487 929 1726 991 servetur.
1768 918 1896 991 Cum

328 988 587 1047 succendit
623 988 1035 1058 Mesopotamiam
1069 990 1238 1058 Syria,
1272 1000 1314 1042 et
1349 991 1553 1059 Syriam
1586 989 1763 1044 Sobal.
1804 988 1896 1042 lla:

328 1065 553 1118 victoriae
599 1060 762 1113 David
811 1062 1116 1129 triumphum
1167 1061 1357 1114 Christi
1385 1065 1447 1113 de
1488 1060 1716 1127 gentibus
1770 1059 1895 1110 insi-

329 1144 511 1186 nuant.
545 1133 683 1196 Ouas
715 1132 831 1199 igne
860 1149 963 1184 sua'
988 1132 1249 1184 cliaritatis
1293 1130 1660 1198 inﬂammando
1683 1169 1696 1188 ,
1737 1145 1894 1199 regno

328 1204 524 1262 antiqui
553 1203 728 1258 hostis.
759 1217 902 1265 quem
950 1203 1210 1254 Ad-idezer
1259 1201 1534 1269 signiﬁcat.
1582 1200 1895 1269 eripuit,g_et

330 1288 439 1324 sum
473 1272 588 1337 ﬁdei
619 1271 910 1323 tributarias
941 1273 1078 1338 fecit.
1116 1273 1248 1333 Qu’a
1287 1267 1415 1324 enim
1445 1269 1621 1337 Syria,
1652 1285 1764 1337 qua:
1788 1267 1895 1320 Ile-

332 1343 503 1395 braice
527 1345 663 1394 Aron
693 1342 898 1399 dicitur.
933 1354 976 1394 et
1017 1343 1374 1400 interpretatur
1407 1340 1670 1398 sublimis,
1701 1355 1893 1393 super-

337 1412 474 1465 bium
517 1412 813 1479 gentilitatis
848 1414 1070 1464 insinuat
1121 1411 1256 1462 Duas
1290 1411 1454 1477 Syriae
1484 1421 1655 1476 gentes
1684 1423 1892 1460 succen-

331 1485 430 1542 dit,
461 1484 549 1550 qui
575 1481 838 1552 gentilium
869 1490 1006 1545 lacta
1037 1483 1225 1546 pariter
1269 1491 1315 1532 et
1355 1483 1490 1532 dicta
1539 1481 1790 1552 correxit,
1839 1487 1892 1529 ut

330 1556 422 1606 uni
450 1569 564 1606 vero
600 1552 722 1616 Regi
755 1551 872 1616 ﬁdei
899 1560 944 1602 et
967 1552 1134 1616 operis
1177 1554 1255 1602 sui
1290 1553 1475 1602 tributa
1532 1551 1888 1616 persolverent.

331 1623 404 1675 Et
429 1624 667 1675 convertit
702 1619 860 1677 Joab.
896 1631 940 1673 et
967 1623 1211 1688 percussit
1252 1619 1416 1672 Edam
1445 1621 1494 1671 in
1526 1621 1654 1671 valle
1681 1619 1894 1672 Salina-

331 1709 442 1744 rum
466 1692 755 1745 duodecim.
787 1690 950 1743 Vallis
979 1691 1275 1744 Salinarum
1302 1731 1315 1750 ,
1349 1706 1461 1757 quae
1505 1689 1748 1743 Ilebraice
1791 1688 1892 1741 Ge-

331 1762 462 1815 mela
488 1770 716 1824 voratur,
765 1762 1020 1826 inﬁrmam
1053 1773 1400 1827 terrenamque
1435 1760 1731 1827 sapientiam
1754 1759 1818 1812 de
1843 1760 1888 1810 i-

331 1845 456 1901 gua!
488 1876 501 1892 ,
557 1849 656 1902 qua
709 1841 757 1883 et
798 1833 1060 1902 gentilium
1094 1830 1542 1902 ῃΙρίΙοεορΙιὶανρι
1588 1828 1890 1882 Judteorum

330 1900 612 1970 pertinacia
632 1910 807 1954 contra
829 1900 1080 1954 Christum
1110 1912 1366 1963 armatur;
1391 1901 1479 1955 sed
1508 1911 1740 1968 utraque.
1771 1915 1897 1953 con-

329 1989 472 2025 verso
493 1971 643 2033 Joab,
671 1970 756 2034 qui
778 1973 1137 2040 interpretatus
1159 1982 1234 2023 est
1267 1970 1447 2040 Pater,
1477 1971 1531 2021 id
1553 1981 1644 2032 est,
1676 1971 1898 2040 instante

331 2043 628 2109 diligentius
646 2041 760 2104 ﬁdei
774 2043 997 2107 doctore,
1020 2044 1309 2109 percutitur.
1339 2039 1508 2092 Potest
1533 2056 1650 2108 ergo
1665 2039 1892 2104 Gemela,

331 2116 452 2170 quia
479 2111 822 2166 ldumccorum
849 2113 986 2177 regio
1033 2121 1140 2170 est,
1189 2128 1419 2179 saperent
1467 2115 1689 2164 scientia:
1740 2114 1899 2179 genti-

333 2185 400 2236 lis
430 2184 671 2236 indicare.
705 2180 808 2234 Sed
837 2183 1017 2236 melius
1038 2181 1100 2234 de
1127 2180 1327 2234 Iudicis
1351 2183 1402 2233 iu
1434 2181 1535 2248 [ine
1579 2183 1751 2234 sceculi
1798 2197 1899 2236 cre-

334 2253 519 2307 dituris
546 2251 812 2321 accipitur,
858 2254 934 2321 vel
969 2263 1174 2321 prapter
1215 2251 1478 2304 duodecim
1509 2252 1671 2304 millia
1701 2253 1768 2300 ad
1809 2269 1898 2304 nu-

332 2340 525 2375 merum
555 2318 864 2384 triumphum
907 2318 1089 2378 Israel.
1120 2322 1199 2374 vel
1225 2335 1431 2392 propter
1480 2338 1658 2374 nomen
1708 2321 1895 2381 Edam,

328 2395 418 2453 qui
457 2392 668 2445 .ludtros
707 2408 840 2461 stupe
867 2393 1143 2463 significat.
1172 2392 1318 2445 Uade
1346 2402 1393 2444 et
1430 2392 1521 2443 sub
1545 2394 1657 2452 eius
1674 2408 1896 2463 persona

329 2465 396 2516 de
423 2464 528 2516 illis
554 2463 742 2516 dicitur
765 2460 787 2517 :7
813 2480 830 2512 t
871 2460 933 2514 Et
965 2465 1132 2525 maior
1159 2463 1333 2516 serviet
1363 2463 1566 2514 minori.
1609 2479 1627 2512 ι
1667 2460 1896 2525 Populus

328 2550 455 2600 ergo
485 2534 571 2587 ille
605 2534 688 2598 qui
718 2537 779 2587 de
805 2533 982 2592 priscis
1005 2533 1259 2584 erroribus
1292 2543 1512 2585 mutatus
1537 2533 1602 2582 ad
1631 2533 1779 2596 fidem
1801 2543 1891 2593 est,

329 2604 498 2670 primo
517 2603 684 2669 capite
710 2602 963 2673 supplicat
987 2612 1038 2654 ut
1067 2612 1176 2666 post
1205 2603 1556 2671 afﬂictionem.
1573 2619 1722 2668 quam
1745 2603 1896 2655 sutis-

331 2674 566 2740 faciendo
595 2690 772 2738 passus
801 2683 904 2734 est,
936 2674 1162 2738 beneﬁcii
1202 2674 1422 2724 novitate
1460 2687 1744 2740 repare-‘ur.
1802 2673 1898 2724 Se-

329 2744 520 2806 cundo,
549 2745 846 2800 interposito
889 2745 1174 2810 diapsalma
1198 2760 1224 2795 e
1242 2783 1257 2804 ,
1285 2756 1429 2804 roqat
1459 2751 1513 2794 ut
1542 2755 1652 2810 post
1685 2743 1896 2795 tribula-

330 2814 494 2865 tiones
531 2830 659 2881 quas
691 2815 896 2882 pertulit
927 2814 1209 2865 deducatur
1245 2830 1275 2863 a
1320 2811 1538 2864 Domino
1579 2812 1631 2864 in
1662 2813 1894 2864 munitis-

323 2885 509 2935 simam
556 2885 800 2935 civitatem
821 2926 834 2943 ,
867 2895 1035 2948 petens
1064 2885 1312 2935 auxilium
1349 2885 1444 2936 sibi
1472 2884 1535 2935 de
1573 2885 1898 2936 tribu-’a’ione

329 2954 561 3018 concedi,
595 2955 734 3024 quod
759 2955 853 3007 soli
883 2953 1102 3006 Domino
1125 2954 1368 3020 probatur
1397 2970 1504 3007 esse
1526 2953 1788 3013 possibile.

892 3087 1320 3129 COMMENTAR'US.

2001 499 2051 550 in
2085 497 2221 550 tituli
2253 499 2676 563 inscriptionem,
2725 500 2904 563 idest,
2964 515 3056 568 per
3104 499 3224 565 hoc,
3269 497 3563 566 quia'cnn-

1995 568 2248 639 scribitur
2273 573 2352 639 eis
2383 569 2564 622 titulus
2599 569 2924 623 confirmans
2954 579 3008 624 et
3030 572 3169 637 ipsos
3197 585 3413 638 regnum
3444 571 3562 639 ejus

1994 647 2046 709 et
2077 637 2247 709 ipsum
2275 638 2468 706 Regem
2501 639 2580 692 eis
2607 679 2622 699 .
2651 641 2770 706 quia
2795 639 2904 706 jam
2949 637 3273 694 transierunt
3302 640 3370 694 de
3401 637 3564 709 regno

1995 705 2190 759 diaboli
2224 707 2274 760 in
2300 705 2522 771 regnum
2555 705 2754 762 Christi
2779 705 2807 771 ,ί
2826 709 2892 762 de
2919 719 3176 770 potestate
3217 705 3556 764 tenebrarum

1998 776 2049 827 in
2077 791 2292 844 regnum
2330 777 2480 837 lucis,
2511 789 2564 833 et
2593 789 2986 832 commutantur
3015 779 3113 846 ipsi
3149 780 3309 832 David
3361 782 3412 831 in
3461 781 3558 832 do-

1993 846 2242 907 ctrinam,
2266 846 2314 899 itl
2340 857 2440 911 est,
2463 858 2518 900 ιιι
2543 848 2836 901 doceantur
2865 865 3058 901 novam
3091 851 3274 911 vitam,
3316 848 3518 901 sailicet
3545 892 3561 913 ,

1996 930 2098 967 non
2131 915 2242 984 jam
2271 917 2374 970 sibi
2411 919 2607 983 vivere,
2656 920 2748 971 sed
2787 919 2858 971 illi
2891 918 2976 979 qui
3010 935 3101 979 pro
3133 919 3380 971 omnibus
3422 933 3563 970 mor-

1998 995 2116 1036 tuus
2141 996 2245 1039 est.
2278 987 2404 1052 Quae
2434 991 2779 1041 coturnatatio
2804 988 2934 1039 facta
2961 998 3064 1049 est.
3100 1005 3218 1042 cum
3253 989 3364 1052 ipse
3393 987 3560 1042 David

1991 1058 2251 1107 succendit
2316 1055 2740 1119 Mesopotamiam
2795 1057 2964 1126 Syria:
2997 1098 3011 1120 ,
3069 1067 3125 1112 et
3163 1067 3379 1112 caetera.
3438 1058 3581 1111 Ilaac’

1994 1127 2342 1195 commutatio
2377 1126 2510 1181 facta
2540 1136 2622 1179 est
2655 1143 2746 1193 per
2773 1128 2944 1195 ignem
2985 1137 3040 1181 et
3073 1143 3167 1195 per
3209 1127 3438 1195 gladium
3493 1129 3561 1180 ab

1994 1193 2085 1246 illo
2115 1194 2297 1260 David,
2329 1198 2440 1263 qui,
2474 1206 2527 1249 ut
2564 1193 2909 1262 Evangelium
2944 1193 3188 1263 testatur,
3216 1193 3264 1249 in
3298 1197 3559 1250 mundum

1993 1265 2170 1337 attulit
2193 1265 2365 1337 ignem
2394 1276 2447 1319 et
2475 1267 2725 1333 gladium.
2763 1268 2861 1321 Per
2908 1269 3078 1330 ignem
3111 1269 3321 1337 quidem
3355 1282 3456 1320 non
3481 1268 3559 1337 vri—

1992 1334 2221 1406 sibilem.
2253 1336 2344 1388 sed
2377 1351 2469 1400 per
2495 1337 2767 1406 charitatis
2795 1352 3054 1392 amorem.
3083 1334 3177 1391 llic
3203 1346 3284 1392 est
3315 1338 3448 1406 ignis
3472 1336 3560 1390 ille

1991 1402 2058 1456 de
2081 1419 2187 1468 quo
2211 1409 2321 1472 ipse
2349 1407 2476 1457 dicit
2509 1423 2520 1458 :
2556 1404 2734 1470 Ignem
2781 1409 2892 1460 veni
2931 1408 3127 1461 mittere
3169 1409 3222 1460 in
3265 1402 3472 1470 teriam,
3511 1416 3557 1458 et

1991 1475 2115 1541 quid
2145 1475 2280 1546 volo,
2311 1476 2407 1546 nisi
2435 1485 2490 1528 ut
2518 1478 2692 1529 ardeat
2720 1479 2744 1530 ?
2773 1477 2880 1530 Hoc
2913 1478 3036 1546 igne
3078 1479 3352 1532 succendit
3381 1477 3554 1530 Meso-

1995 1543 2278 1609 potamiam
2306 1543 2496 1614 Syrim,
2520 1559 2574 1601 et
2602 1547 2808 1616 Syriam
2851 1543 3033 1602 Sobal.
3070 1548 3443 1613 MeSOpotamia
3470 1556 3553 1616 est

1992 1627 2116 1679 pars
2158 1615 2349 1682 Syriae,
2376 1625 2430 1670 et
2460 1613 2835 1677 interpretatur
2874 1618 3075 1669 elevata
3123 1619 3361 1680 vocatio;
3404 1613 3557 1683 Syria

1994 1696 2125 1756 vero
2155 1684 2439 1756 sublimis,
2461 1702 2552 1750 per
2593 1687 2732 1752 quod
2782 1687 3152 1756 signiﬁcantur
3181 1689 3348 1740 vocati
3379 1688 3443 1738 de
3466 1685 3558 1740 Ju-

1996 1751 2126 1806 dasis
2153 1794 2168 1819 ,
2206 1755 2306 1824 qui
2363 1755 2509 1818 prius
2561 1756 2753 1810 elevati
2807 1751 2962 1810 erant
2984 1773 3011 1808 a
3047 1757 3152 1811 Deo
3179 1773 3274 1824 per
3298 1756 3557 1809 culturam

2000 1824 2162 1894 unius
2202 1823 2313 1888 Dei,
2345 1835 2396 1878 et
2428 1839 2520 1891 per
2546 1824 2688 1894 leges
2711 1833 2766 1878 et
2796 1841 2890 1892 per
2921 1823 3242 1894 prophetas;
3291 1827 3384 1880 sed
3433 1825 3556 1892 quia

1999 1891 2054 1961 in
2085 1892 2166 1944 his
2189 1894 2254 1945 de
2291 1907 2350 1947 se
2399 1891 2826 1961 praesumebant,
2877 1891 3131 1950 sublimes
3178 1895 3336 1950 etiam
3381 1891 3570 1947 erant;

1995 1959 2158 2033 Sobal
2195 1978 2402 2031 quoque
2431 1979 2558 2017 vana
2603 1959 2822 2018 vetustas
2867 1965 3270 2033 inlerpretatur,
3301 1979 3394 2032 per
3417 1964 3554 2032 quod

1998 2031 2296 2087 idololatrte
2325 2033 2391 2088 de
2419 2035 2667 2104 gentibus
2689 2031 3059 2104 designantur,
3083 2038 3205 2102 quia
3234 2031 3366 2089 nihil
3392 2031 3558 2101 magis

2002 2115 2195 2155 vanum
2247 2113 2330 2157 est
2378 2104 2427 2156 in
2472 2113 2736 2159 vetustate
2760 2146 2774 2161 .
2806 2120 2963 2172 quam
2994 2117 3288 2160 creaturam
3315 2104 3554 2159 Creatori

1999 2185 2332 2237 praeponere,
2351 2181 2405 2226 et
2423 2183 2722 2227 creaturam
2749 2175 3016 2228 Creatoris
3039 2176 3156 2229 loco
3177 2178 3430 2234 adorare;
3465 2175 3558 2226 scd

1999 2248 2175 2312 tamen
2200 2242 2317 2309 quia
2346 2246 2481 2295 inter
2510 2245 2639 2297 istos
2683 2244 2894 2312 quidam
2929 2246 3158 2300 maxime
3184 2243 3252 2299 de
3282 2244 3556 2298 nobilitate

1999 2311 2192 2376 ingenii
2218 2322 2270 2364 et
2298 2313 2542 2366 libertate
2567 2311 2770 2368 arbitrii
2798 2355 2812 2376 ,
2846 2325 2902 2368 ut
2931 2315 3077 2369 Plato
3103 2327 3157 2370 et
3197 2315 3286 2368 alii
3317 2315 3551 2381 philoso-

2000 2382 2086 2445 phi
2111 2382 2659 2455 superbiebant,_ideo
2694 2385 2743 2437 hi
2773 2385 2935 2439 etiam
2969 2385 3144 2455 Syria,
3177 2385 3226 2438 id
3259 2393 3361 2445 est,
3392 2383 3559 2438 sutili-

1997 2462 2339 2524 mesueraut.
2362 2453 2480 2524 δρα
2511 2453 2764 2524 Dominus
2797 2455 2893 2508 hos
2924 2453 3175 2524 utrosque
3205 2456 3402 2509 utiliter
3431 2469 3557 2507 suc-

1995 2521 2174 2576 cendit
2202 2521 2322 2590 igne
2344 2523 2643 2577 dilectionis
2676 2525 2764 2578 Dei
2800 2535 2854 2578 et
2895 2521 3120 2592 proximi
3149 2565 3164 2588 ,
3207 2536 3260 2578 et
3306 2526 3382 2577 sic
3409 2538 3560 2577 com-

1996 2593 2238 2664 mutavit.
2302 2592 2502 2647 Dicitur
2551 2605 2729 2647 antem
2782 2597 3212 2664 aiqiiiliusdam,
3264 2595 3405 2662 quod
3457 2607 3558 2664 per

1997 2661 2428 2730 Mesopotamiam
2478 2664 2652 2734 Syria:
2706 2663 3064 2734 intelligantur
3095 2661 3295 2718 Vocati,
3322 2672 3425 2717 tam
3460 2661 3552 2715 'de

1996 2734 2245 2798 gentibus
2271 2747 2428 2800 quam
2458 2733 2834 2795 dedudwiget
2858 2733 2951 2801 per
2975 2737 3307 2788 vocationem
3337 2734 3549 2792 elevati,

1997 2812 2050 2855 et
2081 2802 2149 2872 ita
2183 2803 2400 2865 elevati,
2455 2805 2594 2872 quod
2642 2807 2898 2859 sublimes
2944 2805 3062 2858 lacti
3095 2815 3216 2858 sunt
3248 2819 3337 2871 per
3363 2817 3509 2868 spem
3537 2817 3552 2862 ζ

1997 2887 2092 2939 per
2122 2871 2326 2942 Syriam
2358 2871 2486 2926 vero
2511 2873 2671 2928 Sobal
2695 2916 2709 2937 .
2735 2889 2884 2927 vante
2929 2877 3174 2928 vetustati
3206 2875 3432 2926 maxime
3461 2872 3554 2924 de-

1998 2941 2126 3012 diti,
2168 2941 2232 2996 et
2278 2949 2479 2996 tantum
2528 2958 2622 3012 per
2676 2946 3004 2999 vocationem
3054 2945 3304 3000 sublimes
3357 2944 3411 2996 in
3460 2955 3556 3010 Spe

1997 3010 2140 3066 facti.
2172 3013 2420 3076 Sequitur
2449 3030 2460 3064 :

2069 3081 2136 3134 Et
2182 3083 2419 3154 convertit
2466 3081 2616 3136 lculi.
2672 3083 2803 3138 Joab
2857 3085 3232 3152 interpretatur
3265 3083 3558 3154 patera,ch

411 3162 562 3221 Deus,
591 3164 829 3228 repulisti
853 3175 898 3217 et
921 3165 1218 3219 destruxiin
1239 3181 1350 3229 nos,
1381 3165 1538 3222 iratus
1563 3183 1615 3220 es
1634 3176 1681 3220 et
1716 3167 1893 3221 miser-
1923 3127 1968 3188 C
1998 3151 2342 3229 ίῖιίητίευδεβί
2368 3157 2415 3205 ί¹¹
2458 3154 2555 3206 hac
2581 3127 3014 3229 00T""”3'i__"?'
3033 3127 3322 3229 9"““555
3343 3127 3424 3229 δέ
3445 3152 3554 3229 ille:

326 3242 411 3284 tus
449 3249 499 3283 es
528 3234 691 3287 nobis.

401 3303 608 3355 Titulus
641 3312 723 3356 est
753 3321 764 3353 :
798 3301 862 3357 In
893 3304 1043 3370 finem
1093 3305 1172 3356 his
1216 3308 1304 3373 qui
1362 3307 1805 3360 commutabuntur
1839 3309 1894 3362 in

328 3374 470 3424 tituli
495 3375 837 3438 inscriptione.
873 3374 970 3433 ipsi
1004 3373 1164 3427 Dat-id
1192 3376 1242 3428 in
1271 3378 1553 3429 doctrinam
1579 3419 1592 3437 ,
1627 3393 1738 3429 cum
1781 3395 1894 3430 suc-

323 3443 498 3495 cendit
545 3443 960 3508 Mesipntamiam
994 3443 1180 3505 Suritr.
1223 3458 1270 3497 et
1320 3445 1500 3504 Sobal.
1555 3457 1601 3500 et
1652 3453 1893 3502 comurt'l

325 3511 464 3563 Joab
489 3553 502 3567 .
535 3524 580 3564 et
623 3515 864 3580 prrcussit
897 3511 1074 3566 Edam.
1101 3517 1150 3568 in
1193 3515 1326 3569 valle
1350 3517 1652 3570 Salinarum
1699 3519 1892 3572 duode-

326 3586 427 3633 cim
460 3584 637 3634 millia.

407 3652 462 3704 In
489 3655 584 3705 hoc
612 3652 836 3717 Psahno,
870 3653 954 3706 vel
983 3653 1035 3706 in
1065 3655 1218 3707 titulo
1241 3656 1393 3722 hujus
1424 3656 1608 3719 psilmi
1638 3656 1883 3711 referun-

332 3731 416 3771 tur
445 3723 685 3788 quautam
709 3723 988 3776 victoriosa
1016 3725 1196 3786 David,
1217 3743 1333 3793 quae
1354 3729 1572 3779 veniens
1595 3728 1644 3780 in
1670 3743 1886 3789 regnum

331 3802 455 3847 tust
495 3805 719 3844 mortem
743 3793 919 3848 Saulis
949 3797 1300 3860 persecutoris
1328 3796 1409 3850 sui
1443 3795 1564 3849 fecit
1587 3839 1600 3856 ,
1642 3796 1888 3852 inimicos

335 3876 465 3912 suos
492 3862 833 3922 debellanda.
858 3875 909 3917 et
932 3878 1027 3916 eos
1049 3867 1356 3919 tributarios
1399 3866 1654 3919 faciendo.
1685 3867 1812 3919 Nam
1835 3877 1889 3920 et

303 3933 869 3995 antepersecutiunem
901 3948 989 3986 rex
1041 3943 1194 3994 erat,
1247 3936 1366 4000 quia
1427 3936 1476 3988 in
1518 3937 1675 3988 domo
1727 3939 1886 4000 patris

329 4010 522 4071 unctus
551 4002 736 4063 luerat,
765 4002 855 4054 sed
879 4003 975 4056 soli
992 4000 1099 4056 Deo
1121 4005 1508 4071 cngnituserat.
1527 4004 1710 4056 Postea
1735 4021 1882 4068 Vero,

330 4070 612 4142 inanilesto
642 4087 823 4134 regno,
852 4083 904 4124 et
929 4070 1204 4126 evidenter
1233 4085 1450 4139 accepto
1469 4115 1485 4138 ,
1535 4075 1630 4128 has
1659 4085 1842 4142 gentes
1867 4115 1882 4137 ,

330 4140 404 4191 tle
433 4141 622 4211 qu'bus
653 4143 833 4211 titulus
859 4144 950 4203 ait,
981 4143 1287 4198 debellavit.
1316 4145 1416 4198 Sed
1439 4140 1882 4211 quemadmodum

330 4209 678 4274 propheticus
705 4209 930 4270 Spiritus
958 4213 1007 4264 in
1053 4214 1216 4267 titu'is
1263 4209 1582 4281 psalmorum
1637 4217 1772 4268 solet
1817 4217 1884 4269 ab

327 4281 681 4351 expressione
711 4291 975 4351 gestarum
1007 4298 1183 4335 rerum
1215 4284 1595 4351 aliquantulum
1620 4289 1831 4338 deviare
1864 4325 1880 4350 ,

325 4359 382 4420 et
416 4347 561 4412 aliud
588 4365 742 4414 quam
769 4349 984 4403 historia
1019 4347 1318 4407 inveniatur
1342 4355 1554 4418 addere,
1579 4365 1634 4406 ut
1658 4371 1749 4420 per
1781 4347 1882 4409 hoc

323 4417 518 4491 doceat
548 4420 763 4484 ﬁguram
794 4422 960 4484 magis
989 4423 1328 4476 insistentlam
1356 4438 1474 4476 esse
1505 4417 1880 4491 quam'allego-

1996 3223 2063 3292 de
2092 3239 2196 3287 quo
2225 3223 2423 3276 dictum
2469 3231 2586 3276 est:
2656 3223 2753 3277 Vos
2782 3239 2843 3277 ea:
2871 3224 3072 3277 diabolo
3101 3235 3244 3292 patre
3289 3225 3427 3276 estis.
3458 3225 3555 3286 Qui

1995 3291 2135 3345 idem
2181 3295 2425 3358 antiquus
2459 3293 2626 3346 hostis
2650 3293 2858 3345 humani
2890 3291 3105 3358 generis
3126 3304 3224 3356 est,
3265 3296 3386 3360 quia
3414 3296 3557 3360 prin—

1993 3376 2119 3423 caps
2147 3364 2324 3414 mundi
2351 3366 2488 3414 lorus
2516 3364 2714 3431 ejectus
2743 3374 2844 3418 est.
2882 3364 2969 3416 Vel
3004 3364 3246 3416 inimicus
3267 3379 3552 3415 Conversus

1991 3441 2092 3492 est,
2124 3436 2334 3498 quando
2356 3433 2524 3499 quivis
2553 3450 2613 3485 ex
2647 3433 2858 3487 inimico
2889 3436 3110 3495 amicus,
3140 3451 3202 3488 ex
3227 3433 3385 3501 impio
3408 3435 3547 3501 pius,

1991 3517 2053 3554 ex
2087 3501 2281 3554 iutideli
2308 3502 2478 3555 tidelis
2506 3503 2668 3556 lactus
2690 3513 2791 3557 esu

2064 3569 2128 3622 Et
2150 3572 2393 3639 percussit
2423 3571 2605 3626 Edam.
2641 3573 2904 3628 Hactenus
2933 3573 3000 3627 de
3022 3573 3430 3628 commutatione
3457 3588 3554 3643 per

1992 3641 2165 3710 ignem
2195 3644 2328 3695 tacta
2356 3657 2370 3705 ;
2404 3658 2543 3697 nunc
2566 3646 2736 3708 agitur
2765 3645 2831 3698 de
2854 3647 3266 3697 commutatione
3297 3645 3427 3699 facta
3461 3641 3556 3709 iu-r

1991 3712 2262 3780 gladium,
2312 3728 2413 3766 non
2463 3729 2554 3778 per
2606 3714 2823 3777 ferrum,
2868 3715 2958 3768 sed
3013 3730 3106 3782 per
3156 3715 3549 3782 praedicatious

1991 3785 2231 3852 verbum.
2291 3782 2669 3852 Interpretatur
2713 3796 2886 3837 autem
2923 3785 3086 3838 Edam
3133 3793 3379 3845 terrenus,
3407 3792 3460 3838 et
3487 3798 3551 3837 ex

1991 3851 2090 3903 hoc
2115 3867 2330 3923 magnas
2357 3851 2464 3907 Deo
2487 3857 2682 3920 gratias
2704 3855 2960 3907 debemus
2979 3869 3157 3923 agere,
3205 3854 3344 3922 quod
3371 3869 3553 3920 percu-

1989 3927 2104 3974 tere
2132 3922 2182 3973 iu
2228 3922 2380 3976 nobis
2424 3924 2645 3977 verbum
2696 3922 3084 3990 praidicatiouis
3120 3934 3348 3978 veterem
3382 3923 3557 3976 horni-

1989 4005 2108 4042 nem
2138 3991 2384 4056 dignatus
2415 4005 2517 4060 est,
2551 4003 2607 4046 ut
2651 4009 2841 4046 novum
2893 3993 3260 4049 induerenms.
3315 3992 3377 4046 Et
3422 3994 3554 4046 sicut

1986 4062 2293 4181 patl'lavt'mus
2317 4063 2592 4133 imaginem
2618 4066 2885 4130 terrestris,
2912 4065 2983 4116 ita
3004 4075 3257 4134 portemus
3280 4064 3555 4136 imaginem

1986 4146 2057 4181 ca:
2082 4148 2219 4181 estis.

1985 4146 2219 4184 ccclesiis.

2060 4201 2122 4255 In
2150 4203 2279 4274 valle
2304 4203 2621 4258 Salinarum.
2649 4204 2841 4258 Salinre
2871 4214 2995 4259 sunt
3025 4207 3249 4268 lacuum.
3277 4206 3330 4260 in
3361 4204 3555 4274 quibus

1985 4284 2118 4339 aqua
2150 4273 2351 4327 marina
2380 4290 2498 4329 cum
2533 4291 2678 4330 mare
2708 4276 2899 4341 reﬂuit,
2926 4277 2978 4330 in
3002 4294 3153 4330 usum
3182 4279 3308 4331 salis
3350 4273 3552 4329 retine-

1987 4353 2093 4397 tur.
2129 4343 2192 4395 Et
2221 4355 2392 4410 potest
2419 4347 2700 4413 dupliciter
2727 4345 2828 4399 hoc
2849 4349 2971 4409 dici,
2997 4349 3200 4400 scilicet
3226 4347 3307 4400 vel
3338 4360 3552 4410 percus—

1985 4415 2056 4466 sit
2089 4414 2280 4476 Edom,
2315 4416 2458 4482 prius
2488 4418 2712 4482 positum
2748 4418 2796 4468 in
2827 4418 2960 4468 valle
2989 4416 3311 4477 Salinarum.
3364 4416 3414 4468 id
3446 4425 3549 4478 est,

326 4488 484 4557 riam,
513 4479 830 4555 iit‘supprius
865 4479 916 4544 ii.
944 4493 1171 4557 quintam
1199 4493 1348 4544 ιίιηιο
1369 4479 1566 4546 uicini“
1594 4505 1695 4554 εει,
1717 4479 1878 4548 υθῖηα
1911 4479 1957 4536 D
1987 4485 2036 4557 in
2069 4479 2411 4557 depressione
2437 4479 2864 4557 amaritudinum.
2901 4487 3056 4539 Vallis
3083 4486 3222 4540 enim
3241 4555 3247 4557 _
3266 4488 3551 4557 depressus

328 4555 645 4629 immutasse
701 4559 896 4612 vultum
951 4555 1101 4614 auum
1157 4576 1335 4616 coram
1396 4562 1720 4629 Abimelech,
1759 4579 1879 4616 eum

325 4625 552 4678 historia
591 4629 732 4680 dicat
759 4631 928 4695 potius
956 4645 1074 4684 eum
1104 4630 1434 4684 immutatum
1489 4648 1666 4685 coram
1707 4625 1883 4688 ’Acltis

323 4696 617 4768 regeGeth
645 4714 658 4760 ;
700 4701 766 4751 ita
816 4709 868 4751 et
898 4700 948 4751 in
981 4701 1080 4752 hoc
1111 4702 1260 4754 titulo
1287 4703 1478 4766 aliquid
1511 4704 1751 4768 additur,
1780 4719 1884 4768 quo

321 4765 395 4834 ad
424 4765 568 4818 aliud
614 4782 940 4830 moneantur,
971 4771 1087 4834 quia
1123 4773 1208 4824 ltili
1238 4765 1389 4824 l'ortia
1437 4770 1570 4826 faeta
1604 4765 1762 4824 David
1793 4765 1884 4828 ie-

323 4832 592 4896 feruntur,
629 4838 756 4889 nihil
793 4832 1123 4892 succensisse
1156 4842 1361 4904 legitur,
1393 4842 1530 4904 quod
1580 4855 1777 4895 tantum
1830 4844 1881 4896 in

323 4904 434 4979 hoc
483 4907 634 4979 titulo
680 4907 908 4959 maxime
981 4913 1307 4973 proponitur.
1370 4911 1687 4979 Allegorizun
1755 4928 1884 4977 ergo

323 4975 503 5038 potius
536 4974 618 5027 hic
648 4992 803 5042 quam
857 4978 1128 5031 historiam
1181 4974 1512 5033 insistamus:
1554 4982 1676 5033 llruc
1724 4974 1881 5036 verba

320 5042 629 5118 referuntur
657 5050 706 5098 in
739 5048 917 5110 tinem,
952 5048 999 5099 id
1046 5058 1147 5109 est,
1195 5050 1258 5102 ad
1308 5050 1573 5102 Christum
1607 5067 1699 5116 per
1727 5068 1880 5118 quem

319 5112 504 5165 ninnis
536 5114 682 5166 latior
724 5128 903 5168 noster
951 5120 1180 5182 timetur,
1236 5120 1484 5172 attributa
1523 5112 1754 5184 liis-quia
1783 5137 1880 5174 vox

320 5198 514 5233 eorum
547 5195 624 5234 est
656 5186 742 5250 qui
778 5187 964 5250 partim
1009 5190 1317 5240 commutati
1346 5202 1487 5251 sunt,
1537 5200 1590 5242 et
1643 5204 1881 5243 commu-

320 5261 529 5313 tantur.
560 5263 614 5305 et
641 5259 706 5303 tle
734 5257 816 5305 die
862 5256 913 5307 in
959 5257 1096 5308 diem
1148 5259 1613 5311 ciuumutnbuntur
1643 5275 1744 5312 nun
1772 5261 1880 5322 jam

318 5322 584 5382 i-ulpanda
618 5325 929 5384 mutatione,
956 5327 1049 5376 sed
1086 5327 1370 5379 laudanda.
1415 5329 1534 5381 Ilum
1561 5329 1701 5380 enim
1735 5345 1882 5381 coni-

320 5392 648 5463 unitatioues
679 5403 840 5456 sunt,
872 5395 1036 5445 altera
1067 5395 1322 5447 laudanda
1356 5438 1370 5458 ,
1405 5398 1566 5450 altera
1598 5400 1875 5463 culpanda.

315 5461 683 5513 Clitlltllulallt)
711 5464 833 5514 Ada-
867 5465 962 5514 l‘uit
991 5464 1270 5528 culpanda,
1304 5480 1422 5531 qua!
1454 5467 1549 5519 luit
1575 5469 1641 5520 de
1673 5461 1772 5520 vita
1815 5470 1877 5522 ad

317 5539 551 5604 lltttt'ltellt
581 5531 645 5582 de
670 5531 771 5596 inst
795 5534 860 5583 tia
893 5535 954 5604 ad
983 5531 1389 5600 iiijiistitiain,ile
1414 5535 1615 5588 deliciis
1644 5538 1872 5604 paradisi

318 5599 387 5674 ad
417 5599 649 5674 laborem
679 5605 872 5655 exsilii.
901 5603 1022 5655 Iliun
1042 5599 1221 5656 autem
1260 5609 1606 5674 emuniutatio
1626 5599 1653 5668 ,’
1685 5611 1749 5659 de
1778 5624 1878 5674 qua

320 5670 632 5744 tiic_agitur,
660 5683 744 5724 est
782 5673 1435 5744 commutatiqlautlanda,
1469 5691 1623 5742 quam
1648 5688 1698 5731 et
1733 5670 1878 5744 Apo—

315 5739 490 5793 stolas
522 5743 857 5798 conuuendat
878 5740 1297 5798 dicenszfuistis
1326 5739 1598 5813 aliquando
1633 5739 1868 5816 tenebru',

1986 4547 2264 4617 locus-est,
2297 4547 2367 4609 et.
2397 4558 2448 4609 iu
2479 4559 2591 4609 sale
2639 4556 2878 4624 quaedam
2913 4557 3210 4609 amaritudo
3238 4547 3547 4622 intelligitur

1985 4625 2178 4678 inesse.
2213 4626 2278 4678 Et
2311 4627 2618 4694 intelligitur
2645 4641 2737 4692 per
2766 4626 2865 4680 hoc
2889 4636 3172 4694 utrumque
3197 4627 3550 4694 peregrinatio

1984 4709 2012 4745 a
2043 4698 2206 4760 patria
2233 4711 2376 4758 vera,
2407 4713 2521 4763 qutc
2551 4694 2777 4749 obnoxia
2808 4707 2889 4748 est
2919 4699 3082 4748 variis
3108 4695 3549 4748 amaritudinibus

1987 4765 2254 4818 vitiorum.
2285 4765 2370 4817 Vel
2400 4766 2655 4830 perCussit
2687 4765 2871 4826 Edoni,
2904 4775 2960 4817 ut
2985 4777 3124 4818 esset
3156 4767 3206 4817 in
3251 4767 3382 4817 valle
3406 4767 3546 4818 Sali-

1986 4850 2192 4894 naruiu,
2219 4835 2266 4884 id
2299 4842 2396 4896 est,
2426 4835 2475 4887 in
2511 4835 2803 4886 humilitate
2849 4837 3050 4898 sapida.
3089 4835 3249 4889 Vallis
3275 4837 3416 4888 enim
3450 4839 3546 4887 liu-

1985 4903 2259 4956 tnilitatem
2292 4905 2569 4971 signiﬁcat,
2602 4915 2650 4956 et
2682 4905 2760 4956 sal
2794 4903 2950 4957 habet
2979 4920 3242 4972 saporem.
3277 4907 3369 4959 Est
3413 4921 3541 4958 vero

1986 4972 2256 5025 humilitas
2277 4975 2374 5026 alia
2399 4977 2600 5044 sapida,
2634 4973 2733 5024 alia
2765 4972 3010 5042 insipida.
3041 4980 3092 5028 Si
3119 4978 3235 5044 quis
3265 4978 3406 5030 enim
3442 4992 3538 5040 pro

1985 5044 2208 5095 terrenis
2239 5043 2562 5115 liumiliatur,
2582 5043 2630 5095 id
2653 5052 2763 5115 gest,
2796 5047 3077 5098 tribulatur
3104 5043 3160 5099 et
3186 5049 3540 5115 atigiistiatttr,

1983 5123 2041 5165 ut
2070 5122 2390 5167 mercatores
2428 5113 2602 5166 solent
2645 5113 2840 5177 facere,
2884 5115 2972 5168 illa
3004 5113 3280 5169 humilitas
3316 5115 3542 5182 insipida

1982 5194 2063 5235 est
2089 5197 2104 5247 ;
2157 5185 2202 5236 si
2230 5183 2347 5251 quis
2377 5199 2500 5236 vero
2532 5198 2626 5250 pro
2655 5187 2870 5238 internis
2902 5184 3102 5237 laborat
3131 5196 3184 5239 et
3235 5187 3536 5244 tribulatur.

1984 5251 2096 5319 ipse
2121 5255 2385 5319 sapienter
2415 5253 2740 5308 humiliatur.
2769 5257 3050 5316 Percussit,
3082 5257 3317 5324 inquam,
3353 5255 3541 5314 Edoni,

1982 5332 2035 5374 et
2059 5338 2427 5388 percussorum
2461 5325 2968 5378 lueruutduodccim
2997 5325 3180 5378 millia.
3217 5325 3540 5378 Millenarius

1984 5409 2236 5448 numerus
2268 5391 2530 5454 perlectus
2557 5404 2636 5446 est
2667 5405 2716 5446 et
2744 5394 3010 5462 signiﬁcat
3061 5395 3442 5461 perfectionem
3490 5393 3543 5446 iu

1981 5462 2318 5516 commutatis
2346 5479 2435 5530 per
2465 5464 2601 5516 hanc
2629 5467 3040 5527 percussionem.
3080 5465 3364 5517 Duodecim
3397 5479 3543 5528 vero,

1981 5534 2119 5598 quod
2165 5545 2370 5586 Constat
2400 5548 2464 5585 es
2498 5544 2723 5598 quatuor
2751 5544 2804 5586 et
2847 5543 2929 5586 ter
2975 5532 3026 5585 in
3070 5548 3127 5585 se
3157 5536 3540 5602 multiplicati-,

1981 5602 2243 5671 signiﬁcat
2270 5603 2464 5655 milites
2486 5603 2624 5664 illos,
2658 5604 2707 5655 id
2739 5614 2840 5663 est,
2875 5603 3157 5657 duodecim
3190 5606 3458 5672 apostolos
3486 5614 3537 5656 et

1980 5687 2315 5726 successores
2345 5685 2550 5733 eorum,
2578 5685 2671 5739 per
2684 5687 2817 5737 quos
2835 5675 2946 5727 huic
2976 5677 3246 5740 percussio
3275 5675 3405 5727 facta
3438 5685 3536 5728 est.

1983 5745 2112 5809 Quia
2160 5756 2287 5797 vero
2337 5743 2436 5794 tria
2507 5751 2562 5796 et
2613 5752 2840 5812 quatuor
2897 5743 3207 5814 simpliciter
3261 5758 3542 5815 coupmcta
