4010 6190
491 287 596 341 ’79Ξί

989 288 1186 342 ΒΕΟᾹΞ
1230 289 1679 344 VENERABILIS
1717 289 1866 343 OPP.
1911 287 2082 340 l’AllS
2124 287 2183 339 ΙΙ.
2225 287 2416 342 SEC'I'.
2461 288 2522 341 ll.
2563 318 2635 329 —
2672 287 2880 344 DUBIA
2921 288 3008 343 ET
3043 288 3320 346 SPURIA.

3638 298 3744 352 796

494 421 698 478 septem
723 412 1072 470 constituunt,
1117 425 1210 474 per
1251 410 1349 461 hoc
1381 409 1708 470 signiﬁcatur
1728 407 2060 474 septil'urmis
2096 412 2129 461 Α
2163 405 2304 478 ρνὶτιηι
2329 424 2360 458 a
2381 407 2511 474 facie
2541 422 2710 478 arcus,
2734 415 2788 458 ut
2812 405 3086 478 liberentur
3116 405 3290 458 dilecti
3313 415 3628 478 muscarum
3663 417 3743 470 [σε

492 484 658 550 gratia
680 481 908 542 Spiritus
931 480 1118 541 sancti,
1137 495 1397 547 perquam
1423 480 1650 544 gladius,
1671 480 1722 550 id
1743 489 1818 531 est
1837 479 2058 531 verbum

495 549 885 616 pra’dirationis
912 551 963 600 in
1011 553 1104 601 hac
1139 550 1478 610 percussione
1507 559 1590 602 est
1615 549 2014 602 administratns
2043 564 2059 602 :

498 638 590 687 per
611 632 835 680 quatuor
855 619 1087 688 quidem.
1116 619 1253 686 qttod
1286 622 1334 672 in
1363 629 1587 673 onatnor
1611 619 1788 671 mundi
1822 619 2059 680 partibus

497 695 565 743 sit
595 690 725 743 facta
758 691 1186 749 demonstratur;
1219 705 1312 750 per
1343 690 1439 742 tria
1485 706 1632 748 vero.
1667 690 1806 750 quod
1831 690 2058 743 maxime

494 777 587 824 per
615 761 964 820 Cognitionem
991 771 1188 814 sancta»
1215 760 1511 813 'I‘riuitatis.
1530 760 1674 810 Nunc
1696 761 1759 811 ad
1795 759 2054 822 psalmum

495 831 788 882 veniamus.
828 829 936 881 Vox
987 840 1068 882 est
1096 831 1380 882 salubritu-r
1408 844 1798 892 percussorum.
1833 837 1887 881 et
1917 831 2057 882 utili-

491 909 574 953 ter
602 914 968 953 successorum
1018 916 1044 950 a
1081 902 1238 952 David
1270 901 1553 953 orantium.
1590 909 1646 950 ιιι
1687 900 1810 964 qttid
1836 900 1940 950 vuid
1990 903 2059 952 sit

487 973 553 1021 de
587 971 858 1032 temporali
906 971 1198 1022 salvatione
1227 984 1478 1023 aeternam
1523 980 1913 1031 consequantur
1944 971 2054 1024 sal-

491 1041 778 1101 vationem,
827 1048 881 1092 et
935 1039 998 1092 ad
1059 1041 1196 1093 idem
1245 1041 1500 1093 orandum
1535 1055 1630 1091 nos
1659 1039 2052 1093 exhortandum

486 1120 646 1175 atque
667 1110 986 1163 dicentium:
1025 1109 1157 1163 Deus
1190 1111 1361 1170 Ρηιμιι,
1397 1113 1474 1162 vel
1524 1112 1661 1162 ltens
1698 1110 1945 1168 Verbum,
1975 1111 2052 1163 vel

491 1179 630 1234 Deus
650 1179 941 1245 Trinitatis,
991 1197 1082 1234 nos
1109 1184 1174 1233 ab
1204 1182 1508 1235 ammnitate
1536 1179 1761 1246 paradisi
1795 1195 1888 1247 per
1920 1195 2054 1246 prte-

488 1251 863 1304 varicationem
898 1252 1400 1317 tttmlegisejectos,
1456 1260 1510 1302 et
1561 1252 1611 1302 in
1665 1251 1802 1301 valle
1851 1253 2053 1303 erroris

485 1323 620 1372 tnale
645 1320 843 1385 locatos
869 1323 1098 1386 repulisti
1128 1323 1353 1388 quadam
1400 1321 1447 1374 vi
1479 1322 1545 1372 ab
1572 1335 1755 1373 errore
1778 1333 1979 1382 nostro,
2007 1331 2052 1373 et

487 1407 578 1443 nas
611 1392 747 1443 male
776 1401 1111 1445 constructus
1134 1395 1182 1444 in
1215 1392 1376 1444 veteri
1400 1391 1736 1444 aninmsitate
1755 1390 2054 1443 destruxisti

486 1461 621 1513 bona
656 1462 1033 1518 destructione.
1068 1476 1116 1514 ιιι
1150 1462 1404 1516 educares
1431 1461 1481 1512 in
1515 1460 1748 1513 novitate
1779 1461 1918 1523 vitae,
1953 1463 2051 1513 hoc

485 1542 566 1582 est
615 1532 663 1583 in
710 1547 839 1583 nova
867 1534 1124 1585 charitate
1168 1545 1218 1585 et
1250 1532 1558 1585 humilitate.
1599 1530 1768 1583 Iratus
1813 1547 1864 1584 es
1901 1543 2052 1582 tetu-

486 1601 606 1650 Stati
647 1613 864 1666 nostra),
912 1613 964 1656 et
992 1603 1317 1668 miserando,
1346 1602 1668 1656 conferendo
1699 1603 1850 1656 nobis
1898 1602 2050 1655 novi-

482 1680 666 1724 tatem.

2167 477 2370 527 dextera
2401 486 2509 532 tua.
2546 477 2608 530 Et
2636 477 2776 536 ideo,
2812 476 3054 547 Domine,
3089 490 3232 547 seca.
3266 492 3378 541 ure,
3405 476 3633 547 ﬂagella,
3660 482 3743 537 fac

2164 547 2414 612 quidquid
2447 547 2498 599 in
2529 549 2772 613 praesenti
2807 544 2896 599 tibi
2927 545 3137 598 videtur
3184 544 3251 598 de
3279 562 3386 609 me,
3439 544 3497 600 et
3541 553 3625 615 fac
3659 569 3741 606 me

2164 616 2356 668 salvum
2397 618 2448 668 in
2493 618 2701 669 dextera
2751 627 2858 669 tua.
2890 616 3050 682 Quasi
3087 616 3257 669 dicat:
3307 616 3420 670 Non
3470 631 3590 676 peto
3627 638 3656 672 ει
3692 634 3743 677 le

2162 687 2488 750 Corporalem
2511 688 2762 748 aliquam.
2787 688 2866 739 vel
2890 687 3234 751 temporalem
3264 688 3613 742 salvationem
3639 709 3651 742 :
3673 693 3741 747 de

2163 755 2251 806 illa
2283 759 2352 809 sit
2380 761 2516 822 quod
2551 759 2639 810 tibi
2672 757 2914 825 placeat;
2963 757 3057 810 sed
3094 766 3213 821 peto
3245 767 3298 808 ιιι
3330 760 3381 810 in
3426 757 3604 810 futuro
3635 779 3742 816 non

2161 825 2403 878 inveniar
2435 830 2571 880 inter
2606 827 2785 878 ltzedos
2831 826 2897 880 ad
2953 828 3247 889 sinistram,
3277 829 3370 880 sed
3405 832 3544 882 inter
3572 845 3740 893 agnos

2159 896 2223 947 ad
2278 900 2572 950 dexteram.
2624 899 2680 950 Et
2723 899 2771 949 in
2811 897 2911 951 hoc
2953 896 3142 951 exaudi
3188 912 3294 948 me.
3352 898 3476 951 Ideo
3535 909 3738 954 tantuut

2163 966 2473 1019 liducialito-r
2499 967 2622 1020 dicit
2670 965 2904 1027 Exaudi,
2942 968 3062 1034 quia
3095 967 3402 1033 plerumque
3431 971 3604 1022 sancti
3636 973 3738 1027 viri

2161 1051 2254 1099 pro
2272 1039 2535 1091 corporali
2555 1038 2866 1090 liberatione
2889 1047 3097 1099 rogant,
3113 1037 3204 1088 sed
3229 1054 3331 1108 non
3355 1041 3740 1108 exandiuntur,

2157 1109 2294 1164 quod
2319 1123 2422 1159 non
2447 1107 2612 1159 estad
2650 1109 3006 1172 insipientiam
3028 1107 3132 1171 eis,
3158 1107 3277 1172 quia
3306 1123 3409 1161 non
3437 1107 3738 1165 exaudiuit;

2158 1185 2242 1228 tnr
2270 1180 2332 1228 ad
2365 1179 2714 1241 voluntatem,
2740 1177 2831 1232 sed
2864 1179 2928 1230 ad
2972 1177 3288 1233 utilitatem:
3315 1179 3742 1246 quotie~0unqne

2158 1261 2285 1319 vero
2315 1261 2410 1312 pro
2443 1257 2638 1319 a-terna
2671 1258 2858 1318 rogant
2909 1249 3227 1310 salvattone.
3267 1265 3372 1302 non
3419 1259 3594 1319 potest
3642 1268 3739 1308 eos

2161 1317 2299 1368 Dens
2324 1332 2426 1368 non
2450 1318 2724 1371 exaudire.

2229 1384 2362 1439 Deus
2390 1388 2590 1441 locutus
2615 1397 2686 1440 est
2715 1390 2765 1440 in
2793 1395 2966 1440 sancto
3005 1403 3131 1442 suo:
3174 1388 3383 1441 (mtabor
3409 1398 3459 1441 et
3507 1393 3739 1456 partibor

2156 1455 2436 1510 Sicltimam
2463 1500 2477 1518 ,
2549 1467 2594 1510 ct
2664 1458 2942 1511 convallem
3008 1460 3447 1511 tabernaculorum
3501 1455 3736 1519 metibor.

2155 1526 2292 1580 Vere
2311 1529 2489 1580 salvus
2521 1527 2640 1581 liam
2677 1529 2726 1582 in
2758 1530 2995 1581 dextera.
3021 1529 3147 1582 Nam
3183 1529 3320 1582 Deus
3347 1529 3501 1582 Pater
3525 1533 3735 1589 loeutus

2153 1608 2269 1657 est.
2323 1598 2371 1650 id
2423 1607 2525 1664 est,
2566 1597 2678 1668 jtm
2732 1600 2980 1667 promisit
3031 1600 3171 1652 illam
3223 1602 3565 1653 salvationem
3600 1606 3730 1658 mihi

2155 1677 2341 1720 sancto
2366 1683 2482 1729 suo.
2514 1668 2564 1721 id
2591 1680 2693 1733 est,
2729 1672 2779 1720 in
2829 1669 2916 1721 illo
2960 1670 3010 1722 in
3042 1684 3148 1737 quo
3193 1668 3371 1723 fallere
3403 1686 3511 1723 non
3546 1675 3732 1736 potuit.

555 1739 874 1794 Commovisti
897 1755 1096 1796 terram.
1131 1753 1175 1796 et
1197 1742 1508 1796 conturbasti
1535 1759 1682 1806 eam;
1709 1757 1834 1794 sana
1855 1743 2048 1795 contri-
2085 1751 2128 1808 Β
2161 1737 2296 1790 Deus
2321 1739 2462 1792 enim
2485 1748 2600 1792 erat
2626 1742 2675 1791 itt
2701 1737 2914 1793 Christo
2938 1741 3189 1792 mundum
3218 1739 3315 1793 sibi
3341 1742 3691 1796 reconcilians
3714 1763 3732 1809 ;

480 1810 638 1862 tiones
660 1813 788 1872 eius.
816 1814 934 1880 quia
961 1825 1211 1866 commota
1230 1825 1320 1866 est.
1351 1816 1478 1875 lloc,
1515 1814 1747 1877 inquam.
1776 1815 1932 1863 ntodo
1954 1819 2044 1865 dc-

480 1882 712 1934 struxisti
741 1899 848 1940 nos.
883 1884 1000 1947 quia
1033 1884 1236 1937 scilicet
1279 1885 1591 1937 commovisti
1617 1895 1824 1945 terram,
1867 1883 2042 1944 idest,

483 1953 846 2006 terrenitatem
895 1963 1154 2017 nostrain,
1187 1953 1368 2007 audito
1423 1951 1807 2017 pra‘dictttionis
1856 1956 2040 2006 verba.

483 2020 709 2074 Interim
741 2037 833 2086 per
861 2035 1192 2090 peccatorum
1225 2024 1626 2078 conscientiam.
1660 2032 1706 2076 et
1733 2023 2046 2076 conturbasti

477 2107 589 2143 cam
619 2093 1047 2152 exterius.t-tiam
1072 2109 1237 2162 usque
1255 2094 1318 2146 ad
1343 2094 1672 2161 corporalem
1702 2092 2044 2147 alﬂictiunent

480 2176 574 2227 per
601 2162 982 2228 paenitentiam.
1005 2165 1141 2226 Ergo
1159 2180 1283 2217 sana
1316 2166 1366 2216 in
1398 2164 1750 2229 re,sicutjam
1774 2166 1968 2216 sanasti
1993 2168 2041 2218 in

476 2249 579 2304 spe
599 2234 923 2289 contritiones
948 2237 1078 2304 ejus,
1111 2236 1160 2287 id
1183 2245 1264 2288 est
1309 2229 1546 2287 miserias
1574 2244 1627 2288 et
1657 2234 2043 2297 tribulationes,

475 2303 666 2368 quibus
693 2305 904 2357 assidue
929 2303 1035 2373 ipsa
1067 2309 1345 2359 terrenitas
1374 2317 1552 2356 nostra
1585 2306 1876 2356 conteritur
1901 2306 2043 2358 intus

472 2381 529 2423 et
569 2374 818 2427 exterius.
872 2377 1018 2428 llnde
1064 2378 1378 2430 Apostolus:
1431 2373 1497 2428 Et
1529 2374 1580 2428 si
1617 2379 1837 2428 exterior
1875 2384 2046 2428 noster

476 2441 624 2494 homo
650 2452 1012 2514 corrumpitur,
1032 2447 1239 2499 interior
1266 2456 1431 2498 tamen
1459 2448 1517 2496 de
1545 2446 1627 2497 die
1655 2446 1706 2497 in
1740 2446 1875 2496 diem
1895 2460 2045 2500 reno-

472 2523 639 2567 vatur.
666 2513 728 2566 Et
751 2513 912 2568 debes
936 2532 1146 2576 sanare.
1173 2517 1293 2582 quia
1325 2518 1661 2573 commeruit,
1680 2515 1779 2567 hoc
1798 2525 1878 2568 est
1901 2515 2041 2582 quod

475 2584 622 2641 dcit,
673 2586 792 2647 quia
841 2595 1092 2638 commota
1148 2597 1238 2638 est.
1295 2587 1459 2637 Sonat
1491 2585 1853 2648 Evangelittm,
1887 2595 2042 2637 sonat

478 2653 869 2714 pra-dicationis
894 2658 1110 2709 verbum
1135 2673 1148 2714 '.
1172 2656 1410 2722 quisquis
1442 2669 1545 2707 non
1574 2660 1960 2710 commovetur.
1991 2656 2040 2707 id

471 2734 545 2770 est
575 2738 677 2775 tton
700 2728 1066 2793 cttllll-‘ungiltlr
1095 2726 1324 2778 stimulis
1350 2725 1707 2788 canetzientiat,
1729 2734 1784 2778 et
1811 2725 2043 2780 Stimulis

478 2793 819 2848 timuitentie.
867 2798 1114 2865 Quisquis
1142 2809 1323 2862 pectus
1354 2812 1456 2848 non
1503 2795 1692 2854 tundit,
1737 2809 1840 2848 non
1874 2797 2041 2864 lacry-

475 2877 611 2926 mas,
644 2879 748 2917 non
795 2868 1060 2921 orationes
1089 2867 1277 2930 fundit,
1311 2867 1556 2933 indignus
1585 2875 1668 2919 est
1695 2867 1891 2929 sanati,
1919 2868 2038 2931 quia

477 2934 703 3005 prirnum
757 2948 836 2988 est
897 2946 954 2989 ut
999 2949 1211 3004 peccata
1266 2947 1443 2988 nostra
1479 2951 1761 3005 purgemus
1792 2951 1884 2998 per
1913 2952 2042 2988 con-

469 3002 708 3055 sr-icntim
729 3002 1187 3072 rompnnrtionem
1204 3002 2036 3070 etconitignam'satislactionem,

469 3073 663 3125 deinde
690 3085 746 3128 nt
778 3078 1079 3141 patientiam
1132 3079 1421 3130 habeamus
1469 3085 1650 3128 contra
1699 3076 2036 3130 tentatiunes.

467 3142 597 3206 Quia
643 3145 771 3199 dicit
803 3148 1052 3200 Salomon
1088 3165 1100 3199 :
1136 3144 1264 3211 Fili,
1294 3147 1533 3198 accadens
1573 3147 1639 3196 ad
1689 3146 2037 3212 disciplinam,

467 3223 546 3286 sta
575 3214 627 3265 in
656 3217 835 3286 timcre
851 3230 896 3270 et
925 3227 1162 3279 tremore,
1178 3230 1222 3270 et
1250 3233 1484 3286 prarpara
1515 3231 1601 3268 cor
1623 3225 1764 3268 tuum
1790 3218 1858 3268 ad
1881 3227 2043 3271 tenta-

467 3282 744 3356 tt'anesaEt
791 3287 980 3356 Petrus
1008 3291 1108 3341 ait:
1146 3282 1354 3354 Oportet
1396 3298 1449 3339 ut
1476 3286 1729 3356 judicium
1762 3287 1968 3350 incipiat
2007 3305 2042 3341 a

467 3353 618 3406 domo
647 3354 756 3409 Dei.
785 3355 846 3411 Si
874 3371 1042 3412 autem
1080 3375 1111 3410 tt
1141 3353 1283 3410 nobis
1309 3353 1530 3415 initium,
1570 3359 1681 3419 quis
1710 3356 1826 3418 ﬁnis
1851 3360 1945 3410 erit
1974 3357 2040 3408 il-

466 3422 628 3475 lorum
651 3427 736 3491 qui
775 3426 1054 3495 Evangelia
1101 3445 1202 3482 non
1242 3427 1611 3482 crediderunt?
1649 3426 1708 3481 Si
1751 3427 1926 3494 justus
1955 3428 2039 3481 via:

465 3494 759 3568 salvebitur.
788 3494 1023 3568 peccator
1045 3510 1090 3552 et
1117 3500 1302 3568 impius
1325 3498 1409 3551 ubi
1433 3496 1717 3567 parebunt?
1743 3498 1805 3550 Et
1831 3497 1930 3552 hoc
1956 3507 2040 3555 est

464 3565 604 3628 quod
631 3566 760 3619 dicit
785 3565 799 3620 ὲ

538 3633 815 3692 Ostendisti
848 3641 1034 3704 papula
1075 3650 1160 3693 tuo
1203 3641 1363 3702 dura,
1407 3637 1592 3704 potasti
1630 3653 1721 3690 nos
1743 3640 1860 3689 vlno
1899 3653 2036 3690 com-

465 3705 772 3769 punctianis.
829 3708 983 3774 Quod
1040 3711 1120 3764 sic
1161 3709 1498 3764 continuatur
1537 3727 1548 3761 :
1589 3707 1709 3761 Ideo
1750 3707 1870 3760 dicit
1908 3723 2035 3760 sana

465 3776 812 3848 contritiones,
841 3781 961 3845 quia
988 3782 1068 3835 sic
1099 3797 1231 3848 opus
1275 3789 1394 3843 est;
1426 3794 1545 3831 nam
1578 3784 1630 3830 ttt
1655 3777 1916 3829 ostendisti
1943 3793 2036 3844 per

463 3852 515 3919 te
563 3844 733 3919 ipsum
763 3844 954 3917 populo
979 3851 1088 3919 jam
1122 3844 1206 3905 tuo
1251 3852 1476 3911 scilicet,
1527 3849 1813 3902 salubriter
1842 3848 1960 3919 igne
1981 3856 2037 3900 et

459 3914 637 3978 gladio
659 3914 931 3974 devastata
955 3914 1089 3975 dura
1121 3923 1204 3976 hic
1231 3937 1352 3977 esse
1383 3919 1647 3985 patienda.
1683 3919 1894 3985 Magnas
1925 3917 2034 3970 Deo

463 3998 622 4059 εξεεειθ
651 3988 910 4042 debemus
935 3995 1150 4059 gratias.
1197 3995 1284 4058 qui
1318 3995 1427 4044 vult
1454 4005 1550 4044 nos
1573 3992 1623 4041 in
1655 3987 1901 4059 prmsenti
1927 3989 2032 4059 pati

463 4053 591 4126 [illm
623 4066 675 4108 et
706 4074 915 4126 aspera,
937 4053 1019 4115 *ιιι
1050 4066 1098 4116 itt
1133 4053 1310 4116 futuro
1335 4064 1442 4115 sint
1493 4061 1668 4113 tnollia
1699 4067 1751 4110 et
1772 4057 2028 4124 jtlcunda.

458 4120 782 4198 Ostendisti,
818 4120 1054 4198 inquam,
1099 4134 1260 4195 dura,
1302 4141 1356 4184 et
1404 4134 1501 4185 hoc
1553 4131 1622 4184 ita
1655 4120 2030 4198 l'ecis'iliy‘lu“d

461 4196 650 4257 potasti
692 4214 783 4251 nos
825 4196 942 4252 vina
990 4196 1418 4269 compunctianis,
1475 4201 1525 4253 id
1555 4210 1657 4261 εει,
1689 4198 1829 4269 quod
1859 4197 2030 4253 fecisti

463 4277 629 4326 ipsam
670 4269 1059 4322 tribulatiommt
1084 4268 1548 4338 compunctionnm
1579 4268 1729 4322 nobis
1767 4283 1887 4321 esse
1916 4279 2030 4320 tau-

460 4347 618 4398 quam
647 4339 1014 4394 delectabilem
1047 4355 1249 4405 potutn,
1280 4351 1333 4394 et
1365 4346 1430 4392 ita
1454 4340 1641 4393 dedisti
1669 4338 2026 4390 meiuentibus

459 4411 511 4455 te
539 4417 688 4458 casto
711 4409 901 4464 timure
933 4413 1126 4479 popttlo
1157 4420 1250 4466 tuo
1278 4409 1810 4480 signiﬁcationenuid
1834 4409 2026 4459 estdo-

459 4486 801 4551 cntnentutn:
835 4463 1211 4547 perihocrquiai
1234 4463 1447 4551 cortt'igis
1476 4496 1670 4532 onmem
1703 4463 2026 4551 ﬁliumque»:
2054 4463 2104 4521 D

457 4546 664 4622 recipis,
700 4559 755 4601 ut
785 4566 877 4616 per
909 4553 1000 4606 has
1030 4546 1394 4605 tribulatioues
1420 4552 1618 4622 fugiant
1645 4566 1672 4602 a
1695 4549 1828 4622 facie
1848 4563 2024 4613 arcus,

458 4611 508 4665 id
539 4630 618 4691 est
647 4633 675 4671 a
723 4611 997 4691 pricsentia
1030 4623 1184 4676 futuri
1213 4623 1420 4691 judicii.
1475 4611 1544 4674 Et
1597 4621 1667 4673 ita
1717 4619 1935 4691 fugiant,
1971 4611 2028 4671 ut

461 4684 695 4759 perfecte
723 4684 790 4744 ab
819 4693 907 4744 illo
937 4684 1229 4746 liberentur
1250 4694 1426 4746 dilecti
1461 4691 1556 4750 tui.
1585 4705 1719 4759 quos
1747 4684 1801 4742 tu
1824 4688 2029 4743 scilicet

455 4753 543 4831 hic
567 4760 790 4831 corrigis
819 4761 869 4814 in
899 4765 1198 4830 exemplum
1226 4763 1352 4831 justi
1377 4761 1582 4830 judicii.
1607 4753 1858 4831 "Quisquis
1879 4761 2024 4812 enim

457 4824 541 4901 hic
572 4824 998 4901 tribulationibus
1026 4824 1243 4901 gaudet:
1274 4843 1328 4885 et
1355 4824 1473 4885 cum
1504 4824 2022 4901 Apostolo'dtcente.

455 4892 577 4972 Non
608 4899 773 4951 solum
796 4892 1150 4969 patimuﬁsed
1179 4892 1526 4972 et'glariamur
1547 4892 1598 4953 in
1617 4899 2024 4972 tribulationibus

450 4963 579 5042 illis,
624 4963 806 5024 arcum
854 4973 998 5024 illtntt
1031 4963 1271 5042 effugiet:
1300 4976 1355 5026 Si
1401 4974 1519 5041 quis
1558 4987 1684 5023 Vero
1714 4971 1912 5042 mavult
1942 4969 2027 5042 hic

451 5035 704 5090 delectari
729 5057 884 5105 tinam
914 5035 1176 5106 tritmlari',
1234 5035 1431 5096 arcum'
1464 5057 1567 5096 non
1615 5040 1853 5108 etlugiet.
1902 5041 2024 5104 quia

447 5108 641 5170 quibus
673 5108 818 5164 illntn
853 5111 990 5166 Dens
1022 5130 1161 5166 nunc
1197 5114 1393 5174 dill‘ert,
1424 5114 1474 5167 in
1507 5114 1684 5165 futuro
1717 5125 1821 5162 non
1873 5108 2025 5162 diffe-

451 5187 553 5240 ret,
605 5187 659 5232 et
711 5197 742 5233 c
799 5195 1082 5236 Conversa.
1116 5185 1180 5237 Et
1206 5184 1345 5238 sicut
1376 5185 1428 5237 in
1474 5199 1598 5236 arcu
1629 5190 1827 5249 quanto
1858 5179 2025 5249 magis

449 5260 645 5302 nervus
703 5260 847 5305 retro
907 5255 1152 5318 trahitur,
1207 5265 1354 5308 tanto
1401 5255 1612 5322 gravius
1646 5248 1912 5322 anteriora
1943 5248 2027 5322 lef-

447 5329 684 5394 Eltlllllll';
718 5325 786 5376 ita
816 5336 1016 5392 quanto
1060 5325 1228 5394 magis
1273 5319 1689 5392 Deus'judicium
1736 5320 1903 5394 malis
1925 5319 2026 5394 dif:

441 5385 581 5452 te”,
627 5401 770 5463 tanto
809 5385 1020 5461 pravius
1059 5385 1400 5449 eisvtandem
1433 5385 1820 5463 'supervenlet.
1871 5389 2023 5454 Quod

444 5467 634 5534 ξιξηεηι
653 5462 810 5534 dicit,
836 5466 877 5516 Α
907 5467 1035 5533 [acie
1061 5482 1228 5527 arcus,
1262 5466 1313 5518 id
1341 5475 1420 5519 est
1449 5479 1477 5514 a
1513 5476 1814 5534 praesentia
1840 5473 2018 5523 arens,

443 5525 564 5579 ideo
587 5531 714 5584 dicit
743 5525 860 5599 quia
896 5525 1106 5603 (euripus
1135 5525 1295 5590 breve
1317 5542 1419 5601 est,
1441 5525 1538 5586 nec
1571 5531 1768 5603 aliquid
1804 5531 2021 5598 longum

438 5605 523 5648 est
553 5603 866 5672 putandum,
897 5602 1034 5672 quod
1072 5605 1230 5660 habet
1255 5605 1478 5672 exitum,
1505 5613 1558 5658 et
1594 5617 1686 5670 per
1711 5602 1811 5654 hoc
1839 5609 2023 5655 monet

441 5669 609 5732 inagis
638 5669 951 5726 cavettdttui.

507 5734 728 5806 Dcdsti,
743 5743 977 5811 inquam,
998 5745 1327 5799 metuentibus
1342 5757 1388 5800 te
1400 5743 1851 5817 signiﬁcationem,
1869 5749 1922 5796 ut
1939 5744 2023 5811 fu-

2156 1811 2414 1874 prumisit,
2463 1810 2675 1876 inquam
2699 1849 2713 1871 ,
2744 1822 2798 1862 et
2826 1810 2868 1862 si
2915 1826 3016 1861 non
3060 1809 3264 1871 verbis,
3304 1809 3498 1865 eﬂectu
3531 1824 3730 1877 tamen,

2147 1879 2368 1952 scilicet,
2401 1880 2521 1946 quia
2548 1880 2698 1952 illum,
2728 1880 3063 1952 resuscitavit.
3110 1890 3155 1933 ct
3185 1897 3278 1933 nos
3305 1882 3358 1932 iu
3385 1899 3444 1935 eo
3469 1900 3734 1952 resurgere

2149 1948 2309 2020 Ῑιένείιζ
2320 1959 2365 2001 et
2395 1967 2485 2001 nos
2512 1951 2784 2003 consedere
2806 1951 2873 2002 ad
2901 1951 3162 2003 dexteram
3183 1953 3462 2020 majestatis
3483 1955 3537 2004 iu
3567 1948 3730 2010 e15ch-

2146 2018 2236 2071 sis.
2274 2019 2338 2072 Et
2367 2021 2506 2086 quod
2550 2021 2790 2086 sequitur
2837 2029 3011 2088 patest
3041 2036 3160 2075 esse
3191 2018 3270 2074 vel
3300 2037 3399 2074 Vox
3423 2023 3650 2087 Christi,
3679 2028 3727 2080 in

2149 2103 2255 2160 quo
2281 2090 2416 2142 Deus
2445 2091 2596 2142 Pater
2625 2091 2830 2144 locutus
2856 2102 2936 2144 est
2964 2092 3188 2145 dicens:
3223 2093 3442 2146 laetabor
3482 2102 3538 2146 et
3561 2097 3728 2160 parti-

2149 2158 2266 2234 bur,
2292 2170 2345 2234 et
2373 2171 2562 2234 czetera
2584 2176 2612 2234 ;A
2631 2162 2712 2215 vel
2743 2177 2841 2215 vox
2869 2162 3144 2227 Ecclesia»,
3169 2163 3316 2234 quasi
3360 2158 3571 2217 diceret
3599 2169 3717 2234 quia

2152 2229 2288 2284 llens
2319 2230 2473 2283 Pater
2494 2231 2572 2284 sic
2603 2231 2806 2284 locutus
2842 2249 2854 2284 :
2885 2235 3024 2301 Ergo
3053 2232 3281 2295 (tutabor,
3311 2243 3356 2284 et
3377 2229 3634 2302 partibar,
3670 2237 3719 2289 id

2145 2309 2228 2353 est
2255 2303 2499 2354 ltelanter
2525 2303 2727 2372 partiar
2749 2302 3056 2355 Sichimam.
3089 2304 3376 2356 Sichimam
3403 2307 3623 2372 proprie
3642 2309 3721 2358 lo-

2147 2387 2239 2422 nus
2264 2379 2363 2428 est.
2399 2372 2488 2424 ubi
2515 2369 2683 2426 Jacob
2713 2374 2972 2426 redeunte
3015 2374 3066 2425 in
3114 2375 3336 2440 patriam
3372 2369 3571 2428 Rachel
3596 2392 3727 2430 uxor

2146 2440 2261 2506 ejus
2287 2443 2424 2496 idola
2454 2442 2758 2509 abscOndit,
2787 2457 2906 2508 quae
2936 2441 3106 2496 furata
3130 2454 3212 2496 est
3231 2445 3364 2510 patri
3396 2459 3494 2496 suo
3521 2446 3718 2500 Laban.

2150 2511 2216 2563 Et
2247 2527 2339 2586 per
2366 2515 2666 2586 Asichimam
2712 2515 3061 2586 designantur
3109 2514 3358 2586 gentiles,
3401 2517 3541 2581 apud
3590 2532 3722 2586 quos

2146 2593 2294 2633 erant
2328 2583 2467 2634 idola
2499 2583 2650 2650 quasi
2681 2583 2993 2637 abscondita
3039 2587 3158 2649 quia
3214 2584 3312 2650 ipsi
3342 2599 3401 2638 ea
3433 2583 3722 2641 servabant

2145 2663 2198 2722 et
2218 2651 2528 2707 adorabunt.
2549 2653 2653 2706 Sed
2679 2658 2796 2721 quia
2818 2668 2921 2705 non
2940 2655 3178 2706 omnium
3214 2655 3430 2708 illorum
3458 2668 3545 2709 est
3570 2658 3722 2722 tides,

2147 2721 2277 2794 ideo
2295 2725 2374 2776 vel
2419 2724 2673 2788 Earlesia,
2708 2724 2789 2778 vel
2838 2723 3080 2777 Christus
3133 2724 3359 2791 partitur
3416 2741 3534 2789 eos,
3597 2721 3715 2794 quia

2149 2792 2334 2858 partim
2362 2795 2813 2860 assumit,partim
2838 2795 3109 2861 relinquit.
3148 2794 3241 2848 Vel
3275 2796 3426 2849 aliter
3446 2813 3459 2849 :
3479 2792 3722 2852 Sicbitna

2146 2867 2521 2928 interpretatur
2549 2865 2820 2925 humerus,
2849 2880 3007 2933 quem
3041 2865 3323 2919 humerum
3356 2870 3586 2933 partitur
3617 2869 3714 2921 Ec-

2144 2934 2339 2986 clesia:
2373 2935 2492 3000 quia
2517 2934 2634 2987 illos
2656 2933 2746 3002 qui
2777 2946 2968 2999 sponte
3013 2937 3241 2989 subeunt
3267 2939 3452 3004 iugum
3495 2939 3719 3004 Christi,

2151 3005 2289 3070 qttod
2319 3019 2420 3056 non
2446 3005 2722 3070 deprimit,
2745 3005 2838 3059 sed
2862 3006 3035 3074 erigit.
3067 3007 3318 3069 assumit;
3343 3007 3463 3060 illus
3482 3023 3611 3061 vero
3631 3012 3717 3075 qui

2069 3103 2114 3166 Ο
2147 3075 2365 3166 malunt.
2383 3090 2685 3166 secueralre
2708 3078 2953 3166 terrenis,
2986 3091 3105 3158 qua
3138 3078 3496 3166 pondushnoit
3527 3079 3702 3166 subs:

2145 3144 2290 3195 dium
2342 3155 2484 3210 sunt,
2515 3156 2572 3198 ιιι
2614 3146 2799 3199 beatus
2828 3146 3115 3212 Gregorius
3168 3151 3262 3209 ait,
3315 3149 3588 3214 relinquit.
3645 3147 3710 3202 Et

2142 3217 2371 3275 metibor,
2399 3217 2446 3266 id
2471 3226 2553 3269 est
2573 3216 2823 3282 dividam,
2849 3217 3129 3270 convallem
3153 3219 3612 3272 tabernaculorum.
3633 3220 3719 3273 Ja-

2140 3286 2242 3337 θυι»
2270 3296 2542 3341 revertens
2595 3303 2623 3338 a
2679 3302 2868 3340 socero
2899 3301 2997 3338 suo
3027 3287 3225 3348 Labao,
3261 3292 3435 3354 posuit
3467 3291 3718 3342 taberna-

2139 3355 2257 3427 cula
2279 3370 2371 3408 sua
2403 3357 2454 3408 in
2485 3356 2725 3410 convalle
2753 3358 2941 3427 Syriae.
2969 3357 3054 3409 ubi
3073 3359 3392 3424 quieverunt
3416 3373 3546 3412 oves
3577 3374 3711 3416 suae.

2143 3423 2292 3494 Unde
2324 3427 2467 3477 locus
2495 3442 2687 3481 nomen
2728 3423 2952 3494 arcepit,
2984 3437 3035 3480 ut
3066 3423 3323 3480 convallis
3375 3430 3586 3483 scilicet
3613 3430 3720 3482 Ta-

2139 3493 2542 3550 bernaculorum
2590 3494 2756 3550 licob
2798 3493 3091 3551 diceretur.
3144 3497 3501 3566 Designantur
3530 3509 3713 3555 autem

2144 3581 2236 3629 per
2271 3567 2604 3619 tabernacula
2633 3567 2814 3634 legalis
2849 3567 3113 3631 instituta,
3146 3585 3262 3635 qua!
3283 3569 3349 3621 ad
3381 3584 3590 3630 tempus
3622 3587 3716 3632 po-

2140 3636 2238 3688 sita
2267 3637 2513 3691 luerunt:
2545 3653 2637 3704 per
2660 3651 2788 3690 oves
2820 3653 2948 3692 vero
2974 3638 3169 3704 Judzei,
3197 3642 3284 3704 qui
3317 3656 3366 3691 tn
3399 3639 3531 3704 ipsis
3569 3642 3713 3693 dele-

2137 3707 2438 3777 ctahantnr,
2489 3716 2544 3760 et
2596 3706 2960 3774 quiescebant.
3019 3710 3164 3774 Quos
3197 3711 3418 3777 partitur
3450 3710 3708 3776 Ecclesia,

2137 3774 2257 3850 quia
2289 3778 2546 3850 quosdam
2579 3778 2894 3850 assumpsit,
2940 3774 3207 3846 quosdam
3248 3790 3424 3831 autem
3477 3774 3706 3850 reliquit.

2142 3843 2232 3918 vel
2261 3847 2447 3900 aliter:
2480 3848 2579 3901 Per
2610 3848 2903 3902 cotwallem
2955 3843 3184 3901 humiles
3217 3843 3706 3918 desigttantttr,'per

2137 3917 2479 3989 tabernacula
2514 3933 2638 3989 vero
2671 3919 3042 3973 Ecclesiastica
3085 3929 3372 3989 praecepta,
3421 3921 3472 3972 in
3519 3922 3708 3985 quibus

2135 3986 2350 4057 quidam
2396 3987 2665 4041 humiliter
2704 3989 2957 4054 militant,
2987 3986 3200 4057 quidam
3247 3986 3374 4042 vero
3403 4005 3510 4043 non
3546 3993 3710 4044 ltutni-

2135 4055 2274 4120 liter,
2319 4059 2440 4121 quia
2473 4060 2690 4130 explent
2720 4059 2934 4130 quidem
2977 4055 3262 4127 praecepta,
3292 4061 3383 4113 sed
3419 4060 3543 4113 inde
3573 4078 3707 4130 pra--

2133 4135 2353 4197 sumunt
2374 4136 2429 4180 et
2458 4129 2791 4197 superbiant.
2818 4128 2981 4183 Juxta
3011 4137 3151 4196 quod
3181 4131 3350 4182 littera
3382 4131 3460 4183 sic
3491 4128 3708 4194 exponi-

2135 4204 2253 4248 tur:
2288 4196 2550 4261 Partihor,
2581 4199 2633 4252 id
2664 4211 2750 4255 est
2793 4199 2844 4252 in
2879 4210 3082 4264 partem
3123 4200 3378 4265 accipiam
3410 4205 3706 4255 ειιιιν.ιιιειιι

2135 4267 2632 4333 tabernaculorum,
2683 4271 2732 4323 id
2775 4281 2856 4324 est
2899 4271 3168 4324 humiliter
3207 4273 3261 4323 in
3320 4272 3708 4326 Ecrlc~iasticis

2131 4338 2410 4404 prtecrptis
2457 4341 2763 4405 militantes,
2807 4355 2912 4394 non
2944 4340 3216 4394 humiliter
3241 4356 3364 4393 vero
3410 4343 3707 4396 militantes

2134 4408 2404 4472 repellam.

2207 4476 2349 4529 Meus
2370 4489 2443 4531 est
2471 4478 2695 4543 Galaad,
2720 4491 2769 4534 et
2790 4496 2932 4534 meus
2958 4489 3031 4534 est
3063 4481 3346 4541 Manus-cs,
3375 4491 3424 4532 ct
3453 4481 3705 4545 Ephraint

2133 4546 2585 4620 fortitudaﬁcapitis
2617 4553 2734 4606 mei.
2765 4550 2898 4604 Vere
2926 4552 3152 4614 partibnr
3195 4551 3477 4605 Siclumaru
3506 4563 3552 4604 et
3582 4569 3704 4603 con-

2132 4619 2335 4692 vallenr
2358 4619 2822 4692 Tabernaculorum
2857 4661 2872 4684 ,
2920 4625 3046 4692 quia
3105 4625 3362 4692 quosdam
3421 4623 3705 4689 accipiam.

2135 4687 2264 4740 Nam
2293 4687 2496 4743 Galaad
2517 4703 2590 4745 est
2615 4707 2778 4752 meus,
2818 4701 2867 4744 et
2909 4687 3191 4744 Monaeses.
3216 4690 3420 4744 (ialaad
3450 4687 3707 4757 interpre-

2131 4766 2270 4810 tatur
2313 4775 2520 4814 acervus
2567 4762 2859 4815 testimonii.
2916 4763 3156 4815 Acervus
3207 4773 3384 4814 autem
3440 4767 3508 4817 de
3578 4765 3700 4814 imis

2131 4831 2322 4882 crescit
2350 4831 2416 4883 ad
2461 4847 2642 4884 unum.
2676 4831 2742 4884 Et
2783 4848 2876 4897 per
2901 4832 3000 4886 hoc
3030 4832 3374 4899 designantur
3399 4843 3706 4886 crescentes

2129 4899 2198 4952 de
2253 4903 2448 4971 virtute
2505 4903 2555 4955 itt
2604 4906 2888 4966 virtutem,
2940 4917 3218 4971 quousque
3277 4905 3595 4968 perveniant
3653 4905 3703 4956 in

2134 4983 2318 5032 unum,
2352 4970 2402 5023 id
2430 4985 2507 5025 est
2537 4973 2704 5026 donec
2732 4970 2969 5024 videant
2993 4973 3158 5026 Deum
3207 4973 3428 5026 deorum
3475 4978 3526 5025 in
3551 4974 3702 5040 Sion,

2131 5049 2182 5090 et
2220 5042 2341 5108 quia
2372 5043 2504 5094 adeo
2535 5043 2586 5094 in
2630 5058 2688 5096 se
2715 5054 3030 5096 Cnarervant
3077 5044 3436 5096 teSIimooium
3477 5044 3700 5106 Christi,

2130 5117 2186 5161 ιιι
2229 5119 2438 5181 certent
2491 5127 2657 5181 usque
2701 5113 2765 5164 ad
2811 5111 3130 5167 effusionem
3169 5114 3473 5181 sanguinis.
3515 5115 3566 5165 id
3620 5125 3705 5166 est

2129 5191 2390 5249 martyres
2419 5180 2792 5252 ﬂant.Martyr
2818 5198 2957 5236 emm
2987 5180 3367 5250 interpretatur
3391 5188 3549 5237 testis.
3583 5185 3694 5236 Ma-

2130 5265 2309 5304 nasses
2343 5268 2469 5307 vero
2500 5253 2681 5305 obliuio
2726 5255 3123 5320 interpretatur.
3161 5256 3261 5306 l’er
3296 5254 3436 5320 quod
3494 5255 3704 5306 intelli-

2127 5331 2320 5387 guntnr
2350 5323 2422 5374 illi
2445 5325 2555 5390 qui,
2598 5339 2718 5375 cum
2749 5325 3022 5389 Apostolo,
3047 5339 3229 5378 eorum
3253 5340 3371 5388 (ιιι-ε
3401 5336 3540 5376 retro
3579 5336 3706 5375 sunt

2127 5392 2542 5446 obliviscuntur:
2577 5394 2626 5446 in
2651 5409 2710 5446 ea
2744 5409 2868 5446 vero
2899 5409 3014 5461 quae
3039 5404 3162 5448 ante
3187 5403 3331 5455 sunt,
3368 5394 3417 5446 id
3445 5403 3526 5446 est
3551 5395 3598 5444 iu
3625 5394 3706 5446 fu-

2128 5469 2242 5514 tura
2273 5474 2324 5513 et
2351 5475 2548 5515 aeterna
2579 5467 2951 5525 extenduntur,
2987 5469 3070 5517 vel
3096 5479 3190 5532 per
3219 5463 3517 5526 Manassen,
3548 5464 3704 5516 intel-

2129 5531 2361 5602 liguntur
2378 5534 2469 5598 illi,
2485 5534 2596 5601 qui,
2613 5532 2864 5601 quidquid
2885 5531 3196 5600 probrosum
3211 5544 3266 5586 et
3281 5535 3695 5602 ignominiosum

2127 5617 2223 5666 pro
2250 5601 2467 5657 Christo
2497 5605 2636 5669 passi
2667 5617 2808 5668 sunt,
2839 5605 3168 5670 vilipendunt
3199 5615 3252 5658 et
3275 5601 3694 5657 u’btivscnntur.

2129 5671 2278 5725 Unde
2309 5688 2400 5740 per
2435 5675 2620 5726 Isaiam
2660 5674 2854 5728 dicitur
2900 5674 3180 5728 Ecclesiae:
3217 5673 3522 5727 Obliviscere
3550 5676 3705 5742 igno-

2127 5742 2295 5796 minia:
2321 5744 2585 5798 viduitatis
2614 5754 2734 5800 tuaz.
2758 5744 2920 5814 Quasi
2949 5745 3092 5800 enim
3126 5743 3278 5802 vidua
3313 5745 3409 5799 fuit
3431 5743 3706 5812 Ecclesia,
