4010 6190
282 335 388 391 791

1005 328 1074 385 ΙΝ
1111 327 1526 386 ΡεΑιιιοιιυΜ
1567 327 1831 385 LIBRUM
1877 327 2230 388 EXEGESIS.
2269 360 2343 373 —
2383 331 2627 389 PSALM.
2671 333 2780 388 LX.

3450 337 3550 394 798

283 456 413 508 dum
453 449 811 507 Christianum
859 461 1051 502 nomen
1096 447 1149 502 in
1189 446 1454 505 dedecore
1501 450 1717 505 mansit.
1765 446 1861 501 Se-
1891 447 1939 504 Δ
1967 461 2149 514 quam,
2179 447 2572 501 calceamentum
2597 465 2782 511 meum,
2815 449 2972 502 etiam
3005 450 3057 503 in
3087 448 3392 505 Nummum.
3422 452 3550 516 Quis

325 527 496 578 uitur:

281 543 612 654 qugliillti-aim
643 589 887 660 fortitudo
907 589 1087 653 capitis
1109 588 1224 640 mei.
1253 588 1503 655 Ephraim
1534 589 1862 659 fructiﬁcatio

287 659 688 730 interpretatur,
716 675 807 728 per
822 661 960 726 quod
979 659 1343 730 intelliguntur
1361 661 1410 711 in
1432 661 1589 730 bonis
1603 662 1863 730 operibus

287 729 692 791 fructiﬁcantes,
741 745 872 794 quos
903 729 1136 782 Ecclesia
1179 737 1333 781 vocat
1379 729 1744 783 fortitudinem
1774 745 1864 782 ca-

286 804 416 869 pitis
441 803 546 865 sui,
577 802 626 855 id
655 810 756 861 est,
788 799 982 852 Christi
1015 799 1080 850 ad
1113 799 1531 852 similitudinem.
1555 800 1701 853 Sicut
1721 800 1862 869 enim

288 868 486 930 bonum
525 872 916 926 reclinatorium
955 871 1148 922 infirmi
1194 869 1380 934 capitis
1419 870 1662 936 quaedam
1715 868 1866 922 forti-

289 946 440 1008 tudo,
476 943 525 996 id
553 954 658 1007 est,
691 943 952 994 recreatio
989 950 1092 1003 est,
1124 939 1202 992 sic
1251 939 1388 992 bene
1427 951 1711 1006 Operantes
1737 949 1866 993 sunt

289 1015 547 1070 fortitudo
593 1013 826 1072 Christi,
871 1011 993 1078 quia
1048 1009 1133 1062 alii
1175 1009 1415 1063 videntes
1470 1025 1653 1063 eorum
1701 1025 1862 1076 opera

287 1086 458 1146 bona,
511 1084 811 1150 glorificant
843 1081 1028 1134 Deum.
1063 1080 1140 1132 Illi
1171 1095 1300 1133 vero
1357 1081 1409 1132 in
1452 1081 1644 1149 quibus
1674 1081 1865 1147 vulpes

288 1157 472 1209 foveas
502 1156 716 1214 habent,
749 1160 805 1206 et
830 1153 1074 1205 volucres
1104 1151 1224 1202 caeli
1255 1151 1426 1214 nidos,
1457 1167 1562 1202 non
1595 1161 1720 1204 sunt
1750 1151 1863 1204 for-

289 1227 460 1279 titttdo
481 1226 618 1292 ejus,
648 1224 738 1276 sed
764 1221 1044 1285 debilitas;
1073 1220 1191 1286 qttia
1223 1236 1323 1274 non
1376 1222 1529 1274 habet
1558 1225 1608 1275 in
1660 1222 1743 1274 his
1762 1221 1863 1292 pubi

289 1291 588 1351 recumbat.
624 1293 716 1348 Vel
750 1295 904 1346 aliter
944 1307 1038 1359 per
1086 1291 1336 1359 Ephraim
1392 1291 1707 1361 intelligitur
1752 1291 1866 1344 frn-

288 1367 543 1420 ctiftcatio
573 1365 687 1425 illa,
717 1379 835 1430 qua;
877 1362 1133 1430 processit
1161 1361 1228 1414 de
1257 1377 1424 1426 grano
1477 1363 1571 1415 illo
1604 1364 1655 1415 in
1706 1376 1867 1416 cruce

289 1448 524 1502 mortuo,
555 1445 611 1490 et
651 1435 702 1487 in
746 1433 1138 1488 resurrectione
1162 1432 1472 1498 iustiﬁcata,
1517 1433 1568 1486 id
1595 1444 1680 1488 est
1711 1445 1865 1496 seges

290 1507 490 1570 ubique
507 1501 768 1558 terrarum
790 1503 1139 1565 credentium,
1157 1504 1222 1555 de
1249 1518 1354 1571 quo
1378 1503 1577 1556 dictum
1602 1513 1716 1556 est:
1744 1501 1866 1556 Nisi

290 1593 509 1647 granum
538 1577 778 1645 frumenti
814 1575 999 1647 cadens
1044 1574 1098 1625 in
1151 1585 1339 1626 terram
1384 1585 1640 1626 mortuum
1686 1573 1865 1641 fuerit,

291 1645 459 1712 ipsum
488 1649 653 1699 solum
680 1656 846 1699 manet
871 1661 887 1708 ;
912 1645 1142 1698 siautem
1169 1653 1425 1696 mortttum
1456 1647 1623 1707 fuerit,
1648 1647 1867 1696 multum

294 1721 512 1785 fructum
538 1714 708 1782 affert.
737 1717 863 1782 Qum
893 1728 1043 1785 seges
1059 1725 1143 1785 est
1167 1714 1420 1785 fortitudo
1441 1714 1650 1782 capitis,
1680 1715 1729 1785 id
1759 1723 1862 1777 est,

1970 528 2147 570 autem
2173 518 2387 571 deducet
2416 535 2513 581 me,
2547 521 2626 573 vel
2658 528 2833 579 caput.
2877 521 2958 574 vel
2990 521 3303 580 Ecclesium,
3336 524 3390 574 in
3418 525 3542 574 civi-

1969 597 2120 640 tatem
2161 589 2428 660 munitam,
2474 590 2525 642 id
2570 599 2672 650 est,
2704 591 2753 642 in
2784 603 2990 660 gentem
3023 591 3156 645 adeo
3200 591 3444 645 diffusam
3495 604 3550 646 et

1969 659 2252 720 magnam?
2307 659 2582 712 Multitudo
2626 660 2769 713 enim
2793 659 2998 727 populi,
3035 663 3420 716 munimentum
3461 675 3549 718 est;

1967 728 2213 780 civitatis.
2243 729 2374 795 Quis
2395 731 2617 784 deditaet
2643 746 2746 792 me,
2783 732 2924 795 dico,
2957 747 3121 793 usque
3151 734 3213 783 ad
3265 732 3546 797 ldunueos,
3584 746 3594 752 ‘

1969 799 2197 851 terrenis
2224 798 2431 851 deditos
2457 812 2508 853 et
2539 802 3038 867 desperati<sitnos?
3074 801 3166 855 Vo-l
3192 804 3378 855 aliter:
3419 802 3549 867 Quis

1967 867 2196 920 deducet
2225 885 2308 921 me
2340 872 2391 923 in
2417 869 2592 922 futuro
2626 873 2675 923 in
2707 873 2973 926 civitatem
3007 876 3283 938 munitam,
3319 874 3366 924 id
3392 884 3470 924 est
3498 875 3549 926 in

1967 939 2240 993 caelestem
2291 939 2621 1002 Jerusalem,
2678 956 2796 1006 qnze
2836 951 2918 994 est
2971 945 3160 996 civitas
3213 945 3443 1001 munita,
3484 944 3551 997 ad

1967 1013 2332 1080 quaminullns
2361 1012 2531 1063 hostis
2575 1013 2797 1070 accedit.
2830 1021 2886 1065 et
2911 1029 2939 1063 a
2972 1029 3072 1080 qua
3101 1014 3276 1066 nullus
3302 1013 3431 1064 civis
3462 1028 3549 1065 re-

1968 1079 2146 1131 cedit?
2172 1082 2312 1153 Quis
2338 1090 2392 1136 et
2421 1084 2474 1135 in
2518 1083 2762 1150 praesenti
2794 1079 3007 1136 deducet
3051 1099 3128 1136 me
3165 1100 3322 1153 usque
3347 1085 3400 1135 in
3429 1081 3553 1136 Idu-

1967 1165 2146 1202 mteam
2163 1152 2188 1205 ?

2043 1219 2228 1275 Nonne
2257 1231 2310 1274 tu
2344 1219 2480 1274 Deus
2503 1223 2590 1291 qui
2617 1223 2852 1283 repnlisti
2879 1238 2990 1285 nos,
3028 1235 3076 1276 et
3125 1240 3223 1276 non
3274 1225 3552 1292 egredieris

1969 1289 2108 1343 Deus
2130 1293 2181 1344 in
2204 1293 2468 1346 virtutibus
2497 1289 2723 1345 nostris?
2751 1292 2825 1344 Da
2848 1292 2991 1346 nobis
3017 1295 3266 1347 auxilium
3297 1289 3359 1347 de
3381 1297 3545 1347 tribu-

1969 1361 2178 1430 latione,
2209 1372 2256 1416 et
2282 1379 2411 1415 vana
2439 1365 2577 1416 salus
2607 1363 2848 1416 ltominis.
2891 1361 2954 1416 In
2984 1365 3086 1416 Deo
3111 1366 3354 1432 faciemus
3383 1367 3549 1417 virtu-

1972 1440 2087 1494 tem,
2115 1443 2164 1484 et
2191 1434 2298 1502 ipse
2321 1438 2387 1484 ad
2413 1436 2631 1486 nihilum
2661 1435 2872 1486 deducet
2900 1436 3200 1487 tribulantes
3224 1452 3332 1487 nos.
3361 1435 3414 1487 Id
3443 1443 3550 1498 e~t,

1968 1505 2229 1569 repulisse
2271 1502 2506 1558 exterius
2553 1515 2608 1556 et
2658 1507 3046 1570 contetnpsi~se
3075 1507 3295 1557 videris.
3332 1505 3396 1557 Et
3423 1506 3547 1557 ideo

1969 1570 2089 1625 dico
2115 1574 2372 1640 repulisti,
2402 1574 2526 1641 quia
2566 1584 2620 1626 tu
2664 1573 2821 1636 Deus,
2847 1576 2936 1643 qui
2968 1591 3086 1628 cum
3136 1574 3372 1641 patrihus
3399 1591 3553 1642 egre-

1971 1643 2237 1705 dieharis;
2297 1649 2424 1711 quia
2466 1654 2519 1696 tu
2569 1645 2862 1698 manifesds
2909 1647 3073 1712 signis
3123 1648 3200 1696 eis
3243 1645 3450 1707 aderas,
3495 1653 3554 1696 ιιι

1972 1727 2212 1783 prsesens
2240 1728 2362 1768 esse
2407 1713 2797 1779 intelligererts,
2843 1730 2944 1767 non
2975 1714 3245 1783 egredieris
3271 1717 3323 1766 in
3355 1716 3556 1768 virtuti-

292 1782 628 1848 augmentum
661 1795 713 1840 et
738 1785 988 1840 exaltatio
1009 1782 1226 1850 Christi,
1256 1786 1343 1850 qui
1389 1794 1545 1848 caput
1581 1792 1663 1837 est
1689 1784 1870 1837 Eccle-
1907 1794 1954 1854 Β
1979 1782 2088 1846 bus,
2123 1784 2170 1836 id
2195 1793 2298 1843 est,
2347 1783 2398 1835 itt
2429 1784 2749 1837 exercitibus
2787 1788 2973 1837 nostris
3002 1782 3252 1844 exterius,
3285 1796 3339 1836 ιιι
3365 1802 3556 1844 cornu-

292 1862 406 1912 siaz.
427 1859 538 1921 Ipsa
556 1860 696 1912 enim
722 1856 1022 1916 infirmitas,
1040 1855 1088 1906 id
1115 1865 1217 1919 est,
1251 1869 1392 1906 mors
1419 1855 1635 1916 Christi,
1665 1869 1872 1906 summa

295 1931 390 1980 fttit
417 1927 690 1982 fortitudo:
738 1929 858 1995 quia
886 1927 1022 1990 quod
1049 1926 1311 1992 inﬁrmum
1338 1934 1413 1978 est
1445 1925 1559 1990 Dei,
1587 1927 1776 1992 fortius
1805 1935 1878 1977 est

295 1998 524 2052 omnibus
549 1997 852 2050 hominibus.
875 1996 938 2048 Et
961 1999 1233 2049 sciendum
1256 1995 1397 2063 quod
1420 1995 1713 2050 secundum
1736 1998 1874 2062 quod

297 2085 398 2122 vox
433 2069 624 2121 Christi
656 2078 759 2132 est,
792 2066 1023 2120 dicatur:
1073 2064 1322 2135 Epitraim
1349 2077 1430 2121 est
1453 2068 1701 2137 fortitudo
1729 2069 1874 2138 capi-

293 2143 358 2191 tis
386 2142 500 2198 mei,
529 2140 615 2207 qui
639 2154 756 2192 sum
777 2145 953 2206 caput.

366 2208 507 2261 Juda
537 2225 625 2262 rex
644 2225 805 2272 meus,
849 2207 1000 2260 Moab
1031 2207 1134 2260 olla
1164 2209 1271 2276 spei
1296 2224 1440 2262 mete.
1468 2209 1718 2276 Ephraint
1749 2210 1879 2276 qui-

297 2280 419 2334 dem
448 2292 527 2350 est
552 2281 804 2350 fortitudo
847 2293 984 2342 mea,
1015 2289 1069 2350 et
1118 2277 1276 2342 Juda,
1320 2280 1371 2331 id
1401 2290 1501 2343 est,
1535 2282 1623 2335 ille
1652 2279 1739 2350 qui
1784 2281 1879 2331 dc-

301 2349 508 2402 scendit
540 2349 604 2402 de
630 2351 768 2402 tribu
801 2350 957 2412 Iuda,
991 2349 1074 2401 cui
1131 2350 1181 2402 in
1235 2353 1398 2418 figura
1450 2351 1644 2404 Christi
1672 2349 1874 2405 dietutn

298 2431 418 2474 est:
446 2418 925 2490 Juda,rbenedicent
947 2434 1002 2490 te
1031 2419 1214 2487 fratres
1244 2422 1334 2472 tui.
1369 2420 1480 2484 llle,
1515 2421 1752 2490 inquam,
1795 2431 1880 2474 est

298 2506 394 2544 rea:
423 2506 588 2553 meus,
621 2489 671 2543 id
701 2501 803 2560 est,
846 2489 980 2552 regit
1010 2506 1114 2552 tne,
1145 2491 1266 2559 qttia
1308 2490 1454 2560 prior
1485 2489 1667 2558 passus
1690 2503 1792 2549 est,
1824 2500 1878 2543 et

296 2575 427 2614 vere
454 2561 708 2614 obediens
731 2559 848 2614 fuit.
892 2559 958 2612 Et
984 2563 1105 2623 quia
1137 2561 1292 2612 talem
1311 2559 1500 2628 regem
1533 2563 1723 2623 habeo,
1755 2562 1877 2614 ideo

297 2630 454 2701 Moab
483 2640 566 2686 est
605 2633 706 2683 olla
746 2632 856 2699 spei
875 2630 1093 2701 metetid
1123 2641 1224 2695 est,
1257 2630 1375 2684 ideo
1402 2636 1561 2684 etiam
1602 2648 1760 2701 spero
1789 2647 1876 2684 re-

295 2700 383 2755 fici
406 2701 472 2753 de
503 2701 839 2754 abntentibus
866 2701 998 2769 lege.
1030 2700 1184 2755 Moab
1209 2703 1348 2754 enim
1393 2717 1461 2754 ex
1491 2717 1588 2753 avo
1616 2700 1670 2756 et
1694 2717 1878 2756 sortre

296 2782 486 2824 contra
535 2772 702 2838 legem
732 2780 884 2824 natus
929 2780 1049 2824 est:
1080 2780 1134 2824 et
1162 2773 1280 2824 ideo
1311 2773 1464 2824 Moab
1491 2773 1876 2833 interpretatur

294 2842 525 2912 abutens
545 2841 680 2912 lege.
713 2841 807 2895 Vel
834 2842 1013 2896 aliter:
1047 2842 1181 2912 Quia
1208 2841 1334 2894 mihi
1362 2844 1480 2894 talis
1500 2851 1582 2894 cst
1613 2858 1724 2906 rex,
1758 2843 1877 2894 ideo

296 2911 592 2965 ferventem
626 2913 957 2980 iniquitatem
997 2925 1099 2964 non
1145 2911 1365 2973 timebo,
1406 2915 1498 2967 sed
1524 2913 1700 2981 petitis
1724 2912 1876 2965 Moab

294 2996 398 3034 ens
444 2982 548 3035 olla
591 2982 913 3050 iniquitatis,
956 2991 1038 3035 est
1089 2981 1220 3036 mihi
1273 2983 1377 3035 olla
1414 2985 1561 3051 spei:
1591 2985 1711 3052 quia
1783 2999 1877 3050 per

300 3054 476 3115 ipsum
523 3053 698 3118 potius
743 3065 904 3120 Spero
934 3051 1212 3118 proiicere,
1242 3067 1398 3120 quam
1444 3054 1692 3107 deficere.
1727 3053 1876 3108 Sicut

299 3122 614 3193 enimbene
644 3123 756 3193 lege
779 3128 1056 3184 utentium,
1085 3125 1218 3193 bona
1250 3133 1370 3193 sunt
1399 3138 1584 3190 opera,
1625 3124 1702 3176 sic
1735 3126 1872 3178 male

297 3191 562 3246 utentium
593 3191 727 3260 lege,
759 3206 916 3259 Opera
943 3203 1066 3246 sunt
1098 3192 1256 3246 mala.
1301 3191 1364 3246 Et
1395 3193 1444 3246 hi
1478 3203 1866 3261 persequuntur

301 3263 592 3316 rlcrlesiani
647 3264 756 3317 Dei.
809 3261 958 3317 Unde
1007 3277 1100 3326 per
1139 3262 1468 3317 Ezecluelem
1508 3264 1704 3316 dictum
1749 3273 1864 3320 est:

313 3331 431 3384 Vidi
461 3332 615 3386 ollam
646 3337 914 3402 ferventem
938 3331 1016 3402 fab
1062 3333 1329 3401 Aquilone.
1380 3335 1494 3388 Olla
1548 3333 1758 3387 fervens
1801 3335 1869 3388 ab

299 3404 585 3469 Aquilone,
637 3401 888 3472 iniquitas
928 3401 1161 3466 fervens,
1207 3417 1463 3456 succensa
1494 3405 1561 3457 ab
1587 3405 1866 3472 Aquilone,

298 3473 392 3535 qui
433 3473 601 3526 dixit:
634 3471 832 3527 Ponant
873 3473 1040 3526 sedem
1071 3489 1233 3525 meum
1275 3474 1342 3525 ad
1367 3471 1686 3542 Aquilonem,
1712 3483 1756 3527 et
1785 3491 1872 3528 ero

298 3543 483 3594 similis
505 3543 782 3596 Altissimo.
813 3543 973 3608 Quasi
1005 3543 1183 3596 dicat:
1225 3543 1279 3596 Si
1311 3542 1478 3597 fervet
1503 3545 1588 3597 illa
1621 3546 1870 3612 iniquita-

303 3623 375 3664 tis
399 3612 524 3678 olla,
546 3627 574 3664 e
604 3621 788 3667 contra
820 3613 1148 3668 flatnmescat
1168 3614 1328 3667 ardor
1346 3613 1637 3668 charitatis.
1654 3612 1746 3668 llle
1766 3630 1868 3667 non

300 3691 508 3756 tantum
550 3685 743 3756 poterit
769 3685 1158 3756 persequendo,
1183 3695 1434 3752 quantum
1461 3699 1558 3756 ego
1579 3692 1766 3754 potero
1793 3685 1872 3739 di.

301 3751 515 3818 ltgendo
537 3764 587 3808 et
615 3751 881 3819 patiendo.

383 3820 447 3874 Et
472 3833 724 3888 praeterea
752 3823 1020 3877 extendam
1047 3825 1434 3878 calceamentum
1460 3841 1650 3890 meum,
1683 3825 1733 3876 id
1763 3833 1870 3892 est,

306 3889 653 3967 Evangeliutn
697 3909 894 3952 meum.
923 3893 1063 3962 quod
1106 3895 1306 3967 calcent
1327 3897 1580 3967 etmunit
1606 3889 1766 3963 pedes
1795 3889 1875 3949 in;

302 3964 552 4032 tenores,
587 3974 638 4023 td
667 3981 769 4034 est,
798 3967 1129 4032 aﬂecnones,
1157 3964 1292 4024 sicut
1317 3965 1732 4021 calceamentum
1760 3983 1874 4020 tnu-

303 4041 387 4110 nit
405 4039 570 4110 pedes
597 4040 912 4110 exteriores,
932 4056 1096 4110 usque
1125 4043 1179 4094 in
1200 4040 1568 4108 Idumteamml
1588 4055 1691 4109 est,
1709 4058 1874 4106 usque

298 4109 357 4162 in
383 4109 857 4179 desperatissimos.

380 4178 834 4256 ldnmteaquippe
863 4184 1240 4249 interpretatur
1268 4192 1464 4235 terrena
1516 4185 1772 4256 voluptas,
1823 4195 1873 4239 et

303 4263 405 4314 per
438 4251 544 4320 hoc
598 4251 960 4315 signiﬁcantur
1013 4263 1220 4306 terrena
1269 4251 1643 4320 appetentes,
1679 4264 1733 4309 et
1796 4256 1875 4309 eis

303 4319 538 4393 maxime
588 4320 931 4393 inhaerentes.
985 4322 1053 4376 Et
1085 4323 1218 4393 adeo
1243 4319 1492 4388 extendo,
1541 4325 1681 4393 quod
1713 4327 1873 4378 etiam

299 4390 624 4459 alienigenae,
666 4391 714 4442 id
744 4401 823 4445 est
847 4391 1097 4462 allophyli
1128 4392 1251 4444 mihi
1280 4392 1465 4446 subditi
1503 4390 1644 4459 sunt,
1669 4396 1874 4449 scilicet

302 4467 363 4511 ut
418 4469 759 4532 revereantur
806 4465 989 4516 saltem
1038 4478 1144 4527 me,
1193 4462 1279 4529 qui
1311 4463 1494 4518 nolunt
1526 4465 1779 4532 prolicere
1806 4467 1874 4519 de

309 4543 417 4581 n-e.
440 4529 590 4597 Sazpe
619 4531 759 4584 enim
813 4532 935 4585 tuali
964 4531 1234 4601 subiacent
1255 4533 1409 4586 bouis
1438 4529 1540 4586 non
1564 4537 1873 4598 amore,scd

307 4601 538 4673 timore._
569 4601 632 4652 Et
683 4602 956 4673 sciendum
1002 4603 1140 4670 quod
1185 4601 1226 4655 si
1267 4617 1418 4670 caput
1470 4604 1582 4659 hare
1621 4606 1873 4673 loquitur,

307 4684 477 4734 pauca
509 4670 572 4723 de
604 4671 871 4740 praedictis
898 4673 1234 4726 mutabimus.
1259 4674 1416 4738 Quasi
1440 4676 1607 4728 dic.it-
1639 4670 1779 4728 Juda
1797 4670 1878 4730 est

302 4754 400 4790 rex
436 4755 590 4802 meus,
644 4740 694 4794 id
727 4752 827 4802 est,
871 4758 994 4796 vere
1023 4745 1351 4803 confitcntes,
1387 4753 1440 4796 et
1483 4759 1541 4797 se
1573 4747 1714 4810 ipsos
1745 4749 1878 4799 bene

308 4820 554 4875 regentes
580 4821 699 4884 sunt
723 4827 873 4880 reges
897 4814 1023 4872 mei,
1043 4813 1092 4866 id
1118 4823 1218 4877 est,
1241 4829 1390 4884 reges
1413 4828 1878 4884 meorum,regeu-

308 4888 393 4950 tes
439 4893 532 4950 eos
560 4883 723 4934 verbo
771 4893 823 4933 et
871 4885 1134 4950 exemplo.
1167 4893 1221 4934 ut
1253 4882 1458 4944 Petrus,
1494 4883 1686 4940 Paulus
1715 4882 1768 4938 et
1788 4887 1876 4939 alii

307 4947 461 5025 tales.
494 4948 720 5025 Et__it_teo
761 4951 914 5025 Moab
941 4947 1150 5025 est‘olla
1178 4955 1282 5021 spei
1306 4969 1450 5015 metu,
1494 4955 1542 5006 id
1584 4968 1684 5019 εει,
1722 4971 1880 5023 spero

304 5020 470 5070 etiam
503 5020 644 5073 refici
670 5020 737 5075 de
765 5023 1100 5076 ahulenlilttts
1131 5020 1265 5090 lege,
1301 5025 1347 5074 id
1381 5035 1482 5085 est,
1523 5026 1588 5077 de
1633 5020 1881 5090 praevari—

303 5091 578 5143 catoribus
607 5095 901 5157 Conversis,
934 5104 986 5146 et
1018 5095 1115 5145 hoc
1146 5093 1288 5155 ideo,
1335 5099 1454 5159 quia
1485 5111 1582 5156 ego
1613 5099 1881 5149 extendam

305 5159 699 5212 calceamentum
729 5177 928 5214 meum:
964 5163 1012 5215 id
1039 5171 1141 5220 est.
1178 5165 1462 5215 nmilicaho
1503 5165 1882 5218 incarnationis

306 5243 449 5301 tneag
484 5239 746 5284 secretum
790 5247 957 5300 usque
983 5234 1035 5284 in
1066 5230 1369 5290 ldumwam.
1405 5234 1454 5287 id
1483 5246 1583 5294 est,
1616 5249 1783 5301 usque
1815 5237 1880 5289 ad

307 5298 550 5370 maxime
584 5303 807 5355 terrenis
848 5298 1084 5356 deditos:
1132 5313 1184 5355 et
1227 5305 1323 5354 hoc
1363 5305 1411 5356 in
1469 5314 1666 5356 tantum
1691 5298 1709 5364 ,⁷
1741 5305 1880 5370 quod

306 5369 469 5420 etiam
498 5368 884 5444 alienigen¢,_id
909 5372 1276 5444 cst,all0phyli
1308 5373 1433 5427 nti/ti
1457 5374 1663 5436 subditi,
1680 5368 1883 5428 scilicet

306 5452 413 5489 non
446 5453 647 5503 amore,
678 5443 770 5494 sed
796 5441 1009 5498 timore.

381 5508 509 5569 Qui:
531 5509 745 5580 deducet
767 5527 844 5563 me
872 5513 923 5564 in
951 5512 1197 5566 civitatem
1221 5515 1502 5566 munitam:
1540 5514 1649 5580 quis
1677 5514 1884 5567 deducet

309 5593 386 5628 me
410 5594 564 5652 usque
590 5580 641 5632 in
667 5578 993 5635 ldumteam?
1021 5583 1210 5637 Volunt
1238 5586 1448 5650 quidam
1477 5578 1618 5652 quod
1661 5585 1711 5638 in
1742 5599 1886 5638 ntra-

303 5663 412 5722 que
442 5647 830 5722 lectioneistud
867 5663 1066 5706 tantum
1099 5670 1196 5708 vox
1227 5647 1466 5722 corporis
1496 5647 1594 5720 'sit,
1629 5657 1721 5709 sed
1755 5657 1883 5710 nihil

309 5715 552 5782 impedit,
600 5720 726 5786 quin
757 5721 914 5776 etiam
946 5737 1049 5776 vox
1098 5723 1288 5787 capitis
1318 5715 1384 5776 sit
1414 5715 1592 5789 usque
1631 5726 1679 5776 in
1728 5727 1884 5779 liuent

312 5798 556 5855 respectu
587 5791 854 5860 corporis:
876 5803 927 5848 et
947 5797 1021 5848 sic
1051 5795 1425 5850 continuatur:
1459 5795 1766 5862 Extendunt,
1800 5800 1882 5852 in-

1981 1854 2162 1906 raliter
2188 1856 2492 1907 vincamus:
2525 1854 2620 1905 sed
2654 1853 2871 1906 interius
2903 1869 3000 1907 nos
3027 1855 3318 1908 consolaris
3339 1865 3393 1907 et
3420 1871 3554 1906 con-

1983 1925 2180 1986 tinuas,
2198 1938 2252 1980 et
2277 1925 2401 1979 lacis-
2425 1925 2698 1980 cmlestem
2721 1928 2940 1994 patriam
2963 1925 3268 1990 amabilem,
3287 1937 3554 1983 terrenam

1981 2010 2109 2048 vero
2138 1997 2539 2063 deSpicabilem.

2054 2069 2118 2119 Et
2142 2069 2263 2134 quia
2294 2069 2566 2120 uobiscum
2590 2081 2650 2122 es
2698 2067 2941 2134 interius,
2974 2069 3096 2121 licet
3123 2068 3382 2136 repuleris
3412 2077 3560 2121 exte-

1980 2135 2111 2198 rius,
2136 2138 2276 2204 ideo,
2309 2137 2551 2202 Domine,
2583 2141 2650 2190 da
2678 2137 2818 2190 nobis
2859 2140 3113 2191 auxilium
3146 2135 3386 2200 interius,
3415 2138 3554 2204 quod

1980 2207 2048 2258 sit
2095 2207 2158 2258 de
2204 2208 2527 2261 tribulatione
2554 2248 2570 2272 ,
2625 2208 2676 2261 id
2715 2218 2826 2273 est,
2879 2223 3094 2262 causam
3157 2209 3346 2261 habeat
3385 2213 3555 2258 tribu-

1981 2277 2272 2342 lationem,
2324 2278 2376 2330 id
2429 2288 2542 2343 est,
2604 2279 2684 2332 fac
2739 2289 2796 2331 ut
2851 2279 3156 2344 tribulatio,
3209 2292 3367 2345 quam
3421 2285 3557 2342 pati-

1980 2363 2101 2401 mur
2135 2349 2368 2401 exterius
2390 2390 2404 2412 ,
2440 2360 2508 2401 sn
2535 2349 2598 2402 ad
2632 2348 2924 2418 profectum
2947 2389 2962 2411 ,
3011 2365 3114 2402 non
3169 2349 3234 2401 ad
3287 2349 3551 2400 defectum

1981 2418 2220 2471 interius.
2247 2419 2399 2482 Quod
2425 2418 2544 2472 ideo
2571 2421 2708 2479 dico.
2744 2419 2860 2486 quia
2894 2436 3022 2472 vana
3049 2433 3100 2471 et
3129 2419 3330 2472 inutilis
3358 2429 3438 2471 est
3467 2434 3553 2470 sa-

1979 2487 2060 2539 lus
2083 2490 2297 2541 hominis
2318 2490 2572 2554 exterius,
2592 2499 2646 2543 et
2667 2505 2790 2544 vere
2811 2491 2957 2542 dabit
2983 2489 3122 2558 quod
3149 2503 3298 2558 rogo,
3316 2488 3436 2552 quia
3461 2503 3556 2542 nos

1982 2559 2225 2625 facirntus
2263 2561 2494 2611 virtutem
2524 2561 2764 2618 interius,
2822 2561 2872 2611 id
2905 2572 3008 2623 eat,
3059 2568 3368 2611 constantes
3395 2568 3447 2609 et
3480 2559 3557 2609 vi-

1983 2637 2159 2682 ctores
2181 2632 2380 2682 erimus
2406 2632 2459 2681 in
2484 2639 2534 2682 te
2561 2628 2686 2682 Deo.
2716 2629 2850 2683 Vere
2877 2629 3019 2682 enim
3062 2628 3382 2682 Laurentius
3408 2627 3554 2690 vicit,

1979 2701 2065 2766 qui
2094 2700 2254 2770 dixit:
2286 2702 2497 2770 Assatus
2519 2717 2652 2762 sum,
2672 2701 2787 2770 jam
2815 2715 2957 2752 versa
2979 2710 3023 2752 et
3053 2700 3323 2752 manduca.
3353 2698 3559 2770 Eteon-

1979 2769 2137 2822 vertit
2162 2785 2220 2821 se
2249 2769 2314 2821 ad
2346 2785 2443 2822 nos
2471 2771 2536 2823 ad
2567 2769 2800 2822 uestram
2823 2771 3272 2831 exhortationem,
3304 2770 3453 2834 quasi
3477 2769 3556 2818 di-

1978 2850 2096 2892 eat:
2143 2842 2206 2891 Et
2238 2840 2392 2907 hujus
2414 2843 2493 2892 rei
2521 2841 2893 2895 certitudinem
2925 2857 3016 2906 per
3046 2842 3145 2891 hoc
3197 2839 3385 2902 habeo,
3430 2840 3554 2903 quia

1977 2910 2083 2978 ipse
2141 2909 2278 2963 Deus
2332 2911 2542 2963 deducet
2590 2915 2656 2961 ad
2687 2911 2925 2972 nihilum,
2967 2918 3025 2965 et
3064 2909 3146 2962 hic
3177 2918 3231 2962 et
3263 2911 3315 2961 in
3356 2909 3554 2970 futuro,

1977 2981 2278 3033 tribulantes
2309 2997 2418 3035 nos.
2450 2982 2584 3035 Ecce
2615 2981 2704 3035 Dei
2747 2983 2914 3049 gratia
2970 2983 3034 3033 ad
3086 2979 3306 3032 nihilum
3359 2978 3556 3033 redacti

1979 3059 2126 3114 sunt,
2189 3065 2287 3104 nec
2329 3064 2589 3118 apparent
2638 3066 2858 3118 nsquam
2907 3050 3104 3104 inimici
3147 3051 3420 3106 I'Icclesiaa.
3455 3051 3555 3106 nisi

1981 3119 2122 3174 forte
2147 3120 2347 3174 ebriosi
2397 3122 2652 3176 calicibus
2710 3130 3119 3189 persequantur,
3148 3122 3286 3172 sicut
3313 3120 3438 3172 olim
3467 3120 3553 3189 l'u-

1979 3192 2106 3244 riosi
2135 3191 2396 3260 lapidibus
2437 3207 2552 3245 eam
2587 3188 3060 3258 persequebantur.
3094 3192 3342 3242 libriusos
3368 3188 3550 3260 accipe

1972 3263 2054 3313 vel
2090 3258 2199 3314 bac
2231 3262 2368 3315 dulci
2398 3263 2524 3325 vita,
2565 3270 2647 3314 vet
2694 3261 2854 3314 etiam
2897 3265 3017 3313 vino
3049 3260 3336 3314 inebriatos
3359 3275 3374 3323 ;
3399 3258 3550 3326 quasi
3605 3293 3628 3304 ς

1972 3332 2226 3384 calicibus
2268 3332 2556 3386 Ecclesium
2600 3342 3010 3396 persequuntur.
3033 3333 3155 3397 quia
3177 3344 3321 3397 saepe
3349 3329 3548 3384 sanctis

1972 3403 2100 3454 viris
2123 3402 2356 3455 inferunt
2374 3412 2428 3455 et
2451 3400 2838 3454 contradicunt.

2480 3515 2543 3568 ΙΝ
2574 3513 2893 3569 PSALMUM
2928 3512 3038 3568 LX.

2365 3627 2421 3684 ltt
2450 3632 2604 3684 finem
2641 3629 2692 3682 in
2727 3631 2940 3701 hymnis
2975 3629 3159 3685 David.

2578 3737 2952 3776 ABGUMENTUH.

2051 3812 2126 3866 Ex
2161 3827 2386 3880 persona
2438 3813 2618 3881 pOpttli
2654 3814 2706 3866 in
2742 3813 3014 3883 Babylone
3059 3812 3235 3880 positi,
3261 3825 3314 3868 et
3345 3829 3438 3882 pro
3460 3831 3552 3869 sua

1976 3884 2224 3938 libertate
2254 3884 2591 3964 deprecantis
2638 3885 2872 3965 psalmus
2912 3885 3013 3966 iste
3057 3885 3394 3971 componitur
3421 3928 3436 3952 ,
3467 3889 3552 3940 ειιί

1980 3963 2156 4007 tamen
2186 3967 2336 4026 Spem
2367 3963 2618 4008 nutrierat
2652 3963 2970 4012 reverstonis
2991 3963 3043 4014 ιιι
3071 3963 3315 4028 patriam.

2578 4064 2935 4105 εΧΡιΛΝΑτιο.

2054 4144 2110 4215 ln
2139 4141 2607 4215 hymnts‘Gt-mcum
2637 4153 2731 4215 est,
2757 4153 2802 4196 et
2825 4143 3185 4215 interpretatur
3207 4144 3258 4196 in
3285 4142 3551 4215 laudibus,

1979 4214 2113 4280 quod
2158 4225 2287 4266 totus
2340 4211 2583 4284 Psalmus
2624 4212 2809 4266 Christi
2852 4211 3105 4281 praeconia
3151 4216 3454 4284 personabit.
3490 4214 3552 4266 In

1979 4286 2144 4354 prima
2176 4294 2315 4349 parte
2342 4302 2373 4335 a
2403 4283 2588 4350 finibus
2611 4293 2757 4336 terra:
2783 4286 3079 4353 deprecatur
3111 4283 3328 4354 populus
3352 4285 3546 4353 fidelis,

1980 4365 2032 4406 ut
2063 4356 2172 4424 ejus
2217 4357 2459 4407 audiatur
2488 4356 2669 4417 oratio,
2701 4367 2949 4424 quatenus
2992 4357 3042 4408 in
3085 4368 3262 4407 sancta
3315 4354 3548 4406 Ecclesia

1982 4440 2300 4493 perseverans
2323 4424 2523 4477 alarum
2547 4425 2654 4492 ejus
2677 4427 2921 4477 velamine
2951 4436 3259 4493 protegatur.
3286 4424 3344 4475 In
3371 4441 3552 4474 secun-

1911 4515 1956 4574 D
1983 4498 2048 4547 da
2068 4496 2260 4564 gratias
2285 4497 2407 4574 agit,
2432 4495 2566 4559 quod
2584 4495 2740 4564 justis
2771 4495 2835 4574 Ita
2852 4494 3119 4574 reditatem
3146 4511 3291 4572 suam
3319 4494 3479 4558 dedit,
3502 4503 3550 4545 et

1981 4581 2160 4618 nomen
2206 4581 2353 4617 suum
2383 4565 2435 4616 in
2465 4575 2704 4617 ceteruam
2735 4566 2952 4632 gloriam
2987 4565 3314 4626 consecravit,
3345 4579 3407 4615 ea:
3447 4581 3551 4633 qua

1976 4650 2032 4690 re
2063 4634 2246 4688 laudes
2272 4651 2326 4688 se
2353 4636 2671 4687 redditurum
2691 4636 2885 4704 jugt‘ter
2913 4635 3130 4686 Domino
3157 4635 3445 4700 pollicetur.

2542 4737 2970 4777 COMMENTARIUS.

2053 4814 2276 4877 Exaudi,
2311 4814 2466 4879 Deus,
2492 4816 2890 4877 deprecationem
2936 4830 3100 4868 meam
3131 4831 3151 4871 :
3188 4818 3394 4869 intende
3418 4835 3553 4872 ora-

1981 4885 2108 4940 tioni
2127 4902 2280 4955 mete.
2308 4886 2513 4939 Titulus
2543 4893 2625 4936 est
2656 4901 2668 4936 :
2703 4885 2767 4937 In
2794 4887 2945 4950 ﬁnem
2974 4888 3025 4938 in
3055 4888 3274 4955 hymnis,
3309 4889 3549 4943 Psaltnus

1983 4959 2079 5022 ipsi
2116 4954 2300 5008 David.
2334 4956 2467 5018 Quid
2499 4959 2567 5007 sit
2596 4955 2646 5006 in
2693 4957 2874 5017 finem,
2918 4971 3060 5023 suape
3094 4954 3302 5010 dictum
3351 4971 3452 5012 est.
3491 4961 3544 5012 lu

1985 5029 2192 5092 hymnis
2223 5042 2344 5077 vero
2368 5027 2487 5078 ideo
2519 5030 2817 5091 appositum
2850 5037 2948 5089 est,
2987 5039 3036 5077 ut
3069 5029 3183 5080 sive
3210 5030 3546 5086 exsultetuus

1983 5110 2035 5151 et
2061 5097 2318 5160 laetemur,
2349 5111 2459 5147 swe
2486 5095 2797 5147 tribuletnttr
2826 5107 2878 5148 et
2908 5099 3289 5157 :.ttt:.'ttstictttttr.
3313 5101 3402 5154 ille
3429 5101 3542 5152 lau-

1983 5166 2189 5220 dandus
2218 5168 2414 5231 sit,qni
2465 5176 2516 5217 et
2565 5168 2616 5216 itt
2651 5167 3076 5220 tribulationibus
3128 5171 3324 5229 erudit,
3387 5180 3440 5222 et
3490 5171 3540 5218 in

1987 5236 2253 5307 proSperis
2283 5235 2587 5307 consolatur
2617 5237 2882 5289 homines.
2936 5237 3001 5289 Et
3032 5255 3164 5291 unus
3197 5240 3427 5304 loquitur
3460 5239 3546 5288 hit:

1986 5305 2089 5360 non
2125 5321 2218 5369 per
2243 5321 2320 5368 se,
2351 5305 2442 5358 sed
2487 5321 2577 5371 per
2607 5309 2842 5360 membra
2867 5322 2996 5371 sua;
3026 5312 3146 5376 quia
3198 5309 3427 5374 loquitur
3459 5308 3546 5359 bit:

1985 5377 2134 5444 quasi
2169 5391 2323 5436 unus,
2354 5392 2454 5427 non
2486 5386 2658 5428 autem
2689 5393 2822 5428 unus
2853 5387 2956 5439 est,
2986 5382 3077 5428 sed
3109 5390 3355 5444 tanquam
3385 5393 3544 5440 ttuus,

1989 5449 2164 5499 unitas
2205 5446 2290 5498 hic
2331 5447 2577 5509 loquitur.
2611 5448 2808 5498 Omnes
2860 5450 3004 5500 enim
3051 5449 3098 5499 iu
3141 5448 3358 5501 Chrtsm
3412 5461 3550 5499 unus

1992 5517 2148 5570 homo
2187 5532 2389 5581 sumus,
2422 5515 2574 5583 hujus
2625 5527 2801 5568 autem
2858 5517 3087 5569 hominis
3133 5527 3291 5584 caput
3332 5518 3384 5570 iu
3414 5520 3552 5571 caelo

1990 5599 2092 5647 est,
2126 5589 2358 5638 membra
2392 5602 2518 5638 vero
2549 5591 2598 5638 in
2629 5597 2767 5638 terra
2802 5585 3061 5641 laborant.
3105 5589 3167 5640 Et
3189 5588 3274 5656 qui
3304 5589 3548 5641 laborant

1991 5660 2167 5710 videte
2208 5656 2331 5722 quid
2387 5657 2584 5708 dicant.
2636 5656 2744 5710 Vox
2795 5667 2879 5710 est
2916 5657 3165 5710 Ecclesiae
3209 5661 3411 5711 orantis
3459 5673 3554 5725 pro

1989 5729 2282 5779 constantia
2328 5729 2377 5778 in
2420 5727 2758 5781 tribulatione
2806 5737 2861 5780 et
2903 5730 3292 5794 persecutione,
3354 5742 3406 5781 ut
3460 5744 3555 5792 per

1992 5799 2102 5852 haec
2125 5799 2188 5851 ad
2214 5797 2457 5854 eumdem
2485 5798 2665 5865 finem,
2697 5799 2760 5854 ad
2791 5813 2946 5869 quem
2973 5810 3131 5869 caput
3153 5799 3266 5870 ejus
3283 5802 3547 5870 pervenit,
