4010 6190
484 331 587 385 799

485 443 652 507 possit
706 442 1005 503 pervenire,
1054 452 1104 493 et
1147 441 1271 493 dicit
1326 440 1445 492 ita:

486 514 886 579 deprecationem
919 527 1079 561 meum
1132 526 1224 572 pro
1273 511 1501 565 peccatis
1555 510 1686 560 meis
1740 510 1952 569 fictam,
1984 518 2038 561 et

484 584 707 647 intende,
738 582 787 634 id
818 590 918 642 est,
968 580 1225 631 intentum
1274 588 1327 632 te
1382 580 1461 633 lac
1506 580 1722 631 orationi
1771 595 1893 633 mete
1945 595 2040 648 pro

489 653 880 717 permverautia
909 648 1097 700 ﬁnibus
1124 659 1300 706 terrae.

557 721 595 771 Α
622 720 808 788 finibus
838 729 983 771 teme
1010 719 1078 771 ad
1119 728 1166 770 te
1190 718 1420 777 clamavi.
1453 720 1574 772 dum
1623 718 1917 770 anmiaretur
1952 734 2041 770 cor

485 804 649 840 meum
678 806 694 841 :
721 790 773 840 in
803 797 942 854 petra
963 790 1199 840 extritasti
1226 804 1322 841 me.
1362 791 1481 841 Ideo
1510 791 1627 839 ilico
1669 799 1725 838 ut
1756 788 2033 849 exaudias,

486 859 605 920 quia
637 872 735 924 ego
764 861 977 909 clamaui
1007 863 1071 910 ad
1100 868 1144 911 te
1170 875 1197 907 a
1235 859 1415 923 ﬁnibus
1457 869 1622 910 terra).
1667 857 1814 921 Quod
1864 867 2040 922 potest

486 926 653 991 accipi
694 928 776 980 vel
806 928 1133 989 simpliciter,
1168 929 1313 992 qua~i
1351 929 1573 988 diceret,
1616 928 1686 977 Ab
1716 927 1857 977 omni
1892 936 2040 988 parte

490 1005 643 1049 terra:
672 1014 685 1060 ;
718 999 800 1050 vel
832 1008 885 1048 ut
910 1012 1062 1049 causa
1096 1000 1184 1059 sit,
1220 1012 1279 1050 ac
1309 998 1349 1050 si
1382 998 1537 1053 dicat.
1571 997 1796 1048 Ctamari
1839 1011 1940 1047 non
1972 997 2034 1049 ad

489 1081 698 1129 aurum,
730 1082 830 1119 non
859 1067 922 1118 ad
954 1077 1249 1129 argentum,
1297 1068 1388 1119 sed
1434 1068 1499 1117 ad
1531 1078 1577 1118 te
1608 1066 1828 1128 primum
1858 1082 1888 1117 a
1914 1065 2035 1133 ﬁni-

491 1134 583 1186 bus
614 1144 776 1193 terrae.
810 1136 860 1189 id
893 1146 971 1188 est
1001 1152 1092 1201 per
1125 1135 1245 1187 illos
1272 1139 1357 1203 qui
1389 1148 1508 1188 sunt
1542 1137 1672 1188 lines
1703 1145 1873 1199 terrae,
1914 1136 2036 1202 quia

493 1219 706 1258 omnem
737 1207 1092 1259 terrenEtatem
1124 1205 1405 1257 liuivernnt
1437 1208 1488 1257 in
1529 1221 1605 1257 se.
1636 1205 1764 1269 Quis
1795 1220 1927 1257 unus
1956 1208 2039 1259 1110

491 1276 687 1329 clamet
716 1290 743 1326 a
777 1276 971 1328 ﬁnibus
1001 1278 1187 1328 teme?
1219 1278 1315 1327 nisi
1348 1277 1467 1342 quia
1492 1274 1733 1328 Christus
1755 1284 1835 1326 est
1858 1290 1994 1328 unus
2020 1315 2037 1337 ,

491 1345 640 1411 cujus
672 1347 937 1409 possessio
965 1356 1017 1398 et
1057 1346 1337 1397 11011-11111105
1366 1356 1445 1396 est
1467 1345 1572 1408 illa,
1613 1344 1679 1397 de
1708 1359 1807 1410 qua
1837 1343 2036 1398 dictum

488 1422 570 1466 est
593 1431 628 1469 :-
652 1414 915 1468 Postulaa
951 1431 1048 1478 me,
1090 1424 1135 1467 et
1182 1416 1310 1467 dabo
1360 1415 1447 1466 tibi
1492 1423 1658 1483 gentes
1697 1412 2040 1466 [nereditatem

488 1491 647 1549 tuam,
672 1495 717 1539 et
747 1484 1106 1550 possessionem
1147 1493 1282 1535 luant
1323 1486 1556 1537 terminos
1582 1492 1754 1544 terrm,
1799 1485 1897 1535 hoc
1935 1497 2039 1547 esr,

492 1565 685 1619 corpus
706 1555 918 1617 (Lhristi,
947 1555 1057 1607 hmc
1078 1561 1163 1607 est
1190 1555 1470 1607 han-editas
1494 1554 1685 1606 Christi
1717 1568 1835 1619 qua:
1865 1568 1893 1602 a
1928 1554 2043 1605 titti-

493 1621 591 1676 bus
622 1633 774 1678 terra:
798 1626 1006 1677 clamat.
1049 1625 1222 1689 Quare
1263 1633 1438 1676 autem
1475 1625 1668 1676 clamat
1712 1624 1859 1685 dicit,
1899 1624 2042 1675 scili-

489 1702 571 1743 cet
600 1693 721 1745 dum
762 1695 1057 1746 anxiaretur
1096 1710 1181 1745 cor
1222 1710 1409 1745 meum.
1448 1694 1672 1746 Necesse
1712 1701 1787 1743 est
1833 1692 1956 1743 dum
1986 1692 2037 1744 in

948 326 1144 380 BEDA‘J
1187 324 1633 379 VENERABIUS
1669 325 1817 379 Oi’P.
1863 323 2037 377 PARS
2078 321 2138 375 11.
2180 322 2370 377 SECT.
2417 323 2477 377 11.
2509 353 2578 364 ——
2611 323 2807 379 Dl’BlA
2854 323 2941 378 ET
2983 323 3222 379 SPURH

1486 439 1618 491 Deus
1646 439 1825 511 Pater,
1859 440 2042 494 exaudi
2072 438 2118 497 Α
2147 453 2247 511 one
2279 454 2419 500 mea,
2472 455 2574 511 non
2628 439 2828 491 viribus
2861 439 3033 511 meis:
3065 440 3157 491 sed
3198 440 3315 502 quia
3370 451 3604 511 protegnr
3654 448 3716 499 111

3608 327 3719 383 800

2147 507 2423 581 velamento
2461 507 2664 581 alarum
2698 518 2921 581 tuarum.
2967 509 3180 581 Magnus
3213 518 3296 563 est
3340 507 3528 563 :cstusV
3554 516 3706 581 hujus

2143 578 2345 639 amettli,
2386 579 2505 643 quia
2543 580 2722 629 mulue
2752 577 3396 646 tribulationesjustnrum
3427 597 3439 632 :
3476 583 3569 635 sed
3598 577 3699 637 tam

2145 662 2330 714 magna
2355 658 2435 699 est
2467 648 2650 699 umbra
2698 650 2900 699 alarum
2945 648 3033 699 Dei
3066 648 3236 713 (quasi
3270 649 3429 716 dicat)
3462 654 3600 715 quod
3636 659 3703 705 ab

2146 716 2235 767 illo
2263 733 2346 767 me
2377 718 2599 780 protegit
2625 737 2637 772 :
2674 717 2767 769 has
2802 728 2974 770 autem
3005 719 3113 769 alas
3143 733 3425 780 possumus
3460 724 3707 785 accipere

2144 786 2223 835 vel
2249 787 2583 839 dilectionem
2629 786 2721 838 Dei
2753 794 2806 837 ct
2838 789 3083 850 proximi,
3118 790 3196 839 vel
3232 788 3387 839 Vetus
3417 799 3470 839 et
3499 790 3704 847 Novum

2142 854 2564 917 Testamentum,
2592 859 2675 907 vel
2710 857 3125 907 misericordiam
3171 868 3222 908 et
3280 859 3576 914 veritatem.
3610 862 3713 914 Mi-

2144 925 2486 979 sericordiatn
2512 926 2722 991 quidem
2749 928 2797 977 in
2824 928 3140 980 remittendo
3170 936 3402 991 peccata,
3428 932 3715 988 veritatem

2141 1010 2289 1056 vero,
2324 995 2377 1047 in
2406 996 2720 1067 complendo
2749 996 3028 1062 promissa,
3062 998 3335 1049 veletium
3369 998 3698 1067 increpatio-

2145 1078 2265 1117 nem
2295 1074 2345 1113 et
2376 1065 2801 1127 promissionem.

2214 1134 2464 1197 Quoniam
2494 1145 2565 1195 tu,
2597 1133 2726 1185 Deus
2753 1150 2908 1196 meus,
2932 1135 3181 1187 exaudiin
3206 1137 3482 1189 oratiouen
3505 1155 3662 1191 meam
3682 1156 3702 1195 :

2140 1203 2324 1255 dedisti
2371 1205 2711 1256 Itwreditatem
2769 1205 3053 1256 timentibus
3104 1221 3282 1257 nomen
3336 1217 3497 1259 tuum.
3561 1209 3699 1264 Vere

2144 1284 2387 1340 proteges
2417 1288 2520 1337 me,
2547 1274 2794 1337 quoniam
2825 1274 2931 1340 jam
2950 1276 3200 1327 exaudisti
3229 1276 3509 1329 orationem
3532 1295 3705 1332 means

2143 1342 2329 1395 factam
2365 1358 2457 1407 pro
2487 1343 2899 1410 perseverantia,
2930 1353 2983 1396 tu
3008 1345 3127 1396 dico
3157 1345 3207 1397 in
3240 1345 3341 1397 hoc
3380 1346 3517 1399 Deus
3540 1365 3705 1411 meus,

2144 1410 2194 1483 id
2225 1421 2305 1465 est
2332 1426 2487 1478 quem
2517 1414 2637 1465 ideo
2671 1415 2860 1465 merito
2887 1416 3049 1483 gratis
3080 1429 3221 1476 amo,
3276 1416 3396 1467 colo
3422 1427 3478 1469 et
3520 1410 3703 1474 laudo.

2144 1481 2208 1533 Et
2239 1483 2290 1553 in
2339 1484 2438 1535 hoc
2490 1490 2728 1553 apparet,
2760 1481 2909 1549 quod
2949 1498 3075 1535 vere
3123 1498 3221 1538 me
3255 1487 3533 1553 exaudisti,
3581 1493 3705 1553 quia

2141 1551 2325 1605 dedisti
2351 1554 2458 1619 jam
2499 1552 2635 1617 ipse,
2679 1551 2896 1605 daturus
2942 1562 3177 1620 tempore
3206 1569 3301 1605 5110
3343 1556 3393 1606 in
3445 1551 3702 1612 reticere-

2142 1621 2347 1675 ditatem
2375 1624 2749 1688 sempiternam
2783 1633 2835 1675 et
2878 1638 3077 1686 veram,
3126 1631 3180 1675 et
3220 1623 3507 1678 timentibus
3552 1639 3715 1681 casto

2146 1689 2334 1744 timore
2384 1707 2570 1744 nomen
2608 1702 2767 1752 tuum,
2806 1691 2855 1745 id
2906 1703 3008 1753 est,
3043 1695 3142 1745 hoc
3182 1708 3372 1746 nomen
3427 1695 3565 1747 Deus
3616 1700 3702 1751 vel

495 1765 918 1836 peregrinatione
959 1778 1159 1836 sumus,
1206 1765 1523 1836 tentationes
1572 1772 1625 1815 et
1668 1762 2031 1836 tribulationes
2065 1779 2116 1836 Β
2144 1758 2419 1836 Dominus.
2450 1760 2641 1814 Merito
2671 1772 2848 1836 autem
2894 1762 3233 1836 hoc_nomen
3270 1765 3408 1816 Deus
3452 1767 3703 1822 omnibus

493 1832 880 1896 patiamur,sed
911 1833 1127 1885 tentatio
1148 1842 1321 1884 nostra
1353 1832 1641 1897 profectum
1668 1830 1843 1884 habet.
1870 1831 2032 1885 Ννιιηο

489 1902 633 1953 enim
656 1903 752 1955 sibi
798 1902 1094 1963 innotescit,
1130 1903 1225 1953 nisi
1262 1910 1495 1955 tentatus
1524 1918 1537 1965 ;
1571 1915 1671 1953 nec
1693 1902 2036 1954 coronabitor

488 1970 694 2036 aliquis,
724 1972 821 2024 nisi
850 1973 1047 2025 vicerit.
1084 1971 1299 2024 Vincere
1331 1986 1432 2024 non
1467 1972 1676 2037 poterit,
1721 1971 1820 2022 nisi
1862 1980 2035 2022 certa-

489 2039 886 2104 verit;certare
917 2052 1039 2095 vero
1066 2056 1168 2092 non
1200 2043 1413 2105 poterit,
1455 2044 1497 2093 si
1544 2042 1630 2106 qui
1678 2055 1797 2094 eum
1844 2048 2033 2104 tentet,

489 2107 691 2163 hostem
732 2125 831 2163 non
875 2111 1132 2165 habuerit.
1163 2110 1411 2173 Clamavi,
1456 2111 1690 2180 inquam,
1721 2110 1889 2171 adte,
1915 2112 2034 2163 dum

486 2193 576 2230 eor
607 2196 772 2233 meum
815 2184 1129 2241 anxiaretur,
1162 2183 1523 2233 tantummodo
1563 2196 1665 2233 non
1709 2181 2032 2245 vinceretur,

487 2248 607 2300 ideo
627 2253 747 2316 quia
775 2258 826 2303 tu
856 2253 1095 2304 eraltasti
1120 2266 1195 2302 me
1219 2266 1283 2304 ne
1306 2253 1547 2304 vincerer
1576 2252 1627 2303 in
1667 2259 1829 2317 petra.
1878 2246 2035 2302 Petra

484 2328 672 2380 autem,
718 2332 771 2371 ut
802 2322 867 2372 ait
897 2324 1201 2389 Apostolus,
1224 2330 1333 2373 erat
1372 2320 1617 2381 Christus,
1644 2321 1729 2388 qui
1762 2336 1856 2373 nos
1882 2322 2031 2373 exal-

491 2390 617 2441 tavit
642 2408 655 2442 :
686 2391 803 2455 quia
838 2392 979 2455 prior
1011 2407 1103 2457 pro
1134 2390 1286 2444 nobis
1314 2398 1368 2443 et
1395 2390 1463 2444 de
1489 2400 1670 2443 nostro
1705 2392 1871 2443 voluit
1893 2390 2032 2456 capi,

485 2459 671 2527 teneri,
715 2460 965 2527 ﬂagellari
1013 2472 1065 2513 et
1111 2462 1266 2523 0.131“,
1296 2469 1349 2512 ut
1378 2462 1675 2524 exemplum
1707 2461 1861 2512 nobis
1885 2463 2033 2513 daret

483 2526 730 2589 vivendi;
774 2526 840 2583 de
875 2546 957 2584 me
986 2532 1127 2583 enim
1166 2531 1262 2584 sibi
1313 2530 1607 2591 inlirmitas,
1659 2528 1725 2580 de
1772 2529 1860 2581 illo
1905 2530 2031 2582 mihi

483 2594 736 2667 fortitudo
766 2616 777 2651 :
809 2600 875 2651 de
905 2615 988 2652 me
1004 2599 1106 2652 sibi
1138 2598 1446 2661 ignominia,
1467 2600 1532 2651 de
1564 2599 1650 2649 illo
1675 2598 1797 2650 mihi
1826 2600 1991 2667 gloria
2016 2617 2029 2651 :

483 2664 551 2715 de
581 2680 665 2718 me
696 2669 789 2720 sibi
818 2684 980 2729 mors.
1012 2669 1079 2722 de
1106 2670 1194 2721 illo
1222 2669 1348 2721 mihi
1381 2670 1521 2721 vita:
1555 2668 1626 2721 de
1664 2684 1748 2721 me
1775 2664 1874 2723 sibi
1926 2672 2033 2722 ltu-

485 2735 727 2800 miliatio,
763 2740 827 2790 de
856 2740 943 2793 illo
974 2740 1098 2791 tnihi
1122 2741 1391 2793 exaltatio.

556 2803 819 2877 Deduxiin
843 2825 941 2870 me,
969 2811 1087 2876 quia
1111 2810 1271 2877 fartus
1300 2825 1352 2862 es
1373 2823 1484 2877 spes
1525 2823 1633 2860 mea
1658 2847 1672 2870 ,
1698 2808 1851 2861 turris
1881 2810 2043 2877 forti-7

487 2874 671 2945 tudinis
692 2894 721 2926 a
750 2879 879 2945 facie
918 2874 1131 2931 inimici.
1173 2874 1427 2931 Exultant
1465 2894 1561 2941 me,
1599 2880 1833 2943 inquam,
1864 2874 1918 2933 et
1946 2885 2036 2934 de—

483 2941 676 2998 duxisti
721 2941 799 2999 me
835 2949 903 3001 de
952 2952 1141 3000 virtute
1197 2952 1246 2999 in
1294 2951 1562 3001 virtutem.
1622 2941 1915 3014 Deduxisti,
1951 2951 2031 3002 in-

481 3027 661 3085 quam,
713 3020 830 3085 quia
877 3018 980 3070 dux
1032 3034 1218 3072 meus:
1249 3027 1303 3071 et
1342 3033 1433 3083 per
1484 3027 1557 3080 te,
1589 3018 1705 3084 quia
1756 3019 1836 3070 via
1867 3019 1931 3071 ad
1961 3028 2033 3081 te,

483 3082 606 3157 quia
663 3082 825 3139 tu'es
861 3092 1029 3155 patria
1080 3088 1228 3157 mihi.
1284 3082 1351 3139 Et
1388 3101 1510 3157 vere
1554 3082 1839 3151 deduxisti,
1918 3091 2037 3157 quia

482 3152 649 3218 factus
673 3171 725 3207 es
753 3152 873 3221 spes
904 3175 1013 3210 mea
1052 3160 1104 3210 in
1135 3155 1353 3209 Christo.
1399 3155 1639 3209 Christus
1683 3159 1822 3210 enim
1854 3152 1940 3210 est
1983 3160 2032 3211 in

488 3221 587 3276 hoc
615 3239 737 3290 spes
768 3240 966 3291 1105110,
1010 3231 1130 3294 quia
1165 3242 1350 3292 paSSus
1372 3238 1471 3288 eat,
1502 3236 1737 3281 mortuus
1756 3267 1771 3289 ,
1799 3228 2043 3291 sepultus

482 3302 583 3353 est,
616 3303 671 3346 et
699 3300 1002 3350 resurrexit.
1035 3297 1209 3363 Quare
1236 3300 1285 3350 in
1309 3296 1422 3362 ipso
1450 3298 1687 3350 videmus
1716 3305 1771 3350 et
1798 3297 2035 3352 laborem

486 3375 723 3439 1105110111
766 3380 816 3419 et
867 3372 1165 3439 merci-dem
1205 3377 1475 3439 nostram.
1519 3367 1776 3439 Laborem
1822 3368 2041 3439 quidem

485 3435 537 3503 in
564 3435 826 3499 passione,
861 3438 1157 3491 mercedem
1202 3438 1253 3491 in
1304 3435 1690 3490 resurrectione
1716 3451 1733 3489 :
1756 3438 1873 3503 quia
1903 3438 2034 3493 duas

486 3500 622 3553 vitas
675 3506 945 3560 habemus.
1001 3510 1254 3570 Alteram,
1309 3510 1360 3559 in
1400 3522 1499 3573 qua
1555 3521 1737 3558 sumus
1762 3500 1784 3557 ε’
1810 3508 2031 3564 alteram

484 3585 641 3634 quam
669 3588 964 3643 Speramus.
1002 3577 1061 3628 Et
1095 3580 1137 3629 si
1172 3579 1429 3644 patienter
1456 3577 1744 3629 toleramus
1797 3575 1939 3629 illam
1982 3579 2032 3632 iu

486 3655 586 3713 qua
617 3657 822 3708 sumus,
850 3647 1211 3711 perveniemus
1256 3646 1317 3697 ad
1365 3647 1507 3697 illam
1540 3661 1695 3712 quam
1738 3661 2030 3713 speramus.

482 3709 600 3762 Non
646 3709 918 3777 noveram,
952 3718 1049 3769 nisi
1091 3716 1356 3769 hominem
1401 3709 1625 3767 nasci'et
1656 3709 1823 3767 mori:
1858 3731 2032 3770 resur-

484 3794 611 3846 gere
637 3792 833 3845 autetn,
864 3797 918 3839 et
962 3787 1012 3837 in
1064 3801 1320 3839 internum
1372 3786 1550 3838 vivere
1600 3799 1701 3837 non
1758 3800 2028 3840 noveram.

488 3853 701 3923 Accepit
756 3856 867 3919 ipse
910 3856 1049 3923 quod
1106 3873 1203 3921 ego
1236 3870 1506 3917 noveram,
1553 3864 1607 3908 et
1648 3855 2035 3911 demonstravit

487 3920 613 3993 mihi
641 3928 777 3993 quod
808 3940 906 3993 ego
928 3920 1038 3979 non
1064 3920 1337 3989 noveram,
1360 3925 1410 3976 id
1450 3936 1532 3979 est
1569 3925 2033 3991 resurrectionem,

486 3997 534 4038 et
569 3990 645 4061 sic
676 3990 956 4046 factus'est
1002 4010 1121 4060 spes
1152 4012 1291 4060 mea,
1323 4005 1377 4048 et
1411 4006 1492 4047 est
1523 3996 1646 4046 mihi
1693 3994 1844 4045 turris
1876 3990 2033 4061 forti;

487 4059 670 4130 tudinis
705 4078 735 4112 a
762 4063 891 4128 facie
927 4064 1139 4127 inimici,
1193 4067 1241 4117 id
1290 4076 1370 4117 est
1417 4081 1446 4116 a
1506 4064 1780 4129 praesentia
1810 4059 2025 4130 inimici,

488 4126 688 4201 scilicet
717 4126 781 4183 ne
826 4134 924 4184 tela
971 4133 1084 4201 ejus
1127 4126 1189 4184 ad
1224 4151 1305 4185 tne
1356 4126 1679 4201 perveniant.
1718 4126 2033 4189 111511110111111·

487 4197 906 4270 tuihihatretici,
936 4197 1187 4253 insultant
1218 4197 1557 4270 mihi-pagani
1592 4212 1648 4255 et
1671 4217 1857 4254 omnes
1881 4205 2025 4263 tttali.

492 4267 641 4339 quasi
682 4284 784 4321 non
817 4273 884 4322 sit
928 4272 1051 4324 mihi
1096 4272 1241 4324 locus
1272 4267 1476 4339 relligii.
1508 4272 1611 4324 Sed
1657 4274 1899 4326 Christus
1949 4283 2032 4328 est

487 4337 613 4387 mihi
647 4339 807 4391 turris
838 4340 1176 4393 fortitudinis.
1212 4342 1332 4393 lla-c
1364 4337 1521 4393 turris
1546 4345 1780 4393 exterius
1806 4357 2029 4409 nonap-

483 4416 649 4470 paret,
683 4410 773 4461 sed
815 4423 1024 4476 semper
1061 4412 1279 4463 interius
1311 4426 1543 4476 praesens
1587 4421 1686 4464 est.
1737 4412 2026 4464 Considera

2145 1831 2431 1883 timendum
2462 1841 2564 1901 est.
2599 1839 2658 1884 ut
2684 1831 2824 1885 sicut
2878 1832 2940 1883 atl
2984 1831 3288 1885 Creatorem
3319 1846 3582 1901 creatura,
3630 1838 3701 1890 ita

2134 1904 2197 1971 ad
2228 1902 2400 1964 ipsum
2428 1914 2485 1952 se
2509 1900 2763 1955 habeant.
2788 1901 2915 1953 Item
2939 1903 3037 1954 hoc
3063 1916 3251 1955 nomen
3285 1902 3534 1957 Dominus
3558 1911 3707 1971 juste

2136 1969 2421 2023 timendum
2447 1982 2527 2022 est
2558 1973 2807 2040 omnibus
2836 1980 2893 2023 ut
2929 1972 3158 2024 habeant
3200 1987 3259 2023 se
3296 1987 3417 2040 erga
3450 1969 3595 2036 eum,
3625 1979 3703 2029 si-

2133 2048 2225 2091 cut
2253 2054 2437 2091 servus
2462 2054 2582 2108 erga
2614 2039 2919 2105 dominum,
2943 2041 3183 2094 subditus
3213 2056 3341 2107 erga
3363 2039 3663 2105 praelatum.

2209 2109 2326 2162 Dies
2355 2126 2506 2182 super
2552 2111 2659 2182 dies
2690 2110 2820 2177 regis
2852 2111 3062 2182 adjicies
3089 2126 3305 2182 {annos
3334 2114 3439 2179 eius
3470 2130 3624 2182 usque
3647 2119 3709 2169 iis

2134 2177 2265 2252 diem
2289 2180 2621 2252 generationis
2648 2188 2693 2233 et
2720 2181 3077 2252 generationis.
3113 2181 3287 2243 Dabis,
3323 2177 3567 2252 inquam,
3586 2188 3701 2236 har--

2134 2248 2433 2322 reditatem,
2460 2260 2511 2303 et
2532 2249 2631 2322 hoc
2661 2248 2990 2322 mododahis
3014 2265 3129 2322 eam
3158 2268 3169 2301 :
3195 2252 3316 2315 quia
3346 2248 3558 2322 adjicies
3590 2256 3711 2308 dies

2132 2320 2289 2382 regis,
2321 2319 2368 2372 id
2401 2328 2484 2372 est
2511 2320 2623 2373 dies
2651 2322 2756 2385 jam
2797 2321 2950 2371 datos
2974 2321 3079 2387 regi
3116 2330 3299 2373 nostro
3329 2319 3560 2383 Christo,
3586 2326 3701 2375 dies

2133 2390 2333 2441 scilicet
2381 2389 2713 2443 immortales
2770 2398 2825 2442 et
2864 2399 3115 2460 aeternos,
3171 2404 3331 2456 super
3366 2391 3538 2460 justos
3582 2395 3715 2448 dics,

2133 2468 2343 2511 nostros
2370 2462 2621 2513 mortales
2649 2467 2705 2512 et
2738 2459 3073 2513 transitorios
3110 2476 3123 2513 :
3151 2469 3204 2511 et
3232 2459 3395 2514 annos
3422 2463 3537 2527 ejus
3561 2467 3697 2527 adti-

2132 2531 2239 2582 cies
2270 2544 2429 2594 super
2472 2545 2640 2582 annos
2688 2542 2919 2593 nostros,
2979 2545 3138 2596 usque
3178 2529 3302 2581 dum
3355 2534 3610 2597 perducas
3642 2536 3697 2587 in

2132 2597 2287 2660 diem,
2313 2599 2366 2651 id.
2381 2605 2482 2670 est,
2500 2600 2550 2651 in
2565 2598 2933 2664 aeternitatem;
2952 2600 3190 2670 quasilies
3211 2600 3418 2653 estsine
3437 2602 3558 2662 line,
3579 2604 3704 2670 quia

2138 2676 2230 2740 est
2245 2670 2358 2740 dies
2380 2669 2493 2740 sine
2520 2678 2695 2740 nocte,
2720 2671 2772 2721 in
2789 2670 2942 2740 diem
2968 2667 3087 2740 d_tco
3117 2672 3449 2736 generationis
3474 2681 3521 2723 et
3550 2667 3698 2740 gene-

2133 2738 2367 2809 ratiom‘s,
2394 2738 2447 2790 id
2466 2747 2575 2802 est,
2599 2739 2683 2809 ubi
2724 2738 2827 2793 erit
2855 2738 3160 2791 indeﬁciens
3179 2742 3474 2804 generatio.
3509 2738 3563 2795 iri
3591 2757 3700 2809 qua

2133 2808 2333 2860 scilicet
2358 2823 2514 2876 neque
2542 2808 2754 2871 nubent,
2813 2823 2972 2876 neque
3018 2809 3290 2861 nubentur.
3341 2811 3402 2862 Et
3431 2825 3549 2878 quae
3593 2808 3701 2865 non

2137 2878 2454 2957 ρει-4111⁸11010,
2480 2880 2569 2931 sed
2597 2894 2715 2957 quae
2738 2882 3023 2957 per_sol_em
3051 2878 3399 2945 signiﬁcatur,
3424 2880 3545 2946 quia
3570 2889 3700 2935 tunc

2131 2947 2258 3014 justi
2299 2948 2569 3017 fulgebunt
2599 2950 2740 3001 sicut
2767 2948 2869 3018 sol.
2904 2947 3026 3001 llam
3051 2956 3226 3001 autem
3259 2963 3494 3015 praesens
3530 2966 3699 3018 gene—

2137 3018 2279 3069 10110
2301 3014 2399 3084 per
2423 3020 2596 3071 lunam
2643 3014 2991 3085 significatur,
3037 3018 3157 3084 quia
3210 3020 3400 3082 recipit
3440 3014 3698 3087 0118⁷01011-

2141 3095 2249 3139 111111
2281 3098 2333 3140 et
2354 3087 2749 3140 detrimentum.
2784 3089 2967 3141 Annos
3015 3096 3189 3140 autem
3232 3091 3373 3155 regis
3416 3088 3537 3143 ideo
3581 3102 3702 3157 post

2139 3157 2251 3209 dies
2289 3158 2479 3223 posuit,
2513 3166 2569 3207 ut
2610 3173 2699 3224 per
2747 3158 2856 3227 hoc,
2895 3159 3012 3222 plus
3044 3158 3402 3223 signiﬁcaret:
3450 3159 3543 3212 sed
3573 3160 3710 3227 quia.

2137 3227 2388 3293 quidquid
2414 3227 2481 3279 de
2505 3228 2801 3280 aeternitate
2829 3226 2996 3288 dicas,
3030 3242 3210 3289 parum
3238 3236 3319 3279 est
3339 3239 3595 3293 quantum
3628 3231 3696 3282 ad

2138 3298 2302 3362 ipsatu
2339 3298 2402 3347 ad
2444 3300 2543 3349 hoc
2573 3296 2881 3359 notandum,
2913 3295 3050 3364 quod
3083 3298 3225 3363 prius
3260 3310 3351 3361 per
3380 3298 3495 3351 dies
3522 3308 3575 3352 et
3602 3314 3699 3349 an-

2137 3380 2233 3418 nos
2261 3367 2675 3433 signiﬁcaverat,
2694 3381 2785 3434 per
2810 3367 2948 3419 diem
2976 3381 3131 3418 unam
3161 3366 3275 3421 sine
3306 3376 3482 3432 nocte,
3508 3379 3560 3421 et
3579 3370 3705 3421 sine

2136 3437 2241 3490 line
2269 3436 2601 3503 signiﬁcavit.

2210 3504 2475 3557 Permanet
2503 3509 2557 3558 in
2585 3515 2829 3558 attentum
2855 3506 2907 3556 in
2937 3514 3205 3573 conspectu
3246 3504 3360 3570 Dei,
3392 3505 3697 3559 misericor-

2138 3575 2289 3646 diam
2316 3586 2359 3626 et
2398 3576 2658 3646 ueritatem
2685 3578 2793 3646 ejus
2820 3576 2931 3645 quis
2960 3576 3219 3646 requiret?
3247 3575 3433 3646 _Nohis,
3459 3580 3697 3644 inquam,

2133 3645 2344 3715 adjicies
2371 3645 2475 3698 dies
2496 3647 2652 3716 regis.
2682 3644 2787 3698 Rex
2832 3644 3007 3699 autem
3040 3645 3207 3712 quid?
3239 3644 3507 3697 Permanet
3546 3649 3694 3698 scili-

2133 3714 2215 3768 cet
2245 3716 2296 3766 in
2317 3714 2583 3784 conspectu
2624 3714 2714 3768 Dei
2746 3716 2916 3767 Patris
2943 3716 2996 3767 in
3046 3727 3312 3769 teternum.
3362 3716 3426 3767 Et
3451 3720 3695 3782 quando-

2135 3786 2348 3852 quidem
2378 3785 2428 3836 in
2460 3797 2714 3837 aeternum
2756 3800 2875 3837 cum
2905 3784 3061 3838 Patre
3103 3794 3395 3849 permanet,
3428 3786 3541 3849 quis
3571 3800 3697 3847 ergo

2133 3855 2350 3923 requiret
2391 3856 2499 3923 ejus
2546 3854 2940 3907 misericordiam
2971 3866 3015 3905 et
3055 3855 3330 3912 veritatem.
3362 3867 3419 3907 ut
3459 3858 3545 3905 uhi
3576 3855 3692 3921 ipse

2136 3936 2236 3985 est,
2282 3922 2386 3977 illic
2414 3922 2475 3977 et
2503 3927 2739 3976 minister
2768 3928 2882 3988 ejus
2912 3925 3013 3975 sit?
3039 3923 3199 3989 Quasi
3246 3924 3388 3977 dicat
3414 3941 3426 3974 :
3462 3923 3691 3977 Difﬁcile

2132 4004 2213 4045 cst
2241 4004 2291 4044 ut
2319 3996 2435 4058 quis
2464 3996 2562 4047 hoc
2592 3994 2766 4046 finiat.
2799 3994 2887 4044 Vel
2913 3995 3064 4045 aliter
3094 4010 3105 4044 :
3141 3992 3275 4047 Vere
3313 3993 3464 4045 dabis
3514 3995 3693 4045 haere-

2132 4064 2347 4115 ditatem
2391 4065 2694 4116 timentibus
2726 4074 2793 4115 te.
2831 4064 2958 4115 Nam
2990 4062 3209 4129 adiicies
3262 4077 3428 4125 super
3455 4062 3574 4115 dies
3605 4079 3696 4115 re—

2132 4134 2210 4196 gis
2242 4144 2553 4198 prtcseutcs,
2580 4137 2712 4186 alios
2740 4131 2852 4183 dies
2899 4134 3061 4198 regis,
3104 4142 3335 4185 aeternos
3368 4133 3597 4186 scilicet.
3629 4131 3699 4186 Et

2132 4204 2418 4267 Superbos
2444 4218 2609 4254 annos
2659 4205 2796 4269 regis
2838 4202 2970 4255 alios
3012 4216 3181 4254 annos
3219 4201 3355 4268 ejus,
3412 4218 3480 4255 eo
3529 4218 3698 4270 u~que

2131 4275 2253 4324 1111111
2286 4272 2536 4337 perducas
2564 4284 2743 4338 regem
2776 4271 2923 4323 illum
2951 4280 3005 4324 et
3056 4282 3277 4337 regnum
3308 4272 3424 4338 ejus
3456 4273 3509 4325 in
3550 4271 3697 4325 diem

2131 4341 2485 4407 generationis
2508 4351 2563 4393 et
2588 4339 2966 4401 uenerationis.
3001 4344 3101 4394 hoc
3126 4350 3206 4393 est
3228 4341 3281 4393 in
3313 4344 3695 4410 aeternitatem,

2135 4412 2220 4462 uhi
2245 4411 2346 4461 erit
2369 4411 2644 4477 generatio
2671 4424 2717 4463 et
2742 4410 3038 4477 generatio,
3073 4411 3123 4463 id
3156 4419 3238 4464 est
3263 4410 3577 4464 indeticiens
3605 4427 3699 4476 ge—

483 4458 512 4548 ξι
522 4458 1012 4547 11111111ιῖ11-11111011117,⁷
1046 4458 1717 4548 in".1...}.1a'st‘sn;'s.
1749 4458 1877 4545 ;.;.'.;'
1887 4458 2025 4535 ’1111ὲῖ
2058 4458 2105 4515 υ
2133 4458 2355 4532 atatis.
2370 4458 2558 4544 ³0111111
2569 4458 2650 4534 ὲζι
2676 4458 2895 4533 satis:
2914 4458 3123 4533 esse;
3147 4458 3242 4532 at;
3263 4458 3421 4532 1.7;;
3431 4458 3692 4531 ’1111311ῗῖ-

482 4542 597 4602 inse
624 4542 764 4600 enim
782 4542 983 4615 'passus
1010 4561 1088 4603 est
1122 4542 1179 4602 ut
1206 4542 1523 4617 resurgeret,
1556 4553 1675 4618 quia
1726 4542 1778 4601 tu
1821 4566 2030 4619 quoque

481 4620 723 4669 eumdem
752 4634 935 4685 speras
968 4620 1146 4681 linem,
1171 4632 1219 4672 et
1243 4620 1319 4672 sic
1342 4625 1522 4672 turrim
1552 4624 1773 4674 intrasti.
1798 4620 1902 4672 Nec
1926 4637 2029 4683 iam

478 4688 779 4741 consenties
810 4691 1043 4751 inimico,
1090 4702 1135 4743 et
1189 4693 1287 4742 tela
1332 4690 1524 4742 inimici
1572 4707 1672 4741 non
1724 4692 2030 4755 pervenient

478 4754 541 4803 ad
579 4764 648 4818 te,
680 4758 787 4810 imo
819 4768 871 4809 ttt
914 4760 1233 4825 jaculaberis
1283 4762 1332 4811 iu
1380 4760 1647 4812 inimicum
1696 4754 1795 4811 tela
1838 4769 1944 4821 tua,
1979 4762 2026 4813 id

477 4830 768 4904 est,.verha
812 4828 947 4881 bona
974 4830 1165 4897 quibus
1203 4844 1295 4881 cor
1322 4829 1437 4897 ejus
1469 4836 1614 4897 ligas,
1671 4840 1727 4883 et
1778 4830 1865 4883 tibi
1909 4847 2027 4885 eum

475 4905 783 4961 coniungas.

484 5030 495 5040 .
547 4959 850 5040 litltairitabo
889 4969 943 5022 in
991 4969 1307 5021 tabernacqu
1344 4978 1430 5021 tuo
1456 4969 1507 5040 in
1549 4969 1758 5031 stecula,
1790 4977 2029 5040 protegar

477 5036 527 5081 in
557 5036 828 5106 velamento
851 5042 1051 5091 alarum
1074 5050 1297 5090 tuarum.
1327 5040 1457 5102 Quia
1483 5038 1650 5091 factus
1673 5054 1729 5091 es
1751 5041 1877 5091 1111111
1905 5036 2029 5106 spes

473 5113 523 5151 et
558 5106 715 5176 turris
743 5105 1086 5172 fortitudinis,
1121 5109 1240 5160 ideo
1262 5124 1362 5175 ego
1394 5124 1494 5161 non
1525 5110 1738 5176 perfuga
1772 5111 1887 5161 vilis
1911 5105 2024 5175 ero,

470 5176 559 5221 sed
608 5175 918 5241 mltabitabo,
973 5178 1023 5230 id
1071 5188 1172 5240 est,
1223 5179 1471 5230 Statorius
1523 5178 1787 5232 habitator
1831 5194 1923 5228 ero
1972 5180 2027 5229 in

470 5246 793 5313 tabernaculo
836 5260 945 5313 tuo,
975 5247 1022 5299 id
1053 5256 1155 5309 est,
1188 5249 1237 5299 in
1272 5248 1482 5300 militari
1513 5248 1672 5300 domo
1701 5258 1810 5311 tua,
1842 5247 1891 5299 id
1922 5258 2023 5309 est,

471 5326 521 5360 111
564 5311 958 5384 1110110510511015
1009 5317 1285 5369 institutis.
1340 5317 1405 5369 In
1442 5319 1651 5381 alecula,
1699 5318 1750 5369 id
1797 5327 1899 5381 est,
1933 5332 2028 5384 per

470 5381 629 5455 multa
666 5390 889 5455 saecula,
918 5387 1058 5455 quod
1105 5388 1224 5441 ideo
1252 5388 1401 5450 dicit,
1430 5402 1550 5455 quia
1586 5387 1763 5439 tandiu
1795 5381 2027 5441 manebit

471 5448 731 5524 Ecclesia,
763 5455 895 5520 lucc,
936 5448 1219 5524 quousque
1271 5448 1460 5510 omnes-
1499 5457 1633 5508 lilios
1676 5457 1928 5524 colligat,
1972 5464 2029 5509 et

469 5527 646 5571 tantus
694 5523 761 5576 sit
793 5523 1068 5594 numerus
1120 5526 1370 5589 ﬁliorum,
1403 5526 1490 5594 qui
1533 5527 1698 5590 possit
1745 5523 2027 5579 restituere

470 5602 747 5668 t‘t‘umerum
773 5593 1142 5668 damnatorum
1166 5593 1496 5668 angelorum.
1520 5596 1668 5668 Unde
1685 5596 1882 5649 dictum
1909 5604 2023 5649 est:

471 5655 725 5731 §ustinete
756 5665 1009 5716 modicum
1050 5655 1267 5728 tempus:
1296 5666 1452 5717 donec
1481 5666 1750 5731 impleatur
1790 5680 2027 5717 numerus

472 5726 686 5779 ’νου-11111
733 5743 1029 5786 vestrorum.
1081 5726 1408 5802 lttbabitabo,
1445 5726 1678 5805 inquam,
1706 5744 1761 5788 cl.
1789 5735 1889 5791 hoc
1919 5749 2025 5790 non

2130 4561 2242 4602 stus
2274 4562 2453 4602 noster
2480 4566 2567 4603 rex
2598 4565 2701 4602 non
2728 4552 2896 4603 solum
2927 4550 2981 4603 in
3026 4552 3296 4617 praesenti,
3326 4551 3420 4603 sed
3445 4559 3499 4603 et
3526 4560 3689 4603 aeter-

2133 4622 2318 4671 naliter
2352 4620 2402 4670 in
2439 4622 2590 4673 nobis
2628 4629 2831 4686 regnet.

2202 4688 2468 4740 Permanet
2493 4688 2547 4741 in
2573 4701 2836 4743 internum.
2870 4688 3196 4743 Determinat
3220 4703 3336 4757 quae
3364 4688 3437 4741 sit
3464 4702 3694 4757 genera-

2132 4758 2204 4811 tio
2232 4768 2286 4811 et
2312 4761 2604 4827 generatio,
2630 4760 2714 4811 illa
2741 4759 2942 4811 setlicet
2970 4774 3087 4819 1111111
3114 4768 3372 4824 permanet
3395 4760 3447 4810 in
3471 4774 3689 4823 conspe-

2130 4839 2211 4880 ctu
2248 4829 2334 4881 Dei
2358 4829 2408 4881 in
2437 4836 2699 4881 wternum.
2729 4830 2790 4880 Et
2817 4829 3009 4896 quibus
3037 4828 3342 4895 permanet?
3374 4828 3692 4895 requirenti-

2130 4899 2228 4950 bus
2256 4898 2451 4951 scilicet
2482 4898 2880 4950 misericordiam
2919 4908 2965 4949 et
3012 4899 3265 4948 veritatem
3296 4899 3368 4958 ei,
3401 4898 3449 4948 id
3489 4909 3589 4955 est,
3620 4898 3692 4950 ad

2131 4969 2384 5020 honorem
2408 4967 2554 5036 ejus;
2581 4968 2697 5036 quis
2719 4979 2798 5020 est
2824 4981 2996 5019 autem
3024 4970 3109 5033 qui
3137 4967 3399 5036 requiret?
3429 4968 3694 5034 perlectus

2130 5038 2309 5103 utique
2333 5046 2435 5090 est.
2484 5037 2834 5090 Misericordia
2874 5037 2964 5088 Dei
3005 5040 3272 5102 est,quod
3308 5052 3412 5088 non
3464 5038 3695 5090 attendit

2130 5107 2314 5159 merita
2363 5117 2561 5165 nostra,
2590 5107 2681 5158 sed
2718 5109 3008 5158 bonitatem
3057 5121 3232 5169 suam,
3274 5107 3475 5158 scilicet
3528 5114 3583 5157 ut
3632 5116 3691 5159 et

2132 5185 2343 5243 peccata
2387 5178 2539 5227 nobis
2570 5176 2876 5240 dimitteret,
2910 5186 2963 5229 et
3013 5175 3172 5227 vitam
3225 5184 3478 5228 aeternam
3532 5175 3690 5228 nobis

2130 5247 2483 5313 promitteret.
2516 5245 2719 5297 Veritas
2769 5261 2897 5297 vero
2927 5244 3039 5313 ejus
3084 5255 3185 5305 est,
3229 5250 3352 5311 quia
3400 5260 3503 5296 non
3555 5245 3692 5295 fallit

2129 5316 2352 5368 reddere
2377 5313 2505 5367 illud
2533 5316 2671 5383 quod
2698 5313 2956 5382 promisit.
3000 5316 3061 5367 Et
3091 5317 3169 5368 sic
3191 5314 3549 5367 misericordia
3572 5318 3693 5379 eius

2137 5395 2217 5437 est
2261 5386 2310 5435 in
2363 5386 2683 5437 remittendo
2724 5395 2982 5451 peccata:
3029 5387 3218 5436 veritas
3262 5398 3387 5437 vero
3436 5386 3487 5436 in
3532 5386 3691 5437 exhi—

2129 5454 2305 5507 bendo
2332 5456 2607 5521 promissa.
2639 5453 2986 5508 Attendamus
3016 5453 3193 5519 itaque
3216 5456 3352 5507 hanc
3381 5453 3691 5507 misericor-

2129 5527 2270 5576 diam
2300 5536 2351 5576 et
2380 5532 2675 5587 verttatetu,
2702 5531 2757 5576 et
2798 5541 2893 5576 nos
2936 5538 3051 5576 eam
3083 5524 3358 5576 faciamus.
3391 5524 3693 5576 Misericor-

2128 5594 2268 5646 diatu
2297 5594 2511 5660 quidem
2546 5594 2797 5646 faciamus
2836 5596 2885 5646 in
2908 5604 3146 5660 egentes,
3176 5604 3229 5646 et
3261 5595 3310 5644 111
3344 5595 3600 5653 inﬁrmos,
3634 5602 3695 5644 et

2129 5666 2289 5716 etiam
2342 5662 2393 5716 in
2452 5663 2734 5725 inimicos;
2779 5665 3052 5715 veritatem
3102 5678 3224 5715 vero
3276 5664 3547 5723 faciamus,
3589 5665 3696 5715 101-

2133 5733 2338 5802 plentes
2375 5733 2512 5802 quod
2543 5734 2600 5788 111
2644 5733 2961 5802 baptismate
2990 5734 3326 5801 promisimus
3397 5731 3581 5786 scilice
3639 5739 3703 5784 ut
