4010 6190
314 383 412 439 Sol

1048 374 1112 432 IN
1151 371 1565 433 PSALMOBUM
1602 372 1864 429 LIBRUM
1903 371 2262 429 EXEGESIS.
2304 402 2375 414 --
2418 371 2666 429 [‘SALM.
2708 369 2840 426 LXI.

3451 367 3554 428 80⁸2

310 504 573 567 percepta
623 508 929 567 servemus,
971 504 1026 567 ει
1082 494 1162 548 sic
1205 505 1477 567 peccatum
1522 501 1743 563 peccato
1783 506 1885 544 non
1914 491 1965 551 Α
1991 487 2165 567 cadat,
2193 487 2285 541 sed
2315 495 2370 567 ut
2400 487 2578 555 pigros
2606 501 2711 567 quo
2739 499 3025 567 sequantur
3046 493 3416 567 co‘mmoveant
3442 499 3461 567 :_
3500 502 3554 541 et

308 563 749 634 superaddamus.
781 564 933 631 Quod
988 563 1307 631 faceremus,
1361 566 1406 618 si
1463 574 1722 631 princepta
1778 576 1880 614 non

309 650 672 699 servaremus,
704 635 822 703 quia
856 642 1073 700 peccato
1098 634 1363 703 mendacii
1398 644 1671 699 peccatum
1708 641 1884 703 trans-

308 707 603 778 gressionis
630 700 933 778 adderetur.
962 702 1111 778 Quod
1132 714 1307 756 autem
1335 704 1466 778 dicit
1491 703 1667 778 :Quis
1707 700 1880 778 requi-

311 773 393 831 ἱει
436 776 504 840 ei,
538 792 641 828 non
672 776 787 827 sine
811 788 969 826 causa
1001 774 1230 834 dicitur;
1260 773 1382 839 quia
1425 774 1579 825 inulti
1608 774 1882 839 requirunt

306 846 727 900 misericordiam
758 857 807 895 ei
837 845 1109 895 veritatem
1142 843 1193 893 in
1225 843 1392 903 libris,
1425 853 1479 896 ιιι
1500 845 1672 895 soiaut
1702 843 1881 908 inquo

310 916 726 969 misericorditer
767 915 1039 965 nobiscum
1071 914 1198 975 egit,
1227 923 1278 963 et
1305 914 1356 964 in
1386 914 1576 980 quibus
1604 911 1880 980 promissis

302 1002 417 1039 non
447 984 647 1038 lel‘ellit.
685 985 749 1037 Et
787 991 844 1036 ut
889 993 1047 1034 etiam
1100 981 1233 1034 alios
1282 998 1383 1035 nou
1425 990 1590 1046 caste,
1638 981 1733 1033 sed
1785 995 1879 1041 pro

313 1067 532 1109 terreno
561 1058 706 1106 lucro
750 1053 996 1105 doceant.
1032 1051 1253 1115 Quidam
1282 1053 1434 1113 enim,
1490 1065 1540 1104 ni
1596 1048 1879 1118 Apostolus

313 1128 414 1190 ait,
440 1125 695 1177 Christum
725 1139 825 1174 non
853 1135 985 1174 caste
1014 1122 1312 1188 prazdicant.
1346 1123 1409 1174 Et
1437 1124 1487 1173 lii
1516 1123 1645 1174 tales
1675 1120 1881 1171 iniseri-

306 1189 557 1249 cordiam
584 1206 638 1246 et
661 1194 931 1245 Veritatem
959 1194 1006 1243 ei
1040 1207 1139 1243 non
1174 1192 1483 1258 requirunt:
1519 1191 1591 1243 illi
1626 1204 1753 1242 vero
1783 1189 1881 1239 iiii-

313 1265 663 1317 sericordiani
692 1273 746 1316 et
771 1266 1041 1314 veritatem
1070 1266 1142 1326 ei,
1174 1262 1221 1312 id
1252 1271 1354 1326 est,
1382 1262 1445 1313 ad
1481 1264 1736 1313 honorem
1760 1258 1876 1324 ejus

302 1337 607 1400 requirnnt,
640 1338 726 1399 qui
761 1334 823 1384 ad
859 1338 957 1383 hoc
989 1347 1104 1383 eam
1151 1336 1488 1397 investigat“,
1519 1344 1571 1382 ιιι
1604 1342 1652 1383 et
1679 1328 1878 1400 faciant

306 1399 451 1464 eam,
483 1413 533 1455 et
556 1406 781 1455 doceant
803 1418 907 1454 non
932 1415 1026 1469 pro
1052 1412 1263 1455 terreno
1293 1405 1463 1465 lucro,
1488 1402 1580 1454 Sed
1604 1401 1671 1453 ad
1702 1399 1881 1466 proxi-

304 1488 517 1524 morum
560 1471 860 1524 utilitatem.

387 1543 474 1595 Sic
501 1544 749 1610 psalmum
776 1542 942 1594 dicam
970 1540 1162 1594 nomini
1188 1552 1295 1606 tuo,
1322 1542 1375 1593 in
1397 1541 1643 1594 saxulum
1671 1538 1872 1600 steculi,

300 1623 358 1663 et
412 1609 621 1663 reddant
674 1623 785 1663 vota
834 1628 945 1665 mea
996 1618 1056 1662 de
1105 1611 1187 1661 die
1213 1614 1263 1661 in
1292 1614 1442 1663 diem.
1488 1610 1646 1674 Quasi
1695 1609 1872 1660 ditat:

315 1683 581 1750 Quidquid
606 1680 694 1733 alii
726 1683 938 1747 iaciant,
961 1696 1059 1750 ego
1084 1680 1498 1733 misericordiam
1523 1692 1573 1731 et
1598 1688 1872 1750 veritatem

314 1754 434 1817 tibi,
479 1747 719 1814 Domine,
765 1747 1070 1817 requiram:
1113 1750 1233 1817 quia
1285 1753 1452 1803 dicunt
1504 1748 1777 1818 psalmum,
1824 1747 1873 1801 id

304 1832 421 1884 est,
468 1824 602 1873 bene
648 1822 907 1887 operabor
949 1820 1360 1872 misericordiam
1410 1831 1464 1871 et
1515 1820 1788 1871 veritatem
1819 1830 1874 1870 et

313 1892 557 1944 lacieiido
579 1901 631 1942 et
653 1894 888 1942 docendo
911 1889 1185 1951 nonmihi,
1219 1894 1310 1941 sed
1341 1890 1530 1941 nomini
1557 1898 1663 1951 tuo,
1684 1889 1734 1939 id
1765 1900 1871 1949 eet,

311 1961 379 2011 ad
416 1965 666 2012 honorem
700 1962 926 2011 nominis
959 1960 1051 2019 tui,
1082 1960 1304 2011 tendens
1329 1960 1380 2009 in
1404 1961 1645 2011 swculum
1676 1973 1871 2010 conse-

313 2041 551 2081 cutivuni
584 2028 735 2095 hujus
762 2030 953 2091 sweuli,
1000 2030 1051 2080 id
1097 2040 1200 2093 est,
1241 2032 1648 2093 perSeVei'atldo.
1687 2030 1749 2080 Et
1794 2031 1873 2081 sic

311 2100 455 2160 dico,
488 2097 751 2151 Psalmum
779 2100 945 2151 dicam
968 2099 1159 2151 nomini
1193 2110 1299 2158 tuo,
1335 2100 1383 2151 id
1411 2107 1492 2151 est
1518 2100 1583 2150 ad
1616 2098 1870 2150 honorem

316 2174 548 2221 nominis
596 2174 667 2221 ini
697 2173 747 2221 in
788 2174 1026 2221 saeculum
1057 2178 1110 2221 ut
1155 2168 1367 2222 reddam
1411 2168 1502 2221 tibi
1552 2175 1666 2220 vota
1710 2183 1821 2219 mea
1854 2182 1873 2221 :

313 2250 440 2291 vota
464 2242 571 2292 sola
600 2240 870 2301 interiora,
897 2240 946 2290 id
976 2246 1078 2302 est,
1128 2254 1212 2290 nie
1255 2242 1424 2302 ipsum
1456 2244 1629 2290 eundo
1671 2238 1735 2287 de
1770 2247 1868 2290 hoc

316 2310 401 2361 die
430 2311 673 2376 presenti
697 2310 746 2359 in
770 2310 903 2360 diem
940 2310 1193 2361 futurum.
1214 2308 1566 2361 Cassiodorus
1594 2310 1645 2359 in
1673 2322 1873 2375 praece-

314 2382 459 2431 denti
492 2394 642 2431 versu
697 2379 901 2444 planius
945 2380 1321 2445 aliquantulum
1374 2379 1584 2441 insistit,
1617 2390 1669 2429 et
1697 2378 1826 2429 dicit
1853 2394 1866 2429 :

323 2450 740 2516 Quandoquidem
765 2449 1022 2517 generatio
1060 2449 1304 2518 praedicta
1328 2449 1633 2501 wternaliter
1664 2461 1877 2511 perma-

313 2529 395 2571 net
424 2519 478 2572 in
504 2531 768 2586 consp-ctu
799 2520 912 2579 Dei,
953 2533 1074 2587 ergo
1119 2535 1230 2585 quis
1272 2520 1484 2584 requiret
1516 2520 1558 2569 ei
1591 2518 1875 2587 misericor-f

313 2590 451 2640 diam
480 2592 607 2657 ejus,
640 2598 686 2639 et
707 2589 967 2641 veritatem
996 2586 1144 2651 eius9
1182 2588 1350 2640 nullus
1378 2590 1569 2641 scilicet
1593 2603 1612 2641 :
1640 2587 1761 2654 quia
1790 2586 1878 2639 ubi

316 2660 461 2710 nulla
490 2668 559 2711 est
591 2658 911 2722 miseria,ibi
951 2675 1052 2710 non
1090 2667 1162 2711 est
1200 2661 1471 2727 quaerenda
1499 2658 1876 2712 misericvrdia.

314 2729 446 2781 Item
472 2730 555 2781 ubi
584 2731 726 2781 nulla
747 2744 967 2797 unquam
996 2728 1207 2780 incurrit
1239 2727 1461 2795 falsitas,
1497 2744 1597 2779 non
1625 2737 1694 2780 est
1716 2727 1881 2791 requi-

312 2806 496 2862 renda,
518 2813 633 2867 qua:
651 2814 846 2864 semper
867 2802 1007 2851 adest
1035 2799 1240 2850 veritas.
1274 2800 1338 2850 Et
1359 2814 1480 2866 quia
1507 2800 1678 2850 nullus
1703 2801 1878 2865 requi-

318 2880 399 2921 ret
442 2870 511 2921 ibi
561 2869 834 2921 veritatem
877 2882 927 2921 et
963 2869 1408 2927 misericordiam,
1451 2883 1578 2933 ergo
1617 2868 1703 2919 hic
1734 2868 1876 2932 psal-

307 2954 451 2990 mum
471 2940 659 3003 dicani,
689 2950 819 3003 etc.,
852 2939 900 2990 id
933 2948 1033 3001 est,
1066 2939 1487 2991 misericordiam
1508 2948 1568 2989 et
1600 2949 1879 2990 veritatem

308 3011 602 3077 tequirain,
632 3018 688 3062 ut
715 3009 821 3062 illic
850 3022 1069 3063 neceSse
1096 3012 1371 3075 requirere
1398 3022 1501 3061 non
1529 3008 1777 3061 habeam.

788 3117 854 3172 ΙΝ
895 3115 1214 3172 PSALMUM
1258 3116 1394 3171 LXI.

544 3227 603 3282 lu
635 3226 791 3283 linem
824 3240 921 3297 pm
946 3226 1172 3292 lditliun,
1194 3228 1435 3282 Psalmus
1463 3227 1648 3283 David.

899 3332 1275 3373 ARGUMENTUI.

386 3408 557 3464 Verba
588 3407 1034 3475 Maeliabaiorum,
1069 3411 1282 3477 quando
1313 3408 1381 3462 ab
1412 3405 1679 3462 Antiocho
1701 3407 1873 3462 sacri-

309 3480 574 3543 ﬁcare,et
621 3481 883 3546 prolanari
929 3481 1276 3549 cogebantur.
1327 3480 1501 3534 Aliter
1529 3493 1633 3533 vos
1680 3478 1883 3533 Christi

312 3555 386 3605 dc
414 3549 683 3619 passione.

928 3634 1279 3676 EXPLANATIO.

390 3716 606 3769 ldithun
641 3717 1003 3783 interpretatur
1040 3714 1365 3780 transiliens,
1408 3716 1465 3768 id
1506 3724 1599 3778 est,
1635 3726 1887 3769 amatores

313 3789 507 3840 sareuli.
537 3785 887 3839 Introducitur
914 3788 1046 3837 enim
1090 3802 1305 3853 persona
1334 3786 1514 3837 militis
1543 3786 1751 3850 Christi,
1797 3788 1886 3854 qui

308 3869 363 3908 et
386 3858 557 3909 mundi
584 3858 830 3909 desideria
862 3856 1139 3921 reliquerit,
1172 3868 1220 3907 et
1252 3860 1303 3908 in
1334 3854 1551 3908 Domino
1578 3872 1665 3922 spe
1691 3856 1884 3922 ﬁrmis-

309 3930 447 3980 sima
466 3929 814 3996 permanserit.
832 3924 1141 3979 Transilitor
1162 3927 1276 3989 iste,
1300 3941 1448 3993 quem
1475 3927 1722 3990 diximus,
1742 3927 1888 3979 vitio-

308 4012 455 4062 rum,
502 3998 671 4049 videns
714 3998 958 4048 mundum
989 3996 1242 4048 erroribus
1294 3998 1608 4062 miserasque
1649 3998 1886 4062 plenissi-

309 4083 477 4128 mum,
505 4071 556 4119 in
599 4068 762 4129 primo
811 4066 1032 4117 membro
1082 4067 1263 4133 psalmi
1303 4066 1526 4117 animam
1572 4081 1719 4117 suam
1778 4065 1885 4118 Deo

312 4136 583 4206 proﬁtetur
613 4152 717 4189 esse
743 4136 1019 4204 subjectum
1044 4148 1064 4189 :
1091 4136 1211 4205 quia
1242 4152 1331 4202 per
1359 4133 1552 4188 Filium
1571 4135 1887 4205 unigenitum

309 4223 501 4258 munus
540 4211 760 4259 salutare
787 4207 1029 4271 suscepit,
1060 4219 1277 4274 arguens
1304 4222 1387 4257 eos
1416 4207 1505 4274 qui
1542 4208 1651 4259 solo
1682 4206 1888 4259 nomine

311 4277 605 4328 desiderant
631 4292 685 4328 se
725 4277 826 4328 dici
871 4277 1195 4328 christianos.
1247 4276 1484 4327 Secunda
1515 4286 1659 4342 parte
1701 4279 1886 4327 iterum

317 4350 545 4397 animant
572 4363 717 4399 suam
747 4347 868 4398 dicit
907 4345 1159 4397 subditam
1190 4344 1405 4396 Domino
1438 4343 1610 4407 Patri,
1644 4348 1886 4413 quoniam

320 4432 414 4488 per
437 4421 545 4488 ejus
578 4416 794 4468 Verbum
819 4415 1089 4467 salutarent
1117 4417 1407 4488 patientiam
1424 4417 1887 4488 conquisivit,_con-

320 4484 541 4555 ﬁrmitas
568 4487 755 4554 plebem
778 4492 1086 4553 confessione
1112 4486 1278 4549 ﬁdeli,
1306 4496 1357 4538 ut
1383 4497 1486 4537 toto
1510 4488 1677 4538 cordis
1699 4484 1887 4550 a/[ecm

1990 558 2163 611 locum
2205 572 2310 625 quo
2352 557 2460 626 jam
2514 557 2855 609 transiliendo
2885 557 3142 626 pervenit,
3186 556 3544 610 commendat.

1986 628 2060 679 lta
2094 624 2235 679 enim
2264 624 2422 693 super
2448 626 2651 692 aliquos
2681 636 2783 687 est,
2826 633 2878 677 ut
2919 624 2987 676 sit
3015 627 3174 676 etiam
3220 627 3320 677 sub
3348 628 3549 693 aliquo.

1988 696 2141 749 Unde
2171 699 2396 761 primum
2426 697 2584 747 voluit
2619 695 2770 748 nobis
2798 695 3065 746 insinuare
3093 693 3194 747 sub
3233 709 3336 761 quo
3370 699 3437 748 sit
3465 706 3549 748 tu-

1986 775 2089 830 tus,
2125 781 2195 819 ne
2226 768 2360 830 quod
2395 765 2672 817 transilivit
2701 765 2963 830 superbae
3004 764 3092 827 sit,
3135 764 3225 816 sed
3259 765 3545 830 prolectus.

1984 835 2038 888 lii
2071 838 2301 900 quodam
2331 850 2458 899 ergo
2490 849 2682 886 securo
2716 835 2830 885 loco
2863 834 3062 898 positus
3092 832 3169 885 sic
3197 833 3363 885 dieit:
3398 834 3547 887 Non-

1982 921 2046 957 ne
2077 903 2186 957 Deo
2212 907 2439 974 subjecta
2479 914 2549 955 est
2575 902 2748 954 anima
2772 919 2883 954 mea
2898 902 3279 974 ?i'l‘raiisiliens
3306 904 3405 955 iste
3432 904 3543 974 for-

1984 982 2126 1026 tasse
2152 976 2203 1027 in
2246 972 2531 1043 Evangelio
2559 976 2866 1025 audiverat:
2904 973 3094 1043 Quirse
3134 973 3349 1043 exultat,
3379 972 3547 1026 humi-

1981 1042 2213 1105 liabitur,
2247 1054 2301 1096 et
2348 1058 2378 1096 e
2408 1042 2687 1094 Conversa.
2738 1043 2805 1094 Et
2845 1043 2963 1095 ideo
2993 1042 3209 1093 timidus
3252 1058 3316 1093 ne
3358 1047 3548 1095 transi-

1983 1113 2157 1165 liendo
2195 1114 2513 1179 superliirei,
2565 1113 2852 1179 alloquitur
2904 1115 3050 1163 cives
3099 1112 3355 1178 quosdam
3410 1127 3544 1179 quos

1984 1185 2195 1251 patitur.
2230 1184 2353 1235 Una:
2378 1187 2522 1235 enim
2545 1194 2668 1235 sunt
2694 1182 2965 1243 civitates,
2994 1182 3131 1233 sicut
3168 1189 3222 1234 et
3266 1182 3369 1234 duo
3399 1183 3545 1247 prin-

1981 1254 2127 1318 cipes
2159 1268 2175 1305 :
2210 1253 2496 1321 Babylonia
2545 1253 2784 1313 scilicet,
2825 1260 2878 1304 et
2923 1251 3297 1318 Jerosolynia;
3356 1252 3538 1304 harum

1980 1325 2123 1375 cives
2149 1323 2444 1390 conﬂigunt
2466 1336 2675 1388 semper
2706 1323 2843 1373 inter
2870 1335 2927 1373 se
2951 1338 2964 1372 :
3000 1321 3072 1390 illi
3093 1323 3157 1373 de
3181 1325 3430 1386 vanitate,
3456 1322 3539 1373 ἱειι

1980 1394 2047 1458 de
2080 1388 2336 1445 veritatei
2368 1392 2438 1444 illi
2463 1393 2527 1443 de
2552 1390 2824 1458 injustitia,
2853 1391 2935 1443 isti
2964 1390 3031 1443 de
3055 1388 3279 1458 iustitia.
3314 1391 3374 1443 Et
3400 1407 3541 1457 prior

1984 1454 2083 1514 fuit
2137 1462 2421 1530 Babylonia
2455 1454 2693 1530 tempore
2739 1461 2839 1513 etsi
2888 1474 2991 1512 non
3034 1454 3309 1526 dignitate,
3340 1454 3458 1525 quia
3489 1472 3545 1511 ut

1979 1531 2052 1582 ait
2100 1529 2387 1597 Apostoms
2439 1548 2451 1581 :
2501 1529 2620 1582 Non
2662 1531 2800 1595 prius
2836 1530 2970 1597 quod
3014 1530 3277 1596 spii‘ituale
3318 1540 3408 1593 est,
3457 1532 3547 1580 sed

1978 1601 2115 1669 quod
2158 1600 2405 1653 animale.
2435 1600 2499 1653 Et
2526 1602 2721 1664 incepit
2753 1604 2957 1662 Achati,
2985 1603 3070 1667 qui
3102 1602 3367 1651 civitatein
3398 1615 3461 1651 eo
3494 1617 3542 1652 ιιι

1982 1670 2100 1723 loco
2132 1673 2219 1723 ubi
2241 1673 2427 1723 civitas
2457 1673 2600 1737 prius
2647 1686 2749 1722 non
2781 1669 2896 1735 fuit,
2942 1671 3244 1721 aediﬁcavit.
3275 1669 3545 1739 Jerusoly-

1981 1756 2061 1792 nia
2091 1754 2215 1793 vero
2246 1740 2428 1793 Jebuz.
2476 1739 2642 1792 Jebuz
2688 1754 2869 1791 corum
2897 1740 3082 1791 civitas
3125 1740 3388 1792 destructa
3422 1744 3541 1804 luit,

1981 1819 2035 1862 et
2067 1810 2378 1863 remdilicata
2407 1818 2525 1861 est:
2576 1810 2697 1873 quia
2730 1822 2886 1861 nemo
2924 1822 3041 1875 pius
3096 1810 3193 1863 nisi
3238 1824 3304 1861 ex
3356 1811 3544 1876 impio,

1982 1895 2138 1933 nemo
2168 1890 2338 1945 iustus
2369 1880 2467 1931 nisi
2499 1894 2561 1931 ex
2588 1879 2802 1945 injusto.
2841 1879 2974 1930 Sunt
3002 1885 3177 1930 autem
3208 1879 3325 1930 duas
3362 1880 3551 1931 ciwta-

1985 1960 2065 2003 tes
2094 1950 2373 2002 contraria!
2400 1966 2447 2000 in
2477 1951 2721 2015 praesenti
2757 1953 3053 2015 perimitur,
3083 1949 3207 2001 dum
3236 1963 3400 2015 grana
3426 1965 3546 2015 pre-

1982 2032 2197 2073 liiuntnr
2224 2034 2254 2070 a
2288 2019 2471 2084 paleis.
2520 2021 2671 2080 Quod
2721 2014 3027 2071 transiliens
3059 2018 3159 2070 iste
3189 2014 3277 2085 qui
3311 2014 3547 2086 loquitur

1985 2089 2070 2141 hic
2110 2088 2412 2153 attendens,
2467 2088 2771 2155 Babylonite
2801 2090 2945 2141 cives
2983 2103 3116 2154 quos
3162 2088 3374 2153 patitur,
3412 2090 3543 2140 allo~

1976 2161 2176 2224 quum.
2226 2158 2384 2223 Quasi
2429 2158 2618 2210 dicat:
2656 2156 2759 2210 Vos
2813 2157 3116 2209 insultando
3166 2159 3541 2222 impedimenta

1980 2228 2197 2294 paratis,
2226 2243 2318 2279 Vos
2363 2228 2730 2295 persequendo
2774 2227 3006 2296 dejicere
3041 2229 3220 2289 vultis,
3264 2241 3357 2279 vos
3400 2228 3544 2280 deci-

1980 2299 2171 2364 piendo
2196 2299 2449 2351 seducere
2490 2296 2743 2363 quaeritis,
2786 2314 2881 2350 vos
2913 2297 3172 2348 adulando
3204 2297 3422 2365 laqueos
3450 2313 3546 2349 ne-

1976 2371 2118 2418 Clilis
2145 2384 2158 2420 :
2192 2369 2284 2420 sed
2324 2384 2589 2433 nunquam
2623 2378 2690 2419 ita
2739 2370 2955 2419 memini
2985 2381 3144 2431 super
3169 2381 3303 2433 quos
3332 2370 3457 2430 siin,
3488 2376 3547 2420 ut

1977 2437 2176 2490 oblitus
2204 2437 2303 2490 sim
2331 2440 2428 2490 sub
2458 2454 2561 2503 quo
2592 2438 2714 2490 sini.
2763 2437 2947 2488 Nonne
2974 2436 3146 2489 anima
3171 2452 3283 2487 mea
3313 2437 3543 2505 subiecta

1978 2518 2052 2560 est
2078 2509 2227 2559 Deo?
2254 2509 2408 2561 Certe
2445 2516 2910 2574 quantumcunque
2941 2508 3331 2569 transcendam,
3366 2522 3534 2574 quati-

1980 2587 2300 2645 tumcunque
2344 2577 2658 2640 transiliam,
2684 2590 2978 2645 nunquam
3014 2587 3193 2627 contra
3227 2577 3387 2628 Deum
3420 2591 3535 2640 ero,

1979 2651 2071 2700 sed
2100 2648 2199 2700 sub
2229 2649 2337 2699 Deo
2364 2664 2382 2703 ;
2413 2646 2539 2698 nihil
2567 2644 2721 2710 mihi,
2745 2650 2834 2697 sed
2865 2645 2963 2696 sibi
2990 2655 3155 2697 totum
3180 2647 3537 2699 attribuetido.

1981 2715 2213 2770 Securus
2240 2720 2381 2769 enim
2409 2717 2701 2769 transiliam
2731 2725 2944 2775 caetera,
2977 2718 3020 2767 si
3050 2718 3148 2767 sub
3176 2716 3266 2767 illo
3294 2732 3376 2767 me
3406 2732 3538 2768 cou-

1982 2787 2146 2853 tineo,
2185 2790 2271 2853 qui
2303 2796 2387 2839 est
2430 2800 2587 2852 super
2620 2800 2818 2837 omina.
2857 2785 2923 2837 Et
2971 2788 3159 2837 merito
3206 2786 3381 2837 anima
3425 2804 3540 2839 inea

1977 2858 2220 2923 subjaeet
2250 2855 2381 2922 Deo,
2405 2858 2523 2920 quia
2553 2857 2613 2908 ab
2639 2857 2753 2920 ipso
2777 2864 2858 2909 est
2882 2855 3105 2906 salutare
3127 2871 3289 2907 meum
3319 2870 3338 2908 :
3372 2855 3423 2908 id
3463 2868 3543 2909 est

1975 2927 2284 2993 justitiaat'io
2308 2941 2441 2978 inea.
2477 2924 2615 2978 Nam
2640 2936 2683 2977 et
2700 2926 2813 2994 ipse
2840 2924 2977 2976 Deus
3002 2941 3165 2990 meus,
3190 2940 3311 2977 vere
3339 2928 3403 2977 ab
3425 2928 3540 2994 ipso

1980 3006 2065 3049 est
2090 3000 2322 3049 salutare
2358 2998 2498 3064 imibi
2527 3012 2541 3051 :
2572 2998 2691 3064 quia
2733 3009 2842 3061 ipse
2883 3006 2967 3047 est
3008 3010 3195 3046 creatis
3244 3012 3347 3060 ine,
3376 3006 3429 3047 et
3461 3013 3543 3049 re-

1980 3080 2171 3119 creans
2199 3080 2300 3119 me.
2340 3063 2481 3118 Nam
2504 3063 2609 3136 ipse
2634 3066 2772 3118 Deus
2797 3081 2960 3129 meus,
2994 3068 3109 3130 quia
3139 3066 3260 3119 fecit
3282 3082 3401 3119 cum
3431 3083 3537 3119 non

1985 3150 2157 3189 essem
2184 3144 2238 3189 ut
2262 3150 2433 3188 essem
2466 3154 2477 3187 :
2506 3146 2550 3188 et
2578 3147 2660 3189 est
2687 3139 2926 3188 salutaris
2954 3151 3114 3199 ineas,
3166 3138 3285 3201 quia
3332 3136 3451 3188 fecit
3484 3146 3540 3188 ut

1908 3200 1955 3264 C
1982 3206 2157 3273 justus
2177 3220 2369 3259 esseni.
2397 3205 2691 3271 Susceptor,
2724 3206 2773 3258 ιιι
2790 3217 2891 3271 est,
2915 3205 3165 3256 defensor
3185 3200 3328 3257 meus
3354 3218 3537 3259 comm

1986 3280 2249 3329 irruentes
2278 3286 2331 3328 ει
2373 3285 2769 3343 persequentes,
2800 3287 2850 3326 et
2883 3278 3002 3327 ideo
3032 3290 3132 3325 non
3172 3277 3404 3327 movebar
3429 3291 3541 3327 amo

1986 3347 2140 3416 plius.
2160 3346 2326 3398 Motus
2346 3348 2485 3397 enim
2513 3349 2583 3396 lui
2604 3350 2655 3397 in
2683 3346 2869 3407 Adam,
2901 3344 3168 3416 niutual'ui
3193 3348 3245 3395 iu
3277 3360 3360 3397 me
3383 3346 3535 3411 ipso:

1986 3414 2079 3469 aed
2110 3416 2215 3484 jam
2245 3416 2395 3483 (jam)
2424 3416 2575 3484 quasi
2622 3417 2786 3479 dit-at,
2816 3417 2883 3464 ab
2915 3417 3027 3479 ipso
3079 3414 3145 3484 ita
3192 3416 3538 3467 conlirmatus

1986 3499 2125 3549 sum,
2152 3485 2290 3553 quod
2335 3483 2560 3549 amplius
2602 3498 2707 3536 non
2754 3485 3030 3536 iiiovebor.
3065 3483 3233 3554 Quod
3276 3486 3345 3538 de
3392 3487 3539 3554 gravi

1988 3566 2155 3618 motu,
2187 3567 2241 3606 ut
2269 3557 2335 3606 de
2375 3553 2734 3606 criminalibus
2773 3553 3166 3620 intelligendum
3208 3566 3309 3608 est.
3348 3555 3412 3607 Et
3443 3559 3544 3610 lioc

1986 3636 2065 3678 est
2089 3624 2229 3677 idem
2257 3625 2396 3691 quod
2419 3624 2547 3676 alibi
2577 3626 2772 3677 dictum
2801 3635 2882 3676 est
2909 3640 2920 3674 :
2966 3622 3083 3675 Non
3108 3623 3270 3676 veniat
3301 3626 3425 3677 milii
3452 3642 3540 3694 pes

1984 3695 2251 3758 superbire,
2285 3704 2331 3745 et
2359 3709 2540 3746 munus
2588 3694 2865 3761 peccatoris
2908 3709 3010 3745 non
3055 3705 3246 3746 moveat
3289 3711 3383 3748 me.
3443 3697 3539 3748 Ubi

1985 3768 2129 3818 enim
2159 3765 2326 3817 dixit:
2360 3765 2545 3816 Nonne
2583 3765 2753 3816 anima
2804 3763 2907 3815 Deo
2962 3764 3186 3832 subjecta
3214 3776 3306 3832 est,
3351 3781 3540 3829 super-

1990 3834 2126 3886 biam
2151 3834 2375 3886 removit
2402 3847 2432 3884 a
2461 3847 2549 3897 se;
2596 3834 2681 3887 hic
2721 3848 2845 3885 vero
2870 3848 2989 3885 cuin
3019 3830 3147 3886 dicit
3172 3851 3183 3885 :
3214 3830 3334 3886 Non
3362 3850 3537 3886 more-

1986 3904 2078 3956 bar
2102 3903 2342 3969 “mplius,
2373 3904 2508 3955 idem
2538 3912 2621 3956 est
2646 3917 2708 3954 ac
2742 3902 2787 3955 si
2816 3903 2991 3955 dicat:
3028 3903 3217 3955 Manus
3262 3905 3541 3967 peccatoris

1985 3990 2087 4026 non
2113 3985 2306 4025 moveat
2346 3988 2443 4025 me.
2482 3973 2750 4040 Quousque
2778 3973 2971 4024 irruitis
3001 3973 3053 4025 in
3079 3972 3353 4036 hominem,
3379 3989 3545 4042 quati-

1985 4045 2265 4108 doquidem
2292 4046 2403 4109 ipse
2424 4058 2501 4094 εει
2522 4043 2768 4095 salutaris
2790 4056 2959 4105 meus,
2989 4052 3041 4095 et
3066 4054 3343 4109 susceptor
3362 4046 3540 4098 meus?

1988 4118 2275 4179 Quousque
2312 4125 2440 4181 ergo
2491 4125 2609 4177 vos,
2651 4114 2793 4165 cives
2844 4113 3163 4181 Babyloniis,
3216 4115 3415 4167 irruitis
3465 4132 3545 4166 in-

1988 4183 2256 4245 siiltando,
2289 4190 2675 4251 persequendo,
2726 4181 2986 4235 adulando
3018 4186 3068 4234 in
3119 4196 3203 4237 me
3247 4183 3537 4249 hominem,

1986 4252 2040 4304 id
2071 4263 2173 4317 est,
2208 4254 2258 4305 in
2292 4270 2375 4304 tne
2398 4256 2659 4305 inﬁrmum
2684 4264 2735 4304 et
2766 4254 2998 4319 fragilem
3024 4254 3044 4303 ?
3069 4254 3225 4306 Certe
3253 4268 3414 4319 ιιειμιε
3435 4271 3537 4319 qui:

1988 4325 2212 4389 potestis
2252 4326 2455 4375 irrnere
2486 4326 2537 4374 in
2567 4324 2861 4388 hominem,
2886 4323 3003 4389 quia
3035 4337 3119 4374 vos
3145 4324 3360 4375 universi
3383 4327 3540 4374 inter-

1982 4392 2159 4461 ﬁcitis.
2194 4393 2287 4445 llic
2324 4390 2606 4459 alloquitur
2635 4393 2999 4445 universaliter
3045 4396 3186 4444 cives
3232 4393 3536 4461 Babyloniae

1987 4466 2278 4530 dispersiis,
2310 4462 2551 4526 dillusos,
2585 4464 2895 4530 perinistos;
2924 4475 2974 4513 ei
3007 4472 3111 4513 tam
3136 4475 3227 4513 eos
3254 4462 3343 4531 qui
3372 4462 3540 4514 forin-

312 4533 525 4622 iperare
562 4533 736 4607 debeat
783 4533 977 4621 seiiiper
1015 4558 1068 4608 in
1112 4533 1407 4609 Dominum.
1439 4555 1615 4607 Tertio
1664 4533 1877 4609 meinbra

1990 4547 2140 4587 secus
2168 4544 2311 4595 ειιιιι,
2336 4537 2477 4611 sicut
2504 4534 2670 4598 spinae
2696 4533 2749 4585 in
2773 4534 3007 4596 sepibus,
3034 4546 3313 4622 quam‘ens
3338 4536 3424 4622 qui
3458 4536 3540 4584 in-

311 4637 538 4678 errantes
569 4636 781 4691 populos
821 4634 1002 4687 monet,
1033 4635 1087 4677 ut
1110 4627 1165 4676 in
1192 4628 1411 4697 Domino
1446 4627 1613 4697 magis
1642 4642 1798 4695 quam
1828 4627 1883 4677 in

314 4696 515 4748 caduca
542 4696 718 4748 mundi
759 4698 900 4748 istius
928 4697 1164 4763 felicitate
1191 4696 1472 4764 conﬁdant.

894 4801 1312 4840 COMMENTARIUS.

394 4877 578 4931 Nonne
625 4878 731 4930 Deo
753 4879 979 4947 subjecta
1005 4880 1097 4930 erit
1125 4879 1295 4929 anima
1322 4893 1453 4929 mea.
1498 4874 1564 4929 In
1606 4877 1760 4943 ﬁnem
1787 4894 1881 4948 pro

314 4946 556 5012 Iditliun,
585 4948 822 5000 Psalmus
843 4946 938 5017 ipsi
962 4948 1147 5000 David.
1170 4949 1304 5013 Quid
1326 4958 1398 4999 sit
1424 4951 1475 5000 in
1500 4951 1680 5012 linem,
1698 4946 1879 5002 notum

317 5031 424 5071 est.
454 5021 660 5071 ldittinn
689 5027 887 5082 autem,
927 5020 1073 5082 juxta
1120 5020 1427 5071 llebraicain
1480 5019 1870 5081 interpretatio~

317 5104 445 5141 item
478 5090 760 5140 transiliens
785 5104 869 5141 eos
914 5092 1307 5154 interpretatur.
1340 5086 1483 5151 Quos
1510 5088 1644 5141 eos?
1667 5090 1721 5140 In
1760 5088 1879 5142 imis

316 5160 524 5212 scilicet
551 5169 906 5222 rcniaiieiites,
935 5168 988 5210 et
1012 5160 1125 5211 haec
1148 5170 1353 5210 terrena
1383 5168 1712 5225 appetentes.
1740 5158 1880 5210 Psal-

317 5243 442 5281 ssius
473 5244 618 5295 vero,
648 5228 698 5279 id
728 5239 808 5281 est
839 5231 952 5281 laus
998 5234 1095 5281 ista
1149 5230 1453 5281 attribuitur
1480 5230 1576 5295 ipsi
1615 5227 1798 5291 David,
1824 5230 1875 5281 id

290 5309 427 5364 'est,
474 5300 630 5363 capiti
690 5300 771 5350 vel
829 5299 986 5349 alicui
1036 5301 1276 5349 membro
1323 5300 1567 5364 digniori.
1618 5296 1765 5364 Quod
1808 5310 1877 5351 Sit

316 5372 539 5435 dignum
568 5369 636 5420 ita
671 5368 935 5432 insistere,
984 5367 1051 5417 its
1085 5369 1368 5431 transilire,
1400 5370 1536 5420 sicut
1575 5371 1876 5422 ostenditur

314 5440 372 5491 iii
410 5447 508 5490 hoc
532 5438 762 5491 Psalnio.
798 5438 1121 5489 'l’ransiliens
1162 5441 1302 5490 enim
1346 5448 1447 5489 iste
1469 5438 1556 5504 qui
1588 5439 1673 5490 hic
1699 5441 1871 5505 loqui~

318 5520 430 5573 tur,
452 5511 560 5574 jaiu
588 5508 841 5574 quosdam
872 5509 1168 5569 transilivit,
1196 5521 1329 5573 quos
1356 5509 1586 5574 deSuper
1624 5513 1869 5573 despicit.

320 5578 604 5631 \iueainus
648 5591 774 5643 ergo
818 5592 1097 5645 quousque
1140 5588 1193 5629 et
1225 5591 1356 5643 quos
1382 5578 1707 5638 trausilierit,
1736 5589 1789 5629 et
1820 5578 1870 5630 iu

311 5666 423 5714 quo
448 5659 645 5713 positus
670 5652 760 5709 sit,
796 5649 846 5699 id
874 5663 975 5710 est,
1027 5649 1125 5699 sub
1154 5662 1257 5713 quo
1294 5647 1469 5698 adhuc
1510 5651 1582 5699 sit
1618 5652 1869 5713 quosdam

311 5734 466 5786 quasi
505 5718 866 5769 iraiisiliverit.
919 5717 996 5771 De
1047 5717 1302 5784 spirituali
1358 5730 1498 5767 enim
1547 5720 1773 5785 quodam
1816 5727 1870 5770 et

313 5802 506 5841 securo
539 5789 656 5841 loco
704 5796 959 5854 intuetur,
1004 5788 1116 5842 haec
1139 5789 1240 5840 itna
1272 5787 1565 5855 respiciens
1592 5801 1653 5841 ea
1678 5802 1780 5842 non
1812 5795 1870 5840 ut

1991 4612 2071 4654 lus
2110 4614 2251 4663 sunt,
2304 4605 2438 4653 sicut
2484 4606 2680 4654 zizauia
2732 4606 2869 4655 inter
2920 4616 3101 4667 grana.
3158 4602 3315 4665 Quasi
3346 4602 3538 4659 dicat:

1986 4669 2256 4737 Quotquot
2301 4686 2430 4724 esus
2475 4673 2701 4739 separati
2745 4670 2828 4723 vel
2862 4670 3095 4735 perinisti
3146 4684 3358 4734 omnes,
3398 4688 3539 4728 nunc

1983 4754 2113 4794 estis
2142 4742 2425 4802 tolerandi,
2469 4750 2785 4809 quandoque
2816 4755 2940 4792 vero
2969 4741 3270 4806 separandi,
3303 4744 3425 4809 quia
3453 4760 3538 4797 vos

1984 4814 2205 4864 universi
2250 4811 2539 4876 inter/retiis
2588 4821 2789 4862 tantum
2843 4824 3034 4876 corpus
3073 4813 3213 4877 quod
3264 4825 3344 4863 est
3393 4828 3545 4866 exie-

1983 4882 2113 4944 rius,
2165 4896 2267 4934 non
2314 4882 2453 4947 quod
2506 4894 2589 4934 est
2624 4882 2867 4933 interius.
2915 4879 3140 4944 liruitis,
3198 4882 3433 4950 inquam,
3468 4886 3541 4934 in-

1982 4955 2135 5003 statis
2183 4954 2307 5002 milii
2357 4951 2466 5003 enti
2513 4962 2757 5015 tanquam
2785 4950 2964 5015 parieti
3012 4950 3286 5012 inclinato,
3334 4953 3385 5004 id
3434 4962 3541 5016 est,

1985 5022 2138 5074 tacite
2166 5020 2396 5072 vineihili
2428 5035 2600 5073 vestra
2636 5022 2986 5085 reputatione,
3015 5031 3149 5073 ειειιι
3179 5021 3345 5076 facilis
3371 5030 3540 5076 estad

1978 5090 2341 5144 subruendum
2373 5092 2546 5161 paries
2579 5093 2861 5144 inclinatus
2884 5106 2898 5153 ;
2923 5101 2968 5143 et
3004 5101 3109 5142 enti
3142 5102 3386 5161 tanquam
3427 5107 3536 5144 mu-

1978 5162 2125 5213 cerite
2151 5162 2399 5228 depulste,
2433 5160 2483 5212 id
2510 5173 2613 5227 est,
2659 5175 2761 5212 non
2819 5162 2954 5214 bene
2996 5161 3212 5215 fundato
3244 5163 3297 5214 in
3331 5162 3450 5225 lide,
3487 5173 3541 5213 et

1981 5233 2203 5284 lirnnter
2228 5232 2461 5283 ratlicato
2504 5247 2552 5282 ιιι
2603 5232 2883 5283 cliaritaie.
2919 5229 3009 5283 Vel
3044 5232 3242 5284 aliter:
3281 5231 3381 5282 Vos
3407 5233 3528 5281 uni~

1976 5302 2105 5353 versi
2148 5300 2435 5371 in;erﬁcitis
2476 5316 2561 5352 vos
2601 5303 2742 5366 ipsos
2772 5302 2822 5353 in
2854 5315 2939 5354 me
2962 5300 3230 5352 hominem
3262 5299 3534 5371 irruentto,

1978 5386 2071 5422 vos
2100 5372 2218 5423 dico
2248 5369 2651 5436 comparabiles,
2683 5371 2801 5436 quia
2850 5371 2902 5422 in
2947 5371 3279 5421 innocentem
3330 5369 3527 5423 irruiiis

1975 5440 2157 5507 parieti
2177 5454 2412 5506 tanquam
2429 5438 2689 5502 inclinato,
2708 5451 2753 5491 et
2773 5440 3005 5491 maceria:
3020 5448 3262 5505 tanquam
3285 5438 3527 5506 depulsae,

1973 5526 2095 5578 quia
2126 5521 2259 5562 sicut
2282 5512 2463 5577 parieti
2489 5510 2730 5561 inclinato
2754 5522 2796 5559 et
2822 5508 3056 5560 maceria:
3082 5510 3307 5577 depulsa:
3330 5524 3532 5563 Vicinus

1976 5592 2059 5631 est
2092 5581 2289 5647 lapsus,
2325 5592 2391 5630 ita
2421 5594 2534 5641 vos,
2573 5582 2695 5647 quia
2735 5582 3066 5631 innocentem
3093 5581 3416 5647 Oppiiiuitis,
3450 5599 3528 5631 vi-

1971 5650 2119 5702 ciuus
2155 5666 2244 5701 vos
2276 5651 2444 5703 tacitis
2468 5649 2655 5715 lapsui.

2054 5718 2414 5771 Verumtamen
2445 5732 2659 5788 pretium
2693 5734 2856 5771 meum
2885 5720 3261 5788 cogitaverunt.
3293 5719 3400 5786 ligo
3430 5722 3547 5787 qui-

1969 5789 2089 5843 dem
2122 5793 2198 5842 sic
2228 5805 2321 5846 eos
2350 5791 2631 5856 admonui,
2660 5792 2752 5845 sed
2786 5797 2961 5844 tamen
3010 5790 3106 5858 ipsi
3146 5798 3201 5844 et
3242 5789 3287 5843 si
3317 5805 3423 5843 non
3452 5792 3539 5846 di~
