4010 6190
521 337 626 394 805

1005 333 1204 388 liED/E
1246 330 1690 387 VENERSBILlS
1712 332 1862 387 OPP.
1895 332 2069 387 PARS
2120 332 2182 384 Il.
2223 328 2418 384 SECT.
2451 328 2520 383 ll.
2549 357 2616 367 —
2642 324 2846 381 DUBIA
2887 323 2972 378 ET
3011 321 3282 379 SPURIA.

3641 322 3740 377 804

519 453 747 508 xerunt,
792 441 1003 511 quidam
1051 442 1235 494 saltem
1265 441 1606 511 cogitaverunt
1635 452 1662 490 a
1695 454 1780 492 iiie
1818 442 2063 508 repellere
2092 448 2138 504 Α
2175 448 2316 511 iores
2345 446 2587 488 veterum
2623 444 2902 501 parentum
2934 441 3076 511 sunt.
3125 432 3213 511 Et.
3239 429 3386 511 potiit
3415 444 3570 511 uitam
3601 429 3740 511 [rau-

521 520 738 588 prelinm
766 510 926 566 meum
949 554 964 574 ,
993 510 1043 563 id
1075 520 1188 588 est_,
1221 513 1285 588 ad
1320 510 1698 588 iiitpatieiitiaitt
1731 524 1812 588 me
1843 512 2062 588 incitare

525 579 834 648 voluerunt;
864 599 1010 648 qme,
1041 589 1094 632 ul
1127 582 1201 632 ait
1228 581 1531 647 Apostolus,
1564 579 1843 631 necessaria
1871 590 1941 631 est
1963 622 1976 641 ,
2008 587 2062 630 ut

517 666 822 724 reponemus
851 654 1273 724 promissionem,-
1305 658 1358 724 et
1388 651 1465 702 sic
1507 654 1715 724 privare
1761 664 1845 700 me
1888 650 2061 724 pretio

525 718 642 778 ineo
669 733 722 776 et
761 718 1188 774 remuneratione
1234 723 1498 784 patientiae
1536 718 1837 771 voluerunt.
1891 719 1953 769 Et
1985 729 2063 769 ta-

519 811 637 846 men
688 808 785 859 ego
815 791 1016 842 cucurri
1075 804 1168 855 per
1199 790 1546 859 divinaprmc
1584 799 1665 854 pta
1723 788 1839 840 sine
1889 789 2062 853 aliquo

516 858 896 931 iiiipi-dinienin
922 860 1146 926 iniplens
1171 874 1230 910 ea
1255 898 1268 921 ,
1295 869 1350 911 et
1378 858 1476 911 huc
1505 860 1603 910 ieci
1637 860 1689 909 in
1720 858 1835 917 siti,
1863 859 1918 931 _id
1949 868 2060 920 est,

515 926 744 986 sitiendo
776 941 827 982 ιιι
859 933 1101 995 exemplo
1131 943 1247 980 meo
1285 931 1400 980 illos
1429 931 1746 996 dirigereui,
1779 938 1831 978 et
1862 926 1911 976 in
1943 941 2062 979 cor-

516 1019 614 1068 pus
646 1017 816 1054 meum
853 999 1168 1065 ιιιιῇεσ-νειιι.
1203 997 1339 1050 ῡιι-ιι
1369 1004 1551 1049 beatus
1584 996 1906 1063 Augustinus
1935 1000 2060 1068 quia

515 1067 612 1124 nos
640 1070 848 1138 quando
878 1074 1118 1130 sitimus,
1153 1069 1404 1134 liquorem
1436 1068 1521 1135 qui
1553 1079 1806 1138 extraiest
1837 1081 1928 1133 per
1957 1067 2063 1138 spi-

516 1136 674 1194 rituui
707 1141 759 1192 in
789 1155 980 1205 corpus
1004 1154 1154 1190 suum
1186 1138 1465 1200 trajiciunt.
1494 1138 1641 1201 Quod
1671 1137 1872 1205 Moyses
1899 1136 2062 1201 signi-

518 1212 726 1273 licavit,
777 1210 864 1275 qui
913 1211 1073 1260 iratus
1113 1219 1270 1272 caput
1316 1205 1462 1259 vituli
1491 1205 1772 1258 coiillaiil.s
1805 1207 1854 1258 in
1889 1208 2058 1272 ignem

519 1281 696 1343 misit,
718 1289 779 1332 «et
807 1277 998 1330 deinde
1028 1277 1371 1340 comminuit,
1403 1286 1455 1326 et
1481 1292 1611 1344 aqua
1642 1277 1975 1341 conspersit,
2008 1286 2061 1327 et

517 1354 709 1416 populo
755 1349 817 1400 ad
870 1348 1150 1400 bibendum
1200 1347 1365 1400 dedit.
1418 1347 1514 1397 Per
1566 1348 1778 1412 Moysen
1833 1360 2061 1411 namque

519 1420 655 1473 Deus
705 1419 856 1480 Pater
899 1417 1232 1486 intelligitur,
1283 1417 1373 1484 qui
1417 1417 1564 1486 quasi
1617 1423 1780 1466 iratus
1813 1418 2058 1481 populum

513 1495 806 1551 malorum,
853 1489 940 1554 qui
989 1484 1142 1548 caput
1189 1485 1333 1537 vituli
1377 1484 1716 1552 significatur,
1749 1500 1841 1551 per
1887 1488 2059 1552 ignem

518 1557 869 1610 tribulationis
904 1558 1232 1624 plerumque.
1260 1565 1312 1606 ιιι
1341 1571 1433 1621 per
1464 1555 1704 1606 timorem
1739 1555 2062 1624 luturi_ignis

511 1630 757 1680 admonet
780 1667 796 1689 ,
828 1638 881 1678 et
907 1621 1066 1677 verba
1100 1621 1488 1692 prii-dicationis
1513 1629 1842 1676 eoiiiiiiinuit.
1876 1621 1936 1674 Et
1957 1621 2062 1690 per

511 1714 700 1765 aquam
730 1695 1065 1762 aliaptistiiatis
1098 1696 1288 1765 populo
1316 1693 1597 1765 bibettdutii
1627 1697 1834 1759 tribuit,
1868 1694 1915 1744 id
1943 1703 2058 1756 est,

515 1763 575 1818 iii
596 1783 787 1831 Corpus
819 1765 1052 1817 lideliiim
1087 1763 1310 1830 trajicit,
1341 1773 1394 1816 et
1421 1764 1497 1815 sic
1527 1764 1665 1814 sitim
1705 1765 1820 1826 ejus
1863 1766 2058 1816 restin-

441 1855 451 1872 ι-
512 1837 646 1904 guit.
697 1837 849 1904 lianc
889 1849 1106 1901 quoque
1156 1847 1294 1904 sitim
1349 1835 1538 1904 mulier
1580 1833 1666 1884 illa
1699 1833 2061 1904 Samaritana,

510 1903 629 1972 qua:
661 1921 804 1972 prior
837 1903 1118 1956 Dominum
1149 1903 1313 1955 sensit
1356 1903 1661 1966 sitientem,
1715 1913 1769 1954 et
1817 1903 2068 1955 Dominus

511 1977 790 2027 bibite-in
819 1975 1148 2026 credentem.
1183 1973 1334 2025 Nunc
1377 1973 1441 2024 ad
1486 1973 1714 2024 litteram
1762 1975 2062 2025 redeamus.

517 2047 624 2113 ligo
651 2044 863 2111 quidem
892 2044 1131 2096 sitiebant
1165 2043 1369 2094 illorum
1396 2043 1739 2094 salvationein
1759 2081 1779 2113 ,Α
1806 2042 1904 2107 ipsi
1933 2057 2061 2113 vero

517 2111 604 2166 ore
645 2129 739 2166 suo
786 2114 912 2165 milii
960 2112 1349 2175 benedicebant,
1397 2121 1441 2162 et
1486 2114 1638 2162 corde
1679 2111 2064 2166 iiialedicebant.

519 2187 632 2236 Non
663 2184 834 2236 solum
873 2185 1018 2236 enim
1049 2182 1099 2234 bi
1127 2183 1214 2247 qui
1243 2192 1432 2250 gerunt
1461 2182 1582 2235 lidei
1612 2194 1976 2246 sacramenta,
2009 2191 2065 2235 et

519 2255 744 2306 oderunt
768 2253 947 2305 divina
978 2262 1276 2320 pimcepta,
1309 2253 1401 2304 sed
1432 2254 1590 2304 etiam
1637 2251 1802 2304 Judaei
1836 2254 1918 2303 vel
1969 2267 2064 2318 pa-

519 2325 637 2390 gani
679 2324 918 2376 lidelibus
956 2337 1050 2376 ore
1085 2325 1437 2386 betiedicuut,
1469 2322 1659 2387 quibus
1701 2331 1874 2374 tamen
1905 2325 2067 2375 corde

517 2394 905 2447 contradicunt.

602 2461 954 2513 Verumtamen
985 2459 1094 2513 Deo
1136 2459 1362 2530 subjecta
1396 2470 1502 2530 esto
1521 2501 1536 2522 ,
1566 2461 1738 2512 anima
1774 2476 1884 2512 mea
1903 2500 1918 2524 ,
1948 2476 2068 2525 quo-

523 2532 660 2582 niam
689 2531 753 2582 ab
782 2533 890 2600 ipso
919 2531 1156 2600 patientia
1183 2529 1315 2600 mea.
1343 2529 1444 2596 Ipsi
1471 2532 1680 2596 quidem
1713 2531 1910 2600 instant
1941 2530 2068 2583 tiiilii

519 2614 756 2668 tanquam
789 2598 963 2667 parieti
995 2598 1272 2662 inclinato,
1307 2599 1357 2652 id
1387 2608 1500 2662 est,
1533 2600 1685 2652 facile
1715 2599 1950 2653 vincibili
1973 2640 1988 2663 ,
2019 2611 2073 2652 et

525 2673 823 2724 iiiierlicere
851 2687 935 2722 ine
965 2669 1180 2732 Volunt,
1213 2677 1268 2722 et
1309 2670 1533 2736 pretium
1582 2685 1756 2723 meum
1806 2676 2066 2735 repellere

519 2742 775 2809 cogitant,
802 2755 852 2793 ei
879 2754 998 2793 cum
1026 2753 1121 2792 Ore
1151 2739 1494 2801 benedicunt,
1525 2741 1687 2793 corde
1714 2741 2068 2805 maledicunt;

515 2817 609 2862 sed
647 2821 820 2862 tamen
849 2819 935 2873 ιιι,
964 2810 1140 2860 anima
1170 2824 1284 2860 mea
1308 2849 1322 2873 ,
1353 2818 1468 2863 esto
1496 2812 1701 2863 subdita
1747 2811 1851 2862 Deo
1871 2849 1888 2873 ,
1939 2821 1995 2862 ut
2040 2825 2070 2863 a

519 2893 641 2930 vera
675 2881 974 2932 obedientia
1004 2892 1055 2931 et
1089 2879 1338 2945 patientia
1371 2895 1472 2930 non
1502 2881 1738 2932 recedas.
1786 2880 1848 2932 Et
1881 2880 2070 2933 merito

519 2947 687 3002 debes
728 2949 778 3002 ei
819 2963 939 3002 esse
975 2948 1248 3015 subjecta,
1295 2950 1533 3016 quoniam
1577 2952 1820 3016 patientia
1862 2965 1973 3001 mea
2010 2952 2072 3001 ab

521 3018 666 3088 ipso,
696 3017 742 3070 si
775 3020 910 3071 inter
942 3019 1308 3071 tribulationes
1344 3029 1397 3070 et
1437 3023 1833 3084 persecutiones
1867 3020 2070 3080 patiens

522 3102 645 3141 esse
672 3101 829 3155 queo.
869 3088 981 3142 Hoc
1009 3102 1111 3140 non
1143 3097 1225 3142 est
1253 3103 1318 3141 ex
1350 3104 1434 3141 ine
1456 3129 1471 3153 ,
1504 3090 1598 3140 sed
1625 3092 1691 3140 ab
1719 3105 1805 3142 eo.
1847 3090 1914 3142 Et
1943 3103 2068 3143 vere

518 3160 584 3210 ab
616 3159 749 3224 ipso,
780 3159 903 3226 quia
931 3161 1038 3225 ipse
1069 3157 1202 3210 Deus
1233 3175 1388 3223 meus,
1417 3173 1603 3211 creatis
1633 3172 1736 3220 ine,
1763 3170 1807 3211 et
1836 3159 2070 3213 Salvator

504 3243 656 3286 ,meui
684 3242 929 3281 recreans
955 3243 1038 3281 me
1060 3242 1076 3292 ;
1103 3229 1308 3296 adjutor
1329 3243 1466 3281 meus
1490 3241 1671 3281 contra
1700 3231 2069 3298 iinpognantes

516 3312 567 3351 et
616 3310 1030 3366 persequentes.
1081 3302 1379 3364 perducens
1423 3315 1508 3350 me
1555 3299 1705 3362 illuc,
1758 3301 1808 3352 id
1856 3308 1968 3362 est,
2016 3302 2068 3353 in

514 3368 788 3439 cmlestein
836 3368 1163 3430 Jerusalem,
1213 3372 1352 3422 unde
1388 3368 1615 3436 amplius
1651 3385 1754 3421 non
1791 3369 2064 3439 eniigrabo.

515 3435 578 3490 Et
614 3453 735 3491 vere
773 3447 856 3491 est
893 3439 1130 3492 Salvator
1166 3454 1337 3503 meus,
1372 3435 1490 3502 quia
1522 3441 1574 3492 in
1604 3439 1711 3491 Deo
1738 3449 1818 3493 est
1843 3435 2069 3493 adiutare

515 3523 711 3576 meum,
761 3508 814 3560 id
861 3517 981 3572 est,
1028 3522 1200 3561 omnis
1241 3507 1547 3576 justiﬁcatio
1587 3519 1639 3560 et
1682 3514 1902 3562 salvatio
1948 3524 2066 3564 mea

517 3591 656 3630 nunc
675 3615 691 3642 ,
719 3585 765 3631 et
797 3581 914 3646 ipse
947 3580 1154 3630 tandem
1185 3589 1286 3631 erit
1314 3580 1512 3645 gloria,
1545 3583 1632 3647 qui
1661 3584 1730 3633 ab
1758 3583 1872 3647 ipso
1901 3580 2066 3647 glori-

518 3649 717 3701 ticabor
746 3647 1168 3710 resurrectione,
1211 3648 1608 3702 immortalitate
1636 3660 1688 3702 ει
1717 3650 1985 3716 impassmi
2016 3648 2062 3704 i-

517 3725 640 3771 tate.
688 3718 901 3770 Interim
928 3730 1102 3770 autem
1145 3717 1308 3783 quid?
1351 3720 1505 3771 Certe
1548 3717 1759 3772 interim
1804 3727 1887 3772 est
1932 3719 2068 3772 Deus

516 3787 728 3851 auxilii,
764 3790 814 3841 id
847 3797 954 3850 est,
991 3789 1188 3855 praebet
1216 3787 1344 3840 milii
1375 3787 1621 3840 auxilium
1668 3797 1852 3842 contra
1896 3789 2066 3841 inani-

517 3856 681 3910 festas
713 3862 1130 3925 oppugnationes
1158 3871 1344 3911 eorum
1377 3858 1465 3926 qui
1499 3861 1625 3911 loris
1655 3869 1812 3925 sunt,
1845 3868 1899 3911 et
1935 3874 2062 3912 cun-

522 3939 599 3978 ira
645 3930 894 3979 subdolus
940 3928 1236 3981 locutioiies
1279 3928 1528 3982 falsorum
1577 3934 1816 3982 lratruiii.
1853 3929 1916 3981 Et
1947 3931 2066 3983 ideo

517 3996 708 4068 riterite
729 3999 901 4049 omnis
931 4013 1039 4049 mea
1068 4012 1183 4064 spes
1209 4007 1292 4050 est
1320 4001 1371 4068 in
1402 3999 1547 4063 ipso,
1571 4001 1660 4068 qui
1689 4007 1770 4050 cst
1797 3998 1956 4052 Deus.

586 4063 802 4128 Sperate
831 4069 883 4116 in
909 4077 988 4117 eo.
1025 4063 1160 4119 Ecce
1188 4067 1489 4122 transiliens
1517 4063 1634 4130 iste,
1662 4071 1752 4136 qui
1783 4073 1868 4121 Inc
1898 4070 2067 4136 loqui-

516 4143 622 4204 tur,
655 4137 962 4200 exsequitur
1006 4135 1143 4201 quod
1189 4137 1243 4188 in
1289 4137 1437 4188 titulo
1467 4139 1662 4190 dictum
1683 4135 1808 4204 est,
1839 4135 2062 4204 scilicet,

515 4203 650 4256 alios
682 4214 736 4257 ut
765 4219 884 4276 eniti
913 4215 1228 4272 sequantur,
1257 4215 1310 4258 et
1336 4209 1582 4276 exemplo
1604 4208 1720 4275 ejus
1749 4203 2063 4273 transibant,

517 4276 768 4328 admonet
796 4274 1014 4327 diceris:
1048 4276 1179 4338 Quia
1208 4289 1306 4343 ego
1334 4274 1540 4330 lditttuu
1575 4274 1789 4344 spiritus
1838 4280 1889 4331 in
1932 4281 2062 4342 Deo,

517 4350 690 4397 omnis
736 4347 1074 4416 congregatio
1120 4348 1329 4413 populi,
1361 4346 1412 4399 id
1458 4355 1573 4414 est,
1605 4363 1792 4401 omnes
1821 4363 1942 4412 vos,
1975 4353 2063 4416 qui

513 4428 640 4486 vero
679 4422 870 4482 paputo
911 4415 1067 4468 vultis
1103 4419 1372 4484 aggregari
1393 4459 1407 4482 ,
1438 4427 1636 4486 Sperate
1664 4422 1718 4470 in
1747 4433 1831 4482 eo,
1867 4420 1915 4471 id
1947 4415 2060 4483 est,

521 4473 796 4538 imitemini
831 4498 916 4538 me
936 4523 952 4549 ,
983 4496 1039 4538 ut
1067 4473 1310 4552 ειὲἧιμῖο
1343 4473 1476 4538 uieo'
1491 4492 1718 4554 speretis
1745 4488 1796 4540 iii
1821 4473 1934 4542 'Deo
1963 4473 2063 4554 {ei
2090 4473 2142 4532 Ῑ)

515 4554 760 4621 e/I'undite
799 4557 955 4607 corda
1000 4565 1164 4607 uestra
1199 4571 1370 4608 coram
1414 4558 1534 4621 illo,
1580 4561 1629 4610 id
1673 4571 1783 4619 est.
1813 4570 2064 4612 evacuate

510 4628 670 4696 corda
711 4635 884 4679 vestra
927 4628 1068 4696 unde
1105 4639 1228 4677 sunt
1260 4630 1415 4694 plena
1437 4666 1452 4691 ,
1485 4631 1535 4680 id
1565 4638 1679 4693 est,
1712 4629 1942 4696 nequitia
1964 4672 1978 4696 ,
2011 4639 2068 4682 ut

519 4695 834 4760 impleantur
885 4695 1023 4748 unde
1065 4707 1187 4748 sunt
1231 4710 1428 4760 vacua,
1478 4701 1527 4750 id
1570 4708 1682 4758 est.
1709 4695 1934 4765 jusiitia.
1967 4695 2065 4753 Vel

513 4766 759 4835 e/juiidite
804 4779 975 4816 coram
1017 4765 1149 4827 illo,
1193 4766 1435 4831 scilicet,
1463 4769 1763 4821 conliteuito
1809 4780 2060 4835 peccata,

510 4851 626 4898 ιμιιε
653 4833 707 4886 in
736 4839 988 4888 cordibus
1021 4841 1209 4888 vestris
1240 4847 1391 4889 erant
1418 4839 1698 4903 absconsa,
1729 4833 2066 4906 deprecando

511 4912 564 4954 et
591 4908 877 4977 sperando,
907 4916 962 4958 et
991 4916 1182 4958 merito
1216 4907 1419 4960 debetis
1448 4910 1498 4960 in
1528 4923 1593 4962 eo
1619 4924 1858 4977 sperare,
1891 4919 1944 4962 et
1972 4925 2063 4961 co-

508 4986 621 5048 ra_i_n
654 4975 742 5024 illo
772 4974 1043 5029 eiliindere
1076 4990 1203 5048 cor,
1224 4978 1344 5042 quia
1377 4977 1488 5044 ipse
1515 4974 1737 5032 cuiu—sit
1783 4981 1953 5048 Deus,
1984 4989 2070 5034 est

505 5043 712 5113 iidjutor
752 5055 920 5094 noster
962 5059 1145 5098 comra
1192 5043 1566 5114 iiiipugiianies
1608 5059 1666 5102 et
1711 5043 2065 5116 tribulaiites,

508 5116 806 5189 perducens
835 5128 933 5166 nos
962 5116 1013 5166 in
1040 5127 1286 5168 tetanum
1309 5156 1328 5183 ,
1355 5118 1412 5173 id
1438 5129 1545 5182 εει,
1577 5120 1629 5172 ιιι
1660 5129 1916 5174 aeternam
1949 5126 2065 5189 glo-

502 5197 655 5235 “alii.

586 5251 939 5328 verumtamen
990 5253 1106 5307 vani
1155 5254 1253 5320 filii
1298 5252 1597 5328 hominum,
1648 5259 1914 5311 mendaces
1967 5259 2070 5328 ﬁlii

509 5321 772 5395 hominum
812 5327 866 5376 in
903 5335 1099 5378 atatem
1120 5367 1136 5391 ,
1176 5335 1230 5376 ut
1271 5325 1527 5392 decipiant
1556 5321 1654 5395 ipsi
1679 5335 1742 5381 de
1769 5321 1987 5383 vanitati:
2015 5333 2069 5384 in

505 5393 752 5462 idipsum.
787 5397 899 5464 lngo
926 5397 1139 5464 quidem
1167 5409 1354 5447 omnes
1384 5403 1452 5450 de
1497 5393 1667 5452 satine
1713 5414 1806 5452 sua
1854 5401 1929 5453 sic
1975 5409 2070 5452 ad-

505 5468 723 5528 monui,
749 5469 842 5538 sed
867 5476 1114 5534 tanquam
1143 5469 1208 5518 ad
1240 5471 1501 5538 quosdam
1532 5470 1662 5522 iiiliil
1691 5475 1909 5536 protect,
1944 5477 2069 5538 quia

501 5543 627 5584 sunt
654 5536 798 5597 uani,
853 5539 902 5588 id
948 5546 1035 5590 est
1055 5575 1070 5599 ,
1106 5537 1332 5589 terrenis
1351 5576 1367 5600 ,
1401 5552 1517 5605 quae
1546 5541 1754 5593 vanitas
1783 5550 1940 5604 sunt,
1960 5536 2071 5594 λι.-

503 5608 599 5652 ditt
618 5639 634 5664 ,
656 5612 712 5656 et
733 5615 858 5656 sunt
887 5609 1173 5667 mendaces,
1203 5609 1410 5659 scilicet
1430 5649 1445 5671 ,
1473 5611 1854 5664 beatitudinem
1886 5625 2069 5666 veram

506 5683 874 5746 promittentes
900 5678 997 5729 sibi
1027 5678 1079 5727 iii
1106 5679 1340 5728 vanitate
1368 5679 1454 5731 ubi
1483 5678 1624 5731 nulla
1655 5682 1922 5734 beatitudo
1946 5694 2029 5734 est
2052 5699 2066 5746 ;

501 5749 556 5789 et
587 5740 686 5793 hoc
715 5743 853 5804 ideo,
885 5760 1007 5810 quia
1038 5747 1134 5808 [ilit
1169 5748 1429 5797 hominum
1459 5761 1617 5810 sunt,
1655 5754 1704 5801 id
1739 5760 1821 5804 est
1843 5793 1854 5814 ,
1882 5740 2064 5804 -ιιιιιιιιλ

2169 509 2286 558 diem
2318 519 2504 558 eorum
2539 498 2636 568 pro
2663 515 2895 566 caeteris,
2926 505 3108 555 dicens
3140 523 3150 553 ;
3188 498 3249 553 In
3284 503 3502 566 slateris,
3536 503 3736 555 subau-

2164 577 2304 627 ditur
2333 585 2567 641 agentes,
2593 583 2645 624 ut
2687 576 2820 625 alios
2865 573 3163 640 decipiant;
3209 572 3300 641 sjd
3349 575 3477 623 niliil
3520 575 3596 623 eis
3629 575 3729 624 lioc

2167 640 2414 711 prodest,
2450 647 2555 695 iiiio
2607 651 2792 706 obest,
2843 644 2966 708 quia
3008 642 3107 708 ipsi
3153 640 3506 707 decipiuntur,
3541 643 3603 692 de
3633 641 3732 695 hac

2164 716 2386 766 uanitate
2410 715 2666 766 tendentes
2690 713 2744 764 in
2770 713 2993 777 idipsum
3012 752 3028 774 ,
3057 716 3104 764 id
3132 721 3243 774 est,
3277 715 3326 762 in
3358 711 3500 763 illam
3532 716 3740 764 vanita-

2167 793 2294 844 tem,
2319 800 2436 851 quie
2465 799 2677 846 semper
2701 792 2782 832 est
2807 783 2944 848 ipsa,
2972 786 3021 834 id
3047 793 3147 843 est,
3173 796 3413 842 manens,
3443 783 3490 832 id
3513 789 3616 843 est,
3645 785 3737 832 de-

2163 855 2426 905 ducuntur
2454 868 2544 916 per
2566 854 2702 904 banc
2730 863 3015 904 vanitatem
3045 855 3093 903 in
3117 863 3344 902 ieteiiias
3373 865 3555 914 DLBIIRIS
3577 869 3589 913 ;
3613 867 3737 920 qua:

2165 939 2268 974 non
2298 925 2416 973 ideo
2442 925 2688 974 dicuntur
2718 923 2939 984 vanitas,
2968 925 3090 988 quia
3121 936 3245 974 vere
3281 923 3446 973 malus
3480 923 3733 988 puniant,

2161 993 2256 1045 sed
2285 1007 2537 1059 quantum
2567 991 2632 1042 ad
2665 1004 3143 1044 remunerationem
3177 993 3460 1043 bonorum.
3498 993 3562 1042 Et
3608 1007 3732 1058 quia

2163 1062 2415 1128 quidquid
2462 1078 2490 1112 a
2539 1076 2664 1112 vero
2709 1076 2829 1114 esse
2870 1075 3176 1128 separatum
3221 1069 3343 1122 est,
3378 1061 3502 1113 illud
3537 1076 3733 1113 merito

2162 1127 2319 1199 quasi
2344 1133 2473 1184 niliil
2503 1143 2604 1183 est.
2641 1130 2727 1182 Vel
2757 1133 2908 1183 aliter
2933 1147 2948 1183 :
2983 1127 3104 1181 Filii
3133 1133 3198 1181 lio
3219 1132 3393 1181 uinum
3421 1141 3538 1182 sunt
3571 1132 3691 1181 uani
3713 1172 3727 1191 ,

2162 1203 2284 1269 quia
2315 1204 2630 1253 inhaerentes
2664 1215 2809 1253 vanis
2829 1239 2844 1264 ,
2879 1210 2932 1252 et
2956 1213 3080 1252 Sttttt
3113 1202 3372 1251 iitendaces
3399 1202 3450 1251 iri
3482 1203 3688 1252 steteris
3710 1242 3726 1264 ,

2162 1272 2398 1334 Scilicet,
2431 1271 2551 1339 quia
2583 1275 2635 1322 iii
2667 1272 2857 1322 trutina
2887 1286 2946 1323 se
2974 1285 3096 1322 cum
3126 1272 3240 1321 aliis
3271 1281 3470 1337 ponunt
3499 1282 3551 1322 et
3577 1285 3728 1322 com-

2166 1354 2384 1406 pensant
2404 1379 2420 1402 ,
2447 1353 2500 1394 et
2532 1343 2850 1392 mendaciter
2878 1340 2995 1392 aliis
3031 1356 3089 1392 se
3121 1342 3407 1405 praeferunt
3429 1379 3446 1403 ,
3483 1340 3727 1392 volentes

2164 1422 2398 1463 Statuere
2428 1411 2686 1477 jiisdtiam
2718 1426 2903 1473 suam,
2939 1411 3082 1461 velut
3113 1413 3198 1462 ille
3230 1409 3526 1461 Pliarisoms
3558 1410 3683 1461 fecit
3705 1453 3721 1475 ,

2163 1482 2251 1547 qui
2283 1481 2414 1532 dixit
2443 1498 2456 1533 ;
2490 1479 2694 1531 Gratias
2725 1481 2808 1530 tibi
2840 1496 2968 1548 ago,
3016 1478 3260 1540 Domine,
3305 1481 3422 1546 quia
3461 1494 3560 1530 non
3605 1496 3722 1532 sum

2162 1554 2291 1602 sicut
2338 1553 2504 1603 caueri
2551 1551 2845 1612 hominum,
2894 1560 2946 1602 et
2994 1559 3208 1602 caetera.
3255 1549 3320 1602 Et
3361 1552 3460 1602 lioc
3499 1549 3618 1601 ideo
3650 1560 3724 1599 la-

2165 1623 2349 1685 ciunt,
2400 1632 2454 1672 ut
2500 1635 2592 1686 per
2635 1625 2734 1671 hoc
2777 1620 3048 1686 decipiant
3090 1621 3244 1682 alios,
3275 1629 3329 1671 et
3361 1634 3450 1685 per
3483 1620 3581 1670 hoc
3626 1634 3727 1671 au-

2165 1700 2322 1754 geant
2372 1691 2702 1757 iniquitatem
2752 1705 2920 1741 suam.
2975 1691 3229 1742 Simulata
3277 1690 3416 1742 enim
3459 1692 3718 1755 aequitas

2169 1761 2361 1824 duplex
2407 1773 2492 1812 est
2540 1761 2806 1825 iniquitas.
2858 1761 2994 1825 Ipsi,
3023 1759 3162 1821 dico,
3197 1760 3283 1825 qui
3327 1774 3624 1826 quanquam
3657 1761 3726 1812 de

2176 1831 2424 1882 varietate
2466 1828 2772 1894 Opinionum
2817 1841 2940 1880 sunt
2973 1846 3024 1880 in
3055 1829 3291 1893 diverso,
3326 1839 3499 1880 tamen
3531 1830 3594 1879 de
3637 1845 3724 1879 tm-

2172 1911 2325 1950 nitate
2351 1915 2534 1951 omnes
2561 1899 2782 1951 tendunt
2809 1900 2859 1950 in
2889 1899 3130 1967 idipsum.
3158 1900 3315 1962 Quasi
3346 1903 3484 1951 dicat
3509 1916 3520 1949 :
3549 1901 3728 1963 Quan-

2171 1984 2328 2035 quam
2362 1969 2678 2036 niuliiplices
2707 1977 2830 2021 sunt
2874 1984 3103 2030 errores,
3148 1979 3321 2020 tamen
3370 1984 3419 2019 in
3470 1972 3570 2022 lioc
3597 1985 3726 2021 coii-

2173 2050 2420 2100 veniunt,
2452 2042 2594 2105 quod
2616 2053 2802 2092 omnes
2831 2041 2896 2090 ad
2929 2043 3184 2090 vanitates
3216 2040 3508 2090 intendunt.

2246 2109 2422 2160 Nolite
2461 2124 2664 2175 speiare
2693 2110 2744 2160 in
2773 2110 3036 2174 iniquitate
3057 2151 3071 2174 ,
3104 2119 3151 2158 et
3181 2112 3386 2178 rapinas
3416 2108 3570 2159 nolite
3599 2122 3725 2178 con-

2171 2183 2454 2246 cupiscere;
2478 2181 2667 2230 uivitiw
2691 2181 2734 2229 si
2758 2179 2991 2248 afﬂuant,
3013 2183 3165 2231 nolite
3190 2194 3276 2229 cur
3300 2193 3569 2248 apponere.
3602 2177 3726 2238 Vos,

2173 2250 2421 2316 inquam,
2471 2249 2559 2300 lilii
2608 2249 2912 2310 hominum,
2962 2251 3217 2300 hactenus
3263 2263 3381 2299 Vaiii
3432 2247 3621 2308 fuistis,
3669 2261 3726 2299 et

2173 2323 2477 2382 mendaces,
2525 2320 2718 2370 amodo
2747 2329 2922 2371 autem
2954 2320 3105 2370 nolite
3130 2335 3331 2387 sperare
3356 2321 3409 2369 in
3438 2319 3720 2386 iniquitate.

2175 2388 2352 2440 Potest
2381 2404 2589 2456 quoque
2619 2391 2719 2441 lioc
2748 2392 2930 2441 rel'erri
2959 2391 3022 2440 ad
3056 2390 3221 2440 bonos
3242 2427 3256 2451 ,
3288 2405 3419 2456 quos
3460 2393 3600 2453 prius
3628 2391 3726 2438 ad-

2172 2459 2413 2518 tiiotiuit,
2460 2462 2686 2511 dicens:
2718 2457 2932 2523 Sperate
2972 2475 3023 2509 in
3066 2475 3155 2520 eo,
3204 2468 3258 2511 et
3298 2461 3518 2526 reliqua.
3563 2459 3726 2522 Quasi

2172 2529 2314 2580 dicat
2341 2545 2352 2578 :
2389 2525 2510 2580 Filii
2553 2529 2750 2594 quidem
2779 2528 3039 2580 hominum
3066 2540 3179 2581 sunt
3211 2532 3321 2580 uani
3351 2539 3397 2580 ct
3419 2525 3685 2578 mendaces
3707 2566 3724 2592 ,

2176 2612 2268 2650 \os
2296 2611 2470 2651 autem
2502 2614 2588 2665 qui
2620 2612 2779 2652 verus
2807 2602 2960 2652 vultis
2988 2613 3106 2651 esse
3148 2601 3390 2665 populus,
3424 2597 3582 2649 nolite
3608 2614 3730 2661 spe-

2172 2681 2288 2720 rare
2326 2668 2378 2719 in
2418 2669 2700 2733 iniquitate.
2741 2671 3024 2722 Possumus
3062 2679 3236 2721 autem
3277 2672 3602 2737 iniquitatem
3645 2669 3731 2737 vel

2175 2737 2262 2789 bic
2291 2739 2660 2791 universaliter
2698 2753 2940 2804 accipere
2987 2753 3080 2806 pro
3110 2739 3254 2791 omni
3301 2736 3576 2806 iniquitate
3597 2777 3612 2801 ,
3643 2736 3738 2794 vel

2177 2813 2541 2860 tantummodo
2580 2811 2631 2860 in
2677 2810 2964 2862 ambitione
3011 2824 3266 2875 pecuniae.
3317 2814 3446 2874 Quia
3484 2809 3608 2859 al.bi
3647 2813 3737 2858 di-

2175 2891 2316 2930 ctuni
2345 2889 2425 2930 est
2454 2895 2464 2928 :
2500 2878 2676 2930 Omnis
2706 2879 2842 2931 diues
2870 2889 2960 2932 aut
2988 2880 3207 2944 iniquus,
3238 2890 3325 2930 aut
3356 2893 3515 2931 nati-es
3545 2879 3731 2944 iniqui.

2175 2948 2240 2999 Et
2259 2948 2448 3000 dividit
2469 2950 2588 3000 illos
2610 2964 2740 3016 quos
2764 2952 2974 3002 insimul
2996 2951 3082 3001 liic
3123 2951 3345 3014 accipit,
3371 2952 3422 3001 in
3447 2953 3579 3001 duas
3610 2966 3736 3014 paro

2178 3027 2278 3079 tes,
2303 3020 2525 3083 scilicet,
2558 3019 2611 3070 in
2643 3034 2896 3086 pauperes
2920 3029 2972 3072 et
3000 3019 3209 3072 divites.
3239 3023 3299 3072 lat
3327 3025 3468 3086 prius
3493 3019 3637 3085 ponit
3661 3021 3737 3071 de

2178 3095 2526 3154 pauperibus,
2557 3090 2739 3142 dicens
2767 3089 2877 3142 ita:
2917 3092 3018 3142 \os
3051 3105 3305 3156 pauperes
3347 3091 3502 3141 nolite
3541 3104 3736 3140 cuncti-

2174 3161 2365 3222 piscerc
2393 3174 2647 3230 rupinas,
2686 3159 2736 3210 id
2785 3169 2900 3224 est,
2945 3159 3164 3230 injustas
3213 3163 3505 3213 alienarum
3549 3174 3733 3212 rerum

2171 3229 2560 3293 subreptiones.
2629 3227 2952 3281 Damnosum
3000 3227 3167 3282 'enim
3227 3232 3427 3282 lucrum
3483 3239 3602 3294 est,
3669 3240 3734 3280 ut

2170 3299 2412 3365 acquiras
2444 3299 2717 3365 pecuniam
2738 3339 2752 3363 ,
2784 3309 2836 3352 et
2867 3300 3053 3367 perdas
3083 3300 3456 3352 innocentiam.
3487 3301 3731 3366 Namque

2170 3369 2296 3438 quid
2344 3373 2516 3434 rapias
2563 3371 2744 3430 vides,
2787 3384 2817 3421 a
2865 3385 2970 3438 quo
3002 3384 3127 3422 vero
3156 3383 3380 3437 raptans
3407 3385 3516 3422 non
3547 3372 3722 3422 vides.

2169 3437 2286 3490 Noli
2333 3451 2461 3506 ergo
2508 3453 2694 3505 rapere
2741 3437 2957 3508 propter
2984 3449 3350 3507 paupertatem
3386 3450 3572 3503 tuam,
3603 3455 3731 3506 quia

2167 3522 2256 3576 qui
2289 3509 2410 3560 fecit
2439 3517 2521 3574 te,
2557 3517 2734 3575 pascet
2764 3519 2832 3562 te.
2878 3513 2934 3563 Si
2965 3526 3105 3563 enim
3135 3513 3301 3575 pascit
3331 3523 3382 3562 te
3425 3511 3726 3574 latronem,

2169 3583 2338 3645 pascit
2391 3589 2441 3630 te
2489 3580 2848 3631 innocentem.
2899 3580 2956 3634 Si
3006 3582 3172 3647 pascit
3221 3591 3274 3632 te
3319 3580 3725 3643 damnandum,

2169 3649 2338 3701 multo
2363 3664 2530 3716 magis
2561 3647 2728 3716 pascit
2759 3661 2809 3702 te
2839 3650 3188 3703 liberaiidtiiit.
3237 3649 3414 3702 Nolite
3453 3664 3584 3716 ergo
3628 3665 3726 3703 vos

2169 3734 2425 3785 pauperes
2453 3721 2802 3786 concupiscere
2827 3723 3033 3786 rapinas
3053 3760 3069 3785 ,
3096 3729 3150 3773 et
3197 3721 3239 3771 si
3268 3721 3455 3772 divitia:
3482 3721 3721 3787 amittiut,

2167 3790 2220 3841 id
2249 3798 2367 3852 est,
2397 3791 2440 3842 si
2471 3791 2662 3842 divites
2691 3801 2822 3842 estis
2842 3830 2856 3853 ,
2889 3789 3044 3842 nolite
3071 3789 3269 3843 divitiis
3299 3806 3384 3843 cor
3413 3805 3667 3857 apponere
3700 3807 3722 3852 ;

2164 3862 2307 3926 quod
2338 3860 2411 3912 illi
2443 3859 2636 3911 iaciunt
2658 3900 2672 3923 ,
2705 3859 2793 3926 qui
2838 3861 3041 3912 malunt
3083 3875 3174 3912 eas
3203 3863 3494 3913 recondere
3514 3900 3529 3924 ,
3559 3875 3719 3926 quam

2169 3931 2487 3995 pauperibus
2509 3944 2748 3996 erogare,
2780 3942 2832 3984 et
2861 3934 2986 3982 dum
3014 3945 3104 3983 eas
3132 3933 3438 3983 cusmdiunt
3459 3973 3474 3996 ,
3509 3935 3604 3998 ipsi
3637 3945 3721 3982 iu-

2168 4003 2330 4051 teiius
2357 4014 2386 4051 a
2414 4014 2537 4052 vera
2567 4012 2771 4054 ratione
2796 4011 2852 4053 et
2881 4001 3146 4054 intellectu
3174 4001 3438 4052 dd'lluuut.
3465 4001 3530 4053 Et
3558 4003 3718 4066 quid-

2165 4070 2290 4135 quid
2325 4085 2513 4133 νιίιιιει·
2540 4070 2706 4122 solum
2741 4080 3106 4124 necessitatem
3156 4080 3515 4134 retinuerunt,
3550 4080 3717 4123 totum

2169 4141 2486 4207 pauperibus
2520 4152 2826 4205 rapuerunt.
2863 4140 3010 4194 Unde
3037 4145 3320 4208 Apostolus
3348 4143 3416 4193 ad
3448 4142 3720 4194 ’l‘imottie-

2167 4224 2288 4261 uiii:
2324 4208 2551 4275 Prwcipe
2588 4211 2822 4262 divitibus
2868 4214 3019 4280 hujus
3056 4212 3228 4263 swculi
3257 4227 3358 4262 non
3387 4212 3601 4262 sublime
3631 4228 3718 4266 sa-

2165 4295 2303 4350 pere,
2335 4295 2427 4331 nec
2455 4295 2630 4348 sapere
2656 4281 2709 4331 in
2737 4284 2925 4334 incerto
2956 4282 3246 4332 divitiarum
3264 4320 3280 4346 ,
3310 4289 3365 4334 et
3394 4286 3616 4350 reliqua.

2237 4351 2404 4402 Semel
2429 4350 2624 4402 locutus
2653 4361 2725 4402 est
2755 4350 2912 4404 Deus.
2947 4352 3068 4404 Ideo
3097 4355 3215 4404 dico
3246 4363 3302 4402 ut
3331 4366 3428 4404 nec
3459 4366 3718 4419 pauperes

2167 4433 2404 4485 rapiant,
2439 4437 2534 4473 nec
2563 4424 2752 4473 divites
2781 4423 2978 4475 dii/iiiis
3003 4437 3095 4474 cor
3131 4433 3400 4489 apponant
3421 4460 3437 4485 ,
3470 4436 3590 4490 quia
3625 4435 3677 4474 tu
3697 4461 3712 4486 ,

2172 4491 2422 4553 Domine,
2455 4507 2505 4544 et
2534 4492 2809 4543 damnabis
2840 4496 3025 4559 malos,
3059 4501 3109 4544 et
3138 4495 3496 4544 reiiiuiierabis
3525 4496 3717 4546 bonos.

2169 4565 2320 4624 Quod
2350 4574 2430 4613 est
2460 4563 2546 4614 tibi
2575 4564 2702 4613 dicit
2733 4579 2745 4613 :
2781 4563 2914 4629 Quia
2943 4574 2995 4613 tu
3024 4565 3201 4614 reddes
3230 4563 3499 4631 unicuique
3528 4578 3715 4614 secun-

2169 4641 2289 4700 dum
2319 4647 2470 4697 aperti
2494 4649 2618 4694 tua,
2649 4634 2728 4685 liis
2762 4638 2969 4700 quidem
3001 4636 3247 4700 praemia,
3281 4633 3384 4684 illis
3423 4638 3712 4700 supplicia.

2168 4697 2236 4752 Et
2281 4703 2528 4768 pra-cedd
2577 4697 2848 4768 utriusque
2881 4697 3137 4769 probatio.
3171 4707 3327 4768 Quasi
3357 4697 3543 4756 dicati
3580 4704 3715 4756 Vere

2168 4775 2444 4824 damnabis
2472 4776 2659 4833 malos,
2689 4787 2811 4838 qnia
2835 4774 2958 4835 tibi,
2985 4772 3222 4838 Domine,
3247 4783 3328 4825 est
3359 4784 3591 4838 potestas
3624 4791 3719 4838 pu-

2169 4843 2350 4893 niendi
2382 4855 2486 4893 tam
2515 4846 2745 4908 majores
2770 4859 2928 4908 quam
2958 4857 3204 4896 mitiores.
3228 4843 3295 4894 Et
3322 4858 3444 4896 vere
3471 4859 3721 4896 remune-

2169 4915 2311 4963 rabis
2355 4913 2552 4974 bonos,
2597 4927 2718 4979 quia
2751 4916 2840 4966 tibi
2870 4923 2952 4966 est
2981 4915 3358 4966 misericordia.
3396 4917 3724 4967 l'otestateut

2169 4983 2346 5048 itaque
2371 4985 2664 5045 timeamus,
2689 4983 3101 5036 utisericm'diaiii
3125 4999 3364 5037 amemus
3386 5001 3402 5047 ;
3431 5001 3526 5036 nec
3549 4986 3629 5036 sic
3653 4990 3722 5038 de

2170 5051 2530 5104 misericordii
2563 5068 2958 5118 praesumamus,
2985 5064 3042 5105 ut
3070 5064 3382 5121 potestatem
3411 5067 3721 5107 contemna-

2169 5135 2326 5183 mus;
2360 5138 2528 5187 neque
2557 5122 2633 5174 sic
2662 5134 2970 5189 potestatem
3003 5127 3299 5190 timeamus,
3328 5137 3385 5176 ut
3411 5128 3478 5177 de
3509 5129 3718 5177 iniseri-

2169 5195 2352 5244 cordia
2366 5194 2728 5259 desperatius,
2746 5200 2867 5262 quia
2895 5206 3176 5261 utrumque
3199 5205 3280 5248 est
3308 5198 3357 5247 in
3387 5197 3519 5259 Deo,
3547 5207 3602 5246 et
3620 5213 3718 5246 uii-

2171 5263 2459 5315 sericordta
2499 5271 2554 5314 et
2600 5275 2850 5328 potestas.
2907 5268 3169 5318 l'0tesiate
3215 5269 3428 5334 quidem
3478 5271 3721 5318 tiumitiat

2170 5338 2449 5400 superbos,
2475 5342 2830 5388 misericordia
2860 5341 3058 5390 exultat
3086 5337 3331 5390 bumiies.
3359 5335 3511 5402 Quod
3540 5350 3720 5388 autem

2173 5415 2453 5471 utrumque
2502 5417 2554 5454 ut
2599 5403 2710 5456 Deo
2753 5410 2854 5469 sit,
2904 5409 3188 5471 Apostolus
3229 5407 3462 5459 insinuat
3487 5409 3724 5462 dicens:

2175 5475 2322 5536 Quod
2351 5490 2393 5525 ﬂ
2425 5470 2561 5525 Deut
2588 5477 2756 5527 volens
2783 5470 3046 5529 ostendere
3069 5480 3198 5530 iram
3225 5491 3401 5540 suam,
3433 5486 3481 5528 ct
3507 5479 3725 5528 demon-

2171 5557 2332 5595 strare
2363 5548 2638 5612 potentiam
2666 5562 2842 5610 suam,
2887 5549 3000 5608 tulit
3027 5548 3080 5599 in
3109 5549 3270 5600 multa
3314 5547 3561 5615 patientia
3599 5561 3729 5598 nam

2169 5618 2261 5667 ira:
2281 5653 2296 5677 ,
2325 5629 2438 5679 qua:
2466 5617 2714 5671 destinata
2741 5625 2858 5669 sunt
2889 5621 2943 5669 in
2986 5620 3334 5686 perditionem.
3386 5618 3525 5671 Ecce
3567 5629 3716 5684 pute-

2170 5696 2298 5736 stas.
2332 5687 2581 5749 bequilur
2610 5689 2988 5750 misericordia,
3019 5691 3251 5753 scilicet,
3284 5703 3336 5739 ιιι
3369 5687 3570 5740 diana;
3595 5704 3722 5756 gra-

2171 5759 2254 5808 tiie
2289 5769 2392 5807 sua:
2430 5757 2772 5824 manifestam
2807 5758 2859 5809 in
2899 5761 3026 5811 iam
3065 5766 3438 5812 iiiisci'icoi'due.
3469 5761 3621 5812 Nunc
3650 5760 3722 5812 ad
