4010 6190
314 365 426 421 805

1036 356 1100 412 IN
1139 353 1557 413 PSALMORUM
1634 348 1894 408 LIBRUM

1998 314 2295 403 KECESIS.
2336 374 2404 385 —
2445 345 2686 401 PSALM.
2728 343 2889 399 Lxu.

3452 344 3553 400 806

320 481 557 535 litteram
596 473 897 528 redeamus.
939 468 1079 532 Tibi,
1112 471 1348 531 inquam,
1394 466 1644 527 Domine,
1676 475 1755 517 est
1796 479 1888 532 po—
1919 468 1967 526 Α
1996 475 2053 514 re
2079 477 2093 525 ;
2129 475 2227 535 ego
2256 472 2386 535 vero
2416 458 2650 535 cucurri,
2680 457 2801 535 quia
2830 456 2973 535 nulla
2995 453 3276 535 suacularls
3306 453 3552 535 illecchrzi

324 560 489 603 testas
532 554 587 599 et
636 539 1023 596 misericordia.
1059 540 1122 591 Et
1164 538 1270 590 hwc
1314 538 1417 589 duo
1459 537 1653 595 audivi,
1688 535 1737 587 id
1768 546 1884 596 est,

324 615 604 676 intellexi,
648 613 769 678 quia
814 612 949 663 Deus
987 610 1140 661 semel
1179 612 1376 678 locutus
1414 617 1505 659 est.
1564 605 1659 678 llic
1712 616 1887 678 movet

326 674 1029 756 Augustinusiqiitestionem
1060 679 1243 756 diri-ns
1268 694 1280 729 :
1312 676 1503 755 Mirum
1530 675 1722 756 videtur
1749 674 1885 756 quod

326 744 449 810 dicit
478 757 647 808 Deum
678 744 899 804 locutum
933 766 1037 801 esse
1065 750 1251 812 semel,
1293 757 1334 798 et
1380 748 1532 797 istum
1578 746 1681 797 duo
1732 744 1885 795 audi-

328 830 475 881 visse.
529 824 651 877 Non
698 832 869 873 autent
920 820 1047 870 adeo
1091 821 1273 868 mirum
1316 827 1478 879 esset,
1523 831 1567 867 si
1612 817 1795 865 dici-ret
1841 824 1886 865 et

326 915 440 951 eum
469 895 622 949 semel
651 893 899 950 locutum,
928 901 978 941 et
1010 904 1062 940 se
1092 903 1245 939 unum
1274 887 1544 937 audivisse.
1576 884 1678 937 Sed
1713 895 1885 935 tamen

332 970 507 1020 adhuc
549 968 679 1015 bene
721 979 822 1013 non
864 968 1045 1019 esset,
1086 959 1208 1023 quia
1252 956 1391 1008 Deus
1429 968 1482 1009 et
1521 956 1787 1007 mulioties
1834 963 1888 1007 et

334 1040 513 1089 multis
553 1034 723 1086 modis
766 1034 969 1081 locutus
1006 1033 1107 1079 est.
1153 1027 1379 1079 Locutus
1419 1035 1501 1077 est
1537 1026 1678 1077 enim
1721 1026 1879 1083 Adae,

329 1108 515 1159 lIICt‘lIS
559 1104 606 1155 ei
641 1120 652 1153 :
703 1102 893 1160 Adam,
930 1097 1011 1148 ubi
1042 1096 1142 1148 es?
1170 1097 1297 1149 Cain
1327 1109 1539 1162 quoque
1580 1096 1751 1152 dixit;
1789 1090 1887 1145 Ubi

330 1188 405 1229 est
436 1176 557 1227 Abel
588 1175 742 1241 frater
771 1169 926 1222 tuus?
960 1168 1185 1241 Locutus
1216 1180 1422 1231 quoque
1458 1174 1543 1241 est
1581 1164 1849 1241 Abraham
1870 1204 1883 1223 ,

331 1247 479 1299 Isaac
520 1235 801 1301 et'Jacob,
843 1252 891 1291 et
940 1238 1188 1287 omnibus
1241 1236 1551 1301 prophetis;
1604 1235 1889 1286 novissime

331 1331 506 1368 autem
541 1314 745 1365 locutus
775 1318 855 1360 est
885 1309 933 1359 in
960 1305 1095 1357 Filio
1126 1320 1243 1358 suo.
1275 1306 1377 1356 Sed
1408 1319 1709 1369 quanquam
1750 1306 1886 1355 mul-

330 1384 583 1451 tipliriter
626 1397 718 1448 per
755 1379 1049 1443 subjectum
1089 1389 1386 1451 creaturam
1426 1388 1494 1425 sit
1535 1376 1768 1451 locutus,
1806 1383 1887 1425 ta-

334 1442 455 1508 ιιίεη
488 1442 637 1517 apud
676 1466 732 1502 se
784 1442 987 1500 tantum
1019 1447 1185 1497 semel
1244 1444 1450 1517 locutus
1499 1455 1614 1507 est,
1669 1442 1717 1517 id
1752 1442 1884 1517 est,

332 1541 499 1578 unum
526 1514 757 1573 \‘crbum
792 1530 994 1569 tantum
1024 1516 1202 1581 genuit
1233 1514 1301 1565 de
1329 1529 1387 1565 se
1407 1554 1423 1577 ,
1458 1528 1551 1581 per
1580 1515 1718 1577 quod
1754 1514 1887 1564 lacta

336 1609 460 1647 sunt
508 1608 714 1649 omnia,
761 1598 814 1638 et
861 1604 911 1639 iii
956 1602 1060 1653 quo
1104 1587 1257 1635 simul
1305 1583 1666 1641 suiitoiiiniii,
1701 1582 1888 1649 inquo

338 1664 608 1731 ντωεςὶγίι
636 1656 1024 1731 quidAlacturus
1053 1663 1169 1706 erat
1200 1656 1247 1704 in
1280 1664 1540 1731 creatura.
1587 1653 1700 1731 Non
1747 1654 1887 1730 enim

337 1723 559 1787 nescivit
589 1723 729 1798 quod
762 1727 916 1790 fecit,
950 1726 997 1798 in
1029 1724 1323 1798 quo__semel
1367 1724 1541 1798 omnia
1588 1723 1848 1798 disposuit
1870 1762 1883 1783 ,

336 1820 455 1870 qua:
484 1790 706 1853 dweisis
754 1796 1082 1870 temporibus
1104 1794 1339 1870 diversa
1375 1792 1661 1870 distribuit.
1709 1790 1883 1856 Usque
1918 1810 1960 1869 Β

337 1864 405 1926 ad
438 1873 536 1924 hoc
564 1879 783 1922 vernum
816 1864 1209 1931 intelligendum
1243 1864 1368 1913 dicit
1402 1864 1486 1913 hic
1521 1878 1577 1914 se
1609 1870 1883 1913 transcen-

334 1944 513 2003 disse,
546 1950 599 1993 et
631 1938 700 1990 ibi
732 1937 892 1989 multa
924 1936 1157 1998 audivit,
1186 1934 1252 1985 de
1280 1934 1470 2003 quibus
1502 1933 1604 1983 duo
1633 1937 1744 1981 haec
1769 1935 1883 1996 qui-

334 2015 455 2067 dem
477 2002 675 2073 ,mali,
707 2008 933 2065 scilicet,
965 2006 1373 2065 daiiiiiabuutur,
1410 2002 1529 2053 boni
1564 2016 1686 2073 vero
1713 2015 1890 2073 remu-

336 2071 681 2140 nerabuntur,
713 2093 826 2145 qui-
854 2075 1082 2128 maxime
1110 2071 1703 2145 necessariaprtevidit,
1738 2071 1889 2122 nobis

338 2154 605 2222 pri-ponit.
657 2140 836 2202 Poiest
877 2158 1083 2211 quoque
1133 2144 1362 2222 psalmus
1408 2141 1506 2222 iste
1550 2142 1647 2222 legi
1681 2140 1731 2191 in
1761 2154 1890 2222 voce

338 2209 527 2288 capitis
576 2209 938 2288 persecutores
984 2226 1109 2266 suos
1156 2212 1381 2288 Judieos
1416 2212 1484 2261 ita
1514 2209 1885 2288 “alloquiintis,

334 2280 489 2360 qiiasi
542 2280 718 2341 dicat:
750 2287 884 2360 Quid
942 2300 1028 2337 me
1074 2283 1337 2360 quarritisn
1371 2281 1666 2358 interllcere
1713 2280 1888 2330 homi-

336 2349 463 2415 nem
492 2364 577 2428 qui
613 2374 733 2411 vera
766 2349 1293 2428 locutussunrvobis
1315 2349 1532 2428 laenae
1569 2350 1740 2428 anima
1780 2365 1890 2428 mea

337 2420 523 2500 ιιοιιυέ
560 2430 652 2500 erit
699 2426 927 2500 subiecta
953 2421 1081 2500 _Deo
1129 2423 1180 2500 in
1226 2420 1527 2500 obedientia
1559 2420 1891 2500 persistendo

336 2490 497 2569 quam
525 2498 716 2551 vobis?
750 2498 863 2549 I‘Zrit
893 2495 1090 2569 utique.
1144 2493 1208 2544 Et
1239 2491 1464 2569 merito,
1503 2493 1622 2569 quia
1670 2490 1893 2569 salutare

338 2561 543 2634 meum,
575 2569 625 2621 id
657 2576 737 2621 est
757 2606 771 2625 ,
806 2562 1128 2619 resurrectio
1160 2576 1275 2634 mea
1307 2570 1389 2613 est
1414 2562 1475 2611 ab
1506 2562 1635 2629 ipso.
1678 2561 1741 2611 Et
1772 2572 1892 2612 Vere

334 2643 407 2693 ab
432 2632 544 2707 ipso
565 2647 677 2699 est,
701 2635 823 2705 quia
847 2635 959 2700 ipse
981 2642 1133 2707 estet
1162 2632 1300 2707 Deus
1329 2646 1688 2707 meus_i_:re_aiis
1713 2644 1816 2692 me,
1844 2637 1891 2681 et

334 2699 575 2763 saliiiaris
604 2699 743 2761 meai
765 2749 779 2772 ,
803 2699 922 2772 quia
954 2718 1037 2757 me
1063 2703 1332 2754 hominem
1364 2716 1454 2772 per
1478 2699 1711 2772 eri-bum
1738 2714 1888 2751 suum

336 2780 655 2846 assumpsit,
686 2788 739 2829 et
768 2770 1054 2829 iiiimunom
1087 2786 1115 2823 a
1147 2783 1358 2846 peccatu
1391 2770 1511 2822 fecit
1536 2782 1633 2846 ;_et
1672 2781 1751 2821 est
1779 2785 1893 2821 sus-

337 2842 680 2914 ceptor'meus
714 2850 795 2899 vel
825 2846 890 2898 de
918 2846 1195 2910 Sepulcro,
1229 2843 1308 2893 vel
1339 2852 1519 2893 contra
1552 2842 1810 2893 irruentes
1839 2850 1893 2892 et

339 2921 707 2987 iiiipugnautes
738 2934 751 2980 ;
783 2926 838 2968 et
868 2919 985 2987 ideo
1016 2919 1179 2965 semel
1203 2924 1390 2987 _r_iiotus
1422 2925 1515 2987 per
1546 2921 1768 2987 mortem
1794 2918 1894 2987 ,μ

337 2976 657 3050 δυέρίᾗιιιιε,
691 2976 789 3038 non
818 2985 1046 3037 movebor
1074 2982 1311 3046 amplius.
1344 2976 1519 3035 Semel
1548 2980 1688 3032 enim
1718 2976 1892 3031 ri-siir-

340 3060 482 3113 rexit
527 3060 806 3119 Christus,
856 3056 909 3107 in
955 3064 1213 3107 aeternum
1260 3051 1515 3103 victurus.
1570 3051 1658 3102 νει
1701 3050 1888 3103 aliter:

340 3131 515 3183 Mutus
552 3128 763 3197 quidem
797 3126 891 3175 luit
922 3125 971 3175 in
1004 3125 1189 3197 Adam
1217 3129 1468 3187 quantum
1514 3120 1593 3197 ad
1630 3136 1889 3182 massam,

342 3198 439 3254 Sed
468 3192 583 3251 non-
611 3196 833 3262 amplius
862 3196 1113 3255 movebar,
1143 3192 1191 3243 id
1224 3198 1339 3250 est,
1387 3206 1489 3241 non
1528 3192 1694 3262 etiam
1719 3206 1891 3262 move:

342 3270 464 3331 bur,
512 3260 764 3335 quantum
796 3267 857 3317 ad
902 3277 1202 3331 personant.
1254 3262 1568 3314 haturaliter
1614 3261 1788 3321 enim,
1848 3260 1897 3311 id

340 3348 460 3400 est,
492 3348 748 3404 quantum
798 3335 863 3387 ad
908 3346 1241 3387 communem
1287 3340 1562 3391 naturam,
1606 3340 1777 3404 motus
1820 3340 1902 3382 est

340 3402 584 3462 Christus
617 3411 666 3458 in
698 3406 895 3467 Adam;
928 3405 1019 3456 sed
1052 3419 1156 3453 non
1187 3408 1272 3454 est
1310 3412 1484 3453 motus
1521 3402 1895 3468 personaliter,

338 3493 464 3545 quia
497 3488 753 3544 peccatum
784 3491 880 3525 non
911 3474 1069 3545 (erit,
1089 3488 1177 3545 nec
1207 3474 1434 3545 inventus
1468 3483 1536 3521 est
1564 3470 1712 3545 dolus
1740 3471 1902 3545 inore

339 3541 471 3617 ejus.
497 3541 782 3613 'Qnousque
822 3545 1014 3597 irruitis
1055 3543 1107 3593 in
1134 3541 1425 3592 hominem?
1452 3541 1660 3607 quando
1688 3542 1898 3607 quidem

343 3619 484 3670 Deus
521 3618 767 3669 salutaris
798 3630 947 3666 meus
976 3622 1078 3673 est,
1108 3623 1160 3663 et
1206 3622 1483 3677 susceptor
1527 3624 1703 3671 meus;
1736 3624 1901 3676 quare

338 3703 470 3754 ergo
496 3687 733 3754 quieritis
782 3698 868 3736 me
920 3680 1250 3754 interﬁcere?
1297 3680 1426 3754 Nam
1478 3679 1677 3732 irruitis
1708 3681 1757 3730 iii
1790 3694 1896 3742 me,

339 3751 797 3825 quem—reputatis
844 3754 1013 3805 solum
1047 3765 1167 3803 esse
1199 3751 1495 3825 hominem;
1529 3759 1583 3801 et
1626 3762 1901 3825 quousque

339 3819 581 3879 iiruitis?
608 3819 766 3878 Certe
792 3837 1065 3890 quousque
1096 3822 1340 3888 potestis,
1386 3834 1507 3887 quia
1537 3833 1630 3871 vos
1672 3819 1899 3871 universi

341 3897 644 3949 inteilicitis
685 3909 770 3947 me
806 3903 1069 3956 exterius,
1114 3906 1219 3942 non
1266 3891 1522 3949 interius;
1576 3904 1697 3953 vos,
1747 3891 1899 3952 dico,

340 3965 604 4018 irruentes
635 3964 759 4016 mihi
790 3965 895 4015 emi
924 3973 1163 4030 tanquam
1190 3960 1369 4028 parieti
1414 3957 1654 4010 inclinato
1697 3969 1743 4009 et
1790 3974 1901 4010 ma-

336 4042 491 4087 ceria:
518 4037 775 4099 depulsae,
808 4034 857 4084 id
902 4042 1016 4092 est,
1063 4032 1189 4082 mihi
1240 4043 1408 4097 prono
1450 4030 1515 4081 ad
1563 4036 1819 4099 mortem,
1851 4036 1904 4079 et

338 4115 533 4171 sponte
564 4096 790 4156 venienti
837 4102 902 4152 ad
950 4096 1278 4167 passionem,
1325 4101 1472 4165 juxta
1504 4099 1625 4171 illud
1655 4114 1681 4171 εΔ
1710 4096 1901 4171 Voluit-

340 4167 472 4228 εὰν-ξε
498 4175 794 4242 sacriﬁcabo
826 4171 953 4235 tibi;
985 4172 1065 4223 vel
1096 4174 1254 4221 aliter
1284 4187 1295 4221 :
1336 4168 1681 4242 Vosuiiiversi
1708 4167 1901 4234 inter/i-

338 4252 461 4297 citis
507 4260 590 4296 me
616 4237 643 4307 ,⁷
680 4259 772 4295 vos
795 4284 808 4304 ,
856 4243 1008 4305 dico,
1061 4242 1323 4292 irruentes
1367 4237 1492 4291 mihi
1523 4248 1629 4291 enti
1661 4249 1900 4305 tanquam

342 4314 527 4383 parieti
555 4313 799 4365 inclinato
830 4321 873 4363 et
901 4311 1412 4383 niat'eriwgdepulste,
1458 4312 1575 4375 quia
1625 4313 1758 4383 sicut
1801 4308 1901 4383 ali-

341 4378 465 4452 qiiis
494 4385 580 4451 qui
613 4387 663 4434 in
696 4384 943 4449 parietem
984 4380 1093 4449 jam
1141 4380 1451 4452 inclinatum
1496 4380 1777 4452 niaceiietn
1810 4378 1904 4430 de-

343 4449 551 4521 pulsam
597 4454 821 4505 irrueret
865 4455 1275 4516 Oppiimerctur,
1321 4451 1390 4500 ita
1433 4449 1569 4521 quod
1614 4464 1705 4521 vos
1734 4450 1783 4500 in
1815 4464 1900 4500 me

338 4504 432 4590 ἦυὶ
468 4526 517 4575 in
548 4526 754 4575 ruinam
802 4504 1082 4573 mulierum
1132 4504 1329 4586 positus
1370 4504 1484 4569 sutii
1529 4519 1579 4569 iii
1628 4518 1786 4571 Israel
1832 4504 1978 4570 ir-D

339 4594 533 4655 ruitis,
568 4595 631 4644 ad
668 4602 893 4643 vestram
941 4603 1021 4643 est
1064 4594 1461 4657 oppressionem
1508 4597 1561 4641 et
1605 4590 1901 4639 damnatio-

339 4681 488 4717 iicin.
527 4663 615 4716 Vel
648 4666 843 4717 aliter:
879 4661 980 4714 Vos
1008 4662 1223 4712 universi
1268 4658 1551 4723 inter/icitis
1599 4673 1685 4708 vos
1726 4658 1898 4724 ipsus;

342 4736 596 4785 irruendo
628 4733 677 4783 iii
710 4750 795 4783 me
827 4747 921 4797 pro
953 4734 1067 4783 loco
1096 4744 1148 4783 et
1177 4739 1335 4797 gente
1358 4768 1372 4792 ,
1405 4728 1524 4795 quia
1552 4736 1683 4779 estis
1712 4730 1761 4779 in
1803 4730 1902 4780 hoc

339 4806 472 4854 iiiitii
520 4804 903 4867 comparabiles
950 4802 1129 4866 parieti
1175 4810 1417 4865 tanquam
1462 4798 1736 4861 inclinato,
1782 4800 1902 4864 quia

337 4872 480 4925 sicut
515 4873 697 4937 parieti
732 4872 981 4923 Illl‘IIllalt)
1028 4872 1354 4937 pi'Opiiiquus
1403 4870 1640 4919 imminet
1690 4870 1898 4934 lapsus,

338 4954 412 4992 ita
444 4956 535 5009 per
564 4953 788 4993 m0rtem
820 4956 1023 5001 meam,
1057 4956 1148 5003 per
1188 4955 1367 5009 quam,
1392 4946 1586 5003 putatis
1631 4939 1805 4990 locum
1848 4948 1903 5009 et

333 5008 551 5079 geniem
603 5021 866 5073 retinere,
912 5014 1116 5063 vieiniis
1163 5011 1312 5063 vobis
1358 5008 1600 5059 imminet
1641 5022 1796 5060 casus
1836 5008 1903 5061 de

332 5083 531 5133 eodem
566 5083 681 5133 Ιουο
726 5090 777 5135 et
812 5092 1000 5148 gente,
1045 5089 1097 5131 et
1141 5082 1297 5132 etiam
1343 5079 1736 5148 comparabiles
1771 5079 1900 5130 estis

337 5156 578 5203 maceria:
623 5146 883 5217 depulsis,
934 5152 984 5201 id
1033 5157 1145 5212 est,
1195 5148 1362 5215 fragili
1418 5162 1603 5211 muro,
1653 5146 1739 5217 qui
1787 5150 1903 5199 sine

332 5233 587 5273 cemento
635 5231 752 5287 est,
798 5223 921 5289 quia
966 5220 1144 5287 gluten
1190 5218 1459 5271 charitatis
1507 5228 1561 5271 et
1606 5218 1902 5271 alfectionis

334 5306 448 5344 non
482 5291 702 5343 habetis.

428 5359 775 5413 Verumtamen
801 5362 1016 5429 pretium
1044 5373 1210 5410 meum
1249 5357 1589 5425 cogitaverunt
1627 5356 1898 5423 repellere,

331 5432 543 5482 cucurri
586 5433 637 5481 in
667 5428 901 5494 siti;'ore
948 5445 1040 5481 suo
1088 5429 1473 5487 benedicebaiit,
1524 5436 1568 5478 et
1614 5428 1763 5477 corde
1806 5442 1899 5479 suo

333 5500 723 5552 maledicebant.
756 5503 866 5569 Ego
895 5502 1105 5568 quidem
1136 5515 1227 5552 eos
1256 5498 1321 5549 de
1352 5501 1519 5549 salute
1547 5510 1641 5548 sua
1685 5496 1886 5569 sic_ad-

333 5572 559 5632 iiionui,
590 5572 683 5623 sed
717 5566 1019 5637 taiiieiiipsi
1078 5570 1177 5621 etsi
1219 5583 1321 5619 non
1368 5569 1655 5629 dixerunt,
1703 5566 1888 5637 saltem

330 5642 683 5709 cogitaverunt
713 5636 957 5707 repellere
985 5643 1200 5705 pretium
1228 5654 1421 5709 meum,
1455 5638 1502 5687 id
1534 5646 1614 5709 est
1634 5676 1647 5699 ,
1678 5636 1741 5688 ad
1773 5638 1887 5709 ino-

333 5707 660 5763 liedientiam
692 5727 775 5763 me
805 5711 1064 5763 suscitare
1084 5751 1097 5771 ,
1126 5714 1182 5761 et
1206 5708 1279 5760 sic
1311 5720 1533 5773 pretium
1568 5707 1732 5772 ipsius
1759 5708 1889 5759 obe—

332 5780 555 5834 dieiitiie
576 5821 590 5847 ,
626 5782 672 5835 id
702 5790 814 5848 est,
846 5782 1066 5850 gloriam
1096 5776 1519 5843 resurrectionis,
1554 5777 1681 5829 milii
1713 5776 1889 5831 aul'er-

1994 546 2080 583 me
2112 530 2377 592 detinuit;
2410 537 2464 578 et
2495 527 2595 580 hoc
2620 528 2671 578 in
2701 528 2814 587 siti,
2850 526 2897 578 id
2927 533 3041 587 est,
3086 526 3313 578 sitiendo
3346 526 3554 578 illorum

1989 602 2252 659 salutem,
2285 608 2340 649 ut
2373 595 2513 659 prius
2546 612 2560 659 ;
2590 608 2782 649 cetera
2830 611 2931 648 non
2980 605 3271 655 mutantur,
3324 596 3420 646 nisi
3469 597 3557 647 ubi

1988 670 2117 721 dicit
2143 686 2155 720 ;
2193 669 2445 731 Quoniam
2475 666 2536 717 ab
2567 668 2678 729 ipso
2706 678 2778 717 est
2809 668 3045 730 patientia
3076 681 3205 716 mea.
3258 667 3405 727 Quod
3454 669 3557 715 tale

1988 748 2074 792 est
2131 740 2280 806 quasi
2328 739 2509 788 dicat:
2561 734 2684 787 Ideo
2729 739 2946 797 mei-ito,
2982 740 3190 806 animo,
3240 733 3351 786 Deo
3398 737 3560 806 debes

1989 823 2115 860 esse
2142 803 2376 875 subjecta
2396 843 2410 867 ,
2441 806 2687 872 quoniam
2721 808 2963 870 patientia
2991 821 3101 857 mea
3123 846 3138 869 ,
3172 804 3222 856 id
3254 815 3363 875 est,
3399 803 3561 855 tribu-

1992 879 2157 940 latio,
2191 874 2348 939 quam
2381 878 2575 941 patior,
2618 884 2689 926 est
2735 880 2798 926 ab
2840 876 2991 944 ipso,
3043 876 3091 927 id
3135 887 3253 935 est,
3285 874 3351 925 ab
3397 875 3560 937 ipsius

1989 949 2366 1013 diSpOsitione,
2404 960 2506 996 nou
2537 946 2603 996 ab
2637 954 2853 996 istorum
2889 945 3267 1006 inlestdione;
3300 955 3558 1010 praeterea

1988 1020 2131 1085 quod
2186 1016 2407 1068 iulerius
2456 1013 2696 1085 dicitur:
2754 1013 2970 1079 Sperate
3018 1015 3069 1064 in
3120 1013 3342 1085 Domino
3393 1014 3557 1085 omnis

1991 1083 2317 1156 congregatio
2344 1086 2557 1153 populi,
2584 1084 2648 1138 ad
2680 1085 2824 1136 solos
2844 1084 3081 1148 Judaeos,
3120 1087 3170 1135 in
3203 1085 3302 1134 hac
3331 1083 3559 1135 lectione

1990 1155 2333 1211 referendum
2362 1164 2462 1208 est.

2460 1244 2520 1296 IN
2578 1241 2897 1297 I'SALMUM
2936 1242 3097 1297 LXII.

2070 1339 2312 1393 Psatmus
2344 1337 2504 1391 David
2536 1351 2654 1391 cum
2687 1347 2830 1390 esset
2860 1340 2909 1388 III
2942 1338 3155 1391 deserto
3184 1335 3449 1391 Idumreae.

2584 1444 2965 1484 ABGUHENTUI.

2063 1525 2135 1577 Ex
2171 1540 2392 1589 persona
2424 1539 2609 1577 eorum
2642 1524 2871 1585 canitur,
2921 1522 3008 1590 qui
3061 1523 3266 1577 meritis
3315 1522 3556 1577 eminen—

1988 1594 2155 1648 tiores
2186 1596 2236 1648 in
2270 1595 2537 1664 Babylone
2567 1596 2851 1660 degebant.

2591 1697 2947 1737 EXPLANATIO.

2063 1770 2301 1825 Psalmus
2360 1780 2405 1823 et
2466 1770 2631 1823 David
2681 1772 2965 1839 frequenter
3012 1773 3238 1824 indicant
3291 1773 3561 1828 Dominum

1991 1842 2277 1907 Cliiistuin,
2343 1842 2630 1910 frequenter
2687 1842 2988 1907 Ecclesium,
3044 1845 3163 1910 quia
3216 1841 3447 1897 Christus
3504 1850 3556 1897 in

1990 1914 2223 1965 membris
2259 1914 2365 1964 suis
2401 1924 2507 1972 est,
2540 1922 2587 1964 et
2632 1914 2853 1963 membra
2896 1914 2948 1963 in
2990 1928 3080 1963 suo
3109 1913 3272 1980 capite
3299 1916 3555 1967 continen-

1990 1993 2074 2034 tur
2098 1998 2115 2046 ;
2146 1991 2458 2050 quapropter
2487 1981 2727 2035 Ecclesite
2753 1996 2865 2049 qua:
2892 1983 2941 2032 in
2974 1982 3067 2032 hac
3098 1985 3293 2047 psalmo
3322 1983 3555 2036 locutura

1990 2063 2060 2105 est
2092 2052 2271 2123 merito
2302 2054 2573 2116 prteposita
2603 2061 2719 2123 sunt
2760 2053 2928 2116 verba,
2954 2066 3069 2123 quat
3112 2055 3404 2123 signiﬁcant
3445 2054 3555 2107 Do-

1992 2140 2187 2174 minum
2230 2122 2567 2176 Salvatorem.
2604 2120 2731 2174 Παέ
2754 2125 2905 2189 igitur
2946 2120 2998 2173 in
3047 2120 3246 2174 dese'ito
3288 2122 3556 2181 Idumam.

1991 2192 2084 2243 hoc
2111 2204 2219 2253 est,
2248 2193 2300 2244 in
2332 2196 2484 2255 huius
2512 2192 2687 2244 stecnli
2718 2193 2959 2242 ariditate
3002 2190 3233 2256 habitat,
3269 2195 3349 2244 ubi
3380 2196 3481 2246 situ
3513 2209 3559 2247 et

1992 2264 2245 2314 desiderat
2277 2259 2557 2314 Christum.
2592 2259 2740 2314 Unde
2771 2270 2814 2313 et
2844 2260 3087 2313 'lduintea
3110 2301 3124 2323 ,
3168 2266 3220 2314 in
3256 2279 3355 2327 qua
3397 2262 3561 2315 David

1991 2335 2320 2401 exsultabat,
2374 2340 2572 2384 terrena
2628 2332 3008 2398 interpretatur.
3071 2329 3137 2383 Iit
3196 2334 3364 2399 prima
3414 2350 3558 2401 parte

1995 2404 2176 2467 psalmi
2223 2400 2452 2454 Ectlesia
2494 2401 2751 2454 desiderat
2809 2400 3014 2452 Domini
3062 2403 3331 2468 virtutem,
3381 2400 3559 2471 optans

1993 2476 2217 2523 omnium
2249 2474 2493 2523 bonorum
2535 2472 2841 2541 pinguedine
2885 2471 3098 2535 repleri,
3150 2482 3202 2522 ut
3248 2475 3359 2539 ejus
3403 2474 3558 2539 digna

1992 2543 2149 2609 possit
2182 2542 2419 2592 laudibus
2448 2539 2681 2593 inveniri.
2717 2539 2780 2592 la
2809 2546 3031 2592 secunda
3061 2544 3250 2608 gratias
3279 2543 3415 2608 agit,
3443 2546 3559 2610 quia

1992 2618 2082 2663 sub
2114 2613 2358 2662 velamine
2385 2612 2585 2662 alarum
2612 2610 2816 2662 Domini
2842 2612 3015 2662 mundi
3045 2614 3293 2678 procellas
3319 2616 3553 2676 evaserit,

1992 2682 2306 2752 iiiiiiiicisque
2332 2682 2433 2752 suis
2463 2682 2791 2752 iiiﬁiiiferiora
2819 2691 2966 2733 terra:
3003 2681 3309 2733 damnandis
3330 2724 3343 2743 ,
3377 2684 3561 2752 [legem

1994 2749 2248 2802 Chrlslttllt
2283 2768 2333 2803 ni
2364 2750 2469 2803 Deo
2499 2748 2655 2803 Patre
2681 2766 2801 2804 cum
2838 2752 3028 2804 sanctis
3057 2754 3302 2817 prtedicat
3332 2748 3558 2806 esse'lte-

1992 2831 2240 2874 laturum.

2569 2906 3000 2945 COIIENTARIUS.

2069 2981 2206 3035 Deus
2226 3022 2240 3044 ,
2270 2980 2439 3044 Deus,
2467 2982 2536 3034 ad
2561 2991 2609 3035 te
2634 2984 2698 3034 de
2726 2984 2837 3034 luce
2863 2980 3035 3050 vigilo.
3067 2979 3308 3035 Psalmus
3334 2982 3432 3049 ipsi
3460 2980 3564 3035 Da-

1992 3053 2077 3105 vid
2097 3092 2112 3116 ,
2144 3069 2261 3105 cum
2292 3064 2419 3105 esset
2448 3054 2501 3104 ia
2531 3056 2728 3107 deserto
2762 3050 3030 3107 lduma'te.
3062 3052 3278 3119 Legitur
3318 3056 3368 3105 iii
3398 3054 3565 3106 histo-

2002 3139 2077 3175 ria
2109 3126 2248 3191 quod
2283 3124 2443 3176 David
2476 3138 2597 3175 cum
2633 3136 3039 3191 persequeretur
3071 3136 3195 3175 eum
3229 3124 3353 3175 Saiil
3374 3164 3386 3182 ,
3423 3126 3565 3176 venit

2007 3195 2072 3245 ad
2108 3195 2385 3255 Idumaeos,
2413 3203 2465 3247 et
2498 3194 2565 3246 ibi
2596 3193 2980 3258 aliquantulum
3016 3193 3186 3244 latuit.
3221 3193 3434 3244 ItItlllliBI
3466 3208 3560 3244 aii-

2006 3271 2110 3315 tem
2160 3264 2332 3330 populi
2382 3273 2544 3325 sunt,
2593 3278 2816 3330 quorum
2866 3265 3011 3329 regio
3039 3274 3120 3314 est
3150 3262 3405 3330 Idumuga,
3444 3278 3561 3324 qum

2002 3328 2381 3397 interpretatur
2413 3328 2661 3397 terrena,
2696 3335 2774 3385 vel
2822 3328 3134 3399 sanguinea.
3186 3334 3249 3383 Et
3295 3328 3559 3399 signiﬁcat

2003 3415 2318 3468 praesentem
2355 3402 2551 3466 vitam,
2586 3415 2703 3469 quin
2736 3417 2825 3467 per
2863 3416 2922 3453 se
2950 3401 3220 3453 desertum
3255 3414 3369 3462 est,
3411 3417 3555 3467 quia,

2000 3484 2256 3538 quantum
2287 3472 2338 3523 iti
2370 3485 2428 3525 se
2455 3478 2539 3524 est.
2563 3512 2578 3535 ,
2610 3472 2808 3523 nullum
2857 3472 3030 3523 locum
3076 3470 3420 3523 habitationis
3468 3472 3558 3521 lia-

2000 3541 2121 3605 bet;
2167 3553 2221 3595 et
2260 3543 2398 3593 invia
2435 3552 2536 3608 est,
2566 3543 2685 3609 quia
2731 3557 2772 3593 si
2823 3556 2928 3593 non
2960 3541 3196 3593 veritatis
3246 3542 3325 3592 visi
3378 3555 3470 3607 per
3498 3556 3559 3594 se

2000 3623 2124 3676 est;
2155 3620 2208 3664 et
2237 3612 2488 3678 inaquosa
2517 3620 2637 3675 est,
2685 3614 2805 3679 quia
2853 3611 2905 3662 in
2953 3625 3012 3664 se
3059 3625 3179 3664 vera
3227 3621 3372 3663 caret
3417 3610 3556 3663 refe-

1999 3684 2197 3735 ctione.
2233 3681 2288 3734 lii
2320 3697 2421 3748 qua
2452 3696 2671 3734 necesse
2710 3690 2793 3736 est
2834 3690 2891 3734 ut
2930 3681 3191 3748 patiamur
3219 3682 3409 3733 multas
3442 3689 3553 3733 ten-

2003 3755 2270 3819 lationes,
2329 3752 2697 3804 tribulationes
2748 3762 2803 3805 et
2854 3754 3267 3815 persecutiones.
3320 3753 3383 3803 Et
3433 3752 3553 3803 ideo

2001 3822 2124 3874 dum
2158 3822 2208 3874 in
2236 3836 2296 3874 ea
2322 3837 2525 3887 sumus,
2549 3836 2760 3888 semper
2786 3821 2933 3873 sitire
2962 3836 3013 3875 et
3043 3823 3247 3873 esurire
3278 3820 3554 3881 debemus,

2004 3898 2129 3957 quia
2161 3893 2205 3944 si
2236 3893 2469 3944 senseris
2502 3903 2551 3944 te
2583 3893 2667 3944 hic
2695 3893 2961 3943 sitientem
2984 3929 2998 3952 ,
3028 3893 3239 3944 tandem
3271 3891 3465 3942 senties
3509 3900 3561 3943 te

2001 3961 2288 4012 bibentem.
2337 3959 2482 4012 Beati
2527 3961 2667 4013 enim
2713 3962 2797 4028 qui
2840 3962 3066 4013 esuriant
3096 3973 3139 4012 et
3180 3962 3360 4013 sitiunt
3397 3962 3560 4029 justi-

2002 4034 2151 4092 tiam,
2204 4032 2440 4098 quoniam
2488 4045 2611 4083 vere
2663 4032 2873 4082 tandem
2917 4030 3301 4085 saturabuniur.
3352 4033 3406 4083 lii
3455 4033 3557 4084 hoc

2004 4112 2183 4153 autem
2209 4106 2420 4153 deserto
2452 4100 2702 4153 Dominus
2734 4111 2914 4153 noster
2939 4101 3093 4154 .Iesus
3123 4104 3364 4154 Christus
3412 4115 3553 4166 βοει-

2004 4180 2084 4223 tus
2110 4210 2126 4235 ,
2158 4171 2409 4238 quidquid
2443 4186 2535 4237 per
2563 4186 2621 4224 se
2650 4181 2766 4225 erat
2795 4175 3062 4224 desertum
3093 4182 3147 4225 et
3178 4173 3371 4224 invium
3405 4172 3554 4223 habi-

2003 4242 2162 4293 tabile
2198 4241 2320 4293 fecit
2362 4250 2416 4293 et
2447 4243 2704 4308 pervium,
2737 4250 2792 4294 et
2822 4245 2990 4295 imbre
3016 4242 3276 4307 spirituali
3309 4241 3560 4308 re~persit

2000 4312 2140 4379 quod
2171 4322 2287 4363 erat
2318 4312 2627 4379 inaquosum
2654 4329 2667 4375 ;
2700 4313 2855 4365 ducet
2880 4324 2928 4363 et
2958 4314 3205 4364 admonet
3238 4325 3332 4363 nos
3362 4322 3554 4378 quanta

2000 4382 2325 4445 intentione,
2358 4393 2560 4449 quanto
2590 4384 2782 4435 ardore
2824 4394 2871 4435 et
2904 4384 3171 4435 desiderio
3214 4386 3262 4431 iii
3310 4382 3556 4445 praiseiiii

2004 4454 2213 4504 delectu
2260 4466 2527 4517 suspirare
2573 4451 2862 4505 debeamus
2917 4454 3037 4506 illuc
3094 4451 3403 4516 pervenire,
3463 4458 3552 4501 utii

2006 4524 2144 4573 nulla
2176 4522 2386 4573 miseria
2418 4523 2554 4581 erit,
2590 4537 2687 4574 nec
2730 4523 2870 4573 ullus
2898 4521 3134 4574 delectus
3156 4560 3170 4581 ,
3201 4531 3257 4573 et
3284 4520 3409 4572 dicit
3438 4520 3507 4571 ita
3540 4536 3554 4570 :

2002 4589 2135 4643 Deus
2178 4591 2330 4642 Pater
2373 4594 2495 4657 qui,
2542 4605 2663 4642 cum
2709 4594 2782 4643 sis
2832 4590 2969 4643 Deus
3011 4594 3246 4643 omnium
3280 4606 3372 4657 per
3402 4602 3556 4641 natu-

2002 4676 2113 4712 ram
2139 4700 2152 4723 ,
2188 4660 2324 4711 Deus
2354 4676 2504 4713 meus
2534 4667 2588 4712 et
2617 4676 2853 4712 meorum
2885 4662 3184 4727 specialiter
3208 4674 3267 4713 es
3312 4675 3402 4726 per
3433 4674 3555 4727 gra-

2004 4733 2159 4791 tiam,
2188 4744 2287 4797 ego
2313 4731 2463 4798 vigilo
2490 4745 2592 4781 non
2624 4740 2836 4797 propter
2866 4732 3078 4796 aliquod
3111 4740 3377 4783 tet‘t'ettuttt
3408 4746 3557 4781 cum-

2002 4804 2250 4862 modum,
2303 4803 2395 4850 sed
2447 4810 2503 4850 ut
2558 4801 2856 4864 perveniam
2899 4804 2965 4850 ad
3014 4809 3089 4861 te,
3141 4802 3225 4853 ubi
3273 4804 3446 4853 nullus
3477 4811 3560 4852 est

2002 4870 2259 4922 delectus.
2296 4869 2359 4920 Et
2390 4870 2489 4920 hoc
2518 4884 2619 4919 tt0n
2651 4885 2712 4921 ex
2747 4885 2830 4921 me
2861 4870 3061 4933 habeo,
3095 4873 3188 4923 sed
3233 4872 3293 4921 de
3332 4872 3471 4929 luce,
3507 4870 3557 4921 id

2003 4951 2116 5001 est,
2161 4944 2227 4991 de
2267 4950 2351 4990 tua
2401 4938 2806 4991 illuminatioiie.
2856 4940 2984 4991 bota
3018 4942 3157 5007 quod
3186 4942 3327 4993 dicat
3366 4938 3557 5009 Vigilo.

2008 5008 2231 5075 Vigilare
2275 5010 2413 5060 enim
2465 5009 2589 5059 IIIIIII
2636 5012 2778 5060 aliud
2825 5021 2905 5062 est
2947 5025 3101 5075 quam
3143 5026 3246 5063 non
3297 5008 3550 5063 dormire.

2003 5078 2129 5130 υυςιξ
2161 5090 2334 5131 autem
2365 5089 2485 5129 sunt
2512 5079 2881 5141 dormitimies,
2913 5096 3151 5145 somnus,
3182 5082 3401 5141 scil:cet,
3431 5094 3554 5131 eor-

2003 5148 2167 5216 pOris,
2196 5163 2247 5201 et
2275 5164 2494 5200 somnus
2523 5152 2736 5201 animm.
2762 5153 2995 5212 Quarum
3023 5154 3185 5203 altera
3210 5153 3435 5203 saiuhrts
3457 5160 3559 5209 est,

2001 5223 2166 5270 altera
2197 5220 2452 5270 mortalis.
2490 5221 2720 5272 Somnus
2749 5235 2889 5271 enim
2921 5222 3160 5287 corpoiis
3203 5221 3429 5273 salubris
3472 5230 3555 5269 est

2002 5298 2055 5340 et
2082 5291 2409 5342 necessarius
2435 5298 2539 5354 est,
2564 5291 2681 5354 quia
2711 5290 2808 5342 llISt
2836 5300 3070 5343 membra
3096 5293 3335 5355 cui-pons
3360 5304 3552 5341 somno

2001 5362 2239 5423 corporis
2285 5359 2608 5420 reliciaiitur,
2658 5374 2988 5426 nequaquam
3034 5362 3122 5411 diu
3155 5371 3366 5425 possent
3394 5359 3557 5411 susti-

2003 5443 2129 5482 uere
2149 5430 2380 5480 animum
2405 5430 2728 5496 vigilantem,
2752 5444 2803 5481 et
2826 5430 3119 5482 actionibus
3144 5430 3255 5482 suis
3280 5430 3557 5481 ititendeii~

2006 5507 2129 5550 tem.
2169 5498 2401 5553 Somnus
2432 5514 2557 5551 vero
2604 5514 2795 5552 anima:
2846 5497 3087 5551 mortalis
3114 5515 3229 5561 est,
3264 5515 3383 5566 quia
3415 5514 3560 5551 som-

2003 5584 2102 5621 nus
2154 5570 2342 5620 anima:
2387 5569 2580 5621 oblivio
2631 5569 2722 5621 Dei
2768 5578 2867 5620 eet.
2918 5572 2998 5621 Ab
3031 5573 3131 5621 hoc
3155 5586 3341 5621 somno
3369 5569 3565 5622 excitat

2006 5654 2103 5691 nos
2132 5638 2417 5705 Apostolus
2445 5639 2629 5692 dicens
2658 5656 2671 5689 :
2708 5637 2875 5707 Surge
2902 5640 2989 5703 qui
3018 5640 3239 5702 dormis,
3273 5649 3319 5691 et
3346 5654 3560 5707 exsurge

2002 5725 2034 5759 a
2075 5710 2313 5771 mortuis,
2359 5720 2406 5762 et
2448 5710 2757 5763 illuminabit
2804 5720 2850 5761 te
2890 5710 3145 5761 Christus.
3190 5711 3305 5774 Ipse
3352 5726 3567 5779 quoque

2006 5779 2258 5835 Dominus
2291 5790 2471 5837 uoster
2507 5780 2750 5836 Christus
2778 5787 3022 5848 exempto
3052 5795 3150 5835 suo
3179 5797 3275 5835 nos
3309 5787 3560 5835 admouet
