4010 6190
448 364 551 419 807
913 357 1114 416 BEDA'I
1158 355 1604 413 VENERABILIS
1641 354 1788 409 OPP.
1838 352 2009 409 PARS
2053 354 2114 409 ll.
2157 353 2353 410 SECT.
2396 353 2458 410 ll.
2500 383 2571 396 —
2610 353 2815 409 DUBIA
2852 352 2939 408 ET
2978 349 3251 409 SPCBIA.
3586 349 3697 407 808

444 477 566 537 hic,
600 479 655 525 ιιι
684 485 861 525 mores
894 471 1059 524 nostri
1091 479 1144 524 et
1173 479 1277 521 vita
1326 475 1506 520 nostra
1561 467 1626 519 ad
1663 468 1825 520 Deum
1877 466 2020 537 vigi-
2049 474 2095 527 Α
2123 477 2398 530 oraturus,
2452 477 2546 521 aut
2593 467 2717 535 quid
2764 466 3119 537 accepturus?
3171 464 3283 519 Hoc
3333 460 3579 537 scilicet,
3638 473 3703 519 ut

447 534 592 607 lent,
621 543 782 596 ntalii
813 543 1137 593 dormientes
1167 555 1260 605 per
1288 538 1502 605 vigilias
1533 550 1746 607 nostras
1774 534 2017 607 exciten-
2123 538 2299 588 anima
2322 553 2454 601 mea,
2485 538 2534 590 id
2556 534 2659 601 est,
2692 553 2951 600 meorum,
2980 536 3273 607 repleatur,
3302 534 3434 607 sicut
3465 534 3699 607 adipe“

454 604 588 677 tur,‘
618 623 671 666 et
724 612 997 665 nobiscum
1059 604 1275 677 vigileut
1326 604 1380 662 et
1425 608 1608 661 dicant
1638 624 1651 661 :
1704 604 1847 657 Deus
1874 604 2017 677 Deus
2126 608 2453 677 pinguedine.
2488 608 2665 672 Adeps
2700 609 2917 676 proprie
2944 604 3314 673 est'pinguedo
3345 605 3433 657 illa
3454 604 3577 677 qua
3594 606 3702 677 εἰτ-

452 675 627 749 meus,
674 684 740 734 ad
788 691 835 733 te
879 682 940 733 de
979 679 1092 732 luce
1121 675 1311 749 vuigilo.
1343 679 1493 749 Quod
1540 675 1913 749 autemponit
1956 679 2019 726 de
2121 680 2335 731 cumdat
2366 675 2637 749 intestina,
2672 675 2767 744 per
2792 693 2951 745 quam
2975 679 3095 745 quia
3128 676 3351 749 interior
3402 683 3504 739 est,
3548 675 3696 749 desi-

452 746 689 815 lucepad
745 752 1142 804 instructionem
1189 746 1423 800 nostram
1468 748 1625 811 facit,
1676 747 1915 808 scilicet,
1963 753 2021 798 ut
2120 760 2310 814 gnatur
2364 747 2497 801 bona
2548 750 2915 810 conscientia;
2972 746 3240 813 pinguedo
3289 759 3418 798 vero
3468 760 3590 812 qua
3645 747 3700 800 in

446 842 543 891 per
597 824 697 876 boc
745 822 932 873 doceat
983 821 1120 891 quod
1172 820 1302 891 nihil
1352 819 1641 891 debeamus
1687 816 1839 891 nobis
1869 817 2017 867 attri-
2124 818 2379 891 membris
2409 818 2650 891 exterius
2679 828 2781 880 est,
2814 827 2868 891 et
2909 819 3031 872 ideo
3064 832 3159 885 per
3208 815 3580 891 pinguedinem
3618 817 3679 868 si-

452 885 643 954 liuere,
675 907 795 945 cum
827 894 941 958 ipse
976 889 1279 943 Dominicus
1310 892 1467 942 ltonto
1496 888 1636 957 quod
1667 890 1874 956 vigilat,
1911 900 2016 940 non
2119 888 2435 955 gnilicantur
2467 889 2687 941 virtutes
2715 897 2769 941 et
2818 890 2952 941 bona
3002 903 3184 957 opera.
3237 885 3353 958 Non
3385 886 3542 958 enim‘
3578 895 3700 958 orat

449 965 587 1025 sibi,
618 966 710 1015 sed
745 955 968 1014 Domino
999 962 1267 1012 attribuat.
1514 955 1524 957 ⁷
1727 955 1738 956 ί
2121 958 2221 1011 iste
2255 974 2350 1025 pro
2377 959 2641 1021 corporali
2675 960 3015 1023 pinguedine,
3040 955 3142 1012 sed
3177 971 3269 1023 pro
3300 955 3569 1019 interiori,
3591 956 3697 1008 sci-

518 1033 688 1087 Sitieit
735 1035 789 1083 in
832 1043 878 1082 te
920 1032 1090 1083 anima
1122 1046 1251 1081 mea.
1287 1027 1424 1082 Vere
1474 1028 1628 1098 vigilo
1679 1027 1747 1079 ad
1792 1035 1860 1089 te,
1895 1032 2011 1098 tam
2120 1028 2263 1093 licet,
2299 1042 2394 1096 pro
2423 1028 2681 1093 spirituali
2710 1031 2897 1098 gratias
2929 1028 3274 1098 abundantia.
3307 1031 3425 1079 sine
3446 1041 3546 1092 qua
3586 1027 3694 1078 cito

444 1103 620 1154 anima
651 1117 807 1170 quam
836 1112 888 1154 et
917 1114 1163 1168 corpore.
1199 1099 1329 1152 Nam
1356 1096 1540 1151 anima
1582 1113 1691 1170 mea
1723 1096 2010 1150 attendens
2120 1099 2171 1170 in
2204 1099 2354 1151 bonis
2385 1098 2635 1170 Operibus
2662 1096 2860 1170 deﬁcit
2893 1100 3103 1165 attima;
3138 1096 3383 1170 velforte
3418 1106 3569 1170 rogat
3600 1113 3695 1170 pro

445 1166 710 1226 delectum
745 1186 901 1239 quem
935 1166 1150 1237 patitur,
1181 1171 1358 1232 sitiuit,
1404 1171 1453 1220 id
1486 1180 1587 1234 est,
1634 1169 1775 1239 sititn
1807 1177 1861 1220 et
1903 1182 2015 1219 ma-
2120 1167 2297 1221 futura
2332 1168 2651 1237 pinguiedine
2695 1168 2803 1231 illa,
2850 1168 2901 1221 id
2934 1178 3036 1230 εει,
3085 1166 3384 1239 profutura
3426 1168 3593 1234 gloria
3643 1168 3694 1219 iit

450 1258 611 1312 gnum
643 1236 961 1295 desiderium
990 1241 1189 1303 ltaltuit,
1218 1251 1272 1292 ut
1302 1254 1393 1305 per
1420 1250 1491 1301 te,
1523 1241 1613 1312 qui
1646 1237 1724 1312 via
1757 1253 1838 1298 es,
1870 1239 1934 1289 ad
1962 1246 2013 1291 te
2116 1254 2218 1312 qua
2245 1241 2421 1312 omnis
2488 1248 2676 1312 nostra
2706 1240 2897 1312 peribit
2917 1310 2925 1312 Α
2949 1239 3260 1312 indigentia,
3285 1236 3407 1312 quia
3460 1251 3697 1312 praesens

448 1307 591 1368 ésset
616 1313 665 1363 in
694 1323 759 1377 te,
786 1314 905 1379 quia
940 1312 1102 1376 patria
1122 1324 1200 1373 es,
1232 1311 1280 1362 in
1299 1323 1401 1377 qua
1428 1310 1602 1361 nullus
1632 1307 1873 1361 delectus
1896 1317 2010 1373 est;
2119 1309 2435 1362 habebimus
2463 1308 2716 1376 quidquid
2751 1310 2869 1361 boni
2897 1309 3339 1363 desiderabitnus.
3375 1307 3522 1373 Rogo
3542 1347 3559 1379 ,
3617 1308 3699 1359 itt-

448 1395 500 1437 et
528 1387 685 1437 etiam
713 1377 833 1433 caro
877 1397 986 1433 mea
1014 1397 1163 1450 quam
1196 1380 1545 1447 multipliciter
1575 1379 1769 1450 sitint,
1802 1379 1852 1430 id
1881 1387 2009 1450 est,
2115 1396 2297 1449 quam,
2330 1388 2384 1430 ut
2412 1379 2668 1445 repleatur
2710 1380 2884 1432 anima
2936 1396 3045 1431 mea
3089 1380 3392 1450 pinguedine
3434 1385 3479 1428 et
3518 1377 3595 1450 sic
3642 1392 3698 1450 os

452 1461 667 1522 pr0pter
695 1447 1034 1522 multiplicem
1065 1451 1324 1503 delectum
1349 1465 1528 1522 suum,
1563 1449 1840 1514 multiplex
1863 1448 2011 1501 desi-
2114 1447 2304 1522 meum,
2335 1450 2382 1501 id
2417 1459 2515 1513 est,
2546 1465 2606 1522 os
2638 1466 2878 1522 ineorum
2910 1451 2961 1501 in
2996 1447 3427 1522 liitiiriiilaudalift
3454 1455 3506 1499 te
3549 1447 3698 1522 laliiis

449 1516 658 1577 derium
705 1522 909 1574 habuit.
958 1521 1142 1573 Plures
1187 1522 1327 1573 enim
1374 1520 1614 1573 delectus
1666 1528 1789 1571 sunt
1836 1523 2013 1572 carnis
2116 1521 2493 1583 exsultatioms,
2533 1521 2581 1571 id
2630 1530 2739 1586 est,
2781 1521 2935 1573 labiis
2984 1521 3304 1573 cxaltadvis.
3358 1517 3509 1571 Nunc
3547 1516 3691 1569 enini

451 1609 609 1662 quam
666 1594 891 1653 animae;
924 1600 977 1644 et
1006 1592 1125 1643 ideo
1170 1588 1337 1653 Quam
1364 1591 1735 1657 multipliciter,
1758 1597 2011 1662 quantum
2116 1607 2239 1644 vera
2273 1606 2376 1642 non
2411 1600 2492 1643 est
2522 1590 2979 1662 exsultatiopqnia
3014 1589 3240 1662 labimur
3273 1592 3325 1641 in
3358 1586 3612 1662 peccatis,
3649 1595 3704 1639 et

457 1658 525 1717 ad
553 1678 766 1716 carnem
794 1662 1061 1727 apposuit;
1089 1677 1189 1715 nec
1213 1666 1333 1714 ideo
1354 1663 1482 1713 dicit
1505 1676 1719 1714 carnem
1754 1660 2008 1724 sitivisse,
2115 1676 2179 1715 ex
2213 1676 2339 1714 ca~u
2376 1662 2670 1723 tristatnur;
2718 1661 2946 1727 gemitus
2975 1670 3031 1713 et
3073 1661 3348 1713 orationes
3395 1658 3698 1718 fundimus;

447 1734 587 1801 quod
637 1747 760 1786 caro
808 1733 977 1784 sitiret
1025 1733 1104 1784 vel
1156 1732 1331 1783 anima
1379 1746 1472 1797 per
1520 1745 1599 1796 se,
1631 1731 1725 1783 sed
1759 1730 1880 1795 quia
1910 1727 2011 1801 l_to_c
2126 1742 2404 1799 postquam
2438 1743 2615 1783 autem
2646 1732 2822 1784 omnis
2853 1738 3033 1784 nostra
3068 1730 3499 1801 peribitmiseria
3525 1769 3542 1801 _,
3597 1743 3698 1801 nec

450 1796 589 1875 quod
620 1804 734 1879 ipse
773 1802 1046 1879 delectum
1091 1802 1373 1879 utriusque
1425 1801 1673 1864 attendit,
1704 1814 1863 1851 causa
1915 1798 2012 1875 fuit
2046 1821 2091 1879 Β
2119 1796 2222 1855 erit
2251 1796 2442 1879 oratio,
2480 1812 2605 1854 tunc
2635 1803 2850 1855 demum
2899 1804 3010 1854 sola
3067 1800 3304 1854 manebit
3350 1812 3474 1851 vere
3521 1796 3696 1850 laudis

451 1870 616 1943 quare
643 1870 831 1943 sitivit.
858 1870 1054 1943 Sitivit,
1091 1872 1329 1943 inquam,
1366 1886 1496 1943 ‘caro
1526 1886 1654 1943 mea,
1679 1878 1732 1921 et
1764 1885 1865 1943 non
1894 1872 2008 1920 cui-
2046 1870 2089 1879 “’
2119 1872 2428 1943 exsultatio.

451 1939 599 2006 libet,
630 1943 721 1996 sed
748 1942 855 1994 tibi.
887 1940 1047 2005 Quasi
1078 1941 1252 1993 dicat:
1278 1939 1477 1995 Sitiunt
1505 1940 1594 1991 alii
1622 1940 2010 1998 litereditatem,
2191 1941 2281 1994 Sic
2311 1956 2502 1992 memor
2531 1940 2607 2007 {ui
2637 1942 2714 1994 tui
2744 1957 2902 2009 super
2931 1949 3142 1994 stratum
3172 1955 3359 2005 meum,
3388 1939 3444 1991 in
3492 1939 3703 2009 matuti-

455 2017 869 2082 possessionem,
927 2014 1016 2082 vel
1058 2026 1296 2074 uxorem,
1362 2025 1652 2082 pecuniam
1683 2018 1736 2082 et
1784 2010 2009 2082 similia;
2119 2012 2201 2063 uis
2234 2011 2533 2082 Anteditnbor
2560 2012 2611 2063 in
2663 2023 2730 2076 te,
2760 2008 2881 2077 quia
2926 2012 3071 2079 fuisti
3108 2008 3707 2082 adjutorimeusnlde-t

452 2080 580 2137 caro
609 2098 736 2136 vero
768 2097 904 2147 mea,
937 2080 1020 2134 vel
1050 2084 1245 2146 anima,
1276 2096 1383 2133 non
1412 2081 1579 2133 sitivnt
1608 2081 1707 2133 nisi
1741 2091 1810 2138 te.
1833 2080 1884 2132 in
1909 2093 2014 2149 quo
2121 2080 2331 2135 tandem
2367 2096 2487 2134 vere
2515 2082 2740 2134 lunddlm
2774 2092 2849 2147 te,
2886 2085 3006 2149 quia
3038 2096 3176 2134 nunc
3218 2080 3504 2149 meditabor,
3539 2080 3593 2130 in
3627 2089 3701 2139 te.

450 2169 571 2208 vera
606 2152 825 2206 refectio
853 2158 953 2204 est.
990 2151 1257 2204 Promissa
1303 2154 1444 2204 enim
1492 2162 1691 2203 aeterna
1746 2148 2015 2202 beatitudo
2120 2151 2172 2205 id
2195 2163 2299 2214 εει,
2331 2165 2503 2204 omnis
2530 2154 2756 2205 intentio
2786 2166 2903 2205 mea
2934 2157 3035 2206 erit
3064 2153 3115 2205 iu
3147 2162 3198 2204 te
3237 2152 3288 2204 in
3321 2148 3619 2211 matutinis,
3654 2150 3705 2201 id

454 2230 648 2278 animae
673 2233 777 2285 est,
819 2222 869 2275 itt
902 2236 1002 2288 qua
1032 2225 1233 2275 nultum
1278 2222 1439 2274 sentit
1481 2236 1600 2275 esse
1629 2220 1915 2282 delectum,
1962 2228 2018 2271 et
2119 2233 2223 2285 est,
2249 2223 2401 2274 bouis
2427 2224 2714 2289 operibus;
2742 2239 2834 2288 per
2863 2223 3181 2276 matutinum
3205 2223 3346 2274 enim
3371 2234 3533 2287 opera
3558 2219 3702 2272 desi-

2120 2304 2371 2358 gnantur,
2400 2294 2519 2359 quia
2551 2295 2636 2361 qui
2668 2292 2838 2345 seduli
2865 2303 2990 2346 sttnt
3030 2293 3094 2345 ad
3124 2290 3476 2360 operatidurn,
3511 2291 3563 2341 iii
3594 2305 3709 2341 nia-

2126 2364 2301 2415 tntino
2348 2366 2412 2413 ad
2441 2377 2575 2426 opus
2605 2374 2849 2429 surgunt.
2881 2364 3010 2417 Item
3057 2365 3181 2431 quia
3213 2363 3265 2415 iit
3316 2362 3577 2413 matutino
3615 2361 3702 2411 lux

2122 2432 2308 2501 incipit
2337 2447 2615 2499 apparere,
2651 2449 2743 2498 per
2768 2445 3084 2487 matuttnutn
3119 2448 3279 2500 upera
3313 2431 3468 2492 lucis,
3502 2431 3553 2483 id
3595 2439 3701 2491 est,

2123 2504 2263 2556 bona
2292 2518 2457 2568 opera
2488 2503 2875 2571 intelliguntur.
2911 2504 3009 2570 Qui
3043 2503 3187 2557 enim
3237 2508 3376 2555 male
3415 2503 3545 2569 agit,
3590 2500 3705 2551 odit

2124 2572 2331 2636 lucem;
2359 2574 2446 2640 qui
2479 2587 2604 2626 vero
2635 2574 2868 2627 ambulat
2912 2578 2965 2628 iti
3008 2576 3150 2640 luce,
3182 2589 3285 2625 non
3316 2571 3558 2633 oll'endit,
3578 2574 3705 2639 quia

2126 2658 2232 2696 non
2262 2646 2404 2714 male
2433 2645 2572 2710 agit;
2606 2655 2661 2698 ει
2690 2645 2771 2697 est
2799 2647 3072 2714 praemissa
3109 2644 3372 2713 probatio.
3420 2644 3582 2707 Quasi
3623 2642 3711 2693 di-

2124 2723 2242 2767 cat:
2278 2712 2340 2767 Si
2372 2727 2587 2779 semper
2635 2712 2828 2767 memor
2866 2717 2943 2781 {ui
2969 2718 3066 2781 tui,
3107 2712 3268 2770 etiam
3315 2729 3468 2780 super
3493 2721 3712 2765 stratam

2125 2800 2317 2849 meum,
2350 2784 2401 2836 id
2449 2793 2557 2849 est,
2604 2785 2659 2837 iii
2694 2795 2936 2853 tempore
2966 2786 3234 2841 destinato
3276 2786 3461 2854 quieti,
3496 2783 3715 2851 quando

2128 2857 2308 2909 minus
2339 2854 2606 2908 videbaris
2631 2856 2761 2908 milii
2796 2858 3156 2919 necessarius,
3198 2866 3323 2908 tunc
3351 2868 3478 2907 vere
3508 2856 3560 2903 in
3597 2867 3711 2903 nta-

2128 2928 2330 2989 tutinis,
2366 2925 2416 2978 id
2449 2934 2552 2997 est,
2611 2931 2661 2979 iii
2691 2928 2903 2991 labore,
2936 2942 3042 2997 quo
3086 2928 3313 2979 maxime
3356 2924 3429 2976 tui
3474 2923 3712 2997 indigeo,

2128 3000 2417 3049 meditabor
2459 2996 2515 3049 in
2540 3005 2610 3062 te,
2645 2997 2697 3050 id
2728 3007 2830 3061 est,
2865 2992 3173 3050 tui'memor
3222 3009 3336 3055 ero,
3368 2992 3509 3060 quod
3552 3002 3631 3045 est
3678 3009 3713 3044 ι

453 2296 575 2348 ideo
605 2308 817 2360 semper
846 2294 1077 2359 suspirat
1107 2292 1170 2344 ad
1204 2291 1382 2353 illam;
1413 2292 1559 2344 carni
1609 2305 1736 2344 vero
1767 2303 2014 2344 resurre-

452 2365 559 2418 ctio
585 2405 600 2429 ,
631 2364 1001 2416 immortalitas
1032 2372 1087 2416 et
1123 2362 1516 2431 impaSsiiiilitas
1551 2372 1678 2414 sunt
1707 2364 1964 2430 promissa
1997 2401 2014 2428 ,

449 2443 507 2490 ει
536 2436 652 2487 ideo
679 2434 871 2486 merito
898 2448 1109 2500 quoque
1138 2447 1263 2485 caro
1291 2433 1401 2485 sitit
1429 2433 1492 2484 ad
1524 2433 1641 2483 ista.

521 2503 587 2558 In
618 2513 753 2555 terra
784 2503 1005 2565 deserta,
1036 2503 1171 2555 invia
1199 2512 1245 2555 et
1274 2503 1520 2567 inaquosa
1550 2503 1644 2563 sic,
1677 2510 1725 2553 et
1755 2500 1808 2552 in
1843 2507 2018 2553 sancto

451 2575 692 2644 apparui,
725 2580 777 2644 ut
808 2572 1027 2644 viderem
1058 2574 1286 2644 virtutem
1323 2584 1482 2644 tuum.
1513 2573 1673 2637 Quasi
1709 2572 1850 2623 dicat
1876 2587 1887 2622 :
1922 2570 2017 2644 Ubi

458 2641 661 2714 positus
688 2643 829 2694 sitivi
866 2644 1182 2709 tantopere?
1217 2643 1288 2695 lbi
1316 2642 1541 2714 scilicet,
1578 2644 1665 2714 ubi
1688 2641 2020 2714 necessario

457 2711 743 2768 sitiendttm
773 2721 875 2775 est,
926 2727 1048 2780 qma
1078 2714 1132 2764 in
1177 2723 1330 2775 terra,
1365 2712 1412 2765 id
1444 2723 1546 2775 est,
1600 2712 1653 2765 in
1688 2711 1784 2763 bac
1811 2721 2022 2763 terrena

459 2785 587 2847 vita,
620 2799 737 2851 qua:
768 2797 860 2850 per
887 2797 946 2835 se
974 2791 1090 2836 erat
1119 2785 1338 2845 deserta,
1374 2785 1423 2835 id
1451 2795 1554 2846 est,
1581 2785 1695 2834 sine
1726 2782 1874 2834 omni
1896 2794 2021 2834 vera

460 2852 811 2920 habitatione,
842 2868 1118 2920 quousque
1151 2854 1290 2907 Deus
1319 2854 1475 2907 Pater
1506 2851 1646 2906 misit
1692 2853 1743 2904 itt
1767 2866 1885 2905 eam
1927 2866 2021 2905 ve-

457 2940 549 2978 ros
574 2924 921 2982 habitatores,
970 2936 1023 2975 et
1051 2937 1350 2983 consortes.
1383 2923 1434 2975 id
1480 2934 1581 2987 εει,
1615 2936 1831 2976 sanctos
1860 2923 2022 2987 viros,

451 2995 541 3063 qui
572 3009 687 3048 eam
724 2993 1096 3063 _excolerent;
1148 3004 1197 3045 et
1250 2994 1385 3046 meia
1432 3003 1568 3058 erat,
1600 3006 1874 3060 quousque
1914 2994 2022 3056 via,

453 3061 507 3119 id
530 3072 632 3129 est,
680 3061 924 3116 Christus
961 3065 1189 3129 desuper
1233 3064 1281 3117 ei
1332 3064 1493 3116 missa
1543 3073 1663 3128 est;
1691 3072 1738 3115 et
1779 3066 2025 3132 inaquosa

455 3144 592 3200 erat,
628 3132 678 3187 id
718 3144 822 3193 est,
851 3138 994 3186 omni
1024 3148 1144 3187 vera
1194 3133 1485 3187 refectione
1514 3136 1760 3200 carebat,
1806 3138 1899 3187 sed
1932 3148 2026 3201 per

458 3204 734 3259 ministros
780 3202 980 3271 Spiritu
1033 3213 1220 3258 sancto
1248 3203 1481 3267 repletos
1528 3218 1665 3271 aqua
1719 3202 2025 3257 rel'ectionis

457 3289 623 3341 verae,
650 3273 703 3328 id
727 3287 829 3341 est,
860 3273 1126 3341 spirituali
1154 3276 1399 3328 doctrina
1431 3277 1637 3341 perlusa
1667 3284 1766 3327 est.
1803 3274 1856 3326 In
1901 3273 2023 3338 hac,

458 3346 702 3415 inquam,
737 3353 875 3398 terra
913 3346 1117 3412 positus
1142 3345 1308 3409 sntivi,
1330 3354 1382 3399 et
1411 3347 1462 3396 in
1490 3346 1590 3398 ltoc
1617 3354 1792 3396 sancto
1818 3343 2029 3398 deside-

456 3414 547 3471 rio
571 3430 712 3479 meo,
740 3414 792 3468 id
822 3425 927 3479 est,
958 3416 1009 3468 iti
1038 3418 1137 3468 bac
1165 3416 1253 3469 siti
1286 3431 1427 3477 mea,
1460 3416 1682 3485 apparui
1723 3415 1834 3480 tibi,
1868 3416 1941 3467 sic
1971 3424 2027 3467 ut

458 3486 677 3540 viderem
702 3485 933 3538 virtutem
959 3498 1118 3544 tuam,
1144 3488 1193 3539 id
1219 3499 1324 3552 εει,
1349 3488 1417 3539 ita
1440 3502 1524 3539 me
1553 3487 1863 3555 praeparavi,
1887 3486 2030 3554 quod

460 3557 535 3610 iui
581 3557 774 3622 dignus
803 3571 1060 3623 apparere
1092 3556 1181 3609 tibi
1213 3572 1307 3626 per
1339 3559 1459 3618 ltoc,
1509 3558 1633 3624 quia
1682 3556 1810 3620 vidi,
1842 3556 1894 3609 id
1925 3567 2029 3621 est,

459 3626 686 3695 cognovi
712 3635 852 3679 tuam
886 3628 1156 3692 virtutem,
1185 3628 1323 3681 lianc
1350 3627 1578 3689 scilicet,
1609 3627 1749 3694 quod
1781 3629 1858 3680 sic
1902 3628 2022 3681 siti-

462 3711 577 3749 rent
607 3709 729 3749 esse
759 3706 921 3761 tuam,
957 3711 1062 3748 non
1109 3713 1302 3761 meam,
1349 3710 1393 3749 et
1424 3700 1476 3750 in
1528 3698 1626 3750 hoc
1656 3698 1874 3766 gloriam
1913 3712 2033 3751 esse

458 3775 623 3831 tuam,
672 3780 777 3819 non
830 3781 1035 3832 meum,
1087 3768 1139 3821 id
1187 3777 1294 3836 est,
1330 3776 1381 3821 te
1427 3768 1832 3837 gini-dicandum
1888 3781 2029 3831 esse,

460 3852 567 3891 11011
599 3850 705 3890 Ille.

534 3907 793 3973 Quoniam
840 3907 1021 3960 melior
1052 3916 1123 3959 cst
1164 3907 1516 3959 miserirordia
1564 3917 1649 3959 tua
1700 3920 1852 3976 super
1873 3906 2031 3971 vitas,

461 3977 601 4029 labia
649 3992 760 4028 mea
804 3976 1084 4029 laudabunt
1134 3988 1201 4029 te.
1248 3978 1373 4030 ideo
1422 3979 1614 4033 merito
1644 3978 1709 4030 ad
1743 3988 1793 4030 te
1842 3979 2029 4044 sitivt,

459 4045 711 4114 quoniam
741 4059 863 4098 cum
913 4048 1075 4098 multa
1128 4046 1235 4100 sint
1261 4062 1455 4115 genera
1506 4048 1741 4113 vivendi,
1784 4063 1904 4115 quae
1946 4049 2032 4101 di-

461 4116 604 4168 versi
628 4116 840 4167 diversa
871 4115 971 4168 sibi
1014 4115 1238 4183 eligunt,
1269 4130 1321 4169 ut
1353 4120 1439 4171 hic
1481 4120 1777 4181 mercandi,
1810 4120 1899 4171 ille
1937 4120 2037 4171 mi-

464 4185 673 4250 litandi,
707 4184 793 4235 hic
821 4198 1005 4255 agrum
1035 4186 1269 4249 colendi,
1299 4197 1353 4240 et
1379 4189 1594 4255 similia,
1624 4200 1800 4241 tamen
1840 4190 2036 4240 miseri-

461 4255 639 4308 cordia
684 4262 773 4307 tua
821 4253 953 4307 illud
985 4258 1282 4308 institutum
1336 4253 1741 4326 vivendi,»quod
1777 4266 1833 4311 tu
1883 4260 2036 4311 nobis

462 4326 680 4389 dediSti,
713 4340 816 4378 non
849 4339 942 4391 per
970 4327 1158 4377 merita
1190 4337 1392 4387 nostra,
1422 4330 1515 4381 sed
1549 4344 1639 4393 per
1667 4328 1835 4380 solani
1870 4332 2031 4381 mise-

468 4396 754 4449 ricordiam
800 4404 968 4460 tuam,
996 4396 1086 4462 qui
1118 4396 1258 4448 nulla
1292 4400 1483 4450 merita
1530 4400 1775 4451 invenisti
1802 4397 1854 4452 in
1882 4399 2037 4452 nobis

464 4481 584 4536 qua:
628 4482 937 4532 coronares,
985 4468 1077 4519 sed
1111 4468 1304 4520 delicta
1352 4484 1470 4535 quae
1513 4466 1867 4534 condonares,
1915 4487 2037 4536 quae

2130 3068 2348 3121 minori.
2384 3068 2566 3119 Potest
2594 3073 2753 3120 etiam
2796 3083 2892 3136 per
2923 3068 3262 3130 matutinum,
3312 3063 3453 3133 quod
3501 3071 3713 3127 tempus

2128 3148 2212 3192 est
2244 3136 2463 3199 laboris,
2494 3138 2789 3191 adversitas
2818 3138 3118 3205 designari;
3154 3152 3246 3205 per
3296 3142 3523 3188 stratura
3555 3148 3707 3205 vero.

2134 3208 2186 3260 in
2215 3222 2320 3276 quo
2346 3208 2667 3274 quiescitur,
2697 3204 3055 3276 prosperitas;
3083 3218 3138 3261 et
3158 3204 3296 3260 bene
3342 3204 3707 3258 necessarium

2134 3290 2217 3330 est
2247 3283 2384 3346 quod
2418 3279 2461 3330 si
2494 3292 2701 3330 memor
2732 3278 2826 3331 luit
2850 3278 2968 3348 ejus
3000 3282 3050 3331 iii
3085 3276 3459 3348 prosperitate,
3490 3286 3713 3348 memor

2134 3349 2205 3401 eti
2228 3344 2293 3400 ⁸ιιι
2322 3352 2389 3401 sit
2422 3349 2474 3400 in
2505 3349 2850 3402 adversitate.
2881 3344 3093 3402 Ῥοιεει
3113 3359 3169 3402 ει
3214 3344 3367 3401 aliter
3395 3344 3523 3406 dici.
3557 3352 3613 3397 ut
3640 3345 3717 3397 sit

2133 3420 2369 3472 ostensio
2394 3433 2421 3468 a
2456 3419 2590 3485 pari.
2619 3420 2779 3483 Quasi
2812 3418 2990 3473 dicat:
3022 3418 3159 3473 Vere
3189 3422 3401 3471 tandem
3446 3431 3503 3467 os
3544 3430 3714 3485 meum

2136 3489 2365 3542 laudabit
2392 3484 2469 3553 te,
2488 3491 2611 3556 quia
2635 3489 2689 3541 in
2712 3486 2998 3555 matutinis,
3020 3490 3070 3543 id
3088 3499 3191 3553 est,
3216 3489 3269 3541 in
3293 3484 3712 3547 resurrectione,

2135 3561 2559 3629 quandocunque
2589 3563 2691 3612 erit
2719 3574 2875 3613 suum
2930 3562 3269 3621 matutinum,
3302 3557 3716 3629 quia_i§surre-

2135 3624 2242 3682 ctio
2274 3624 2605 3682 mortuorum
2635 3629 2817 3683 dilfert
2846 3631 2976 3684 sicut
3005 3629 3209 3686 stellaa
3240 3624 3385 3681 stella
3418 3624 3616 3693 lli/fert.
3644 3628 3710 3678 ει

2138 3701 2273 3774 ideo
2302 3696 2555 3774 d_icit,_ln
2609 3700 2877 3755 matutinis
2925 3700 3221 3774 pluraliter.
3253 3699 3426 3774 Tunc,
3471 3702 3713 3774 inquam,

2139 3768 2422 3822 meditabor
2452 3771 2504 3821 in
2557 3779 2627 3836 te,
2661 3774 2711 3823 id
2761 3781 2863 3837 est,
2901 3768 3075 3824 omnis
3108 3772 3331 3823 intentio
3362 3781 3481 3822 mea
3523 3768 3626 3819 erit
3655 3768 3712 3818 in

2139 3842 2293 3894 laude
2327 3849 2434 3892 tua.
2468 3840 2530 3891 Et
2558 3840 2660 3894 huc
2688 3840 2827 3906 ideo,
2855 3842 2979 3908 quia
3005 3842 3149 3908 prius
3180 3841 3257 3907 [ui
3285 3854 3477 3893 ntemor
3512 3838 3612 3899 tui,
3639 3846 3711 3887 ita

2139 3921 2193 3962 ut
2220 3924 2394 3964 eSsem
2424 3926 2575 3979 super
2599 3923 2818 3964 stratum
2858 3927 3045 3975 meum,
3095 3910 3148 3966 id
3175 3920 3279 3975 est,
3310 3909 3455 3963 carni
3487 3916 3542 3962 et
3576 3920 3707 3959 san-

2136 3983 2283 4049 guini
2330 3994 2435 4053 non
2483 3984 2910 4053 acquiescerent,
2960 3982 3055 4037 sed
3110 3983 3475 4053 inﬁrmitatem
3538 3991 3717 4053 carnis

2142 4066 2274 4104 mea:
2323 4051 2388 4103 ad
2422 4050 2733 4106 servitutem
2780 4064 2922 4105 tuam
2969 4052 3374 4120 compellet-em.
3428 4049 3717 4120 Etrmeritu

2145 4131 2269 4174 tunc
2298 4121 2584 4174 meditabor
2614 4138 2735 4191 ego,
2771 4122 2824 4176 id
2847 4131 2950 4188 est,
2984 4119 3382 4176 titedttabnntur
3410 4119 3513 4173 mei
3543 4120 3597 4170 in
3626 4129 3673 4191 ιε
3696 4158 3714 4180 ,

2140 4195 2262 4262 quia
2293 4192 2409 4246 sine
2435 4201 2486 4245 te
2514 4188 2959 4262 tiiliil'possumus
2991 4195 3189 4249 facere.
3216 4192 3452 4258 Namque
3480 4199 3535 4242 tu
3565 4188 3715 4255 prius

2141 4263 2208 4315 ad
2240 4261 2289 4314 id
2322 4261 2729 4329 ptomerendu’in
2758 4265 2902 4333 fuisti
2924 4265 3135 4333 adjutor
3166 4279 3321 4325 meus,
3348 4262 3406 4315 id
3438 4268 3541 4320 est,
3569 4272 3717 4333 meo:

2143 4348 2284 4395 rutn,
2316 4327 2370 4385 et
2397 4347 2610 4400 semper
2640 4327 3174 4407 eris'tnibiadjutor,
3206 4334 3328 4402 quia
3358 4330 3644 4393 exsultabit,

2143 4412 2247 4464 est,
2277 4406 2619 4456 exsultabant
2645 4408 2748 4459 mei
2775 4408 2830 4457 in
2860 4400 3141 4459 uelamento
3169 4400 3372 4457 alarum
3398 4414 3632 4460 tuarum,
3660 4400 3711 4449 id

2145 4484 2247 4534 est,
2282 4477 2332 4524 iit
2364 4484 2449 4525 tua
2484 4477 2833 4541 protectione,
2869 4488 2924 4528 ut
2946 4475 3013 4528 ad
3043 4478 3211 4527 solam
3258 4477 3470 4533 dicatur
3520 4470 3719 4541 εὶιιιιιῆτ

464 4534 656 4592 delicta
683 4540 726 4615 si
763 4539 997 4615 punires,
1030 4537 1200 4591 victus
1227 4552 1397 4615 esses,
1425 4540 1517 4615 sed
1549 4541 1648 4592 hoc
1690 4534 1943 4615 pertinuit
1965 4542 2036 4615 ad
2067 4534 2119 4593 D
2150 4546 2410 4598 tudinem.
2446 4534 2559 4615 Sel
2612 4546 2775 4599 etiam
2806 4534 2901 4615 per
2930 4549 3042 4598 alas
3069 4545 3187 4613 ejus
3232 4544 3573 4615 dilectionem
3620 4538 3715 4591 Dei

466 4619 611 4661 tuam
646 4608 1090 4674 misericordiam,
1137 4616 1193 4662 et
1241 4610 1471 4662 tnaluisti
1520 4624 1823 4675 peccatores
1849 4608 2047 4678 juSiili-

466 4693 612 4741 care,
644 4694 802 4745 quam
837 4682 1043 4745 punire,
1078 4689 1131 4732 et
1153 4680 1219 4732 de
1246 4680 1410 4745 intpio
1444 4681 1584 4746 piutn
1628 4680 1837 4746 lacere;
1882 4682 2008 4732 illud
2030 4722 2045 4745 ,

466 4748 705 4815 inquam,
743 4752 1042 4801 institutum
1084 4750 1293 4803 vivendi
1337 4753 1551 4814 melius,
1603 4762 1655 4803 et
1697 4766 1801 4804 non
1835 4765 2046 4817 parum,

466 4818 564 4871 sed
591 4820 662 4870 ita
695 4829 749 4870 ut
776 4819 845 4871 sit
874 4834 1027 4885 super
1056 4820 1201 4884 vitas,
1233 4821 1283 4873 id
1310 4829 1409 4882 est,
1444 4823 1598 4889 longe
1623 4825 1847 4874 excedat
1868 4824 2047 4876 omnia

467 4891 573 4940 alia
603 4902 798 4953 genera
826 4888 1039 4941 vivendi
1068 4907 1081 4954 ;
1114 4900 1167 4943 et
1195 4893 1313 4943 ideo
1355 4892 1491 4944 labia
1516 4888 1645 4953 mea,
1680 4893 1729 4944 id
1758 4904 1867 4958 est,
1899 4909 2047 4945 ineo-

469 4972 612 5029 rnnt,
647 4974 699 5010 tn
732 4962 906 5011 luturo
953 4960 1236 5012 laudabunt
1264 4970 1310 5013 te
1341 4976 1462 5014 vera
1506 4962 1833 5016 laudatione.
1878 4962 2041 5029 Quasi

466 5026 608 5080 dieat
640 5043 654 5081 :
688 5029 838 5091 Quod
873 5030 1100 5082 laudabo
1132 5040 1183 5083 te
1213 5032 1384 5083 babeo
1413 5046 1476 5084 ex
1509 5041 1582 5096 te,
1617 5048 1721 5085 non
1756 5026 2043 5086 enimvlau-

468 5102 659 5151 darent
708 5110 757 5151 te
802 5099 942 5151 labia
973 5114 1114 5165 mea,
1163 5101 1265 5154 nisi
1307 5106 1641 5168 praicederet
1684 5104 2049 5158 misericordia

470 5178 576 5221 tua.

542 5239 634 5293 Sic
655 5206 943 5291 benzdicam
975 5247 1020 5291 te
1046 5240 1099 5291 in
1142 5244 1242 5294 vita
1266 5256 1401 5305 mea,
1433 5252 1479 5294 et
1513 5243 1567 5296 in
1598 5244 1804 5298 nomine
1831 5252 1919 5296 tuo
1965 5244 2051 5297 le-

467 5312 595 5362 vabo
620 5324 803 5362 manus
832 5324 988 5364 meas.
1022 5312 1295 5375 Laudabo,
1328 5313 1573 5380 inquatn,
1608 5323 1659 5367 te
1689 5318 1739 5367 in
1763 5313 1965 5377 futuro,
1998 5323 2054 5367 ει

466 5383 635 5435 etiam
662 5380 716 5434 in
742 5382 989 5446 prtesenti
1021 5384 1311 5433 benedicum
1339 5393 1385 5435 te
1414 5401 1465 5435 tu
1496 5385 1600 5437 vita
1647 5402 1792 5450 mea,
1820 5385 2049 5450 scilicet,

469 5466 626 5520 quam
659 5451 928 5525 tu‘dedtstt
962 5453 1117 5504 milii.
1146 5451 1424 5520 Nunquam
1454 5470 1554 5523 ego
1581 5455 1717 5525 elegi
1743 5459 1842 5522 sic,
1864 5456 1915 5507 id
1941 5468 2046 5519 est,

471 5531 531 5573 ut
560 5522 976 5573 misericordiam
1004 5536 1145 5574 tuatn
1170 5539 1382 5590 semper
1404 5522 1700 5589 attendant,
1721 5542 1827 5579 non
1857 5526 2049 5579 merita

472 5606 611 5642 mea.
642 5590 706 5641 Et
737 5591 936 5654 levabo,
970 5594 1020 5644 id
1049 5604 1151 5655 est,
1175 5597 1424 5647 exaltabo
1454 5612 1631 5648 inuitus
1655 5612 1792 5648 meas
1837 5597 1889 5648 in
1915 5612 2044 5647 ora-

473 5661 617 5735 tione
642 5672 695 5712 et
718 5664 853 5714 bona
879 5666 1209 5727 Operatione,
1233 5681 1336 5717 non
1359 5679 1574 5733 propter
1596 5666 1825 5735 gloriam
1845 5682 2045 5731 meam,

472 5733 567 5780 sed
594 5745 647 5779 in
677 5747 877 5782 nomine
907 5744 993 5784 tuo
1015 5736 1383 5799 glortlicando,
1409 5733 1638 5800 sctltcet,
1663 5747 1720 5789 ut
1746 5738 1833 5789 alii
1861 5739 2045 5790 viden-

468 5806 553 5852 tes
585 5800 721 5851 bona
748 5816 905 5867 opera
937 5802 1234 5870 glotilicent
1262 5819 1454 5860 nomen
1481 5816 1653 5860 tuutn.
1686 5808 1825 5873 Quid
1870 5820 2048 5863 autem

2150 4626 2201 4668 et
2234 4612 2457 4682 proximi
2491 4629 2774 4682 possumus
2806 4610 3082 4684 accipere,
3101 4610 3196 4668 ’νει
3227 4627 3509 4681 utrumque
3527 4610 3717 4665 TeSta-

2150 4695 2415 4749 mentum,
2448 4687 2529 4738 vel
2559 4687 2978 4741 tttisericordiam
3009 4697 3063 4739 et
3092 4685 3395 4750 veritatem,
3429 4686 3511 4737 vel
3541 4685 3715 4735 minas

2150 4766 2204 4808 et
2238 4756 2621 4822 protntssiones
2646 4772 2660 4820 ;
2692 4768 2745 4809 et
2774 4758 2894 4825 quia
2923 4754 3201 4811 exsultabo
3246 4758 3299 4809 in
3328 4767 3410 4819 te,
3440 4755 3561 4807 ideo
3602 4768 3718 4804 nte-

2149 4830 2254 4900 rito
2273 4825 2455 4900 anima
2484 4842 2611 4900 mea
2636 4837 2688 4900 et
2719 4842 2979 4900 meorum
3007 4829 3223 4900 att/itaut
3241 4827 3367 4900 tibi,
3400 4827 3451 4879 id
3484 4836 3587 4887 est,
3621 4837 3717 4900 ngf

2149 4897 2413 4964 glutinata
2445 4906 2531 4949 est
2561 4897 2653 4949 tibi
2682 4898 2896 4951 vinculo
2919 4899 3214 4959 cliaritatis,
3239 4898 3310 4950 ita
3342 4906 3543 4960 tamen,
3574 4905 3631 4945 ut
3652 4897 3725 4944 sit

2150 4977 2270 5037 post
2296 4974 2365 5025 te,
2396 4966 2447 5018 id
2478 4976 2581 5030 est,
2606 4969 2733 5020 velit
2757 4979 2807 5021 te
2834 4983 3009 5035 sequi,
3040 4984 3145 5022 non
3180 4970 3503 5036 praecedere.
3539 4965 3595 5017 tu
3618 4980 3719 5037 quo

2155 5033 2467 5090 adlizesione
2512 5052 2732 5091 necesse
2778 5033 2945 5093 estut
2993 5033 3156 5091 multa
3182 5033 3358 5105 patiar
3406 5037 3563 5088 mala.
3614 5033 3721 5086 Sed

2154 5120 2276 5175 qua:
2300 5106 2465 5159 cura?
2498 5107 2651 5161 Nulla
2702 5109 2929 5171 scilicet,
2960 5110 3081 5177 quia
3128 5110 3339 5163 dextera
3370 5117 3459 5159 tua
3498 5106 3724 5177 suscepit

2152 5173 2232 5229 me
2262 5186 2314 5230 et
2346 5190 2516 5239 meos,
2545 5180 2610 5231 ad
2640 5173 3033 5233 defendendum
3062 5188 3246 5232 contra
3293 5180 3558 5232 inimicos.
3608 5173 3723 5239 Ipsi

2152 5264 2271 5300 vero
2299 5265 2404 5302 non
2435 5260 2803 5313 cessaverunt,
2830 5250 2926 5304 sed
2957 5252 3265 5316 quieuerunt
3304 5248 3527 5302 animam
3560 5260 3721 5297 meam

2152 5328 2208 5371 et
2237 5335 2499 5382 meorum,
2530 5337 2633 5372 nun
2664 5322 2731 5375 ad
2760 5323 3097 5382 imitandum,
3132 5322 3225 5374 sed
3260 5321 3326 5373 ad
3354 5318 3719 5387 perdendum;

2154 5402 2208 5442 ει
2239 5390 2339 5441 huc
2368 5389 2420 5440 in
2463 5404 2670 5451 vanum,
2702 5394 2825 5457 quia
2857 5393 3032 5459 potius
3063 5391 3116 5444 in
3147 5393 3250 5445 hoc
3294 5388 3393 5443 sibi
3419 5401 3610 5459 nocuei
3626 5395 3726 5437 unt

2154 5474 2311 5526 quam
2339 5460 2693 5525 profecerunt.
2724 5458 2873 5526 Quod
2902 5463 3133 5514 maxime
3159 5471 3336 5513 tamen
3366 5458 3431 5512 ad
3454 5465 3613 5525 caput
3636 5470 3724 5508 re-

2154 5528 2433 5581 ferendum
2463 5538 2569 5592 est,
2618 5531 2771 5598 cujus
2796 5530 3029 5584 animam
3071 5529 3244 5585 Judaei
3276 5544 3401 5584 vere
3446 5529 3497 5583 itt
3525 5540 3726 5579 vanum

2156 5601 2380 5667 perdere
2403 5603 2752 5667 quies-ierunt,
2773 5602 2894 5669 quia
2922 5616 3013 5669 per
3034 5611 3260 5656 mortem
3282 5600 3420 5669 ejus,
3444 5613 3538 5669 per
3559 5613 3729 5666 quam

2155 5684 2215 5741 se
2266 5685 2488 5738 regnum
2518 5672 2754 5725 retinere
2800 5676 3096 5741 putabant,
3131 5672 3304 5740 potius
3353 5671 3729 5739 perdiderunt.

2155 5736 2216 5812 Et
2248 5736 2367 5812 ideo
2397 5742 2571 5810 (quasi
2604 5743 2769 5812 dicat)
2800 5736 3033 5801 animam
3054 5736 3221 5797 meam
3245 5736 3573 5812 quasierunt,
3598 5753 3733 5801 quia

2154 5810 2433 5864 introibant
2460 5811 2513 5864 in
2543 5811 2792 5880 inferiora
2818 5821 2989 5881 tcrrw,
3024 5813 3077 5869 id
3103 5822 3209 5881 est,
3234 5810 3409 5871 locum
3440 5820 3494 5867 et
3514 5823 3739 5878 genium
