4010 6190
341 386 449 441 800

338 511 438 564 sibi

337 579 439 634 sed
472 571 624 643 longe
656 576 849 643 melius
877 584 959 626 ost
980 590 1137 640 super
1170 582 1367 626 terram
1401 573 1696 635 ambulare,
1727 580 1781 625 et
1825 571 1911 636 ip-

338 666 457 703 sam
484 642 815 706 conculcare,
841 642 890 695 id
920 653 1001 697 est
1040 655 1250 697 terrena
1283 644 1577 708 tleSpicere,
1622 656 1783 710 quam
1812 654 1911 694 cu-

339 721 572 789 piditate
634 729 795 782 super
851 724 1047 789 terram
1099 713 1207 777 ire,
1268 715 1389 777 quia
1438 712 1687 789 quisquis
1731 711 1914 778 perni-

338 781 490 845 ciose
520 798 572 842 ει
601 781 786 839 contra
834 784 1058 836 salutem
1088 799 1237 837 suam
1272 791 1483 836 terrena
1513 781 1737 849 appetit,
1803 789 1912 835 ter-

346 876 461 913 ram
492 857 594 913 s‘bi
624 855 970 922 snperponit,
1019 864 1068 907 et
1098 854 1148 905 in
1195 863 1354 907 terra:
1384 853 1632 922 interiora
1658 851 1811 922 quasi
1858 853 1911 904 in

342 940 583 1000 cryptam
643 920 944 1000 quamdam
981 925 1315 1000 tenebrosam
1366 923 1527 975 subit.
1587 920 1911 1000 Introibuttt,

341 990 581 1067 inquam,
614 990 901 1067 cupiditate
932 992 1032 1067 loci
1063 1003 1115 1047 et
1158 994 1329 1067 gentis
1375 1000 1597 1067 terram,
1641 990 1744 1067 sed
1777 992 1908 1055 quid

343 1062 561 1133 prodest
584 1064 701 1119 eis?
728 1063 891 1127 Nihil,
916 1064 1119 1117 scilicet
1140 1062 1307 1133 ,quia
1338 1062 1605 1114 tradentur
1636 1062 1690 1133 in
1718 1076 1905 1133 manus

338 1130 528 1207 gladii,
558 1136 610 1190 id
642 1144 759 1207 est,
786 1135 837 1186 in
886 1130 1223 1207 potestatem:
1250 1132 1609 1207 Romanorum
1633 1130 1907 1207 gladiato-

340 1200 485 1269 im...
514 1200 636 1265 ‘l‘iti,
670 1200 899 1268 scilicet,
924 1214 978 1256 et
1011 1200 1343 1271 Vespasiani,
1370 1202 1457 1270 qui
1487 1215 1582 1255 eos
1614 1202 1681 1253 de
1716 1200 1830 1253 loco
1858 1210 1911 1254 et

341 1288 503 1345 gente
558 1275 861 1342 depellant;
910 1282 967 1345 et
1015 1274 1113 1325 hoc
1161 1274 1313 1337 ideo,
1370 1273 1496 1345 quia
1542 1279 1909 1345 erunt_partes

339 1340 497 1415 quasi
540 1340 745 1415 species
769 1344 1010 1412 qttredam
1044 1344 1298 1411 vulpium,
1344 1343 1467 1409 quia
1498 1340 1909 1415 associabautur

339 1411 529 1471 dolose
556 1411 852 1483 agentibtis.
890 1415 985 1467 Per
1016 1415 1228 1479 vulpem
1277 1415 1442 1475 enim,
1487 1413 1606 1478 quia
1639 1411 1907 1483 astutissi-

342 1504 489 1540 mum
546 1479 739 1538 animal
784 1492 902 1546 est,
961 1482 1219 1537 dolositas
1262 1483 1589 1545 destguatur.
1653 1481 1803 1533 Unde
1853 1479 1907 1535 itt

349 1557 637 1622 Evangelio
666 1555 732 1607 de
761 1553 1078 1619 quibusdam
1109 1553 1308 1622 dictum
1337 1562 1422 1605 est
1455 1568 1467 1602 :
1515 1549 1704 1622 Vulpes
1731 1550 1905 1622 foveas

341 1618 547 1689 habent,
577 1618 802 1677 volucres
825 1622 935 1676 caeli
960 1623 1170 1685 nidum;
1201 1619 1364 1674 Filius
1393 1632 1555 1674 autem
1582 1620 1821 1681 hominis,
1853 1618 1905 1673 id

343 1710 451 1762 est,
485 1699 756 1751 dmmones
783 1695 936 1746 nidos
968 1693 1163 1745 habent
1201 1695 1250 1745 in
1284 1694 1450 1753 vobis,
1486 1700 1540 1744 et
1590 1692 1707 1743 ideo
1740 1690 1904 1762 Ftl_i_us_

349 1759 583 1821 hominis
625 1781 727 1817 non
789 1767 932 1815 habet
978 1764 1060 1813 ubi
1112 1772 1260 1831 caput
1324 1778 1472 1815 suum
1510 1761 1742 1831 reclinet.
1811 1759 1905 1812 Vel

344 1840 497 1891 aliter
523 1856 533 1889 :
566 1836 851 1917 Trudentnr
876 1836 929 1884 in
959 1849 1137 1884 manus
1158 1830 1338 1902 gladii,
1362 1833 1411 1884 id
1436 1842 1535 1917 est,
1565 1830 1899 1917 occidentur;
1940 1860 1982 1917 Β

341 1920 393 1961 ει
428 1910 512 1975 qui
542 1923 644 1961 non
670 1904 978 1958 occideutur
999 1914 1143 1954 erunt
1176 1914 1344 1975 partes
1366 1902 1612 1975 vulpium,
1646 1901 1695 1953 id
1719 1908 1822 1975 est,
1850 1902 1902 1975 iu

346 1970 552 2044 partem
596 1988 647 2031 et
680 1976 1067 2044 possessionem
1118 1972 1381 2044 vulpibus,
1415 1974 1462 2024 id
1496 1980 1595 2034 est,
1622 2042 1628 2044 _
1652 1970 1905 2044 principi-

346 2042 467 2114 bus,
498 2064 527 2101 a
555 2047 746 2114 quibus
791 2047 841 2097 in
874 2043 1233 2114 captivitatem
1278 2043 1566 2103 ducantur,
1602 2042 1890 2114 dabuntur,

345 2110 486 2186 quod
538 2110 607 2171 ita
640 2117 833 2169 factum
865 2123 963 2166 est.
994 2113 1264 2186 Undecies
1293 2114 1433 2165 enim
1466 2122 1688 2164 centena
1731 2110 1900 2186 milha

348 2184 402 2242 iit
453 2188 812 2252 captivitatem
864 2184 1005 2237 ducti
1058 2193 1201 2249 sunt,
1260 2186 1716 2252 totitletttnqnuque
1770 2185 1908 2232 laute

349 2250 641 2325 perierunt,
669 2256 992 2322 toltdrntque
1017 2254 1277 2306 interfecti
1306 2260 1447 2325 sunt.
1474 2250 1541 2325 Et
1565 2251 1907 2325 designantur

348 2323 443 2394 per
470 2330 655 2394 vulpes
688 2328 878 2379 terreni
915 2326 1199 2389 principes,
1244 2324 1344 2394 qui
1367 2324 1596 2394 ntatime
1619 2323 1754 2394 dotis
1797 2334 1909 2394 res-

353 2390 589 2465 publicas
613 2411 808 2465 augere
834 2397 1023 2448 solent.
1063 2394 1211 2465 Unde
1251 2392 1583 2465 etltomittus
1609 2390 1675 2444 de
1704 2390 1909 2443 llerode

347 2464 475 2521 dicit
504 2470 552 2520 itt
588 2466 869 2534 blvattgelitt
896 2483 907 2515 :
942 2465 1106 2516 Dicite
1132 2464 1270 2531 vulpi
1309 2464 1408 2527 illi,
1451 2464 1568 2528 quia
1597 2478 1696 2513 non
1727 2476 1908 2529 appre-

346 2538 533 2592 hendet
563 2538 875 2606 prophetiam
903 2544 1044 2587 extra
1070 2534 1373 2606 Jerusalem.

428 2608 536 2661 Rea:
562 2600 675 2661 vero
722 2607 975 2659 la'tabitur
1013 2606 1064 2656 in
1116 2603 1252 2667 Deo,
1279 2603 1583 2656 (relabuntur
1612 2617 1784 2655 omnes
1823 2600 1911 2668 qui

334 2680 527 2752 jurant
554 2679 604 2730 in
630 2694 707 2752 eo,
736 2677 872 2752 quia
895 2679 1204 2752 obstructum
1231 2683 1304 2752 est
1348 2690 1426 2752 os_
1450 2673 1761 2740 loquentium
1809 2672 1907 2721 ini-

343 2744 467 2817 qua.
506 2748 705 2801 Inimici
750 2744 963 2815 quidem
1011 2745 1176 2817 .ludufi
1219 2744 1647 2817 damnabantur,
1676 2757 1769 2817 rex
1796 2754 1911 2792 vero

347 2814 633 2881 ld’tabitnr;
668 2818 716 2870 id
745 2828 849 2878 est,
879 2830 976 2884 ego
1005 2815 1248 2867 absolute
1281 2828 1390 2877 rex,
1423 2829 1579 2881 quem
1631 2814 1733 2879 ipsi
1777 2826 1901 2884 cott-

349 2898 702 2956 tetupserunt,
731 2897 785 2940 et
816 2883 990 2956 regem
1018 2886 1253 2952 vulpem,
1290 2884 1341 2937 id
1371 2893 1471 2946 est,
1502 2885 1771 2937 Ctesarem
1796 2883 1911 2956 ele-

348 2951 563 3027 gerunt,
596 2951 814 3011 hctabor
846 2951 896 3008 in
934 2951 1155 3008 Domino
1186 2970 1279 3027 per
1328 2955 1797 3027 resurrectionem.
1848 2951 1914 3027 lit

349 3020 459 3082 non
491 3020 660 3083 solum
692 3043 781 3080 rea:
809 3028 1086 3089 lwtabitur,
1121 3020 1216 3078 sed
1248 3034 1301 3079 et
1326 3040 1497 3076 omnes
1523 3024 1609 3091 qui
1624 3024 1828 3093 jurant,
1859 3020 1911 3074 id

348 3099 543 3163 estqui
591 3098 907 3151 conﬁrmant
949 3111 1008 3149 Se
1050 3098 1186 3148 ineo
1215 3109 1357 3158 esse,
1408 3103 1463 3147 ct
1506 3096 1706 3156 vivere,
1732 3092 1915 3163 lauda-

351 3162 541 3222 buntur
568 3169 777 3221 tandem
808 3177 858 3219 et
888 3167 1220 3228 lmtahmtur,
1256 3174 1335 3218 vet
1363 3179 1394 3218 e
1422 3178 1701 3218 converso.
1726 3162 1912 3228 Magna

350 3238 493 3293 enim
524 3240 753 3292 laudatio
777 3252 896 3290 cum
930 3238 1133 3288 dicetur
1156 3237 1233 3289 eis
1258 3254 1270 3286 :
1315 3234 1507 3299 Venite,
1537 3234 1783 3287 benedicti
1806 3231 1914 3284 Γα-

350 3311 445 3361 tris
472 3314 586 3362 mei.
621 3309 686 3361 Et
728 3306 850 3360 item
882 3323 893 3358 :
932 3307 1091 3375 Euge,
1119 3320 1257 3359 serve
1288 3304 1411 3357 bone
1440 3314 1487 3357 et
1520 3305 1711 3373 ﬁdelis.
1737 3305 1800 3358 Et
1819 3302 1912 3375 qui

351 3381 731 3438 laudabuntur,
760 3377 909 3445 pauci
945 3374 1047 3429 non
1089 3384 1266 3440 erunt,
1297 3376 1416 3443 quia
1458 3390 1513 3427 os
1552 3375 1788 3428 omnium
1829 3374 1912 3428 lo-

346 3452 611 3520 quentium
652 3449 857 3520 iniqua,
910 3447 962 3500 id
1012 3455 1129 3520 est,_
1169 3445 1647 3520 contradicentiqu
1705 3445 1914 3520 veritati

349 3515 565 3573 tandem
614 3518 954 3579 obSIruetur,
1012 3526 1065 3570 et
1114 3516 1221 3584 jam
1276 3516 1583 3568 obstructum
1639 3524 1732 3578 est,
1789 3515 1914 3584 quia

350 3594 501 3658 pauci
528 3604 665 3642 nunc
694 3597 821 3640 sunt
849 3586 1290 3658 contradictores.
1334 3586 1464 3639 Nam
1495 3593 1549 3639 et
1600 3584 1770 3639 Judaei
1796 3586 1909 3654 qtti,

355 3657 488 3713 dum
554 3674 721 3729 agnus
761 3657 1140 3729 occidebatur,
1193 3658 1598 3729 clatuaverttnt,
1632 3664 1913 3729 postquam

360 3731 447 3783 leo
466 3726 614 3783 fortis
639 3730 885 3791 surrexit,
906 3727 1264 3781 obticucrunt.
1289 3726 1573 3781 Sciendum
1597 3726 1716 3794 quia
1741 3733 1915 3791 potest

352 3804 513 3854 etiam
547 3799 780 3862 psalmus
810 3797 909 3850 iste
938 3807 1080 3850 totus
1125 3798 1224 3866 legi
1257 3797 1306 3849 in
1343 3810 1471 3850 voce
1497 3795 1915 3864 uniuscujusque

349 3869 685 3939 perfectioris
708 3868 932 3939 membri
996 3866 1057 3939 in
1078 3865 1323 3939 corpore.
1361 3869 1523 3939 l’arva
1557 3877 1731 3939 tamen
1762 3865 1914 3918 dilic-

348 3934 516 3993 rentia
564 3948 667 4003 est,
712 3936 830 4006 quia
862 3953 981 4005 qua:
1029 3937 1096 3990 de
1140 3938 1312 4005 capite
1341 3937 1596 3999 diximus,
1628 3934 1915 4006 eademet

346 4017 540 4062 eodem
570 4009 679 4061 fere
702 4004 858 4061 modo
884 4004 1081 4075 cuique
1110 4004 1410 4074 perl’ectiori
1434 4005 1774 4068 conveniunt,
1794 4004 1913 4075 aliis

346 4079 405 4131 in
446 4080 689 4147 exemplo
727 4092 785 4131 se
816 4073 1049 4147 poneuti
1091 4073 1145 4129 et
1198 4075 1278 4128 sic
1323 4075 1515 4129 dtceut’t
1562 4093 1574 4125 :
1630 4075 1763 4127 Deus
1810 4073 1913 4126 Pa-

346 4159 452 4210 ter,
505 4146 641 4201 Deus
683 4146 920 4199 omnium
956 4162 1048 4211 per
1076 4156 1341 4210 naturam,
1394 4160 1541 4198 meus
1571 4154 1624 4197 et
1673 4160 1913 4197 meorum

347 4222 678 4273 consortium
711 4218 1016 4283 speetaliter
1045 4232 1135 4283 per
1163 4220 1409 4284 gratiam,
1459 4229 1558 4282 ego
1600 4215 1751 4284 vigilo
1775 4218 1841 4266 ad
1870 4224 1916 4266 te

350 4290 419 4340 de
446 4293 576 4349 luce.
625 4288 673 4341 id
721 4296 824 4353 est,
877 4290 1082 4340 sedulo.
1118 4287 1191 4338 De
1230 4288 1346 4341 luce
1389 4302 1533 4339 enim
1589 4301 1753 4353 prtma
1799 4302 1916 4338 sur—

345 4367 506 4427 gout,
534 4360 620 4427 qui
652 4358 821 4411 seduli
846 4365 971 4409 sunt
1000 4357 1051 4409 in
1082 4356 1350 4425 operibus.
1384 4355 1479 4408 Vel
1510 4357 1662 4408 aliter
1690 4373 1716 4427 εΔ
1738 4353 1911 4427 Vigilo

346 4424 563 4497 Quideui
589 4427 654 4478 ad
684 4434 756 4487 te,
784 4435 840 4479 et
868 4427 967 4480 hoc
1005 4424 1193 4479 non’ex
1238 4444 1323 4480 me
1353 4435 1458 4490 est,
1487 4428 1579 4479 sed
1608 4428 1669 4478 de
1699 4424 1831 4489 luce,
1864 4424 1915 4477 id

342 4509 450 4559 est,
481 4501 547 4552 de
595 4506 683 4551 tua
713 4497 1129 4561 illumiuatioue,
1158 4507 1211 4549 et
1240 4510 1322 4550 εει
1365 4498 1514 4565 quasi
1557 4500 1732 4548 dicat:
1766 4497 1914 4549 Sient

1035 383 1097 439 IN
1140 380 1555 440 PSALMORUM
1600 377 1858 436 LIBRUM
1898 377 2255 435 EXEGESIS.
2300 410 2369 420 ——
2411 378 2655 437 PSALM.
2701 378 2879 433 LXIII.

478 504 854 575 prmtulerunt,
885 506 940 557 et
984 504 1275 568 cupiditate
1306 511 1506 557 terram
1559 500 1906 575 introierunt,
1940 503 1991 560 Α
2018 501 2157 555 inter
2186 499 2428 575 homines
2473 499 2787 575 apparuisse
2809 540 2823 564 ,
2851 499 2976 575 quia
3008 499 3060 554 in
3089 513 3154 554 eo
3182 500 3354 575 solum
3393 502 3585 560 intelli—

3498 386 3601 444 810

2018 571 2475 641 guntltominem,
2504 584 2608 622 non
2648 570 2885 623 divinam
2926 570 3202 641 virtutem.
3236 571 3364 625 Item
3397 576 3482 627 ubi
3506 579 3589 631 tli—

2015 638 2087 693 cit
2117 657 2131 694 :
2161 639 2228 692 Et
2256 640 2308 692 in
2334 641 2538 693 nomine
2559 649 2665 703 tuo,
2690 648 2742 694 et
2770 649 2982 702 castera,
3014 638 3128 693 huic
3153 642 3351 695 tantilla
3375 656 3590 701 estmtt-

2017 711 2168 764 tatio.
2199 710 2361 777 Quasi
2387 710 2629 766 diceret:
2661 710 2805 764 Sicut
2836 720 2889 762 ιιι
2935 710 3124 764 levasti
3160 727 3348 766 manus
3382 724 3496 768 luas
3525 719 3580 769 in

2014 795 2193 847 cruce,
2243 780 2324 834 sic
2390 794 2489 849 ego
2538 779 2707 832 levabo
2735 796 2915 832 manus
2967 795 3108 831 meas
3142 781 3191 833 in
3243 784 3481 838 oratione
3529 796 3586 839 et

2015 865 2179 919 opere
2210 866 2307 920 pro
2336 849 2682 922 glrorilicando
2711 851 3054 922 tuo_nomine.
3086 849 3291 905 Rursus
3338 855 3477 922 quod
3529 856 3579 912 in

2014 918 2172 975 versu
2202 918 2495 991 penurltimo
2526 920 2722 973 dicitur
2748 935 2759 971 :
2785 918 2813 991 ι
2819 921 3078 973 ntroibunt
3099 922 3151 973 in
3169 918 3416 991 inferiora
3443 936 3589 981 terrea

2012 991 2217 1058 dicens,
2250 992 2301 1045 in
2336 990 2433 1062 hac
2454 1005 2663 1059 quoque
2696 990 2963 1062 lectione,
2995 990 3253 1062 quantum
3288 995 3353 1046 ad
3384 997 3591 1062 cupidi-

2016 1070 2202 1125 tatem,
2232 1070 2286 1115 et
2314 1060 2583 1113 tradentur
2610 1062 2665 1112 in
2692 1076 2873 1113 manus
2904 1060 3102 1129 gladii;
3133 1076 3238 1114 non
3270 1064 3410 1130 quod
3436 1060 3589 1120 exte-

2013 1132 2143 1197 rius,
2177 1131 2269 1185 sed
2299 1130 2524 1185 interius
2546 1130 2860 1202 occidantur
2885 1146 2900 1194 ;
2934 1139 2987 1184 et
3017 1130 3117 1184 hoc
3147 1130 3291 1197 ideo,
3324 1135 3447 1199 quia
3472 1153 3593 1202 par-

2012 1210 2083 1254 tes
2109 1202 2358 1269 vulpium,
2392 1202 2444 1254 id
2475 1212 2579 1263 est,
2610 1200 2797 1254 dolose
2827 1210 3052 1269 agentes
3094 1210 3265 1255 erunt.
3316 1203 3426 1257 Rea;
3452 1200 3593 1269 vero,

2014 1271 2063 1323 id
2097 1281 2201 1337 est,
2233 1270 2325 1325 ille
2348 1312 2362 1332 .
2392 1271 2478 1340 qui
2513 1273 2581 1324 ita
2614 1285 2673 1323 se
2703 1278 2871 1339 reget,
2908 1279 2965 1323 ut
2998 1272 3192 1324 talibus
3224 1287 3328 1325 non
3378 1276 3589 1329 confore

2014 1351 2208 1406 metur,
2258 1342 2511 1394 lwtabitur
2554 1342 2606 1392 in
2653 1340 2760 1391 Deo
2796 1351 3010 1407 propter
3062 1341 3434 1398 liberationem
3464 1386 3478 1408 ,
3529 1357 3585 1399 et.

2012 1413 2169 1465 etiam
2203 1428 2376 1464 omnes
2407 1411 2495 1478 qui
2518 1414 2725 1478 jurant,
2753 1424 2811 1464 se
2844 1424 3023 1464 Vtvere
3066 1412 3120 1463 in
3152 1428 3211 1464 eo
3242 1428 3387 1480 rege,
3416 1417 3464 1468 id
3507 1427 3592 1470 est

2011 1481 2311 1534 imitatores
2350 1481 2488 1549 ejus,
2524 1481 2844 1533 lmtabuntur
2874 1490 2927 1534 et
2977 1481 3345 1547 laudabuntur,
3379 1493 3434 1539 et
3479 1501 3591 1541 non

2012 1552 2164 1620 pauci
2196 1560 2376 1614 erunt,
2399 1552 2493 1606 sed
2527 1552 2699 1613 multi,
2729 1552 2850 1616 quia
2874 1567 2929 1603 os
2961 1553 3277 1605 obstructum
3303 1563 3398 1607 est.

2477 1651 2541 1704 IN
2582 1650 2898 1708 PSALMUM
2942 1651 3126 1706 LXIII.

2446 1738 2503 1794 In
2537 1742 2693 1794 linem
2727 1742 2960 1808 psalmus
2986 1742 3171 1797 David.

2607 1847 2993 1887 ARGUMENTUH.

2082 1913 2155 1966 De
2183 1912 2359 1980 seipso
2403 1911 2567 1965 David
2597 1913 2790 1966 cecinit
2835 1927 2953 1964 cum
2984 1913 3158 1966 Saulis
3190 1920 3575 1981 persecutioiti-

2016 1985 2114 2038 bus
2144 1985 2430 2037 laboraret.
2468 1982 2637 2037 Aliter
2668 1998 2772 2034 vox
2804 1992 3097 2051 martyrum
3130 1984 3349 2044 Cltristi.

2620 2087 2981 2127 EXPLANATIO.

2080 2166 2403 2238 Titulihujus
2427 2165 2574 2219 verba
2595 2164 2852 2218 Christum
2876 2168 3184 2235 significant,
3205 2171 3294 2238 qui
3319 2188 3405 2237 per
3426 2181 3591 2228 totum

2011 2239 2265 2313 psalmum
2294 2238 2356 2313 de
2393 2253 2487 2289 sua
2513 2246 2586 2288 est
2616 2252 2850 2303 passione
2893 2238 3177 2313 locuturus.
3228 2238 3407 2293 Prima
3450 2248 3587 2313 ροεί-

2011 2312 2145 2363 tione
2181 2306 2425 2359 Dominus
2448 2317 2586 2365 orat,
2621 2317 2671 2357 ut
2694 2323 2724 2356 (ι
2754 2307 2930 2373 populi
2956 2305 3165 2360 Iudaici
3193 2312 3378 2364 timore
3405 2305 3588 2369 libere-

2012 2390 2113 2440 tur,
2141 2380 2327 2430 docens
2358 2378 2475 2429 illos
2502 2375 2744 2445 defecisse
2772 2378 2823 2428 in
2874 2377 3107 2443 insidiis,
3134 2395 3187 2431 se
3214 2390 3379 2433 autem
3418 2399 3589 2437 resur-

2010 2450 2198 2502 rexisse
2224 2450 2291 2499 ad
2320 2444 2831 2517 gloriam.'Secunda
2860 2449 3103 2499 saevitiam
3142 2449 3335 2503 deridet
3367 2451 3584 2508 Juda'o-

2010 2536 2147 2581 rum,
2180 2518 2298 2585 quia
2348 2518 2506 2585 magis
2554 2516 2653 2581 ipsi
2703 2517 2986 2569 conturbati
3029 2528 3147 2571 sunt
3199 2521 3261 2570 de
3313 2523 3591 2579 sceleribus

2011 2591 2137 2648 δαῖε,
2166 2587 2388 2655 quando,
2422 2596 2707 2651 resurgente
2756 2587 2977 2638 Domino
2999 2624 3014 2648 ,
3047 2589 3155 2654 ejus
3184 2598 3255 2642 est
3284 2597 3588 2648 annuntiata

2014 2660 2280 2733 fortitudo.
2315 2656 2462 2733 'l'unc
2507 2657 2643 2711 enim
2686 2655 2867 2710 lwtitia
2886 2658 3182 2727 justorum,
3216 2670 3260 2713 et
3292 2677 3439 2716 ream
3466 2665 3589 2733 ﬁdei

2013 2730 2172 2783 virtus
2199 2730 2458 2798 apparuit.

2582 2810 2685 2852 ουδι
2695 2812 2984 2851 .‘tiENTARIUS

2092 2888 2319 2953 Exaudi,
2356 2886 2510 2953 Deus,
2543 2887 2824 2939 orationem
2855 2903 3036 2951 meam,
3066 2904 3179 2940 cum
3211 2890 3469 2957 dwprecor.
3522 2895 3587 2951 1η

2017 2960 2174 3026 ﬁnem
2204 2959 2300 3024 ipsi
2334 2957 2523 3021 David,
2559 2958 2659 3010 hoc
2683 2966 2786 3021 est,
2822 2958 2934 3011 haec
2965 2960 3123 3012 verba
3156 2960 3456 3017 referuntur
3480 2983 3585 3023 non

2018 3029 2084 3083 ad
2115 3030 2411 3093 historiam,
2442 3028 2536 3081 sed
2580 3027 2838 3100 inlitteut,
2872 3029 3124 3100 attributa
3158 3031 3255 3097 ipsi
3289 3031 3474 3100 David,
3500 3042 3586 3093 vel

2017 3100 2198 3168 capiti,
2229 3100 2349 3174 quia
2381 3098 2785 3174 commendatur
2817 3098 2968 3174 nobis
3013 3098 3065 3151 in
3090 3098 3216 3174 _ltoc
3248 3098 3468 3168 psalmo
3494 3124 3588 3174 per

2020 3184 2206 3225 vocem
2238 3171 2405 3236 ipsius
2450 3170 2660 3235 capitis,
2710 3168 2937 3222 maxime
2964 3168 3138 3233 ptssio
3164 3169 3301 3238 ejus,
3332 3183 3385 3227 et
3422 3168 3585 3231 etiam

2019 3250 2324 3294 sanctorum
2372 3248 2684 3305 martyrum,
2735 3240 2824 3305 qui
2876 3251 3210 3306 nequaquam
3258 3241 3422 3297 fortes
3464 3262 3585 3301 esse

2018 3320 2255 3385 possent,
2286 3308 2387 3385 nisi
2435 3306 2691 3385 imitando
2720 3322 2865 3370 eum,
2900 3307 2960 3385 id
3008 3316 3121 3370 est,
3163 3309 3444 3385 Christum
3489 3321 3577 3385 qui

2019 3376 2163 3447 prior
2210 3380 2361 3451 fortis
2406 3379 2677 3451 apparuit,
2734 3385 2807 3451 et_
2837 3376 2979 3442 prior
3019 3391 3205 3451 passus
3243 3391 3346 3434 est.
3401 3376 3584 3451 Neq'ue

2019 3446 2144 3504 talia
2193 3450 2520 3521 sustinerent
2573 3446 2624 3499 in
2674 3447 2918 3521 passione
2966 3448 3141 3521 qualia
3192 3449 3306 3515 ipse
3370 3446 3580 3521 passus,

2019 3522 2117 3592 pisi
2182 3519 2304 3572 talia
2345 3525 2648 3592 sperarettb
2688 3516 2756 3592 in_
2785 3517 3177 3570 resurrectione
3229 3516 3399 3585 qualia
3467 3516 3580 3592 ipse

2016 3589 2399 3644 demonstravit
2431 3588 2482 3640 in
2511 3601 2591 3658 se.
2623 3585 2912 3658 Audiamus
2943 3601 3070 3655 ergo
3112 3601 3296 3643 vocem
3328 3593 3445 3658 ejus
3487 3585 3587 3650 ito-

2017 3662 2299 3721 tissimam,
2341 3658 2464 3728 quia
2515 3655 2601 3709 hic
2635 3656 2797 3728 etiam
2844 3670 2946 3728 non
2995 3666 3217 3728 tantum
3253 3655 3484 3728 loquitur
3517 3669 3585 3722 de

2016 3746 2104 3804 se,
2126 3732 2217 3784 sed
2245 3732 2402 3804 etiam
2430 3726 2500 3781 de
2538 3727 2793 3804 membris
2824 3726 2959 3804 suis.
2984 3726 3060 3804 _Et
3088 3726 3434 3804 est_inteittio
3464 3736 3581 3804 ejus

2018 3803 2066 3853 in
2095 3801 2194 3853 hoc
2223 3799 2427 3872 psalmo
2455 3800 2831 3872 commendare
2875 3796 3029 3850 nobis
3055 3798 3354 3865 passionem
3399 3796 3572 3872 suain,

2017 3879 2073 3923 ttt
2100 3874 2148 3923 itt
2176 3886 2241 3923 eo
2268 3869 2539 3921 theamus
2565 3876 2620 3921 et
2650 3869 2886 3919 laborem
2916 3876 3157 3920 nostrum
3187 3877 3241 3921 et
3276 3869 3578 3930 mercedem

2017 3951 2273 3994 nostram.
2324 3938 2583 3991 Laborem
2622 3938 2837 4004 quidem
2884 3938 2933 3988 in
2965 3940 3228 4004 passione,
3273 3945 3575 4000 mercedem

2018 4026 2143 4065 vero
2185 4012 2236 4062 itt
2268 4007 2690 4070 resurrectione;
2724 4021 2820 4059 nec
2849 4008 2897 4058 itt
2923 4007 3104 4061 labore
3134 4008 3467 4076 deliciamus,
3519 4025 3577 4071 ut

2016 4082 2079 4132 ad
2110 4080 2408 4153 mercedem
2436 4078 2828 4145 perveniamus.
2861 4077 3075 4153 Et‘dicit
3097 4079 3205 4153 ita_:
3240 4079 3374 4134 Deus
3397 4083 3573 4153 Pater,

2016 4151 2201 4205 exaudi
2225 4149 2505 4202 orationem
2528 4162 2693 4199 meam
2719 4160 2815 4216 pro
2843 4148 2975 4200 meis
3003 4162 3031 4200 a
3056 4163 3139 4203 me
3168 4149 3380 4216 laetam,
3406 4163 3462 4207 ut
3485 4148 3582 4212 des

2016 4223 2093 4274 eis
2159 4220 2512 4273 constantiam
2541 4228 2597 4272 et
2628 4219 3075 4285 perseverantiam
3125 4219 3177 4272 in
3238 4223 3579 4281 tribulatione

2017 4307 2132 4343 cum
2164 4292 2426 4356 deprecor,
2458 4288 2509 4341 id
2545 4296 2649 4352 est,
2677 4288 2798 4357 quia
2829 4290 2980 4343 valde
3003 4304 3096 4356 pro
3120 4291 3196 4343 eis
3222 4306 3427 4357 precor.
3457 4296 3580 4351 llaec

2017 4362 2157 4413 enim
2190 4361 2285 4414 luit
2308 4358 2632 4413 validissima
2669 4358 2931 4425 precatio,
2962 4360 3173 4424 quando
3214 4363 3444 4428 seipsum
3474 4365 3585 4421 Deo

2020 4430 2159 4484 Patri
2189 4446 2282 4498 pro
2307 4431 2459 4484 nobis
2485 4428 2700 4491 obtulit,
2735 4430 2785 4480 in
2808 4443 2910 4495 quo
2934 4444 3057 4481 vere
3084 4438 3308 4483 mortem
3340 4444 3578 4489 nostram

2020 4502 2317 4563 excusavit,
2346 4510 2397 4553 et
2425 4500 2643 4551 vulnera
2678 4506 2857 4569 nostra
2888 4499 3118 4564 sanavit,
3144 4508 3205 4569 et
3232 4510 3287 4553 ut
3314 4517 3408 4569 pro
3430 4508 3584 4561 nobis

346 4557 498 4640 multi
516 4580 635 4622 orto
649 4572 755 4635 jam
782 4570 896 4640 sole
916 4557 1187 4640 dormiunt
1207 4557 1577 4640 corporaliter,
1596 4578 1647 4619 et
1664 4569 1911 4640 nesciunt
1946 4557 1993 4617 Ι)
2019 4557 2360 4625 exaudiretur
2388 4569 2529 4622 fecit.
2565 4569 2629 4621 Et
2645 4573 2779 4640 quia
2824 4557 3115 4640 deprecor,
3139 4568 3274 4640 ideo,
3306 4557 3446 4640 Eripe
3473 4557 3585 4630 an};

342 4638 538 4692 adesse
568 4642 757 4701 solem,
780 4638 899 4705 quia
931 4654 1033 4689 non
1064 4636 1424 4689 illumittatttur
1444 4651 1473 4688 a
1503 4642 1637 4700 sole,
1663 4637 1729 4687 ita
1752 4635 1909 4689 etiam

343 4709 503 4763 multi
529 4710 740 4762 Christo
769 4722 895 4759 vero
943 4710 1059 4761 sole
1081 4707 1193 4775 jam
1242 4717 1380 4769 otto.
1414 4718 1466 4761 et
1498 4706 1690 4773 ubique
1722 4712 1911 4772 pracdi—

338 4788 467 4834 cato
496 4780 669 4832 adhuc
700 4779 1000 4840 dormiunt,
1050 4793 1149 4831 nec
1197 4778 1369 4843 ipsum
1415 4778 1603 4829 adesse
1647 4786 1909 4841 sentiunt,

341 4849 469 4918 quia
503 4851 677 4902 luttteu
700 4848 921 4918 interius
952 4849 1183 4901 nondum
1208 4857 1582 4916 perceperunt.
1617 4849 1724 4913 ligo
1759 4861 1909 4911 vero,

341 4916 383 4975 ὁ
402 4919 558 4981 Deus,
579 4919 730 4988 vigilo
754 4916 882 4970 adte
904 4919 968 4970 de
983 4921 1112 4983 luce,
1134 4918 1182 4971 id
1205 4930 1308 4983 est,
1331 4922 1448 4986 quia
1473 4918 1694 4971 interius
1708 4920 1914 4985 percepi

342 4999 494 5044 tuam
544 4991 737 5042 lucem.
775 4990 837 5039 Et
879 4992 1115 5042 ostendit
1144 4988 1410 5056 quomodo
1443 4988 1623 5055 vigilo,
1676 4998 1813 5040 stcut
1859 4999 1914 5042 et.

345 5064 493 5126 prius
517 5059 699 5113 dicens
725 5076 737 5111 :
770 5058 939 5112 Sitivit
968 5060 1019 5111 in
1050 5067 1096 5112 te
1122 5060 1296 5111 anima
1323 5074 1452 5122 mea,
1480 5070 1535 5112 et
1560 5064 1774 5111 caetera.
1804 5057 1914 5114 Nec

340 5130 544 5194 aliquid
573 5137 803 5182 mutatur
831 5143 998 5197 usque
1024 5132 1149 5182 dum
1176 5128 1307 5181 dicit
1346 5145 1359 5181 :
1392 5128 1482 5183 Sic
1506 5128 1560 5179 in
1598 5137 1775 5180 sancto
1815 5145 1913 5197 ap-

340 5214 496 5268 parut
519 5201 628 5265 tibi,
660 5200 798 5266 quod
830 5209 912 5252 est
940 5200 1117 5253 dicere
1145 5214 1158 5249 :
1187 5200 1340 5254 Sitivi
1370 5200 1586 5267 quidem
1625 5200 1694 5251 ad
1739 5207 1808 5264 te,
1859 5208 1915 5253 et

342 5273 400 5322 tu
436 5271 535 5321 hoc
569 5272 623 5321 in
671 5277 845 5321 sancto
874 5269 1143 5323 desiderio
1177 5283 1300 5323 meo
1327 5272 1401 5322 sic
1430 5273 1648 5337 apparat
1698 5268 1820 5334 tibi,
1861 5270 1912 5324 id

341 5349 450 5401 est,
485 5341 707 5403 innotui,
741 5348 797 5391 ut
822 5347 876 5392 et
906 5348 959 5392 tu
993 5340 1355 5393 iuuotesceres
1402 5340 1553 5401 tuibi,
1589 5338 1816 5403 scilicet,
1856 5350 1913 5394 ut

340 5411 400 5462 in
460 5419 643 5462 sancto
671 5417 781 5475 tuo,
814 5409 868 5463 id
897 5420 980 5463 est
1006 5410 1242 5473 Christo,
1269 5409 1512 5473 viderem,
1545 5407 1593 5461 id
1622 5416 1725 5474 est,
1758 5410 1913 5465 intel-

339 5480 563 5548 ligerent
594 5497 698 5532 non
729 5482 899 5533 solum
930 5481 1225 5546 hominem,
1258 5485 1351 5533 sed
1399 5489 1560 5534 ettam
1589 5489 1729 5531 tuam
1752 5481 1913 5533 virtu-

340 5560 467 5612 tem,
519 5552 569 5603 id
616 5558 700 5604 est
742 5549 1181 5619 omuipotentiam
1235 5551 1389 5604 Verbi
1442 5550 1541 5613 tui,
1590 5558 1637 5602 et
1691 5548 1914 5618 gloriam

340 5630 510 5691 tuam,
562 5621 611 5674 id
646 5629 730 5673 est
762 5624 1107 5674 salvatioueut
1138 5620 1351 5674 humani
1382 5622 1623 5691 generis,
1657 5636 1750 5685 per
1790 5636 1910 5676 eum

340 5690 561 5753 lactant,
590 5706 707 5758 qua:
736 5699 819 5743 est
843 5692 1008 5758 gloria
1038 5702 1143 5750 tua,
1168 5693 1290 5759 quia
1320 5690 1540 5745 sic'utde
1572 5691 1747 5758 impiis
1774 5692 1910 5759 pios,

338 5761 413 5813 de
438 5775 514 5813 set
529 5761 607 5812 vis
638 5760 855 5823 liberos,
889 5764 955 5814 de
984 5762 1249 5814 datuttatts
1278 5761 1446 5815 fecisti
1479 5762 1531 5815 iu
1562 5778 1781 5829 regnum
1822 5781 1910 5817 as-

341 5847 617 5900 sumptus;
643 5834 792 5884 multi
821 5835 965 5885 enim
999 5849 1181 5899 parum
1217 5844 1400 5901 putant
1439 5849 1558 5889 esse
1588 5832 1782 5889 Filium
1818 5837 1909 5894 Dci

708 5929 981 5990 PA'I‘ROL.
1013 5929 1228 5989 XCIII.

2020 4657 2157 4694 mam
2186 4656 2348 4693 meam
2377 4655 2406 4690 α
2432 4640 2611 4691 timore
2636 4637 2853 4690 inimici.
2880 4636 2990 4689 Non
3017 4648 3167 4707 rogat
3194 4636 3423 4697 animam
3465 4662 3589 4701 suo-

2018 4726 2136 4764 rum
2162 4710 2297 4777 eripi
2325 4709 2393 4762 ab
2421 4708 2670 4772 inimicis,
2704 4723 2769 4761 ue
2793 4707 3126 4771 occidantur,
3157 4711 3280 4779 quia
3314 4717 3462 4769 multi
3492 4732 3588 4773 oc-

2019 4782 2114 4834 cisi
2143 4792 2289 4846 sum,
2314 4780 2409 4834 sed
2441 4789 2592 4849 rogat
2620 4779 2753 4845 eripi
2800 4796 2826 4828 ει
2861 4779 3049 4833 timore
3090 4780 3454 4849 inimicorum,
3484 4791 3589 4844 sci-

2020 4852 2164 4911 licot,
2196 4868 2297 4904 ηυτι
2322 4864 2415 4903 eos
2442 4866 2527 4916 qut
2550 4863 2733 4916 corpus
2763 4850 3018 4913 occidunt,
3045 4851 3270 4904 animam
3297 4866 3462 4909 autem
3485 4874 3587 4912 non

2021 4932 2230 4989 possunt
2258 4920 2504 4974 occidere.
2543 4919 2791 4972 ’l‘imeaut
2834 4935 2899 4971 ne
2922 4922 2989 4972 ab
3010 4923 3087 4974 eis
3115 4922 3457 4990 devocentur,
3488 4932 3584 4984 sed

2019 4995 2195 5069 potius
2226 4994 2445 5069 timeant
2473 5005 2593 5042 eum
2643 4990 2735 5069 qui.
2758 4998 2918 5058 potest
2958 4999 3005 5043 et
3052 4992 3277 5069 animam
3318 5005 3587 5069 etgcorpus

2020 5064 2216 5114 mittere
2255 5062 2306 5113 in
2337 5060 2641 5129 gehennam,
2689 5060 2738 5111 id
2771 5072 2872 5127 est,
2916 5075 3014 5114 suo
3046 5063 3223 5117 timori
3261 5060 3579 5124 subdtut'ur.

2017 5130 2135 5186 Non
2168 5132 2276 5185 sint
2302 5146 2343 5198 ,a
2377 5131 2569 5184 timore
2604 5130 2778 5197 liberi,
2808 5132 2901 5185 sed
2929 5146 2958 5184 a
2991 5132 3183 5189 timore
3222 5134 3420 5190 inimici
3466 5154 3585 5193 ειε-

2021 5202 2118 5267 pti,
2151 5205 2273 5271 quia
2310 5201 2479 5255 sancti
2528 5210 2792 5271 martyres
2840 5201 3263 5258 exaudiebantur
3286 5216 3339 5259 et
3365 5209 3581 5263 occide-

2018 5270 2232 5337 bantur,
2261 5281 2315 5327 et
2350 5280 2526 5324 tamen
2557 5272 2623 5323 ab
2650 5270 2880 5324 inimicis
2908 5275 3397 5341 exsuperabantur;
3430 5279 3585 5333 multi

2018 5358 2151 5397 vero
2178 5348 2427 5397 timentes
2458 5341 2861 5395 consentiebant
2905 5352 2960 5395 et.
2988 5344 3254 5406 vivebant,
3300 5354 3353 5398 et
3381 5348 3449 5401 ab
3486 5349 3584 5403 ini-

2020 5413 2179 5487 micis
2204 5412 2820 5487 absorbebantur._t\lulti
2841 5411 3074 5487 absorpti
3099 5421 3153 5487 et
3178 5414 3283 5487 vivi
3307 5416 3583 5487 absorpti;

2020 5485 2173 5538 multi
2221 5499 2348 5536 vero
2396 5482 2589 5534 mortui
2619 5481 2876 5549 absorpti.
2909 5484 3007 5548 Qui
3036 5485 3178 5537 enim
3224 5481 3582 5545 Christianam

2016 5555 2327 5630 religionem
2374 5553 2626 5630 putabant
2666 5567 2857 5630 vanam
2911 5568 3050 5630 esse,
3105 5558 3297 5630 mortui
3345 5559 3584 5630 absorpti

2017 5638 2172 5677 sunt:
2200 5624 2289 5692 qui
2316 5623 2901 5694 verqprazdicatiouem
2925 5624 3196 5691 Evangelii
3223 5641 3404 5682 veram
3437 5623 3581 5694 esse,

2018 5704 2073 5750 et
2099 5695 2370 5747 Christum
2423 5691 2613 5745 Filium
2671 5692 2766 5745 Dei
2809 5707 2929 5747 eSse
2956 5696 3265 5760 credebant,
3304 5709 3358 5751 et
3411 5691 3586 5757 tamen

2018 5767 2290 5819 doloribus
2320 5764 2596 5818 ‘cedebmt
2641 5775 2693 5816 et
2741 5763 3143 5827 sacrilicabant,
3187 5768 3287 5820 \ivi
3334 5772 3587 5826 absorbe-

2019 5837 2228 5892 bantur.
2281 5835 2356 5891 lli
2388 5836 2511 5905 quia
2542 5834 2732 5889 mortui
2760 5833 3014 5905 absorpti,
3049 5837 3132 5888 iali
3184 5853 3311 5891 vero
3351 5843 3587 5912 altsorpgj

3080 5928 3159 5989 26
