4010 6190
492 376 590 429 811

948 367 1150 424 ιιευιε
1192 364 1636 420 VENERABILIS
1672 363 1820 417 OPP.
1863 360 2037 416 PARS
2075 358 2139 412 Il.
2180 358 2370 413 SECT.
2406 358 2469 411 ll.
2493 385 2561 400 -ο
2602 356 2800 412 DUBIA
2841 355 2927 410 ΕΤ
2965 354 3230 411 SPURIA.

3603 351 3707 408 8t!

480 482 707 537 moi-tui.
757 479 938 546 Nque
986 477 1131 546 enim
1181 473 1424 546 iabsorpti
1482 472 1659 526 vivere
1717 477 2039 539 potuerunt,
2072 474 2115 530 Α
2150 466 2684 546 eorumimmaniias.
2714 466 2779 518 Et
2825 466 2924 546 huc
2968 465 3108 528 ideo,
3136 463 3582 546 quiansermonei'n
3627 479 3715 545 ne-

491 566 789 619 quatiqitam
818 544 920 619 vivi
949 544 1389 619 absorbebantur.

566 609 835 672 l’rotes’isti
881 627 989 668 me.‘
1031 615 1165 666 Ecce
1219 621 1397 665 monet
1442 609 1619 663 lideles
1664 623 1789 661 suos
1824 618 1881 659 ut
1912 622 2043 660 con—

480 699 693 745 stantes
735 690 840 739 sint
890 700 990 736 non
1040 682 1210 733 solum
1260 682 1440 738 verbo,
1487 681 1534 731 id
1573 688 1652 730 est
1682 677 1917 734 nomine,
1950 676 2043 729 sed

493 758 736 824 exemplo
770 752 1105 825 proponendo
1135 751 1256 818 quid
1304 764 1489 825 passus
1519 748 1607 810 sit,
1655 757 1709 825 et
1739 747 1868 824 quid.
1890 760 2044 825 acce-

494 815 666 897 perit;
690 836 743 876 nl
769 815 819 877 et
848 815 944 891 ipsi
974 815 1497 897 eadem-sustineant,
1525 828 1574 897 et
1609 815 1729 868 talia
1760 816 2044 897 accipiant,

486 887 649 966 wquasi’
669 897 807 966 dicat
838 887 986 945 {Uro
1029 898 1093 966 ut
1112 888 1305 966 eripias
1338 902 1424 966 me
1461 904 1508 965 a_
1536 887 1712 966 liotore
1755 887 1968 966 inimici,
1994 892 2049 935 et

494 955 621 1018 vere
656 962 851 1028 eripias
878 977 982 1023 me,
1009 962 1130 1027 quia
1162 957 1269 1028 jam
1314 955 1575 1028 protexisti
1602 955 1944 1021 dispositione
1973 968 2050 1028 nte

494 1036 664 1101 ipsum
707 1022 752 1083 α’
785 1022 1039 1083 conventa
1070 1022 1471 1101 malignanlium.
1515 1024 1843 1101 Conventum
1897 1022 2050 1101 mali-

492 1091 763 1171 g'nantium
809 1109 959 1151 vocat
988 1091 1674 1171 coetumvludzeorumnqni
1723 1106 1853 1170 vere
1896 1091 2049 1142 mali-

495 1163 720 1239 gnantes
748 1178 901 1221 erant
935 1188 946 1219 :
981 1168 1099 1232 quia
1132 1165 1417 1232 phrenetici
1450 1163 1734 1239 medicum,
1766 1163 1854 1227 qui
1889 1172 2049 1211 vene-

496 1232 574 1294 rat
601 1240 840 1292 inﬁrmos
870 1252 1049 1289 eorum
1077 1250 1285 1295 sanare,
1312 1246 1479 1284 cmcos
1514 1232 1831 1289 illuminare,
1866 1242 2050 1280 eorum

496 1311 778 1378 phrenesin
808 1321 1012 1369 curare,
1043 1306 1293 1378 volebant
1333 1302 1651 1378 interficere.
1700 1300 1764 1352 Et
1812 1312 1914 1378 non
1963 1311 2051 1378 se:

494 1367 600 1434 lum
630 1394 660 1430 α
704 1387 948 1429 conventu
996 1367 1381 1438 malignmtium
1423 1370 1725 1424 Judaaornm
1777 1367 2050 1438 protexisti

498 1463 604 1511 me,
654 1447 744 1498 sed
791 1447 949 1497 etiam
1002 1459 1032 1492 a
1077 1437 1397 1511 multitudine
1451 1437 2054 1511 omniumuoperantium

490 1507 813 1585 [iniquitatem
862 1514 1002 1585 illam
1033 1530 1043 1564 :
1077 1510 1176 1585 hoc
1212 1510 1354 1561 addit
1396 1518 1609 1585 propter
1637 1508 1830 1585 milites
1862 1507 2055 1557 Roma-

499 1577 621 1647 nos,
645 1587 729 1650 qui
761 1594 809 1636 et
838 1584 1056 1651 gentiles
1086 1582 1313 1639 luerunt,
1338 1591 1386 1632 et
1418 1593 1536 1651 cum
1567 1577 1761 1651 Iudicis
1808 1591 1900 1643 per
1928 1590 2055 1628 con-

495 1648 708 1708 sensum
750 1648 888 1705 illam
923 1652 1245 1717 iniquitatem
1275 1648 1477 1714 operati
1509 1654 1649 1698 sunt.
1682 1648 2052 1717 Quamautem

497 1722 868 1791 iniquitatem?
900 1714 1298 1791 lianescilicet,
1344 1734 1461 1791 quia
1506 1724 1809 1791 exaruerunt
1850 1714 2054 1791 linguas

2147 550 2300 603 quam
2343 537 2695 602 ﬁrmaverunt,
2724 535 2935 600 quando
2983 534 3205 599 repetito
3235 533 3500 599 dixerunt,
3532 534 3712 586 Cruci-

2149 607 2270 671 ﬁge,
2298 607 2533 672 cruci/iga
2556 621 2688 655 eum.
2717 604 2846 667 Quia
2878 604 3137 667 repetitio,
3161 611 3242 672 est
3271 603 3621 655 confirmatio.
3649 605 3714 657 Et

2150 686 2308 725 etiam
2342 671 2586 731 quoniam
2617 673 2930 725 unanimiter
2957 681 3141 724 contra
3189 671 3411 723 Pilatum
3450 674 3704 725 clamavec

2150 752 2293 801 ruat,
2331 741 2447 793 Non
2477 743 2715 792 habemus
2744 756 2913 803 regem
2937 742 3033 792 nisi
3058 739 3325 793 Caesarem.
3353 740 3477 793 Item
3502 757 3712 808 quoque

2150 827 2429 863 sermonem
2472 827 2704 878 nequam,
2752 810 2963 877 quando
3003 809 3249 879 dixerunt
3282 826 3312 879 7:
3355 808 3576 879 Sanguis
3600 812 3713 879 ejus

2150 895 2303 945 super
2348 896 2436 931 nos
2480 891 2525 932 et
2572 896 2721 945 super
2751 879 2886 943 [alios
2912 890 3127 931 nostros.
3163 878 3225 930 Et
3253 878 3576 946 ﬁrmaverunt
3616 878 3715 931 sibi

2154 965 2258 1000 non
2292 949 2534 1009 Domino,
2566 950 2688 1015 quia
2737 948 2879 999 illum
2913 962 3057 1001 mors
3103 962 3205 1000 non
3246 949 3461 1011 occidit,
3490 947 3583 1002 sed
3624 949 3714 1001 ille

2152 1028 2374 1070 mortem
2421 1017 2615 1069 occidit
2662 1033 2675 1068 :

2156 1087 2308 1149 vixit,
2347 1087 2625 1140 interfecit.

2230 1155 2594 1209 Narraverunt.
2647 1155 2779 1221 Quia
2829 1154 3171 1208 ﬁrmaverunt
3215 1168 3539 1218 sermonem,
3592 1154 3713 1208 lilen

2156 1234 2506 1289 narraverunt,
2537 1224 2586 1277 id
2620 1235 2718 1286 est,
2748 1226 3123 1277 ordinaverunt
3149 1234 3201 1277 et
3239 1226 3611 1294 disposuerunt
3655 1231 3708 1276 ut

2154 1294 2511 1345 absconderem
2551 1295 2777 1362 laqueos,
2820 1294 2867 1346 id
2912 1302 3010 1358 est,
3047 1306 3100 1347 ut
3130 1296 3383 1347 absconse
3427 1310 3518 1346 sua
3552 1309 3712 1358 repu-

2156 1367 2355 1416 tatione
2377 1363 2549 1415 omnia
2573 1364 2757 1415 scienti
2778 1364 2929 1417 dolos
2952 1374 3217 1430 pararent,
3250 1376 3302 1416 ct
3331 1364 3462 1417 adeo
3488 1365 3714 1417 abscon-

2156 1446 2234 1501 se,
2260 1432 2401 1499 quod
2426 1433 2583 1484 etiam
2616 1434 2850 1485 dixerunt
2897 1447 2917 1485 :
2973 1432 3095 1497 Quis
3127 1434 3307 1485 ridebit
3346 1448 3428 1486 eos
3460 1432 3718 1501 laqueos?

2157 1500 2368 1553 Poterat
2412 1511 2585 1554 autem
2627 1503 2704 1554 eis
2734 1502 2838 1555 dici
2877 1519 2890 1553 :
2932 1501 3030 1564 Qui
3081 1502 3202 1556 fecit
3247 1513 3318 1567 te,
3369 1500 3604 1555 viderte.

2228 1570 2457 1623 Scrutati
2482 1583 2615 1622 sunt.
2643 1571 2765 1625 Ideo
2795 1581 3111 1639 putaverunt
3139 1575 3277 1639 quod
3310 1572 3486 1624 nullus
3516 1572 3720 1625 videret

2158 1639 2390 1705 laqueos,
2415 1642 2533 1706 quia
2555 1641 2768 1693 scrutati
2790 1651 2920 1701 sunt,
2948 1641 2998 1693 id
3028 1652 3126 1703 est,
3150 1657 3268 1693 cum
3292 1656 3476 1709 magna
3501 1641 3722 1709 diligen-

2158 1719 2228 1759 tia
2262 1713 2523 1762 tinxerunt
2548 1712 2856 1776 iniquitates,
2891 1712 2941 1763 id
2974 1719 3055 1763 est
3083 1712 3271 1763 acerba
3294 1720 3348 1764 et
3368 1721 3516 1762 acuta
3542 1710 3720 1762 consi-

2725 1017 2847 1070 il.os
2889 1031 3015 1069 vero
3065 1018 3334 1083 iniquitas,
3375 1032 3493 1085 quae
3537 1019 3590 1071 in
3631 1018 3711 1071 eis

496 1780 614 1846 sua's
643 1802 697 1844 ut
735 1792 980 1861 gladium,
1019 1789 1067 1841 id
1097 1797 1197 1852 est,
1224 1780 1525 1861 acutissima
1548 1795 1602 1837 et
1634 1785 1867 1861 veneﬁca
1894 1780 2051 1861 verba
2086 1798 2130 1858 Β
2161 1780 2255 1861 Ιῑδρ
2282 1784 2393 1830 lucc
2414 1780 2790 1861 scilicet.:_N_on
2816 1783 3048 1861 tradatur
3069 1795 3161 1861 per
3186 1781 3418 1861 nos,_sed
3443 1795 3535 1861 per
3552 1780 3721 1858 ὁμοία

499 1853 755 1914 dixerunt
793 1871 842 1910 et
876 1861 925 1911 hi
968 1866 1022 1910 et
1065 1857 1158 1918 illi,
1195 1854 1421 1907 maxime
1450 1864 1620 1906 tamen
1648 1853 1833 1915 Jtidtei,
1867 1853 1930 1903 ad
1971 1867 2054 1906 me

505 1929 948 1984 interﬁciendum.
998 1926 1109 1979 Non
1170 1933 1385 1989 possunt
1429 1938 1486 1976 se
1540 1938 1791 1975 excusare
1846 1921 2053 1986 Judaei,

500 2002 627 2067 quin
662 1998 1049 2050 interit-cissi-nt
1080 1995 1390 2056 Dominum;
1422 1993 1538 2067 quia
1572 1994 1613 2067 si
1665 1991 1934 2067 nori_l'erro
1976 1991 2058 2043 in-

499 2060 840 2130 tericcernnt,
871 2075 1043 2117 tamen
1074 2080 1167 2117 ore
1197 2072 1471 2115 venenato.
1497 2060 1571 2115 Ne
1602 2060 1845 2113 intendas
1871 2074 2057 2113 manus

498 2139 749 2197 inermes,
779 2135 871 2188 sed
901 2150 960 2186 os
986 2146 1269 2195 armatum,
1305 2133 1423 2197 quia
1453 2132 1625 2197 lingua
1656 2147 1829 2182 eorum
1856 2132 2057 2199 gladius

499 2215 697 2259 acutus.
731 2206 860 2257 Cum
889 2203 1029 2256 enim
1055 2204 1177 2255 dicit
1206 2204 1282 2254 eis
1307 2201 1502 2254 Pilatus
1532 2218 1543 2252 :
1572 2202 1793 2268 Accipite
1814 2217 1897 2252 vos
1918 2216 2057 2264 eum,

498 2287 546 2329 et
574 2274 845 2329 secundum
879 2275 1037 2340 legem
1065 2283 1279 2324 vestram
1316 2271 1548 2341 judicate
1592 2286 1705 2323 eum
1736 2286 1752 2321 :
1789 2268 2055 2341 dixerunt,

499 2346 663 2399 Nobis
691 2360 789 2397 non
821 2338 933 2396 lirei
962 2358 1259 2410 quemquam
1290 2338 1589 2408 inter/icere.
1626 2341 1769 2410 Etisi
1803 2355 1906 2390 non
1937 2338 2060 2392 licet

484 2416 768 2475 occidere,
804 2414 926 2466 licet
955 2408 1018 2463 ad
1050 2410 1398 2464 occidendum
1433 2410 1661 2463 tradere.
1699 2408 1891 2473 Utique
1932 2423 2055 2461 non.

497 2488 745 2538 Attamen
779 2483 1107 2549 iniquitatem
1138 2496 1284 2532 suam
1315 2480 1364 2531 in
1401 2481 1669 2532 hominem
1704 2479 1931 2549 judicent
1974 2492 2057 2531 re-

497 2554 720 2608 tundere
768 2546 1066 2613 voluerunt,
1116 2549 1210 2603 sed
1263 2550 1424 2600 Deum
1470 2549 1703 2614 judicent
1742 2546 1925 2600 fallere
1954 2561 2060 2600 non

494 2630 804 2689 potuerunt.
839 2619 904 2671 Et
932 2619 1102 2672 lactus
1129 2629 1212 2671 est
1246 2617 1808 2689 intiucentiorljilatus
1836 2630 2057 2683 compa-

504 2686 712 2745 ratione
743 2690 972 2751 illorum,
1007 2690 1125 2751 quia
1160 2689 1321 2739 multa
1353 2686 1477 2740 fecit
1505 2698 1557 2738 ut
1592 2688 1839 2739 liberaret
1868 2700 1988 2738 eum
2029 2700 2058 2739 a

501 2762 749 2814 manibus
780 2774 981 2811 eorum.
1020 2757 1167 2812 Unde
1215 2756 1374 2809 etiam
1423 2757 1740 2824 ﬂagellatam
1773 2771 1894 2809 eum
1938 2770 2060 2823 pro-

499 2830 670 2893 duxit,
721 2838 776 2880 ut
826 2830 904 2880 vel
954 2830 1030 2880 sic
1073 2828 1337 2895 mitigaret
1384 2827 1642 2879 saevitiam
1697 2841 1901 2880 eorum.
1953 2824 2059 2878 Sed

496 2910 779 2967 postquam
833 2897 961 2949 vidit
1007 2910 1099 2950 eos
1148 2902 1197 2947 in
1249 2896 1451 2967 insania
1498 2905 1640 2948 tanta
1694 2908 2058 2963 perseverare,

504 2963 629 3020 lavit
660 2980 845 3018 manus
875 2980 1019 3026 suas,
1049 2978 1102 3017 et
1130 2966 1262 3016 dixit
1294 2981 1308 3017 :
1339 2963 1588 3017 Innocens
1616 2981 1703 3032 ego
1728 2981 1840 3017 sum
1874 2980 1904 3015 α
1932 2980 2058 3017 san-

490 3038 651 3107 guine
688 3034 844 3100 huius
882 3035 1025 3103 justi.
1062 3037 1414 3107 lniioceiilem
1443 3048 1500 3107 se
1547 3034 1699 3107 dixit,
1750 3034 1842 3086 sed
1882 3042 2057 3107 tamen

503 3104 622 3171 quia
656 3114 945 3167 consensit,
982 3118 1103 3157 reus
1131 3105 1246 3156 luit.
1282 3104 1341 3155 Et
1373 3104 1415 3154 si
1450 3104 1547 3155 iste
1578 3104 1664 3169 qui
1696 3112 1908 3156 coactus
1934 3104 2061 3157 fecit

502 3188 625 3227 reos
655 3173 774 3237 fuit,
809 3174 972 3225 ιι.υ1ιο
1014 3173 1181 3241 magis
1214 3173 1289 3225 rei
1334 3175 1544 3224 luerunt
1585 3174 1674 3241 qui
1718 3187 1837 3225 eum
1866 3186 2059 3239 coege-

502 3252 647 3307 runt,
678 3254 731 3296 et
775 3240 863 3309 qui
894 3240 1151 3295 venenato
1198 3256 1292 3294 ore
1345 3240 1612 3294 Christum
1661 3242 2059 3305 interfecerunt,

496 3315 786 3366 clamantes
817 3326 974 3376 super
1004 3326 1123 3382 eunt
1146 3331 1155 3363 :
1179 3310 1447 3380 Cruciﬁge,
1479 3314 1719 3382 cruciﬁge
1745 3328 1878 3365 eum.
1914 3310 2063 3366 Unde

498 3381 659 3434 etiam
693 3384 827 3434 inter
853 3381 1219 3449 Evangelistas
1243 3383 1503 3435 dissensio
1528 3384 1614 3434 illa
1643 3381 1740 3446 est,
1766 3383 1903 3449 quod
1928 3383 2064 3435 alter

500 3451 629 3503 dicit
672 3451 799 3503 liora
847 3450 998 3503 tertia
1043 3451 1325 3503 Dominum
1370 3453 1705 3516 crucilixum,
1762 3456 1895 3505 alter
1936 3465 2061 3505 vero

506 3518 635 3590 liora
665 3531 840 3573 seua.
868 3519 1003 3573 Vere
1025 3523 1167 3571 enim
1197 3520 1326 3572 hora
1357 3521 1510 3573 tertia
1541 3522 1656 3585 luit,
1685 3522 1896 3590 quando
1924 3521 2063 3588 apud

502 3587 729 3643 Pilatum
775 3603 896 3642 eum
946 3590 1287 3653 accusabant,
1331 3599 1385 3642 et
1432 3587 1718 3642 Barrabani
1757 3587 2061 3658 elegerunt;

502 3658 677 3725 ipsum
709 3672 835 3711 vero
863 3659 1143 3713 saevientes
1170 3659 1405 3725 crociligi
1437 3662 1854 3726 postulaverunt.
1887 3661 2063 3726 Quare

502 3728 832 3793 evangelista
884 3729 1173 3794 respiciens
1221 3728 1285 3779 ad
1331 3743 1512 3781 eorum
1555 3730 1899 3797 voluntatem,
1931 3730 2065 3782 dixit

501 3811 622 3849 eum
654 3802 781 3850 liora
828 3797 983 3850 tertia
1029 3797 1361 3850 crncilixum.
1407 3799 1555 3850 Alter
1584 3812 1710 3850 vero
1750 3800 1908 3863 dixit,
1939 3801 2061 3864 quia

503 3879 654 3920 sexta
681 3865 780 3918 fuit
811 3866 960 3931 liora,
995 3870 1223 3934 quando.
1249 3868 1443 3920 Pilatus
1489 3881 1584 3934 pro
1626 3868 1875 3920 tribunali
1903 3871 2060 3933 sedit,

502 3944 562 3989 et
608 3946 733 3989 tunc
773 3940 1105 4004 apparitores
1156 3941 1432 4004 potestatis
1475 3938 1621 3989 illum
1661 3940 2058 4003 crucilixernnt,

500 4020 660 4072 quem
696 4007 1129 4072 praevaricatores
1158 4007 1286 4073 legis
1320 4010 1447 4059 hora
1480 4007 1631 4060 tertia
1662 4009 2059 4060 crncilixerunt.

576 4075 641 4126 Et
673 4084 796 4126 tunc
838 4077 1046 4144 illorum
1094 4091 1279 4128 manus
1309 4078 1551 4144 perfecit,
1586 4077 1724 4141 quod
1759 4079 1901 4144 prius
1932 4079 2062 4129 isto-

505 4158 622 4197 rum
654 4144 826 4208 lingua
858 4141 1001 4205 fecit,
1035 4145 1201 4211 magis
1246 4141 1324 4198 rei
1368 4146 1456 4213 qui
1495 4141 1771 4197 saeviendo
1793 4146 2060 4199 clamave-

506 4223 650 4275 runt,
701 4226 997 4279 quanquam
1042 4216 1276 4279 parendo
1322 4215 1782 4266 administrabant.
1833 4214 2062 4267 Exacue-

502 4288 647 4343 runt,
678 4280 914 4346 inquam,
948 4281 1171 4348 linguas,
1203 4294 1254 4335 et
1286 4286 1602 4335 intenderunt
1647 4299 1843 4345 arcum,
1876 4285 1926 4335 id
1954 4296 2059 4349 est,

508 4352 745 4403 occultas
768 4351 987 4402 insidias
1016 4363 1348 4416 paraverunt,
1380 4356 1613 4405 volent-cs
1641 4354 1789 4421 quasi
1821 4367 2061 4406 nescien-

514 4429 595 4471 ter
624 4421 946 4483 interlicere,
978 4434 1134 4488 quem
1181 4423 1310 4473 nihil
1358 4423 1485 4474 latet
1529 4424 1581 4473 in
1620 4426 1847 4474 humano
1876 4423 2055 4476 Corde.

2087 3134 2134 3198 C

2161 1849 2370 1912 pulum;
2393 1864 2494 1899 non
2523 1849 2794 1901 occidatur
2817 1864 2845 1902 a
2868 1851 3039 1913 nobis,
3065 1851 3153 1902 sed
3184 1866 3210 1901 a
3231 1850 3427 1917 judice.
3444 1849 3517 1902 lia
3542 1849 3718 1900 omnia

2160 1917 2433 1981 iaciamus,
2467 1926 2524 1970 ut
2566 1918 2695 1971 nihil
2741 1921 2917 1972 facere
2945 1922 3233 1973 videamur.
3276 1920 3380 1973 Sed
3415 1922 3527 1972 haec
3554 1921 3722 1971 sims-

2160 1987 2261 2038 lata
2307 1988 2602 2040 innocentia
2650 2004 2755 2041 non
2796 1989 2892 2041 luit
2938 1989 3259 2052 innocentia,
3305 1991 3425 2057 quia
3473 1989 3720 2041 simulata

2158 2057 2377 2121 aequitas
2406 2070 2508 2126 non
2538 2067 2619 2111 est
2646 2059 2892 2125 atquitas,
2924 2060 3017 2111 sed
3049 2059 3241 2126 duplex
3284 2059 3554 2123 iniquitas.
3591 2060 3721 2123 Quae

2160 2126 2461 2179 innocentia
2487 2124 2604 2191 fuit,
2634 2128 2684 2180 in
2716 2124 3146 2197 gazophylacium
3178 2128 3317 2181 nolle
3349 2131 3558 2181 mittere
3589 2143 3721 2180 san-

2162 2196 2332 2259 guinis
2363 2199 2658 2261 pecuniam,
2700 2196 2753 2250 et
2787 2199 2996 2251 mittere
3040 2199 3346 2265 Sanguinem
3383 2198 3724 2251 iuconscieu-

2164 2264 2288 2316 tite?
2316 2266 2522 2334 Quippe
2566 2282 2681 2319 cum
2716 2268 2939 2321 traditur
2968 2264 3229 2335 paenitens
3264 2269 3402 2331 lacti,
3434 2269 3617 2331 reiecit
3646 2266 3723 2319 eis

2161 2346 2457 2400 argenteos,
2488 2337 2733 2389 dixerunt
2760 2352 2774 2388 :
2806 2336 2924 2388 Non
2965 2339 3079 2389 licet
3118 2355 3203 2391 cos
3248 2340 3445 2390 mittere
3466 2339 3518 2388 in
3548 2338 3723 2388 corbe-

2163 2420 2299 2470 nam,
2342 2405 2458 2471 quia
2508 2409 2720 2470 pretium
2749 2408 3008 2477 sanguinis
3038 2417 3137 2467 est;
3178 2408 3612 2474 gawphylacium
3640 2406 3721 2459 vel

2161 2478 2451 2545 corboi-am
2486 2489 2602 2527 arca
2633 2476 2871 2543 qnzcdaiii
2900 2487 3034 2541 erat,
3069 2477 3155 2530 ubi
3187 2480 3575 2545 colligebautur
3602 2490 3721 2544 qua

2162 2543 2213 2593 in
2258 2558 2408 2594 nsunt
2454 2555 2757 2597 sanctOrum
2801 2548 3159 2600 mittebantur.
3191 2543 3421 2600 Scru'lati
3471 2543 3723 2606 suntﬁn-

2162 2625 2341 2685 quam,
2377 2613 2685 2679 iniquitates.
2722 2616 2813 2667 sed
2862 2618 2984 2685 quid
3040 2622 3116 2671 eis
3163 2618 3283 2670 inde
3327 2618 3592 2685 contigit?
3624 2618 3722 2667 hoc

2162 2683 2386 2744 scilicet,
2420 2688 2555 2753 quod
2603 2683 2894 2737 scrutantes
2924 2688 3169 2739 scrutinia
3216 2683 3531 2753 defecerunt,
3567 2686 3619 2737 id
3644 2692 3726 2737 est

2162 2760 2359 2816 quanto
2389 2751 2591 2806 acutius
2620 2770 2676 2807 se
2705 2756 2969 2809 invenisse
3002 2760 3083 2808 illa
3115 2751 3352 2810 acuia'et
3380 2757 3573 2808 acerba
3600 2770 3727 2808 cun-

2161 2820 2296 2893 silia‘
2330 2823 2671 2893 putaverunt,
2724 2835 2868 2878 tanto
2916 2829 3081 2893 magis
3134 2842 3161 2878 a
3214 2830 3328 2879 luce
3388 2826 3624 2878 veritatis
3672 2831 3728 2875 et

2162 2888 2423 2962 aequitatis
2469 2891 2822 2960 deliciebant,
2870 2905 2924 2948 et
2964 2888 3029 2949 iri
3069 2895 3324 2962 profunda
3374 2895 3725 2962 malignorum

2161 2960 2507 3032 consiliorum
2551 2965 3033 3032 demergebantur:
3068 2960 3224 3019 habet
3268 2966 3410 3018 enim
3440 2960 3725 3031 quandam

2164 3026 2337 3096 legem
2368 3045 2515 3082 suam
2541 3026 2766 3099 Ῑυδιιιὶίιξ
2794 3048 2899 3102 qua
2950 3037 3209 3101 perfundit
3251 3047 3304 3088 et
3350 3026 3584 3087 illustrat
3614 3032 3727 3085 θηὶο

2166 3112 2327 3173 niam.
2360 3104 2543 3151 Anima
2572 3113 2745 3156 autem
2778 3118 2806 3155 a
2839 3106 2953 3173 luce
2992 3120 3047 3158 se
3077 3118 3350 3168 avertens,
3381 3110 3582 3173 quanto
3612 3116 3726 3155 ma-

2162 3168 2242 3243 gis
2276 3170 2631 3243 invenitquid
2662 3182 2840 3224 contra
2876 3172 3136 3243 justitiam
3170 3175 3343 3237 faciat,
3378 3168 3525 3225 tanto
3560 3174 3725 3242 magis

2161 3249 2191 3314 ξι
2218 3236 2334 3316 luce
2366 3236 2658 3306 repellitur,
2687 3252 2737 3316 et
2769 3244 2819 3295 in
2849 3236 3128 3297 tenebrosa
3156 3236 3533 3316 deniergitur;
3572 3236 3731 3294 sic‘et

2163 3312 2253 3359 isti
2290 3319 2505 3381 quanto
2575 3313 2778 3364 acutius
2836 3316 2958 3380 quid
3013 3323 3194 3366 contra
3240 3312 3441 3381 justum
3492 3312 3729 3381 lacerent

2165 3376 2619 3445 machinabantur,
2668 3392 2811 3435 tanto
2854 3376 2975 3451 plus
3014 3398 3041 3434 a
3070 3383 3184 3436 luce
3235 3376 3469 3435 veritatis
3510 3380 3727 3435 defece-

2164 3456 2308 3499 runt.
2352 3451 2511 3520 litin
2561 3462 2759 3520 tantum
2804 3453 3128 3517 deiecerunt,
3161 3455 3300 3520 quod
3348 3463 3507 3506 etiam
3558 3452 3726 3503 Deum

2164 3530 2321 3583 quem
2352 3518 2451 3585 ipsi
2494 3534 2596 3572 non
2628 3519 2895 3585 videbant,
2939 3522 3091 3575 dolos
3118 3518 3241 3573 suos
3285 3523 3465 3576 videre
3506 3535 3611 3574 non
3635 3535 3728 3587 pa-

2165 3592 2429 3651 taverunt,
2460 3589 2695 3643 dicentes
2720 3608 2732 3641 :
2766 3590 2889 3655 Quis
2918 3591 3098 3643 videbit
3126 3592 3314 3645 homo!

2235 3657 2446 3708 Accedet
2477 3660 2643 3712 homo.
2682 3662 2838 3722 Quasi
2870 3664 3011 3713 dicat
3040 3678 3051 3711 :
3086 3661 3188 3729 Ipsi
3219 3662 3435 3726 quidem
3471 3658 3587 3713 huic
3615 3672 3729 3729 om:

2165 3725 2253 3777 nia
2283 3728 2724 3781 machinabantur
2753 3732 2899 3797 quasi
2945 3725 3129 3793 invito,
3160 3725 3309 3798 quasi
3354 3732 3554 3785 nolenti
3588 3744 3604 3781 :
3632 3727 3726 3798 sed

2166 3803 2341 3845 tamen
2375 3799 2523 3848 hante
2552 3796 2781 3869 accedet,
2824 3803 2873 3869 id
2899 3810 2998 3862 est,
3029 3816 3126 3869 ego
3168 3796 3357 3868 spoiite
3380 3799 3631 3853 accedam
3657 3796 3725 3869 ad

2168 3877 2487 3938 passrotiein.
2545 3868 2739 3921 Passus
2783 3867 2873 3922 est'
2914 3867 3084 3923 homo
3117 3885 3175 3922 se
3205 3867 3400 3930 teneri,
3444 3868 3727 3938 ﬂagellari,

2163 3934 2383 4007 conspui
2413 3944 2465 3987 et
2492 3940 2754 4007 crueiligi;
2799 3940 2919 4007 quia
2951 3954 3054 3992 non
3086 3947 3289 4007 poterat
3317 3934 3730 4004 teiierifllagel-

2164 4002 2540 4080 lari,_con5ptii
2584 4002 2917 4080 etfcruciligi
2946 4002 3258 4080 ιιὶειηῑιυιιιο.
3302 4011 3381 4061 Ad
3423 4009 3519 4061 has
3540 4002 3727 4080 omnes

2164 4076 2436 4137 passiones
2463 4076 2686 4128 arcessit
2715 4082 2893 4141 homo,
2926 4087 2979 4129 ut
3018 4078 3331 4132 liberaretur
3361 4080 3540 4131 homo.
3567 4079 3724 4130 Arce-

2167 4143 2272 4205 det,
2290 4157 2521 4208 inquam,
2546 4147 2692 4196 homo
2714 4155 2760 4197 et
2779 4162 2866 4197 cor
2881 4148 3062 4211 altum,
3084 4149 3133 4200 id
3156 4156 3256 4210 est,
3282 4160 3539 4201 a-ternnm
3564 4150 3614 4199 in
3639 4153 3727 4197 lio-

2164 4225 2306 4263 nilne
2329 4213 2415 4282 illo
2440 4216 2722 4266 consilium
2746 4218 2906 4268 etiam
2937 4220 3171 4270 accedet.
3199 4220 3317 4282 Quo
3356 4218 3515 4270 modo
3544 4226 3724 4267 autem

2165 4281 2423 4355 accessit?
2449 4284 2577 4345 Quia
2611 4286 2777 4338 oculis
2819 4288 2948 4339 solis
2984 4288 3189 4338 illorum
3226 4281 3515 4355 ’objiCiebat
3554 4284 3725 4337 homi-

2164 4365 2319 4421 nem,
2368 4353 2507 4404 intus
2553 4363 2733 4421 legens
2773 4356 3120 4408 divinitatem.
3165 4357 3229 4409 Et
3273 4353 3349 4409 sic
3387 4359 3598 4409 occisus
3644 4360 3727 4406 est

2170 4418 2353 4492 homo,
2376 4429 2431 4473 et
2456 4418 2715 4476 exaltatus
2743 4434 2826 4478 est
2852 4426 2986 4478 Deus
3028 4429 3205 4478 homo.
3249 4428 3467 4480 Occisus
3506 4427 3721 4492 quidem

512 4489 613 4552 Qui
642 4491 773 4541 enim
801 4479 1224 4558 fecitvltoniinem,
1249 4492 1338 4542 icit
1370 4493 1489 4558 quid
1531 4494 1594 4564 sit
1632 4492 1932 4564 inhoniine.
1969 4494 2067 4546 lle-
2096 4479 2145 4539 Ῑ)
2170 4479 2884 4564 θῃιῇυίῖηιμιθιθ,νθχδιιδιυε
2928 4511 3053 4548 vero
3080 4510 3148 4548 ex
3182 4479 3475 4564 majestate.
3511 4479 3577 4547 Et
3620 4507 3725 4563 quo

511 4570 785 4626 signantur
830 4570 1005 4611 autem
1057 4574 1150 4625 per
1196 4576 1376 4613 arcum
1426 4562 1648 4615 occulta:
1694 4563 1895 4615 insidia:
1925 4564 2066 4627 ideo,

507 4642 632 4694 quia
660 4629 749 4696 qui
778 4628 1016 4699 cominus
1042 4630 1217 4696 gladio
1250 4643 1443 4697 pugnat
1489 4641 1671 4698 aperte
1718 4644 1929 4699 pugnat.
1965 4634 2066 4697 Qui

506 4712 688 4749 arcum
738 4697 962 4765 percolit
1010 4708 1068 4750 ut
1114 4699 1288 4763 feriat,
1323 4702 1473 4752 fallit.
1509 4697 1641 4752 Audi
1682 4697 2063 4754 rem'amaram.

518 4765 652 4818 Vere
672 4770 812 4820 enim
837 4782 922 4820 res
943 4782 1121 4819 amara
1149 4776 1287 4835 quod
1312 4771 1454 4822 illum
1477 4771 1722 4823 volebant
1746 4776 2063 4837 Illlcl‘llcel‘e,

506 4848 665 4902 quem
713 4837 961 4890 'videbant
1002 4848 1235 4892 mortuos
1283 4838 1560 4902 suscitare,
1604 4850 1657 4893 et
1703 4842 1822 4891 talia
1870 4844 2063 4893 lacere.

509 4906 588 4957 Ad
607 4909 725 4969 hoc,
748 4907 981 4973 inquam,
1003 4907 1315 4960 intenderunt
1336 4924 1527 4971 arcum,
1556 4917 1608 4961 ut
1633 4914 1866 4977 sagittent
1888 4911 2066 4961 imma-

509 4977 755 5038 culatum,
792 4978 840 5027 id
865 4986 944 5045 est
968 4985 1024 5028 ut
1053 4977 1369 5031 interiit-iant
1397 4979 1541 5030 illum
1563 4980 1649 5045 qui
1679 4981 1937 5032 maculam
1961 4995 2067 5033 non

510 5052 801 5106 contraxit,
852 5043 1294 5116 quiajpecgatuni
1344 5065 1446 5101 non
1485 5043 1641 5110 fecit,
1677 5058 1731 5100 et
1766 5050 1884 5116 quia
1932 5052 2066 5103 adeo

510 5128 731 5181 exspers
772 5128 802 5165 a
838 5108 1041 5167 macula
1071 5108 1188 5178 lilii,
1212 5121 1350 5183 quod
1380 5118 1541 5169 etiam
1591 5108 1820 5170 maculas
1860 5131 2066 5173 nostras

510 5186 760 5246 detersit;
810 5187 1016 5253 ctrlioc
1064 5186 1116 5236 in
1166 5189 1372 5238 occulas
1417 5196 1669 5253 quantum
1720 5190 1783 5239 ad
1831 5201 1910 5251 se,
1960 5205 2066 5243 non

512 5261 764 5320 quantum
792 5254 855 5303 ad
887 5252 1033 5304 illum
1063 5269 1217 5319 quem
1252 5257 1378 5308 nihil
1409 5252 1614 5321 poterat
1638 5260 1821 5309 latere.

582 5325 757 5375 bubile
799 5326 1105 5391 sagittabunt
1145 5339 1276 5377 eum.
1328 5328 1485 5390 Quasi
1537 5326 1679 5379 dicat
1725 5346 1738 5377 ε
1786 5327 2064 5380 Perltcietit

509 5405 635 5465 vere
662 5391 787 5445 illtid
817 5397 883 5445 ad
918 5393 1057 5465 quod
1085 5408 1257 5445 arcum
1303 5396 1642 5456 intenderunt,
1692 5396 1812 5465 quia
1862 5399 2069 5464 sagitta-

507 5458 632 5511 bunt
681 5464 1074 5515 immaculatum
1120 5466 1325 5529 subito,
1374 5466 1425 5519 id
1475 5476 1587 5528 est,
1643 5458 1726 5519 ω’
1758 5458 2065 5532 improviso,

507 5542 761 5597 quantum
807 5533 873 5585 ad
920 5547 1071 5585 suam
1122 5535 1443 5600 opinionem,
1476 5545 1523 5587 et
1570 5549 1670 5587 non
1719 5540 1981 5599 timebunt,
2014 5538 2064 5589 id

510 5608 614 5660 est,
644 5616 746 5673 noti
783 5601 1191 5673 ‘obstupescunt,
1241 5619 1540 5672 quanquam
1589 5606 1841 5673 sagitteut
1890 5621 2009 5657 eum
2048 5621 2060 5658 :

508 5678 680 5721 innuit
702 5668 888 5735 judes,
910 5668 1013 5724 non
1045 5668 1336 5727 timuerunt
1366 5668 1433 5726 illi
1464 5675 1551 5738 qui
1581 5668 1909 5728 tradiderunt
1940 5690 2062 5729 eum

505 5740 686 5802 pidici.
744 5738 1073 5794 Coutremnit
1127 5752 1400 5810 potestas,
1446 5748 1538 5799 sed
1588 5759 1692 5798 non
1743 5753 2063 5801 contremuit

2172 4560 2300 4610 abiit
2326 4562 2621 4614 exaltatus?
2657 4563 2802 4617 Unde
2828 4564 3031 4617 scilicet
3070 4580 3173 4618 non
3224 4560 3444 4621 recessit
3483 4560 3724 4617 homins-

2170 4637 2273 4688 tus,
2305 4629 2356 4681 id
2379 4642 2479 4694 est,
2507 4635 2571 4682 ad
2597 4635 2771 4685 sinum
2798 4635 2886 4685 Uei
2929 4635 3100 4685 Patris
3147 4636 3318 4699 rediit,
3346 4636 3485 4688 unde
3520 4649 3610 4699 per
3645 4646 3725 4683 as-

2170 4712 2394 4766 sumpta:
2442 4704 2615 4753 carnis
2670 4704 3085 4756 linniiliationein
3134 4721 3235 4757 non
3278 4706 3513 4758 receSsit-
3555 4701 3725 4754 Habet

2172 4782 2351 4841 nostra
2384 4772 2677 4833 translatio,
2712 4778 2785 4824 Ad
2826 4788 2912 4824 cor
2939 4776 3117 4837 altum,
3159 4777 3298 4841 quod
3334 4786 3464 4826 satis
3490 4786 3725 4841 cengrue

2169 4836 2270 4903 legi
2301 4849 2472 4903 potest
2500 4843 2578 4893 sic
2604 4859 2616 4892 :
2650 4842 2774 4909 Ipsi,
2807 4843 3039 4908 inquam,
3063 4836 3274 4895 scrutati
3312 4854 3427 4896 sunt
3457 4836 3723 4903 scrutinio,

2169 4917 2223 4957 et
2271 4909 2322 4959 in
2372 4910 2468 4961 hac
2513 4914 2834 4964 scrutatione
2874 4916 3188 4979 perticienda
3238 4914 3438 4965 accedet
3481 4918 3627 4964 Itonia
3657 4912 3727 4962 de

2167 4979 2459 5031 mitioribus
2487 4981 2553 5030 ad
2577 4995 2662 5031 cor
2689 4981 2871 5043 altum,
2905 4982 2953 5033 id
2978 4990 3080 5048 est,
3124 4983 3188 5034 ad
3230 4998 3547 5036 consensum
3579 4984 3723 5047 prio-

2166 5060 2365 5118 cipum,
2410 5048 2460 5099 id
2501 5060 2602 5111 est,
2643 5053 2974 5103 consentient
3014 5053 3241 5118 majores
3284 5066 3335 5105 et
3378 5058 3611 5105 minores
3656 5050 3725 5103 ad

2168 5113 2282 5168 lucc
2317 5120 2504 5169 acerba
2555 5121 2772 5171 consd‘ia
2804 5113 3139 5185 perﬁcienda.
3172 5122 3265 5175 Vel
3293 5124 3445 5175 homo
3466 5122 3727 5184 δίιιψιιεήο

2169 5195 2268 5246 ter,
2296 5197 2600 5252 persecutor
2627 5189 2826 5241 accedet
2857 5194 2921 5240 ad
2952 5205 3039 5242 cor
3066 5192 3244 5254 alium,
3277 5192 3327 5245 id
3356 5206 3457 5257 est,
3486 5194 3552 5243 ad
3573 5191 3726 5243 Chri-

2169 5262 2308 5306 stum
2342 5266 2396 5307 ut
2422 5258 2691 5323 cruciligat
2720 5274 2860 5311 eum.
2903 5260 2957 5312 lu
3002 5276 3105 5327 quo
3134 5278 3252 5313 vere
3278 5277 3369 5314 cor
3405 5264 3570 5312 altum
3602 5258 3724 5325 fuit,

2166 5327 2288 5390 quia
2318 5338 2423 5377 erat
2450 5342 2501 5376 ut
2529 5329 2730 5379 Christo
2757 5331 2997 5381 mundum
3042 5333 3136 5382 sibi
3176 5332 3526 5393 reconcilians,
3558 5342 3611 5382 et
3646 5330 3725 5382 sic

2166 5395 2434 5467 occidetur
2463 5402 2642 5460 homo,
2672 5397 2736 5448 Et
2759 5399 3061 5450 excitabitur
3096 5399 3233 5452 Deus
3263 5402 3440 5463 homo,
3474 5415 3526 5453 ut
3556 5401 3723 5467 prius.

2237 5462 2450 5531 Sagitta
2490 5468 2832 5532 parvulorum.
2876 5468 2992 5520 Ideo
3020 5469 3139 5522 dico
3171 5471 3304 5522 Deus
3345 5462 3501 5522 homo
3527 5462 3729 5521 eiulat-

2167 5530 2320 5596 liitur,
2351 5530 2589 5609 quia‘illi
2621 5537 2749 5591 nihil
2792 5536 3036 5589 effectum
3081 5542 3359 5594 dederunt.
3387 5539 3516 5593 Nam
3561 5544 3731 5609 plaga

2165 5617 2340 5681 eorum
2364 5606 2514 5681 facite
2533 5617 2649 5659 sunt
2672 5610 2871 5677 sagitta:
2891 5612 3238 5681 perpulerunt,
3271 5610 3321 5662 id
3346 5621 3427 5663 est
3450 5610 3577 5662 nihil
3604 5606 3729 5681 etim

2166 5673 2418 5750 lasset-unt
2457 5676 2595 5750 sicut
2640 5673 2863 5746 sagittae,
2894 5673 3024 5750 q'iias
3072 5682 3274 5747 parvuli
3321 5685 3388 5733 de
3418 5684 3625 5747 stipulis
3650 5680 3731 5750 la:

2166 5748 2348 5811 ciunt,
2404 5748 2600 5801 unlluni
2659 5751 2875 5802 Lutum.
2939 5748 3026 5802 Vel
3078 5751 3290 5804 aliter:
3339 5754 3522 5805 Solent
3578 5749 3729 5814 pueri
