  <div class='ocr_page' id='page_1' title='image "/cluster/home/n/w/nwhite01/storage/ocr_20150623/93/hvd.32044052820016/415.png"; bbox 0 0 4010 6190; ppageno 0'>
   <div class='ocr_carea' id='block_1_1' title="bbox 498 330 605 383">
    <p class='ocr_par' dir='ltr' id='par_1_1' title="bbox 498 330 605 383">
     <span class='ocr_line' id='line_1_1' title="bbox 498 330 605 383; baseline -0.037 0"><span class='ocrx_word' id='word_1_1' title='bbox 498 330 605 383; x_wconf 55' lang='lat' dir='ltr'><strong>ﬂii</strong></span> 
     </span>
    </p>
   </div>
   <div class='ocr_carea' id='block_1_2' title="bbox 964 321 3322 381">
    <p class='ocr_par' dir='ltr' id='par_1_2' title="bbox 964 321 3322 381">
     <span class='ocr_line' id='line_1_2' title="bbox 964 321 3322 381; baseline 0 -1"><span class='ocrx_word' id='word_1_2' title='bbox 964 324 1168 381; x_wconf 64' lang='lat' dir='ltr'><strong>DEDIE</strong></span> <span class='ocrx_word' id='word_1_3' title='bbox 1213 321 1660 380; x_wconf 78' lang='lat' dir='ltr'><strong>VENERABILIS</strong></span> <span class='ocrx_word' id='word_1_4' title='bbox 1701 322 1850 379; x_wconf 79' lang='lat' dir='ltr'><strong>OPP.</strong></span> <span class='ocrx_word' id='word_1_5' title='bbox 1895 321 2073 380; x_wconf 76' lang='lat' dir='ltr'><strong>PARS</strong></span> <span class='ocrx_word' id='word_1_6' title='bbox 2114 321 2177 377; x_wconf 90' lang='grc' dir='ltr'><strong>ΙΙ.</strong></span> <span class='ocrx_word' id='word_1_7' title='bbox 2210 321 2405 380; x_wconf 81' lang='lat' dir='ltr'><strong>SECT.</strong></span> <span class='ocrx_word' id='word_1_8' title='bbox 2450 323 2514 378; x_wconf 90' lang='grc'><strong>11.</strong></span> <span class='ocrx_word' id='word_1_9' title='bbox 2570 352 2639 365; x_wconf 95' lang='grc'><strong><em>-</em></strong></span> <span class='ocrx_word' id='word_1_10' title='bbox 2678 322 2880 380; x_wconf 68' lang='lat' dir='ltr'><strong>DUBIA</strong></span> <span class='ocrx_word' id='word_1_11' title='bbox 2928 323 3013 377; x_wconf 82' lang='lat' dir='ltr'><strong>ET</strong></span> <span class='ocrx_word' id='word_1_12' title='bbox 3053 323 3322 381; x_wconf 74' lang='lat' dir='ltr'><strong>SPURIA.</strong></span> 
     </span>
    </p>
   </div>
   <div class='ocr_carea' id='block_1_3' title="bbox 3647 329 3754 386">
    <p class='ocr_par' dir='ltr' id='par_1_3' title="bbox 3647 329 3754 386">
     <span class='ocr_line' id='line_1_3' title="bbox 3647 329 3754 386; baseline 0.019 -2"><span class='ocrx_word' id='word_1_13' title='bbox 3647 329 3754 386; x_wconf 74' lang='lat'><strong>816</strong></span> 
     </span>
    </p>
   </div>
   <div class='ocr_carea' id='block_1_4' title="bbox 500 439 3759 516">
    <p class='ocr_par' dir='ltr' id='par_1_4' title="bbox 500 439 3759 516">
     <span class='ocr_line' id='line_1_4' title="bbox 500 439 3759 516; baseline 0 -16"><span class='ocrx_word' id='word_1_14' title='bbox 500 444 721 516; x_wconf 77' lang='lat' dir='ltr'><strong>generis</strong></span> <span class='ocrx_word' id='word_1_15' title='bbox 772 440 1245 516; x_wconf 71' lang='lat' dir='ltr'><strong>insimutcurruut</strong></span> <span class='ocrx_word' id='word_1_16' title='bbox 1286 440 1550 516; x_wconf 78' lang='lat' dir='ltr'><strong>permisti,</strong></span> <span class='ocrx_word' id='word_1_17' title='bbox 1598 441 1649 495; x_wconf 90' lang='lat' dir='ltr'><strong>in</strong></span> <span class='ocrx_word' id='word_1_18' title='bbox 1692 441 1797 516; x_wconf 76' lang='lat' dir='ltr'><strong>fine</strong></span> <span class='ocrx_word' id='word_1_19' title='bbox 1827 455 1955 516; x_wconf 76' lang='lat' dir='ltr'><strong>vero</strong></span> <span class='ocrx_word' id='word_1_20' title='bbox 1987 456 2086 516; x_wconf 62' lang='grc' dir='ltr'><strong>Δεε-</strong></span> <span class='ocrx_word' id='word_1_21' title='bbox 2116 444 2160 503; x_wconf 79' lang='grc' dir='ltr'><strong>Α</strong></span> <span class='ocrx_word' id='word_1_22' title='bbox 2192 456 2331 495; x_wconf 90' lang='lat' dir='ltr'><strong>nunc</strong></span> <span class='ocrx_word' id='word_1_23' title='bbox 2364 441 2422 516; x_wconf 84' lang='lat' dir='ltr'><strong>ﬁt</strong></span> <span class='ocrx_word' id='word_1_24' title='bbox 2452 441 2671 509; x_wconf 78' lang='lat' dir='ltr'><strong>integre,</strong></span> <span class='ocrx_word' id='word_1_25' title='bbox 2710 439 2799 516; x_wconf 77' lang='lat' dir='ltr'><strong>tibi</strong></span> <span class='ocrx_word' id='word_1_26' title='bbox 2850 439 3124 516; x_wconf 74' lang='lat' dir='ltr'><strong>reddetur.</strong></span> <span class='ocrx_word' id='word_1_27' title='bbox 3166 440 3285 516; x_wconf 75' lang='lat' dir='ltr'><strong>quia</strong></span> <span class='ocrx_word' id='word_1_28' title='bbox 3330 440 3617 516; x_wconf 75' lang='lat' dir='ltr'><strong>perfectum</strong></span> <span class='ocrx_word' id='word_1_29' title='bbox 3664 446 3759 501; x_wconf 88' lang='lat' dir='ltr'><strong>tibi</strong></span> 
     </span>
    </p>
   </div>
   <div class='ocr_carea' id='block_1_5' title="bbox 506 512 2081 584">
    <p class='ocr_par' dir='ltr' id='par_1_5' title="bbox 506 512 2081 584">
     <span class='ocr_line' id='line_1_5' title="bbox 506 512 2081 584; baseline -0.005 -13"><span class='ocrx_word' id='word_1_30' title='bbox 506 512 746 584; x_wconf 69' lang='lat' dir='ltr'><strong>parandi.</strong></span> <span class='ocrx_word' id='word_1_31' title='bbox 782 512 904 584; x_wconf 83' lang='lat' dir='ltr'><strong>lude</strong></span> <span class='ocrx_word' id='word_1_32' title='bbox 930 513 1090 584; x_wconf 72' lang='lat' dir='ltr'><strong>etiam</strong></span> <span class='ocrx_word' id='word_1_33' title='bbox 1131 526 1271 584; x_wconf 87' lang='lat' dir='ltr'><strong>nunc</strong></span> <span class='ocrx_word' id='word_1_34' title='bbox 1300 512 1699 584; x_wconf 78' lang='lat' dir='ltr'><strong>distinguuntur</strong></span> <span class='ocrx_word' id='word_1_35' title='bbox 1725 513 1871 566; x_wconf 84' lang='lat' dir='ltr'><strong>cives</strong></span> <span class='ocrx_word' id='word_1_36' title='bbox 1911 512 2081 584; x_wconf 81' lang='lat' dir='ltr'><strong>Bahy—</strong></span> 
     </span>
    </p>
   </div>
   <div class='ocr_carea' id='block_1_6' title="bbox 505 580 2087 651">
    <p class='ocr_par' dir='ltr' id='par_1_6' title="bbox 505 580 2087 651">
     <span class='ocr_line' id='line_1_6' title="bbox 505 580 2087 651; baseline -0.004 -10"><span class='ocrx_word' id='word_1_37' title='bbox 505 580 685 647; x_wconf 59' lang='lat' dir='ltr'><strong>lunias,</strong></span> <span class='ocrx_word' id='word_1_38' title='bbox 718 592 771 636; x_wconf 90' lang='lat' dir='ltr'><strong>et</strong></span> <span class='ocrx_word' id='word_1_39' title='bbox 800 582 939 635; x_wconf 81' lang='lat' dir='ltr'><strong>cives</strong></span> <span class='ocrx_word' id='word_1_40' title='bbox 969 580 1338 651; x_wconf 53' lang='lat' dir='ltr'><strong>Jijrosolymae.</strong></span> <span class='ocrx_word' id='word_1_41' title='bbox 1389 582 1492 634; x_wconf 87' lang='lat' dir='ltr'><strong>llas</strong></span> <span class='ocrx_word' id='word_1_42' title='bbox 1521 583 1654 636; x_wconf 84' lang='lat' dir='ltr'><strong>duas</strong></span> <span class='ocrx_word' id='word_1_43' title='bbox 1700 584 1942 635; x_wconf 83' lang='lat' dir='ltr'><strong>civitates</strong></span> <span class='ocrx_word' id='word_1_44' title='bbox 1981 583 2087 635; x_wconf 88' lang='lat' dir='ltr'><strong>duo</strong></span> 
     </span>
    </p>
   </div>
   <div class='ocr_carea' id='block_1_7' title="bbox 504 650 2086 717">
    <p class='ocr_par' dir='ltr' id='par_1_7' title="bbox 504 650 2086 717">
     <span class='ocr_line' id='line_1_7' title="bbox 504 650 2086 717; baseline -0.004 -9"><span class='ocrx_word' id='word_1_45' title='bbox 504 658 703 711; x_wconf 73' lang='lat' dir='ltr'><strong>iaciunt</strong></span> <span class='ocrx_word' id='word_1_46' title='bbox 731 666 960 705; x_wconf 89' lang='lat' dir='ltr'><strong>amores.</strong></span> <span class='ocrx_word' id='word_1_47' title='bbox 1001 650 1297 705; x_wconf 83' lang='lat' dir='ltr'><strong>Jerusalem</strong></span> <span class='ocrx_word' id='word_1_48' title='bbox 1328 651 1465 717; x_wconf 86' lang='lat' dir='ltr'><strong>quod</strong></span> <span class='ocrx_word' id='word_1_49' title='bbox 1501 653 1621 704; x_wconf 78' lang='lat' dir='ltr'><strong>facit</strong></span> <span class='ocrx_word' id='word_1_50' title='bbox 1658 668 1811 705; x_wconf 88' lang='lat' dir='ltr'><strong>amor</strong></span> <span class='ocrx_word' id='word_1_51' title='bbox 1842 651 1955 711; x_wconf 82' lang='lat' dir='ltr'><strong>Dei.</strong></span> <span class='ocrx_word' id='word_1_52' title='bbox 1990 653 2086 705; x_wconf 85' lang='lat' dir='ltr'><strong>Ba-</strong></span> 
     </span>
    </p>
   </div>
   <div class='ocr_carea' id='block_1_8' title="bbox 504 722 2089 795">
    <p class='ocr_par' dir='ltr' id='par_1_8' title="bbox 504 722 2089 795">
     <span class='ocr_line' id='line_1_8' title="bbox 504 722 2089 795; baseline -0.001 -16"><span class='ocrx_word' id='word_1_53' title='bbox 504 729 751 795; x_wconf 87' lang='lat' dir='ltr'><strong>hylonem</strong></span> <span class='ocrx_word' id='word_1_54' title='bbox 801 736 927 795; x_wconf 83' lang='lat' dir='ltr'><strong>vero</strong></span> <span class='ocrx_word' id='word_1_55' title='bbox 976 736 1128 795; x_wconf 82' lang='lat' dir='ltr'><strong>amor</strong></span> <span class='ocrx_word' id='word_1_56' title='bbox 1175 722 1379 795; x_wconf 79' lang='lat' dir='ltr'><strong>mundi.</strong></span> <span class='ocrx_word' id='word_1_57' title='bbox 1431 722 1725 795; x_wconf 82' lang='lat' dir='ltr'><strong>Interroget</strong></span> <span class='ocrx_word' id='word_1_58' title='bbox 1762 736 1825 795; x_wconf 7' lang='lat' dir='ltr'><strong>ise</strong></span> <span class='ocrx_word' id='word_1_59' title='bbox 1863 724 2089 795; x_wconf 83' lang='lat' dir='ltr'><strong>quisque</strong></span> 
     </span>
    </p>
   </div>
   <div class='ocr_carea' id='block_1_9' title="bbox 503 791 2087 862">
    <p class='ocr_par' dir='ltr' id='par_1_9' title="bbox 503 791 2087 862">
     <span class='ocr_line' id='line_1_9' title="bbox 503 791 2087 862; baseline -0.001 -13"><span class='ocrx_word' id='word_1_60' title='bbox 503 791 591 862; x_wconf 83' lang='lat' dir='ltr'><strong>qui</strong></span> <span class='ocrx_word' id='word_1_61' title='bbox 616 800 777 854; x_wconf 89' lang='lat' dir='ltr'><strong>amat,</strong></span> <span class='ocrx_word' id='word_1_62' title='bbox 810 799 864 845; x_wconf 89' lang='lat' dir='ltr'><strong>et</strong></span> <span class='ocrx_word' id='word_1_63' title='bbox 894 791 1124 862; x_wconf 83' lang='lat' dir='ltr'><strong>inveniet</strong></span> <span class='ocrx_word' id='word_1_64' title='bbox 1153 792 1294 846; x_wconf 91' lang='lat' dir='ltr'><strong>unde</strong></span> <span class='ocrx_word' id='word_1_65' title='bbox 1334 792 1466 845; x_wconf 84' lang='lat' dir='ltr'><strong>civis</strong></span> <span class='ocrx_word' id='word_1_66' title='bbox 1496 795 1566 845; x_wconf 87' lang='lat' dir='ltr'><strong>sit</strong></span> <span class='ocrx_word' id='word_1_67' title='bbox 1609 793 1721 846; x_wconf 86' lang='lat' dir='ltr'><strong>Dei.</strong></span> <span class='ocrx_word' id='word_1_68' title='bbox 1754 794 1807 845; x_wconf 84' lang='lat' dir='ltr'><strong>Si</strong></span> <span class='ocrx_word' id='word_1_69' title='bbox 1847 801 1929 847; x_wconf 93' lang='lat' dir='ltr'><strong>est</strong></span> <span class='ocrx_word' id='word_1_70' title='bbox 1956 793 2087 847; x_wconf 80' lang='lat' dir='ltr'><strong>civis</strong></span> 
     </span>
    </p>
   </div>
   <div class='ocr_carea' id='block_1_10' title="bbox 504 861 2087 932">
    <p class='ocr_par' dir='ltr' id='par_1_10' title="bbox 504 861 2087 932">
     <span class='ocr_line' id='line_1_10' title="bbox 504 861 2087 932; baseline -0.002 -13"><span class='ocrx_word' id='word_1_71' title='bbox 504 863 831 932; x_wconf 71' lang='lat' dir='ltr'><strong>Babyloni-.13,</strong></span> <span class='ocrx_word' id='word_1_72' title='bbox 856 861 1113 929; x_wconf 88' lang='lat' dir='ltr'><strong>exstirpet</strong></span> <span class='ocrx_word' id='word_1_73' title='bbox 1135 863 1502 930; x_wconf 85' lang='lat' dir='ltr'><strong>cupiditatem,</strong></span> <span class='ocrx_word' id='word_1_74' title='bbox 1534 873 1587 917; x_wconf 90' lang='lat' dir='ltr'><strong>et</strong></span> <span class='ocrx_word' id='word_1_75' title='bbox 1620 863 1821 930; x_wconf 85' lang='lat' dir='ltr'><strong>plantet</strong></span> <span class='ocrx_word' id='word_1_76' title='bbox 1851 864 2087 916; x_wconf 90' lang='lat' dir='ltr'><strong>charita-</strong></span> 
     </span>
    </p>
   </div>
   <div class='ocr_carea' id='block_1_11' title="bbox 503 932 2085 1001">
    <p class='ocr_par' dir='ltr' id='par_1_11' title="bbox 503 932 2085 1001">
     <span class='ocr_line' id='line_1_11' title="bbox 503 932 2085 1001; baseline -0.002 -10"><span class='ocrx_word' id='word_1_77' title='bbox 503 946 644 999; x_wconf 88' lang='lat' dir='ltr'><strong>tem;</strong></span> <span class='ocrx_word' id='word_1_78' title='bbox 674 934 716 987; x_wconf 90' lang='lat' dir='ltr'><strong>si</strong></span> <span class='ocrx_word' id='word_1_79' title='bbox 748 946 875 986; x_wconf 90' lang='lat' dir='ltr'><strong>vero</strong></span> <span class='ocrx_word' id='word_1_80' title='bbox 904 932 1033 986; x_wconf 83' lang='lat' dir='ltr'><strong>civis</strong></span> <span class='ocrx_word' id='word_1_81' title='bbox 1060 942 1143 986; x_wconf 88' lang='lat' dir='ltr'><strong>est</strong></span> <span class='ocrx_word' id='word_1_82' title='bbox 1169 932 1537 1001; x_wconf 75' lang='lat' dir='ltr'><strong>Jerosolyntaz,</strong></span> <span class='ocrx_word' id='word_1_83' title='bbox 1574 935 1765 989; x_wconf 85' lang='lat' dir='ltr'><strong>toleret</strong></span> <span class='ocrx_word' id='word_1_84' title='bbox 1800 936 2085 1000; x_wconf 86' lang='lat' dir='ltr'><strong>captivita-</strong></span> 
     </span>
    </p>
   </div>
   <div class='ocr_carea' id='block_1_12' title="bbox 510 1001 2089 1073">
    <p class='ocr_par' dir='ltr' id='par_1_12' title="bbox 510 1001 2089 1073">
     <span class='ocr_line' id='line_1_12' title="bbox 510 1001 2089 1073; baseline 0 -14"><span class='ocrx_word' id='word_1_85' title='bbox 510 1016 637 1067; x_wconf 87' lang='lat' dir='ltr'><strong>tem,</strong></span> <span class='ocrx_word' id='word_1_86' title='bbox 664 1011 843 1071; x_wconf 87' lang='lat' dir='ltr'><strong>speret</strong></span> <span class='ocrx_word' id='word_1_87' title='bbox 870 1001 1256 1073; x_wconf 74' lang='lat' dir='ltr'><strong>liberationem.</strong></span> <span class='ocrx_word' id='word_1_88' title='bbox 1294 1003 1404 1057; x_wconf 89' lang='lat' dir='ltr'><strong>Sub</strong></span> <span class='ocrx_word' id='word_1_89' title='bbox 1446 1005 1544 1056; x_wconf 90' lang='lat' dir='ltr'><strong>hac</strong></span> <span class='ocrx_word' id='word_1_90' title='bbox 1576 1006 1739 1073; x_wconf 83' lang='lat' dir='ltr'><strong>ligura</strong></span> <span class='ocrx_word' id='word_1_91' title='bbox 1770 1003 2089 1071; x_wconf 70' lang='lat' dir='ltr'><strong>captivitatis</strong></span> 
     </span>
    </p>
   </div>
   <div class='ocr_carea' id='block_1_13' title="bbox 504 1070 2087 1141">
    <p class='ocr_par' dir='ltr' id='par_1_13' title="bbox 504 1070 2087 1141">
     <span class='ocr_line' id='line_1_13' title="bbox 504 1070 2087 1141; baseline -0.003 -10"><span class='ocrx_word' id='word_1_92' title='bbox 504 1087 561 1132; x_wconf 90' lang='lat' dir='ltr'><strong>et</strong></span> <span class='ocrx_word' id='word_1_93' title='bbox 590 1070 919 1130; x_wconf 83' lang='lat' dir='ltr'><strong>liberationis</strong></span> <span class='ocrx_word' id='word_1_94' title='bbox 950 1072 1186 1139; x_wconf 84' lang='lat' dir='ltr'><strong>psalmus</strong></span> <span class='ocrx_word' id='word_1_95' title='bbox 1217 1074 1316 1127; x_wconf 90' lang='lat' dir='ltr'><strong>iste</strong></span> <span class='ocrx_word' id='word_1_96' title='bbox 1362 1070 1632 1138; x_wconf 66' lang='lat' dir='ltr'><strong>cantatur,</strong></span> <span class='ocrx_word' id='word_1_97' title='bbox 1659 1076 1708 1127; x_wconf 94' lang='lat' dir='ltr'><strong>in</strong></span> <span class='ocrx_word' id='word_1_98' title='bbox 1749 1070 1901 1141; x_wconf 84' lang='lat' dir='ltr'><strong>cujus</strong></span> <span class='ocrx_word' id='word_1_99' title='bbox 1933 1075 2087 1127; x_wconf 91' lang='lat' dir='ltr'><strong>titulo</strong></span> 
     </span>
    </p>
   </div>
   <div class='ocr_carea' id='block_1_14' title="bbox 509 1141 2089 1213">
    <p class='ocr_par' dir='ltr' id='par_1_14' title="bbox 509 1141 2089 1213">
     <span class='ocr_line' id='line_1_14' title="bbox 509 1141 2089 1213; baseline -0.002 -11"><span class='ocrx_word' id='word_1_100' title='bbox 509 1157 633 1202; x_wconf 85' lang='lat' dir='ltr'><strong>sunt</strong></span> <span class='ocrx_word' id='word_1_101' title='bbox 660 1145 764 1199; x_wconf 90' lang='lat' dir='ltr'><strong>duo</strong></span> <span class='ocrx_word' id='word_1_102' title='bbox 790 1143 841 1196; x_wconf 93' lang='lat' dir='ltr'><strong>hi</strong></span> <span class='ocrx_word' id='word_1_103' title='bbox 873 1144 1147 1213; x_wconf 69' lang='lat' dir='ltr'><strong>prophetae</strong></span> <span class='ocrx_word' id='word_1_104' title='bbox 1188 1141 1450 1197; x_wconf 84' lang='lat' dir='ltr'><strong>Jeremias</strong></span> <span class='ocrx_word' id='word_1_105' title='bbox 1497 1153 1555 1199; x_wconf 87' lang='lat' dir='ltr'><strong>et</strong></span> <span class='ocrx_word' id='word_1_106' title='bbox 1596 1148 1842 1213; x_wconf 67' lang='lat' dir='ltr'><strong>Aggzeus,</strong></span> <span class='ocrx_word' id='word_1_107' title='bbox 1872 1154 1925 1199; x_wconf 90' lang='lat' dir='ltr'><strong>et</strong></span> <span class='ocrx_word' id='word_1_108' title='bbox 1962 1159 2089 1198; x_wconf 88' lang='lat' dir='ltr'><strong>can-</strong></span> 
     </span>
    </p>
   </div>
   <div class='ocr_carea' id='block_1_15' title="bbox 512 1211 2088 1286">
    <p class='ocr_par' dir='ltr' id='par_1_15' title="bbox 512 1211 2088 1286">
     <span class='ocr_line' id='line_1_15' title="bbox 512 1211 2088 1286; baseline -0.003 -17"><span class='ocrx_word' id='word_1_109' title='bbox 512 1226 623 1271; x_wconf 89' lang='lat' dir='ltr'><strong>tant</strong></span> <span class='ocrx_word' id='word_1_110' title='bbox 653 1232 772 1270; x_wconf 89' lang='lat' dir='ltr'><strong>cum</strong></span> <span class='ocrx_word' id='word_1_111' title='bbox 804 1211 1098 1286; x_wconf 85' lang='lat' dir='ltr'><strong>inciperent</strong></span> <span class='ocrx_word' id='word_1_112' title='bbox 1126 1214 1297 1286; x_wconf 84' lang='lat' dir='ltr'><strong>exire.</strong></span> <span class='ocrx_word' id='word_1_113' title='bbox 1334 1214 1543 1286; x_wconf 11' lang='lat' dir='ltr'><strong>Incipit,</strong></span> <span class='ocrx_word' id='word_1_114' title='bbox 1566 1211 1770 1286; x_wconf 80' lang='lat' dir='ltr'><strong>aliquis</strong></span> <span class='ocrx_word' id='word_1_115' title='bbox 1800 1215 1868 1269; x_wconf 80' lang='lat' dir='ltr'><strong>tle</strong></span> <span class='ocrx_word' id='word_1_116' title='bbox 1919 1216 2088 1286; x_wconf 81' lang='lat' dir='ltr'><strong>Baby-</strong></span> 
     </span>
    </p>
   </div>
   <div class='ocr_carea' id='block_1_16' title="bbox 501 1283 2089 1352">
    <p class='ocr_par' dir='ltr' id='par_1_16' title="bbox 501 1283 2089 1352">
     <span class='ocr_line' id='line_1_16' title="bbox 501 1283 2089 1352; baseline -0.001 -12"><span class='ocrx_word' id='word_1_117' title='bbox 501 1290 649 1340; x_wconf 71' lang='lat' dir='ltr'><strong>lonia</strong></span> <span class='ocrx_word' id='word_1_118' title='bbox 679 1287 847 1347; x_wconf 75' lang='lat' dir='ltr'><strong>exire,</strong></span> <span class='ocrx_word' id='word_1_119' title='bbox 879 1297 999 1338; x_wconf 90' lang='lat' dir='ltr'><strong>cum</strong></span> <span class='ocrx_word' id='word_1_120' title='bbox 1034 1283 1221 1352; x_wconf 89' lang='lat' dir='ltr'><strong>incipit</strong></span> <span class='ocrx_word' id='word_1_121' title='bbox 1264 1299 1466 1338; x_wconf 84' lang='lat' dir='ltr'><strong>amare.</strong></span> <span class='ocrx_word' id='word_1_122' title='bbox 1502 1283 1667 1338; x_wconf 75' lang='lat' dir='ltr'><strong>Multi</strong></span> <span class='ocrx_word' id='word_1_123' title='bbox 1689 1284 1829 1339; x_wconf 91' lang='lat' dir='ltr'><strong>enim</strong></span> <span class='ocrx_word' id='word_1_124' title='bbox 1864 1283 2089 1340; x_wconf 76' lang='lat' dir='ltr'><strong>latenter</strong></span> 
     </span>
    </p>
   </div>
   <div class='ocr_carea' id='block_1_17' title="bbox 505 1353 2088 1419">
    <p class='ocr_par' dir='ltr' id='par_1_17' title="bbox 505 1353 2088 1419">
     <span class='ocr_line' id='line_1_17' title="bbox 505 1353 2088 1419; baseline 0 -9"><span class='ocrx_word' id='word_1_125' title='bbox 505 1366 723 1412; x_wconf 85' lang='lat' dir='ltr'><strong>excutit.</strong></span> <span class='ocrx_word' id='word_1_126' title='bbox 770 1353 957 1407; x_wconf 83' lang='lat' dir='ltr'><strong>Exitur</strong></span> <span class='ocrx_word' id='word_1_127' title='bbox 1000 1364 1177 1407; x_wconf 88' lang='lat' dir='ltr'><strong>autem</strong></span> <span class='ocrx_word' id='word_1_128' title='bbox 1230 1354 1353 1408; x_wconf 88' lang='lat' dir='ltr'><strong>inde</strong></span> <span class='ocrx_word' id='word_1_129' title='bbox 1402 1368 1507 1407; x_wconf 90' lang='lat' dir='ltr'><strong>non</strong></span> <span class='ocrx_word' id='word_1_130' title='bbox 1551 1354 1793 1419; x_wconf 88' lang='lat' dir='ltr'><strong>pedibus,</strong></span> <span class='ocrx_word' id='word_1_131' title='bbox 1829 1355 1922 1410; x_wconf 89' lang='lat' dir='ltr'><strong>sed</strong></span> <span class='ocrx_word' id='word_1_132' title='bbox 1961 1355 2088 1410; x_wconf 85' lang='lat' dir='ltr'><strong>atl&#39;e—</strong></span> 
     </span>
    </p>
   </div>
   <div class='ocr_carea' id='block_1_18' title="bbox 508 1424 2084 1495">
    <p class='ocr_par' dir='ltr' id='par_1_18' title="bbox 508 1424 2084 1495">
     <span class='ocr_line' id='line_1_18' title="bbox 508 1424 2084 1495; baseline 0 -15"><span class='ocrx_word' id='word_1_133' title='bbox 508 1428 796 1481; x_wconf 89' lang='lat' dir='ltr'><strong>ctiouibus.</strong></span> <span class='ocrx_word' id='word_1_134' title='bbox 828 1424 1015 1478; x_wconf 73' lang='lat' dir='ltr'><strong>Exitur</strong></span> <span class='ocrx_word' id='word_1_135' title='bbox 1042 1424 1087 1477; x_wconf 90' lang='lat' dir='ltr'><strong>si</strong></span> <span class='ocrx_word' id='word_1_136' title='bbox 1120 1424 1208 1494; x_wconf 91' lang='lat' dir='ltr'><strong>qui</strong></span> <span class='ocrx_word' id='word_1_137' title='bbox 1245 1426 1390 1491; x_wconf 91' lang='lat' dir='ltr'><strong>prius</strong></span> <span class='ocrx_word' id='word_1_138' title='bbox 1431 1424 1639 1480; x_wconf 79' lang='lat' dir='ltr'><strong>confusi</strong></span> <span class='ocrx_word' id='word_1_139' title='bbox 1696 1435 1849 1481; x_wconf 92' lang='lat' dir='ltr'><strong>erant</strong></span> <span class='ocrx_word' id='word_1_140' title='bbox 1877 1426 2084 1495; x_wconf 84' lang='lat' dir='ltr'><strong>cupidi-</strong></span> 
     </span>
    </p>
   </div>
   <div class='ocr_carea' id='block_1_19' title="bbox 508 1495 2084 1564">
    <p class='ocr_par' dir='ltr' id='par_1_19' title="bbox 508 1495 2084 1564">
     <span class='ocr_line' id='line_1_19' title="bbox 508 1495 2084 1564; baseline -0.002 -12"><span class='ocrx_word' id='word_1_141' title='bbox 508 1508 614 1552; x_wconf 87' lang='lat' dir='ltr'><strong>tate</strong></span> <span class='ocrx_word' id='word_1_142' title='bbox 660 1496 1055 1564; x_wconf 67' lang='lat' dir='ltr'><strong>distingurtntttr</strong></span> <span class='ocrx_word' id='word_1_143' title='bbox 1110 1496 1393 1549; x_wconf 87' lang='lat' dir='ltr'><strong>cltaritate.</strong></span> <span class='ocrx_word' id='word_1_144' title='bbox 1447 1495 1691 1550; x_wconf 89' lang='lat' dir='ltr'><strong>Distincti</strong></span> <span class='ocrx_word' id='word_1_145' title='bbox 1763 1496 1903 1550; x_wconf 90' lang='lat' dir='ltr'><strong>enim</strong></span> <span class='ocrx_word' id='word_1_146' title='bbox 1978 1511 2084 1550; x_wconf 92' lang='lat' dir='ltr'><strong>non</strong></span> 
     </span>
    </p>
   </div>
   <div class='ocr_carea' id='block_1_20' title="bbox 512 1564 2087 1634">
    <p class='ocr_par' dir='ltr' id='par_1_20' title="bbox 512 1564 2087 1634">
     <span class='ocr_line' id='line_1_20' title="bbox 512 1564 2087 1634; baseline 0 -13"><span class='ocrx_word' id='word_1_147' title='bbox 512 1579 637 1621; x_wconf 87' lang='lat' dir='ltr'><strong>sunt</strong></span> <span class='ocrx_word' id='word_1_148' title='bbox 662 1565 888 1620; x_wconf 76' lang='lat' dir='ltr'><strong>confusi.</strong></span> <span class='ocrx_word' id='word_1_149' title='bbox 935 1564 1002 1619; x_wconf 86' lang='lat' dir='ltr'><strong>Et</strong></span> <span class='ocrx_word' id='word_1_150' title='bbox 1030 1565 1271 1634; x_wconf 87' lang='lat' dir='ltr'><strong>quamvis</strong></span> <span class='ocrx_word' id='word_1_151' title='bbox 1315 1565 1669 1633; x_wconf 85' lang='lat' dir='ltr'><strong>corporaliter</strong></span> <span class='ocrx_word' id='word_1_152' title='bbox 1707 1572 1817 1620; x_wconf 85' lang='lat' dir='ltr'><strong>sint</strong></span> <span class='ocrx_word' id='word_1_153' title='bbox 1846 1566 2087 1634; x_wconf 90' lang='lat' dir='ltr'><strong>permisti</strong></span> 
     </span>
    </p>
   </div>
   <div class='ocr_carea' id='block_1_21' title="bbox 507 1635 2086 1699">
    <p class='ocr_par' dir='ltr' id='par_1_21' title="bbox 507 1635 2086 1699">
     <span class='ocr_line' id='line_1_21' title="bbox 507 1635 2086 1699; baseline -0.001 -7"><span class='ocrx_word' id='word_1_154' title='bbox 507 1647 697 1693; x_wconf 86' lang='lat' dir='ltr'><strong>sancto</strong></span> <span class='ocrx_word' id='word_1_155' title='bbox 726 1635 1017 1699; x_wconf 89' lang='lat' dir='ltr'><strong>desiderio,</strong></span> <span class='ocrx_word' id='word_1_156' title='bbox 1048 1644 1224 1690; x_wconf 90' lang='lat' dir='ltr'><strong>tamen</strong></span> <span class='ocrx_word' id='word_1_157' title='bbox 1271 1646 1395 1689; x_wconf 85' lang='lat' dir='ltr'><strong>Sttttl</strong></span> <span class='ocrx_word' id='word_1_158' title='bbox 1439 1637 1698 1690; x_wconf 86' lang='lat' dir='ltr'><strong>distincti.</strong></span> <span class='ocrx_word' id='word_1_159' title='bbox 1750 1637 1815 1693; x_wconf 85' lang='lat' dir='ltr'><strong>Et</strong></span> <span class='ocrx_word' id='word_1_160' title='bbox 1853 1638 1899 1691; x_wconf 87' lang='lat' dir='ltr'><strong>si</strong></span> <span class='ocrx_word' id='word_1_161' title='bbox 1942 1637 2086 1691; x_wconf 89' lang='lat' dir='ltr'><strong>enim</strong></span> 
     </span>
    </p>
   </div>
   <div class='ocr_carea' id='block_1_22' title="bbox 510 1703 2084 1777">
    <p class='ocr_par' dir='ltr' id='par_1_22' title="bbox 510 1703 2084 1777">
     <span class='ocr_line' id='line_1_22' title="bbox 510 1703 2084 1777; baseline 0.001 -17"><span class='ocrx_word' id='word_1_162' title='bbox 510 1720 726 1777; x_wconf 88' lang='lat' dir='ltr'><strong>pr0pter</strong></span> <span class='ocrx_word' id='word_1_163' title='bbox 755 1706 1091 1773; x_wconf 83' lang='lat' dir='ltr'><strong>corporalem</strong></span> <span class='ocrx_word' id='word_1_164' title='bbox 1133 1707 1476 1777; x_wconf 64' lang='lat' dir='ltr'><strong>praesentiam</strong></span> <span class='ocrx_word' id='word_1_165' title='bbox 1528 1703 1764 1777; x_wconf 80' lang='lat' dir='ltr'><strong>nondum</strong></span> <span class='ocrx_word' id='word_1_166' title='bbox 1791 1706 2084 1777; x_wconf 65' lang='lat' dir='ltr'><strong>exierunt,</strong></span> 
     </span>
    </p>
   </div>
   <div class='ocr_carea' id='block_1_23' title="bbox 2195 511 3757 581">
    <p class='ocr_par' dir='ltr' id='par_1_23' title="bbox 2195 511 3757 581">
     <span class='ocr_line' id='line_1_23' title="bbox 2195 511 3757 581; baseline 0.004 -17"><span class='ocrx_word' id='word_1_167' title='bbox 2195 522 2319 565; x_wconf 88' lang='lat' dir='ltr'><strong>tunc</strong></span> <span class='ocrx_word' id='word_1_168' title='bbox 2344 512 2546 565; x_wconf 86' lang='lat' dir='ltr'><strong>erimus</strong></span> <span class='ocrx_word' id='word_1_169' title='bbox 2573 512 2911 577; x_wconf 79' lang='lat' dir='ltr'><strong>sacriﬁcium,</strong></span> <span class='ocrx_word' id='word_1_170' title='bbox 2936 511 3145 578; x_wconf 80' lang='lat' dir='ltr'><strong>quando</strong></span> <span class='ocrx_word' id='word_1_171' title='bbox 3170 511 3304 578; x_wconf 75' lang='lat' dir='ltr'><strong>ignis</strong></span> <span class='ocrx_word' id='word_1_172' title='bbox 3334 511 3757 581; x_wconf 65' lang='lat' dir='ltr'><strong>ﬂagrantissima</strong></span> 
     </span>
    </p>
   </div>
   <div class='ocr_carea' id='block_1_24' title="bbox 2190 582 3482 649">
    <p class='ocr_par' dir='ltr' id='par_1_24' title="bbox 2190 582 3482 649">
     <span class='ocr_line' id='line_1_24' title="bbox 2190 582 3482 649; baseline 0.001 -15"><span class='ocrx_word' id='word_1_173' title='bbox 2190 582 2467 634; x_wconf 86' lang='lat' dir='ltr'><strong>charitalis</strong></span> <span class='ocrx_word' id='word_1_174' title='bbox 2498 597 2595 635; x_wconf 87' lang='lat' dir='ltr'><strong>nos</strong></span> <span class='ocrx_word' id='word_1_175' title='bbox 2627 591 2764 635; x_wconf 90' lang='lat' dir='ltr'><strong>totos</strong></span> <span class='ocrx_word' id='word_1_176' title='bbox 2794 584 3018 649; x_wconf 86' lang='lat' dir='ltr'><strong>arripiet</strong></span> <span class='ocrx_word' id='word_1_177' title='bbox 3051 584 3100 631; x_wconf 84' lang='lat' dir='ltr'><strong>iu</strong></span> <span class='ocrx_word' id='word_1_178' title='bbox 3132 598 3284 634; x_wconf 88' lang='lat' dir='ltr'><strong>usmn</strong></span> <span class='ocrx_word' id='word_1_179' title='bbox 3309 598 3482 637; x_wconf 91' lang='lat' dir='ltr'><strong>suum.</strong></span> 
     </span>
    </p>
   </div>
   <div class='ocr_carea' id='block_1_25' title="bbox 2263 649 3764 717">
    <p class='ocr_par' dir='ltr' id='par_1_25' title="bbox 2263 649 3764 717">
     <span class='ocr_line' id='line_1_25' title="bbox 2263 649 3764 717; baseline 0.005 -14"><span class='ocrx_word' id='word_1_180' title='bbox 2263 649 2472 704; x_wconf 77' lang='lat' dir='ltr'><strong>Exaudi</strong></span> <span class='ocrx_word' id='word_1_181' title='bbox 2501 653 2779 704; x_wconf 88' lang='lat' dir='ltr'><strong>orationem</strong></span> <span class='ocrx_word' id='word_1_182' title='bbox 2807 667 2989 704; x_wconf 86' lang='lat' dir='ltr'><strong>meam.</strong></span> <span class='ocrx_word' id='word_1_183' title='bbox 3041 650 3106 704; x_wconf 82' lang='lat' dir='ltr'><strong>Et</strong></span> <span class='ocrx_word' id='word_1_184' title='bbox 3134 660 3189 703; x_wconf 92' lang='lat' dir='ltr'><strong>ut</strong></span> <span class='ocrx_word' id='word_1_185' title='bbox 3215 667 3314 717; x_wconf 82' lang='lat' dir='ltr'><strong>ego</strong></span> <span class='ocrx_word' id='word_1_186' title='bbox 3347 656 3552 707; x_wconf 78' lang='lat' dir='ltr'><strong>veniam</strong></span> <span class='ocrx_word' id='word_1_187' title='bbox 3582 664 3639 709; x_wconf 83' lang='lat' dir='ltr'><strong>et</strong></span> <span class='ocrx_word' id='word_1_188' title='bbox 3664 670 3764 711; x_wconf 82' lang='lat' dir='ltr'><strong>vo-</strong></span> 
     </span>
    </p>
   </div>
   <div class='ocr_carea' id='block_1_26' title="bbox 2190 721 3761 791">
    <p class='ocr_par' dir='ltr' id='par_1_26' title="bbox 2190 721 3761 791">
     <span class='ocr_line' id='line_1_26' title="bbox 2190 721 3761 791; baseline 0.004 -17"><span class='ocrx_word' id='word_1_189' title='bbox 2190 729 2301 775; x_wconf 91' lang='lat' dir='ltr'><strong>tum</strong></span> <span class='ocrx_word' id='word_1_190' title='bbox 2334 722 2551 777; x_wconf 85' lang='lat' dir='ltr'><strong>reddam</strong></span> <span class='ocrx_word' id='word_1_191' title='bbox 2577 761 2592 785; x_wconf 95' lang='lat'><strong>,</strong></span> <span class='ocrx_word' id='word_1_192' title='bbox 2629 722 2765 783; x_wconf 89' lang='lat' dir='ltr'><strong>ideo,</strong></span> <span class='ocrx_word' id='word_1_193' title='bbox 2820 721 2961 775; x_wconf 89' lang='lat' dir='ltr'><strong>Deus</strong></span> <span class='ocrx_word' id='word_1_194' title='bbox 2985 762 3000 784; x_wconf 93' lang='lat'><strong>,</strong></span> <span class='ocrx_word' id='word_1_195' title='bbox 3030 721 3218 774; x_wconf 76' lang='lat' dir='ltr'><strong>exaudi</strong></span> <span class='ocrx_word' id='word_1_196' title='bbox 3253 724 3524 777; x_wconf 79' lang='lat' dir='ltr'><strong>orationem</strong></span> <span class='ocrx_word' id='word_1_197' title='bbox 3549 742 3720 780; x_wconf 79' lang='lat' dir='ltr'><strong>meant</strong></span> <span class='ocrx_word' id='word_1_198' title='bbox 3744 768 3761 791; x_wconf 96' lang='lat'><strong>,</strong></span> 
     </span>
    </p>
   </div>
   <div class='ocr_carea' id='block_1_27' title="bbox 2189 790 3762 861">
    <p class='ocr_par' dir='ltr' id='par_1_27' title="bbox 2189 790 3762 861">
     <span class='ocr_line' id='line_1_27' title="bbox 2189 790 3762 861; baseline 0.003 -16"><span class='ocrx_word' id='word_1_199' title='bbox 2189 790 2365 845; x_wconf 88' lang='lat' dir='ltr'><strong>dando</strong></span> <span class='ocrx_word' id='word_1_200' title='bbox 2396 792 2527 846; x_wconf 89' lang='lat' dir='ltr'><strong>mihi</strong></span> <span class='ocrx_word' id='word_1_201' title='bbox 2556 793 3010 861; x_wconf 85' lang='lat' dir='ltr'><strong>persevcrantiam</strong></span> <span class='ocrx_word' id='word_1_202' title='bbox 3059 800 3246 846; x_wconf 88' lang='lat' dir='ltr'><strong>contra</strong></span> <span class='ocrx_word' id='word_1_203' title='bbox 3294 795 3533 848; x_wconf 85' lang='lat' dir='ltr'><strong>carnales</strong></span> <span class='ocrx_word' id='word_1_204' title='bbox 3562 790 3762 850; x_wconf 78' lang='lat' dir='ltr'><strong>conch</strong></span> 
     </span>
    </p>
   </div>
   <div class='ocr_carea' id='block_1_28' title="bbox 2192 861 3762 931">
    <p class='ocr_par' dir='ltr' id='par_1_28' title="bbox 2192 861 3762 931">
     <span class='ocr_line' id='line_1_28' title="bbox 2192 861 3762 931; baseline 0.005 -18"><span class='ocrx_word' id='word_1_205' title='bbox 2192 862 2481 927; x_wconf 84' lang='lat' dir='ltr'><strong>piscentias</strong></span> <span class='ocrx_word' id='word_1_206' title='bbox 2526 876 2623 915; x_wconf 88' lang='lat' dir='ltr'><strong>nos</strong></span> <span class='ocrx_word' id='word_1_207' title='bbox 2653 861 3014 915; x_wconf 89' lang='lat' dir='ltr'><strong>distrahentes</strong></span> <span class='ocrx_word' id='word_1_208' title='bbox 3035 902 3051 927; x_wconf 92' lang='lat'><strong>,</strong></span> <span class='ocrx_word' id='word_1_209' title='bbox 3104 872 3288 916; x_wconf 86' lang='lat' dir='ltr'><strong>centra</strong></span> <span class='ocrx_word' id='word_1_210' title='bbox 3321 880 3455 931; x_wconf 91' lang='lat' dir='ltr'><strong>quas</strong></span> <span class='ocrx_word' id='word_1_211' title='bbox 3494 879 3595 919; x_wconf 89' lang='lat' dir='ltr'><strong>non</strong></span> <span class='ocrx_word' id='word_1_212' title='bbox 3627 881 3762 921; x_wconf 86' lang='lat' dir='ltr'><strong>con-</strong></span> 
     </span>
    </p>
   </div>
   <div class='ocr_carea' id='block_1_29' title="bbox 2188 932 3759 1000">
    <p class='ocr_par' dir='ltr' id='par_1_29' title="bbox 2188 932 3759 1000">
     <span class='ocr_line' id='line_1_29' title="bbox 2188 932 3759 1000; baseline 0.004 -15"><span class='ocrx_word' id='word_1_213' title='bbox 2188 932 2471 986; x_wconf 89' lang='lat' dir='ltr'><strong>sentiendo</strong></span> <span class='ocrx_word' id='word_1_214' title='bbox 2517 943 2820 996; x_wconf 90' lang='lat' dir='ltr'><strong>certamus,</strong></span> <span class='ocrx_word' id='word_1_215' title='bbox 2869 933 3101 1000; x_wconf 92' lang='lat' dir='ltr'><strong>quandiu</strong></span> <span class='ocrx_word' id='word_1_216' title='bbox 3149 932 3201 985; x_wconf 92' lang='lat' dir='ltr'><strong>in</strong></span> <span class='ocrx_word' id='word_1_217' title='bbox 3253 933 3353 988; x_wconf 90' lang='lat' dir='ltr'><strong>hac</strong></span> <span class='ocrx_word' id='word_1_218' title='bbox 3395 936 3496 987; x_wconf 85' lang='lat' dir='ltr'><strong>vita</strong></span> <span class='ocrx_word' id='word_1_219' title='bbox 3545 949 3759 992; x_wconf 85' lang='lat' dir='ltr'><strong>sumus.</strong></span> 
     </span>
    </p>
   </div>
   <div class='ocr_carea' id='block_1_30' title="bbox 2190 1001 3757 1065">
    <p class='ocr_par' dir='ltr' id='par_1_30' title="bbox 2190 1001 3757 1065">
     <span class='ocr_line' id='line_1_30' title="bbox 2190 1001 3757 1065; baseline 0.003 -10"><span class='ocrx_word' id='word_1_220' title='bbox 2190 1002 2392 1056; x_wconf 81' lang='lat' dir='ltr'><strong>Exaudi</strong></span> <span class='ocrx_word' id='word_1_221' title='bbox 2445 1002 2603 1065; x_wconf 92' lang='lat' dir='ltr'><strong>dico,</strong></span> <span class='ocrx_word' id='word_1_222' title='bbox 2678 1010 2738 1055; x_wconf 92' lang='lat' dir='ltr'><strong>ut</strong></span> <span class='ocrx_word' id='word_1_223' title='bbox 2802 1004 3050 1064; x_wconf 89' lang='lat' dir='ltr'><strong>veniam,</strong></span> <span class='ocrx_word' id='word_1_224' title='bbox 3119 1001 3198 1056; x_wconf 87' lang='lat' dir='ltr'><strong>sic</strong></span> <span class='ocrx_word' id='word_1_225' title='bbox 3260 1013 3317 1055; x_wconf 94' lang='lat' dir='ltr'><strong>ut</strong></span> <span class='ocrx_word' id='word_1_226' title='bbox 3384 1014 3563 1058; x_wconf 86' lang='lat' dir='ltr'><strong>votqu</strong></span> <span class='ocrx_word' id='word_1_227' title='bbox 3631 1008 3757 1059; x_wconf 86' lang='lat' dir='ltr'><strong>red-</strong></span> 
     </span>
    </p>
   </div>
   <div class='ocr_carea' id='block_1_31' title="bbox 2188 1072 3751 1141">
    <p class='ocr_par' dir='ltr' id='par_1_31' title="bbox 2188 1072 3751 1141">
     <span class='ocr_line' id='line_1_31' title="bbox 2188 1072 3751 1141; baseline 0.002 -15"><span class='ocrx_word' id='word_1_228' title='bbox 2188 1072 2336 1134; x_wconf 81' lang='lat' dir='ltr'><strong>dam,</strong></span> <span class='ocrx_word' id='word_1_229' title='bbox 2366 1073 2485 1141; x_wconf 86' lang='lat' dir='ltr'><strong>quia</strong></span> <span class='ocrx_word' id='word_1_230' title='bbox 2514 1073 2871 1125; x_wconf 58' lang='lat' dir='ltr'><strong>neci-ssarium</strong></span> <span class='ocrx_word' id='word_1_231' title='bbox 2902 1074 3114 1141; x_wconf 88' lang='lat' dir='ltr'><strong>quidem</strong></span> <span class='ocrx_word' id='word_1_232' title='bbox 3144 1081 3227 1126; x_wconf 93' lang='lat' dir='ltr'><strong>est</strong></span> <span class='ocrx_word' id='word_1_233' title='bbox 3257 1082 3314 1126; x_wconf 92' lang='lat' dir='ltr'><strong>ut</strong></span> <span class='ocrx_word' id='word_1_234' title='bbox 3343 1076 3568 1130; x_wconf 83' lang='lat' dir='ltr'><strong>veniam.</strong></span> <span class='ocrx_word' id='word_1_235' title='bbox 3617 1075 3751 1130; x_wconf 78' lang='lat' dir='ltr'><strong>Nam</strong></span> 
     </span>
    </p>
   </div>
   <div class='ocr_carea' id='block_1_32' title="bbox 2189 1142 3759 1210">
    <p class='ocr_par' dir='ltr' id='par_1_32' title="bbox 2189 1142 3759 1210">
     <span class='ocr_line' id='line_1_32' title="bbox 2189 1142 3759 1210; baseline 0.004 -15"><span class='ocrx_word' id='word_1_236' title='bbox 2189 1144 2353 1195; x_wconf 78' lang='lat' dir='ltr'><strong>omnis</strong></span> <span class='ocrx_word' id='word_1_237' title='bbox 2379 1158 2499 1195; x_wconf 88' lang='lat' dir='ltr'><strong>caro</strong></span> <span class='ocrx_word' id='word_1_238' title='bbox 2526 1144 2708 1196; x_wconf 78' lang='lat' dir='ltr'><strong>veniet.</strong></span> <span class='ocrx_word' id='word_1_239' title='bbox 2737 1142 2982 1196; x_wconf 83' lang='lat' dir='ltr'><strong>Christus</strong></span> <span class='ocrx_word' id='word_1_240' title='bbox 3009 1144 3148 1196; x_wconf 89' lang='lat' dir='ltr'><strong>enim</strong></span> <span class='ocrx_word' id='word_1_241' title='bbox 3181 1144 3441 1210; x_wconf 89' lang='lat' dir='ltr'><strong>primitias</strong></span> <span class='ocrx_word' id='word_1_242' title='bbox 3470 1148 3648 1199; x_wconf 91' lang='lat' dir='ltr'><strong>carnis</strong></span> <span class='ocrx_word' id='word_1_243' title='bbox 3692 1148 3759 1201; x_wconf 89' lang='lat' dir='ltr'><strong>de</strong></span> 
     </span>
    </p>
   </div>
   <div class='ocr_carea' id='block_1_33' title="bbox 2190 1211 3766 1281">
    <p class='ocr_par' dir='ltr' id='par_1_33' title="bbox 2190 1211 3766 1281">
     <span class='ocr_line' id='line_1_33' title="bbox 2190 1211 3766 1281; baseline 0.003 -15"><span class='ocrx_word' id='word_1_244' title='bbox 2190 1221 2346 1266; x_wconf 90' lang='lat' dir='ltr'><strong>utero</strong></span> <span class='ocrx_word' id='word_1_245' title='bbox 2376 1214 2605 1281; x_wconf 75' lang='lat' dir='ltr'><strong>virginis</strong></span> <span class='ocrx_word' id='word_1_246' title='bbox 2633 1214 2948 1275; x_wconf 86' lang='lat' dir='ltr'><strong>assumpsit,</strong></span> <span class='ocrx_word' id='word_1_247' title='bbox 2979 1220 3035 1267; x_wconf 91' lang='lat' dir='ltr'><strong>ct</strong></span> <span class='ocrx_word' id='word_1_248' title='bbox 3065 1211 3314 1279; x_wconf 89' lang='lat' dir='ltr'><strong>primitiis</strong></span> <span class='ocrx_word' id='word_1_249' title='bbox 3343 1218 3634 1281; x_wconf 80' lang='lat' dir='ltr'><strong>assumptis</strong></span> <span class='ocrx_word' id='word_1_250' title='bbox 3667 1233 3766 1271; x_wconf 83' lang='lat' dir='ltr'><strong>ne-</strong></span> 
     </span>
    </p>
   </div>
   <div class='ocr_carea' id='block_1_34' title="bbox 2188 1283 3764 1356">
    <p class='ocr_par' dir='ltr' id='par_1_34' title="bbox 2188 1283 3764 1356">
     <span class='ocr_line' id='line_1_34' title="bbox 2188 1283 3764 1356; baseline 0.004 -20"><span class='ocrx_word' id='word_1_251' title='bbox 2188 1296 2341 1337; x_wconf 88' lang='lat' dir='ltr'><strong>cesse</strong></span> <span class='ocrx_word' id='word_1_252' title='bbox 2370 1291 2669 1356; x_wconf 71' lang='lat' dir='ltr'><strong>estctetera</strong></span> <span class='ocrx_word' id='word_1_253' title='bbox 2710 1292 3021 1356; x_wconf 74' lang='lat' dir='ltr'><strong>sequantur.</strong></span> <span class='ocrx_word' id='word_1_254' title='bbox 3043 1352 3055 1356; x_wconf 91' lang='lat'><em>_</em></span> <span class='ocrx_word' id='word_1_255' title='bbox 3076 1283 3145 1356; x_wconf 75' lang='lat' dir='ltr'><strong>Et</strong></span> <span class='ocrx_word' id='word_1_256' title='bbox 3176 1284 3295 1356; x_wconf 85' lang='lat' dir='ltr'><strong>ideo</strong></span> <span class='ocrx_word' id='word_1_257' title='bbox 3322 1287 3497 1356; x_wconf 85' lang='lat' dir='ltr'><strong>omnis</strong></span> <span class='ocrx_word' id='word_1_258' title='bbox 3545 1288 3764 1356; x_wconf 75' lang='lat' dir='ltr'><strong>generis</strong></span> 
     </span>
    </p>
   </div>
   <div class='ocr_carea' id='block_1_35' title="bbox 2188 1352 3768 1426">
    <p class='ocr_par' dir='ltr' id='par_1_35' title="bbox 2188 1352 3768 1426">
     <span class='ocr_line' id='line_1_35' title="bbox 2188 1352 3768 1426; baseline 0.003 -19"><span class='ocrx_word' id='word_1_259' title='bbox 2188 1366 2343 1426; x_wconf 80' lang='lat' dir='ltr'><strong>caro,</strong></span> <span class='ocrx_word' id='word_1_260' title='bbox 2387 1352 2629 1426; x_wconf 75' lang='lat' dir='ltr'><strong>scilicet,</strong></span> <span class='ocrx_word' id='word_1_261' title='bbox 2660 1356 2823 1426; x_wconf 81' lang='lat' dir='ltr'><strong>servi,</strong></span> <span class='ocrx_word' id='word_1_262' title='bbox 2856 1352 3083 1426; x_wconf 77' lang='lat' dir='ltr'><strong>domini,</strong></span> <span class='ocrx_word' id='word_1_263' title='bbox 3114 1352 3278 1426; x_wconf 90' lang='lat' dir='ltr'><strong>docti,</strong></span> <span class='ocrx_word' id='word_1_264' title='bbox 3320 1352 3768 1426; x_wconf 45' lang='lat' dir='ltr'><strong>indoctifsenes,</strong></span> 
     </span>
    </p>
   </div>
   <div class='ocr_carea' id='block_1_36' title="bbox 2191 1421 3765 1492">
    <p class='ocr_par' dir='ltr' id='par_1_36' title="bbox 2191 1421 3765 1492">
     <span class='ocr_line' id='line_1_36' title="bbox 2191 1421 3765 1492; baseline 0.004 -17"><span class='ocrx_word' id='word_1_265' title='bbox 2191 1424 2363 1491; x_wconf 89' lang='lat' dir='ltr'><strong>pucri,</strong></span> <span class='ocrx_word' id='word_1_266' title='bbox 2397 1421 2612 1477; x_wconf 86' lang='lat' dir='ltr'><strong>venient</strong></span> <span class='ocrx_word' id='word_1_267' title='bbox 2641 1423 2852 1490; x_wconf 88' lang='lat' dir='ltr'><strong>quidem</strong></span> <span class='ocrx_word' id='word_1_268' title='bbox 2879 1422 2945 1475; x_wconf 90' lang='lat' dir='ltr'><strong>ad</strong></span> <span class='ocrx_word' id='word_1_269' title='bbox 2972 1421 3253 1490; x_wconf 81' lang='lat' dir='ltr'><strong>judicium,</strong></span> <span class='ocrx_word' id='word_1_270' title='bbox 3278 1425 3401 1492; x_wconf 87' lang='lat' dir='ltr'><strong>quia</strong></span> <span class='ocrx_word' id='word_1_271' title='bbox 3438 1441 3625 1481; x_wconf 86' lang='lat' dir='ltr'><strong>omnes</strong></span> <span class='ocrx_word' id='word_1_272' title='bbox 3656 1421 3765 1480; x_wconf 54' lang='lat' dir='ltr'><strong>sta;</strong></span> 
     </span>
    </p>
   </div>
   <div class='ocr_carea' id='block_1_37' title="bbox 2191 1491 3765 1557">
    <p class='ocr_par' dir='ltr' id='par_1_37' title="bbox 2191 1491 3765 1557">
     <span class='ocr_line' id='line_1_37' title="bbox 2191 1491 3765 1557; baseline 0.004 -12"><span class='ocrx_word' id='word_1_273' title='bbox 2191 1493 2365 1547; x_wconf 90' lang='lat' dir='ltr'><strong>bimus</strong></span> <span class='ocrx_word' id='word_1_274' title='bbox 2394 1503 2519 1546; x_wconf 87' lang='lat' dir='ltr'><strong>ante</strong></span> <span class='ocrx_word' id='word_1_275' title='bbox 2550 1491 2781 1545; x_wconf 87' lang='lat' dir='ltr'><strong>tribunal</strong></span> <span class='ocrx_word' id='word_1_276' title='bbox 2806 1491 3041 1557; x_wconf 91' lang='lat' dir='ltr'><strong>Christi,</strong></span> <span class='ocrx_word' id='word_1_277' title='bbox 3070 1492 3163 1546; x_wconf 89' lang='lat' dir='ltr'><strong>sed</strong></span> <span class='ocrx_word' id='word_1_278' title='bbox 3197 1491 3304 1546; x_wconf 89' lang='lat' dir='ltr'><strong>non</strong></span> <span class='ocrx_word' id='word_1_279' title='bbox 3330 1509 3516 1548; x_wconf 91' lang='lat' dir='ltr'><strong>omnes</strong></span> <span class='ocrx_word' id='word_1_280' title='bbox 3548 1498 3765 1551; x_wconf 80' lang='lat' dir='ltr'><strong>venient</strong></span> 
     </span>
    </p>
   </div>
   <div class='ocr_carea' id='block_1_38' title="bbox 2187 1562 3765 1633">
    <p class='ocr_par' dir='ltr' id='par_1_38' title="bbox 2187 1562 3765 1633">
     <span class='ocr_line' id='line_1_38' title="bbox 2187 1562 3765 1633; baseline 0.003 -17"><span class='ocrx_word' id='word_1_281' title='bbox 2187 1564 2254 1616; x_wconf 90' lang='lat' dir='ltr'><strong>ad</strong></span> <span class='ocrx_word' id='word_1_282' title='bbox 2288 1573 2360 1630; x_wconf 90' lang='lat' dir='ltr'><strong>te,</strong></span> <span class='ocrx_word' id='word_1_283' title='bbox 2408 1564 2649 1626; x_wconf 88' lang='lat' dir='ltr'><strong>scilicet,</strong></span> <span class='ocrx_word' id='word_1_284' title='bbox 2695 1571 2759 1633; x_wconf 81' lang='lat' dir='ltr'><strong>ut</strong></span> <span class='ocrx_word' id='word_1_285' title='bbox 2791 1562 2889 1633; x_wconf 60' lang='lat' dir='ltr'><strong>tibi</strong></span> <span class='ocrx_word' id='word_1_286' title='bbox 2917 1562 3358 1633; x_wconf 83' lang='lat' dir='ltr'><strong>incorporentur,</strong></span> <span class='ocrx_word' id='word_1_287' title='bbox 3390 1566 3511 1631; x_wconf 78' lang='lat' dir='ltr'><strong>quia</strong></span> <span class='ocrx_word' id='word_1_288' title='bbox 3550 1567 3765 1633; x_wconf 82' lang='lat' dir='ltr'><strong>quidam</strong></span> 
     </span>
    </p>
   </div>
   <div class='ocr_carea' id='block_1_39' title="bbox 2191 1630 3766 1696">
    <p class='ocr_par' dir='ltr' id='par_1_39' title="bbox 2191 1630 3766 1696">
     <span class='ocr_line' id='line_1_39' title="bbox 2191 1630 3766 1696; baseline 0.004 -11"><span class='ocrx_word' id='word_1_289' title='bbox 2191 1633 2414 1687; x_wconf 84' lang='lat' dir='ltr'><strong>veniunt</strong></span> <span class='ocrx_word' id='word_1_290' title='bbox 2442 1631 2753 1685; x_wconf 84' lang='lat' dir='ltr'><strong>damnandi.</strong></span> <span class='ocrx_word' id='word_1_291' title='bbox 2785 1631 2852 1686; x_wconf 90' lang='lat' dir='ltr'><strong>Et</strong></span> <span class='ocrx_word' id='word_1_292' title='bbox 2880 1630 3001 1686; x_wconf 89' lang='lat' dir='ltr'><strong>ideo</strong></span> <span class='ocrx_word' id='word_1_293' title='bbox 3020 1630 3211 1687; x_wconf 66' lang='lat' dir='ltr'><strong>exaudi</strong></span> <span class='ocrx_word' id='word_1_294' title='bbox 3244 1648 3359 1696; x_wconf 90' lang='lat' dir='ltr'><strong>me,</strong></span> <span class='ocrx_word' id='word_1_295' title='bbox 3393 1630 3447 1687; x_wconf 90' lang='lat' dir='ltr'><strong>ut</strong></span> <span class='ocrx_word' id='word_1_296' title='bbox 3474 1630 3684 1690; x_wconf 79' lang='lat' dir='ltr'><strong>veniam</strong></span> <span class='ocrx_word' id='word_1_297' title='bbox 3711 1647 3766 1691; x_wconf 91' lang='lat' dir='ltr'><strong>et</strong></span> 
     </span>
    </p>
   </div>
   <div class='ocr_carea' id='block_1_40' title="bbox 2192 1701 3767 1769">
    <p class='ocr_par' dir='ltr' id='par_1_40' title="bbox 2192 1701 3767 1769">
     <span class='ocr_line' id='line_1_40' title="bbox 2192 1701 3767 1769; baseline 0.004 -14"><span class='ocrx_word' id='word_1_298' title='bbox 2192 1716 2379 1757; x_wconf 83' lang='lat' dir='ltr'><strong>votum</strong></span> <span class='ocrx_word' id='word_1_299' title='bbox 2412 1703 2652 1768; x_wconf 88' lang='lat' dir='ltr'><strong>reddam,</strong></span> <span class='ocrx_word' id='word_1_300' title='bbox 2678 1701 2732 1756; x_wconf 89' lang='lat' dir='ltr'><strong>id</strong></span> <span class='ocrx_word' id='word_1_301' title='bbox 2755 1710 2860 1768; x_wconf 88' lang='lat' dir='ltr'><strong>est,</strong></span> <span class='ocrx_word' id='word_1_302' title='bbox 2890 1703 3099 1757; x_wconf 86' lang='lat' dir='ltr'><strong>veniam</strong></span> <span class='ocrx_word' id='word_1_303' title='bbox 3140 1703 3446 1769; x_wconf 87' lang='lat' dir='ltr'><strong>salvaudus,</strong></span> <span class='ocrx_word' id='word_1_304' title='bbox 3478 1721 3585 1760; x_wconf 86' lang='lat' dir='ltr'><strong>non</strong></span> <span class='ocrx_word' id='word_1_305' title='bbox 3614 1708 3767 1761; x_wconf 81' lang='lat' dir='ltr'><strong>datu-</strong></span> 
     </span>
    </p>
   </div>
   <div class='ocr_carea' id='block_1_41' title="bbox 508 1775 2420 1850">
    <p class='ocr_par' dir='ltr' id='par_1_41' title="bbox 508 1775 2420 1850">
     <span class='ocr_line' id='line_1_41' title="bbox 508 1775 2420 1850; baseline -0.004 -19"><span class='ocrx_word' id='word_1_306' title='bbox 508 1775 801 1850; x_wconf 69' lang='lat' dir='ltr'><strong>Secundum</strong></span> <span class='ocrx_word' id='word_1_307' title='bbox 847 1785 1025 1829; x_wconf 89' lang='lat' dir='ltr'><strong>tamen</strong></span> <span class='ocrx_word' id='word_1_308' title='bbox 1066 1775 1260 1829; x_wconf 91' lang='lat' dir='ltr'><strong>mentis</strong></span> <span class='ocrx_word' id='word_1_309' title='bbox 1298 1776 1545 1831; x_wconf 70' lang='lat' dir='ltr'><strong>affectum</strong></span> <span class='ocrx_word' id='word_1_310' title='bbox 1573 1775 1686 1846; x_wconf 88' lang='lat' dir='ltr'><strong>jam</strong></span> <span class='ocrx_word' id='word_1_311' title='bbox 1716 1775 1864 1850; x_wconf 82' lang='lat' dir='ltr'><strong>exire</strong></span> <span class='ocrx_word' id='word_1_312' title='bbox 1901 1791 2079 1846; x_wconf 71' lang='lat' dir='ltr'><strong>cmpe-</strong></span> <span class='ocrx_word' id='word_1_313' title='bbox 2122 1789 2164 1850; x_wconf 78' lang='grc' dir='ltr'><strong><em>Β</em></strong></span> <span class='ocrx_word' id='word_1_314' title='bbox 2192 1776 2420 1850; x_wconf 62' lang='lat' dir='ltr'><strong>ualidus.</strong></span> 
     </span>
    </p>
   </div>
   <div class='ocr_carea' id='block_1_42' title="bbox 510 1845 2088 1913">
    <p class='ocr_par' dir='ltr' id='par_1_42' title="bbox 510 1845 2088 1913">
     <span class='ocr_line' id='line_1_42' title="bbox 510 1845 2088 1913; baseline 0.001 -12"><span class='ocrx_word' id='word_1_315' title='bbox 510 1861 655 1905; x_wconf 85' lang='lat' dir='ltr'><strong>runt.</strong></span> <span class='ocrx_word' id='word_1_316' title='bbox 690 1848 983 1902; x_wconf 84' lang='lat' dir='ltr'><strong>Audiamus</strong></span> <span class='ocrx_word' id='word_1_317' title='bbox 1013 1860 1142 1913; x_wconf 78' lang='lat' dir='ltr'><strong>ergo</strong></span> <span class='ocrx_word' id='word_1_318' title='bbox 1180 1856 1233 1899; x_wconf 90' lang='lat' dir='ltr'><strong>et</strong></span> <span class='ocrx_word' id='word_1_319' title='bbox 1279 1845 1584 1910; x_wconf 75' lang='lat' dir='ltr'><strong>cantemus,</strong></span> <span class='ocrx_word' id='word_1_320' title='bbox 1620 1856 1674 1900; x_wconf 88' lang='lat' dir='ltr'><strong>et</strong></span> <span class='ocrx_word' id='word_1_321' title='bbox 1717 1845 2088 1903; x_wconf 78' lang='lat' dir='ltr'><strong>desideremus</strong></span> 
     </span>
    </p>
   </div>
   <div class='ocr_carea' id='block_1_43' title="bbox 508 1916 2083 1989">
    <p class='ocr_par' dir='ltr' id='par_1_43' title="bbox 508 1916 2083 1989">
     <span class='ocr_line' id='line_1_43' title="bbox 508 1916 2083 1989; baseline -0.001 -16"><span class='ocrx_word' id='word_1_322' title='bbox 508 1920 663 1987; x_wconf 91' lang='lat' dir='ltr'><strong>cujus</strong></span> <span class='ocrx_word' id='word_1_323' title='bbox 690 1920 834 1972; x_wconf 90' lang='lat' dir='ltr'><strong>cives</strong></span> <span class='ocrx_word' id='word_1_324' title='bbox 862 1930 1065 1969; x_wconf 87' lang='lat' dir='ltr'><strong>sumus.</strong></span> <span class='ocrx_word' id='word_1_325' title='bbox 1098 1916 1410 1981; x_wconf 84' lang='lat' dir='ltr'><strong>Audiamus,</strong></span> <span class='ocrx_word' id='word_1_326' title='bbox 1444 1917 1769 1989; x_wconf 83' lang='lat' dir='ltr'><strong>inquam,et</strong></span> <span class='ocrx_word' id='word_1_327' title='bbox 1807 1933 1924 1987; x_wconf 73' lang='lat' dir='ltr'><strong>qua:</strong></span> <span class='ocrx_word' id='word_1_328' title='bbox 1952 1934 2083 1989; x_wconf 82' lang='lat' dir='ltr'><strong>gau-</strong></span> 
     </span>
    </p>
   </div>
   <div class='ocr_carea' id='block_1_44' title="bbox 509 1987 2089 2054">
    <p class='ocr_par' dir='ltr' id='par_1_44' title="bbox 509 1987 2089 2054">
     <span class='ocr_line' id='line_1_44' title="bbox 509 1987 2089 2054; baseline 0.002 -14"><span class='ocrx_word' id='word_1_329' title='bbox 509 1990 595 2043; x_wconf 86' lang='lat' dir='ltr'><strong>dia</strong></span> <span class='ocrx_word' id='word_1_330' title='bbox 631 1990 782 2042; x_wconf 92' lang='lat' dir='ltr'><strong>nobis</strong></span> <span class='ocrx_word' id='word_1_331' title='bbox 812 1995 1113 2049; x_wconf 86' lang='lat' dir='ltr'><strong>cantautur,</strong></span> <span class='ocrx_word' id='word_1_332' title='bbox 1156 1996 1209 2040; x_wconf 91' lang='lat' dir='ltr'><strong>et</strong></span> <span class='ocrx_word' id='word_1_333' title='bbox 1237 1987 1505 2054; x_wconf 87' lang='lat' dir='ltr'><strong>quomodo</strong></span> <span class='ocrx_word' id='word_1_334' title='bbox 1532 1990 1583 2040; x_wconf 90' lang='lat' dir='ltr'><strong>in</strong></span> <span class='ocrx_word' id='word_1_335' title='bbox 1625 1987 1780 2041; x_wconf 91' lang='lat' dir='ltr'><strong>nobis</strong></span> <span class='ocrx_word' id='word_1_336' title='bbox 1809 1987 2089 2043; x_wconf 52' lang='lat' dir='ltr'><strong>atuor&#39;no-</strong></span> 
     </span>
    </p>
   </div>
   <div class='ocr_carea' id='block_1_45' title="bbox 509 2055 2086 2128">
    <p class='ocr_par' dir='ltr' id='par_1_45' title="bbox 509 2055 2086 2128">
     <span class='ocr_line' id='line_1_45' title="bbox 509 2055 2086 2128; baseline 0.001 -16"><span class='ocrx_word' id='word_1_337' title='bbox 509 2073 633 2113; x_wconf 77' lang='lat' dir='ltr'><strong>Slt‘tB</strong></span> <span class='ocrx_word' id='word_1_338' title='bbox 661 2055 891 2128; x_wconf 85' lang='lat' dir='ltr'><strong>civitatis</strong></span> <span class='ocrx_word' id='word_1_339' title='bbox 931 2057 1272 2128; x_wconf 80' lang='lat' dir='ltr'><strong>reformatur,</strong></span> <span class='ocrx_word' id='word_1_340' title='bbox 1308 2071 1463 2125; x_wconf 92' lang='lat' dir='ltr'><strong>quam</strong></span> <span class='ocrx_word' id='word_1_341' title='bbox 1494 2056 1741 2111; x_wconf 88' lang='lat' dir='ltr'><strong>diuturna</strong></span> <span class='ocrx_word' id='word_1_342' title='bbox 1774 2060 2086 2128; x_wconf 88' lang='lat' dir='ltr'><strong>peregrina-</strong></span> 
     </span>
    </p>
   </div>
   <div class='ocr_carea' id='block_1_46' title="bbox 511 2126 2086 2185">
    <p class='ocr_par' dir='ltr' id='par_1_46' title="bbox 511 2126 2086 2185">
     <span class='ocr_line' id='line_1_46' title="bbox 511 2126 2086 2185; baseline 0.003 -4"><span class='ocrx_word' id='word_1_343' title='bbox 511 2131 655 2183; x_wconf 90' lang='lat' dir='ltr'><strong>tione</strong></span> <span class='ocrx_word' id='word_1_344' title='bbox 694 2126 844 2183; x_wconf 89' lang='lat' dir='ltr'><strong>obliti</strong></span> <span class='ocrx_word' id='word_1_345' title='bbox 876 2140 1080 2179; x_wconf 89' lang='lat' dir='ltr'><strong>smnus.</strong></span> <span class='ocrx_word' id='word_1_346' title='bbox 1113 2127 1229 2181; x_wconf 80' lang='lat' dir='ltr'><strong>Rex</strong></span> <span class='ocrx_word' id='word_1_347' title='bbox 1274 2128 1471 2180; x_wconf 88' lang='lat' dir='ltr'><strong>etenim</strong></span> <span class='ocrx_word' id='word_1_348' title='bbox 1522 2138 1706 2182; x_wconf 88' lang='lat' dir='ltr'><strong>noster</strong></span> <span class='ocrx_word' id='word_1_349' title='bbox 1733 2126 2086 2185; x_wconf 48' lang='lat' dir='ltr'><strong>mittit&#39;ttobis</strong></span> 
     </span>
    </p>
   </div>
   <div class='ocr_carea' id='block_1_47' title="bbox 511 2196 2085 2269">
    <p class='ocr_par' dir='ltr' id='par_1_47' title="bbox 511 2196 2085 2269">
     <span class='ocr_line' id='line_1_47' title="bbox 511 2196 2085 2269; baseline 0.003 -19"><span class='ocrx_word' id='word_1_350' title='bbox 511 2212 693 2253; x_wconf 73' lang='lat' dir='ltr'><strong>Sacr-as</strong></span> <span class='ocrx_word' id='word_1_351' title='bbox 723 2198 1029 2269; x_wconf 87' lang='lat' dir='ltr'><strong>Scripturas</strong></span> <span class='ocrx_word' id='word_1_352' title='bbox 1049 2196 1199 2264; x_wconf 89' lang='lat' dir='ltr'><strong>quasi</strong></span> <span class='ocrx_word' id='word_1_353' title='bbox 1229 2198 1484 2269; x_wconf 70' lang='lat' dir='ltr'><strong>quasdam</strong></span> <span class='ocrx_word' id='word_1_354' title='bbox 1508 2198 1786 2269; x_wconf 78' lang='lat' dir='ltr'><strong>epistolas,</strong></span> <span class='ocrx_word' id='word_1_355' title='bbox 1816 2200 1865 2253; x_wconf 91' lang='lat' dir='ltr'><strong>in</strong></span> <span class='ocrx_word' id='word_1_356' title='bbox 1891 2200 2085 2269; x_wconf 88' lang='lat' dir='ltr'><strong>quibus</strong></span> 
     </span>
    </p>
   </div>
   <div class='ocr_carea' id='block_1_48' title="bbox 511 2266 2083 2325">
    <p class='ocr_par' dir='ltr' id='par_1_48' title="bbox 511 2266 2083 2325">
     <span class='ocr_line' id='line_1_48' title="bbox 511 2266 2083 2325; baseline 0.003 -4"><span class='ocrx_word' id='word_1_357' title='bbox 511 2270 829 2322; x_wconf 83' lang='lat' dir='ltr'><strong>intortnetur</strong></span> <span class='ocrx_word' id='word_1_358' title='bbox 860 2270 911 2319; x_wconf 93' lang='lat' dir='ltr'><strong>in</strong></span> <span class='ocrx_word' id='word_1_359' title='bbox 945 2266 1098 2320; x_wconf 92' lang='lat' dir='ltr'><strong>nobis</strong></span> <span class='ocrx_word' id='word_1_360' title='bbox 1128 2280 1279 2321; x_wconf 90' lang='lat' dir='ltr'><strong>amor</strong></span> <span class='ocrx_word' id='word_1_361' title='bbox 1317 2266 1591 2323; x_wconf 87' lang='lat' dir='ltr'><strong>redeundi.</strong></span> <span class='ocrx_word' id='word_1_362' title='bbox 1625 2267 1882 2324; x_wconf 85' lang='lat' dir='ltr'><strong>Hortatur</strong></span> <span class='ocrx_word' id='word_1_363' title='bbox 1907 2266 2083 2325; x_wconf 77' lang='lat' dir='ltr'><strong>autem</strong></span> 
     </span>
    </p>
   </div>
   <div class='ocr_carea' id='block_1_49' title="bbox 506 2335 2087 2404">
    <p class='ocr_par' dir='ltr' id='par_1_49' title="bbox 506 2335 2087 2404">
     <span class='ocr_line' id='line_1_49' title="bbox 506 2335 2087 2404; baseline 0.002 -13"><span class='ocrx_word' id='word_1_364' title='bbox 506 2355 626 2404; x_wconf 90' lang='lat' dir='ltr'><strong>nos,</strong></span> <span class='ocrx_word' id='word_1_365' title='bbox 658 2350 713 2391; x_wconf 92' lang='lat' dir='ltr'><strong>ut</strong></span> <span class='ocrx_word' id='word_1_366' title='bbox 742 2339 950 2391; x_wconf 78' lang='lat' dir='ltr'><strong>dicatur</strong></span> <span class='ocrx_word' id='word_1_367' title='bbox 999 2335 1233 2391; x_wconf 90' lang='lat' dir='ltr'><strong>breviter</strong></span> <span class='ocrx_word' id='word_1_368' title='bbox 1282 2338 1515 2404; x_wconf 87' lang='lat' dir='ltr'><strong>psalmus</strong></span> <span class='ocrx_word' id='word_1_369' title='bbox 1559 2340 1681 2402; x_wconf 86' lang='lat' dir='ltr'><strong>iste,</strong></span> <span class='ocrx_word' id='word_1_370' title='bbox 1739 2350 1795 2393; x_wconf 92' lang='lat' dir='ltr'><strong>ut</strong></span> <span class='ocrx_word' id='word_1_371' title='bbox 1842 2342 2087 2394; x_wconf 83' lang='lat' dir='ltr'><strong>attenda-</strong></span> 
     </span>
    </p>
   </div>
   <div class='ocr_carea' id='block_1_50' title="bbox 509 2406 2087 2478">
    <p class='ocr_par' dir='ltr' id='par_1_50' title="bbox 509 2406 2087 2478">
     <span class='ocr_line' id='line_1_50' title="bbox 509 2406 2087 2478; baseline 0.002 -15"><span class='ocrx_word' id='word_1_372' title='bbox 509 2426 627 2463; x_wconf 92' lang='lat' dir='ltr'><strong>mus</strong></span> <span class='ocrx_word' id='word_1_373' title='bbox 660 2406 1102 2478; x_wconf 82' lang='lat' dir='ltr'><strong>peregrinationis</strong></span> <span class='ocrx_word' id='word_1_374' title='bbox 1151 2408 1395 2478; x_wconf 86' lang='lat' dir='ltr'><strong>miserias</strong></span> <span class='ocrx_word' id='word_1_375' title='bbox 1423 2418 1585 2477; x_wconf 91' lang='lat' dir='ltr'><strong>atque</strong></span> <span class='ocrx_word' id='word_1_376' title='bbox 1616 2408 1877 2476; x_wconf 88' lang='lat' dir='ltr'><strong>laborem,</strong></span> <span class='ocrx_word' id='word_1_377' title='bbox 1910 2419 1967 2465; x_wconf 88' lang='lat' dir='ltr'><strong>et</strong></span> <span class='ocrx_word' id='word_1_378' title='bbox 2010 2412 2087 2466; x_wconf 91' lang='lat' dir='ltr'><strong>sic</strong></span> 
     </span>
    </p>
   </div>
   <div class='ocr_carea' id='block_1_51' title="bbox 506 2477 2087 2549">
    <p class='ocr_par' dir='ltr' id='par_1_51' title="bbox 506 2477 2087 2549">
     <span class='ocr_line' id='line_1_51' title="bbox 506 2477 2087 2549; baseline 0.001 -18"><span class='ocrx_word' id='word_1_379' title='bbox 506 2477 722 2546; x_wconf 89' lang='lat' dir='ltr'><strong>semper</strong></span> <span class='ocrx_word' id='word_1_380' title='bbox 756 2477 1102 2549; x_wconf 27' lang='lat' dir='ltr'><strong>suspirent‘us</strong></span> <span class='ocrx_word' id='word_1_381' title='bbox 1150 2477 1217 2529; x_wconf 89' lang='lat' dir='ltr'><strong>ad</strong></span> <span class='ocrx_word' id='word_1_382' title='bbox 1270 2478 1495 2549; x_wconf 80' lang='lat' dir='ltr'><strong>patriam</strong></span> <span class='ocrx_word' id='word_1_383' title='bbox 1530 2479 1877 2549; x_wconf 86' lang='lat' dir='ltr'><strong>plenariam,</strong></span> <span class='ocrx_word' id='word_1_384' title='bbox 1928 2489 2087 2549; x_wconf 91' lang='lat' dir='ltr'><strong>atque</strong></span> 
     </span>
    </p>
   </div>
   <div class='ocr_carea' id='block_1_52' title="bbox 510 2545 2083 2617">
    <p class='ocr_par' dir='ltr' id='par_1_52' title="bbox 510 2545 2083 2617">
     <span class='ocr_line' id='line_1_52' title="bbox 510 2545 2083 2617; baseline 0.003 -16"><span class='ocrx_word' id='word_1_385' title='bbox 510 2545 712 2603; x_wconf 60' lang='lat' dir='ltr'><strong>aeterna</strong></span> <span class='ocrx_word' id='word_1_386' title='bbox 745 2548 995 2602; x_wconf 83' lang='lat' dir='ltr'><strong>felicitate</strong></span> <span class='ocrx_word' id='word_1_387' title='bbox 1023 2545 1309 2600; x_wconf 82' lang='lat' dir='ltr'><strong>fruentem.</strong></span> <span class='ocrx_word' id='word_1_388' title='bbox 1344 2545 1742 2603; x_wconf 82' lang='lat' dir='ltr'><strong>Attendendum</strong></span> <span class='ocrx_word' id='word_1_389' title='bbox 1776 2564 1902 2603; x_wconf 85' lang='lat' dir='ltr'><strong>vero</strong></span> <span class='ocrx_word' id='word_1_390' title='bbox 1941 2545 2083 2617; x_wconf 81' lang='lat' dir='ltr'><strong>quod</strong></span> 
     </span>
    </p>
   </div>
   <div class='ocr_carea' id='block_1_53' title="bbox 506 2617 2084 2686">
    <p class='ocr_par' dir='ltr' id='par_1_53' title="bbox 506 2617 2084 2686">
     <span class='ocr_line' id='line_1_53' title="bbox 506 2617 2084 2686; baseline 0 -12"><span class='ocrx_word' id='word_1_391' title='bbox 506 2618 766 2674; x_wconf 72' lang='lat' dir='ltr'><strong>Jeremias</strong></span> <span class='ocrx_word' id='word_1_392' title='bbox 796 2617 1158 2686; x_wconf 80' lang='lat' dir='ltr'><strong>excelsusvel</strong></span> <span class='ocrx_word' id='word_1_393' title='bbox 1205 2617 1341 2670; x_wconf 89' lang='lat' dir='ltr'><strong>altus</strong></span> <span class='ocrx_word' id='word_1_394' title='bbox 1389 2618 1801 2686; x_wconf 88' lang='lat' dir='ltr'><strong>interpretatur;</strong></span> <span class='ocrx_word' id='word_1_395' title='bbox 1842 2630 1898 2673; x_wconf 85' lang='lat' dir='ltr'><strong>et</strong></span> <span class='ocrx_word' id='word_1_396' title='bbox 1942 2620 2084 2675; x_wconf 85' lang='lat' dir='ltr'><strong>desi-</strong></span> 
     </span>
    </p>
   </div>
   <div class='ocr_carea' id='block_1_54' title="bbox 506 2685 2087 2759">
    <p class='ocr_par' dir='ltr' id='par_1_54' title="bbox 506 2685 2087 2759">
     <span class='ocr_line' id='line_1_54' title="bbox 506 2685 2087 2759; baseline 0.001 -17"><span class='ocrx_word' id='word_1_397' title='bbox 506 2698 735 2759; x_wconf 85' lang='lat' dir='ltr'><strong>gnantur</strong></span> <span class='ocrx_word' id='word_1_398' title='bbox 768 2702 860 2756; x_wconf 88' lang='lat' dir='ltr'><strong>per</strong></span> <span class='ocrx_word' id='word_1_399' title='bbox 889 2700 1012 2759; x_wconf 85' lang='lat' dir='ltr'><strong>eum</strong></span> <span class='ocrx_word' id='word_1_400' title='bbox 1056 2685 1322 2759; x_wconf 87' lang='lat' dir='ltr'><strong>homines,</strong></span> <span class='ocrx_word' id='word_1_401' title='bbox 1370 2688 1485 2741; x_wconf 62' lang='lat' dir='ltr'><strong>haec</strong></span> <span class='ocrx_word' id='word_1_402' title='bbox 1524 2685 1703 2742; x_wconf 82' lang='lat' dir='ltr'><strong>inﬁma</strong></span> <span class='ocrx_word' id='word_1_403' title='bbox 1743 2698 2087 2744; x_wconf 89' lang='lat' dir='ltr'><strong>contemnen-</strong></span> 
     </span>
    </p>
   </div>
   <div class='ocr_carea' id='block_1_55' title="bbox 509 2756 2087 2829">
    <p class='ocr_par' dir='ltr' id='par_1_55' title="bbox 509 2756 2087 2829">
     <span class='ocr_line' id='line_1_55' title="bbox 509 2756 2087 2829; baseline 0.002 -17"><span class='ocrx_word' id='word_1_404' title='bbox 509 2756 610 2822; x_wconf 74' lang='lat' dir='ltr'><strong>tes,</strong></span> <span class='ocrx_word' id='word_1_405' title='bbox 652 2762 889 2829; x_wconf 12' lang='lat' dir='ltr'><strong>ctralta,</strong></span> <span class='ocrx_word' id='word_1_406' title='bbox 934 2756 985 2809; x_wconf 93' lang='lat' dir='ltr'><strong>id</strong></span> <span class='ocrx_word' id='word_1_407' title='bbox 1031 2768 1113 2829; x_wconf 88' lang='lat' dir='ltr'><strong>est</strong></span> <span class='ocrx_word' id='word_1_408' title='bbox 1157 2758 1419 2829; x_wconf 72' lang='lat' dir='ltr'><strong>cmlestia,</strong></span> <span class='ocrx_word' id='word_1_409' title='bbox 1468 2771 1804 2827; x_wconf 89' lang='lat' dir='ltr'><strong>appetentes.</strong></span> <span class='ocrx_word' id='word_1_410' title='bbox 1857 2761 2087 2829; x_wconf 76' lang='lat' dir='ltr'><strong>Aggteus</strong></span> 
     </span>
    </p>
   </div>
   <div class='ocr_carea' id='block_1_56' title="bbox 507 2826 2087 2902">
    <p class='ocr_par' dir='ltr' id='par_1_56' title="bbox 507 2826 2087 2902">
     <span class='ocr_line' id='line_1_56' title="bbox 507 2826 2087 2902; baseline 0.001 -20"><span class='ocrx_word' id='word_1_411' title='bbox 507 2843 635 2902; x_wconf 84' lang='lat' dir='ltr'><strong>vero</strong></span> <span class='ocrx_word' id='word_1_412' title='bbox 663 2826 921 2902; x_wconf 82' lang='lat' dir='ltr'><strong>solemnis</strong></span> <span class='ocrx_word' id='word_1_413' title='bbox 947 2829 1061 2902; x_wconf 84' lang='lat' dir='ltr'><strong>sive</strong></span> <span class='ocrx_word' id='word_1_414' title='bbox 1092 2828 1312 2882; x_wconf 81' lang='lat' dir='ltr'><strong>festivus</strong></span> <span class='ocrx_word' id='word_1_415' title='bbox 1351 2826 1755 2902; x_wconf 80' lang='lat' dir='ltr'><strong>interpretatur,</strong></span> <span class='ocrx_word' id='word_1_416' title='bbox 1786 2842 1839 2886; x_wconf 91' lang='lat' dir='ltr'><strong>et</strong></span> <span class='ocrx_word' id='word_1_417' title='bbox 1881 2826 2087 2902; x_wconf 73' lang='lat' dir='ltr'><strong>signiti-</strong></span> 
     </span>
    </p>
   </div>
   <div class='ocr_carea' id='block_1_57' title="bbox 506 2898 2085 2971">
    <p class='ocr_par' dir='ltr' id='par_1_57' title="bbox 506 2898 2085 2971">
     <span class='ocr_line' id='line_1_57' title="bbox 506 2898 2085 2971; baseline 0.003 -19"><span class='ocrx_word' id='word_1_418' title='bbox 506 2909 593 2952; x_wconf 77' lang='lat' dir='ltr'><strong>c:it</strong></span> <span class='ocrx_word' id='word_1_419' title='bbox 626 2898 1055 2971; x_wconf 62' lang='lat' dir='ltr'><strong>hominesadeo</strong></span> <span class='ocrx_word' id='word_1_420' title='bbox 1101 2907 1407 2971; x_wconf 76' lang='lat' dir='ltr'><strong>provectos,</strong></span> <span class='ocrx_word' id='word_1_421' title='bbox 1442 2911 1497 2953; x_wconf 93' lang='lat' dir='ltr'><strong>ut</strong></span> <span class='ocrx_word' id='word_1_422' title='bbox 1541 2898 1650 2971; x_wconf 77' lang='lat' dir='ltr'><strong>jam</strong></span> <span class='ocrx_word' id='word_1_423' title='bbox 1701 2898 2085 2971; x_wconf 59' lang='lat' dir='ltr'><strong>quietem&#39;uon</strong></span> 
     </span>
    </p>
   </div>
   <div class='ocr_carea' id='block_1_58' title="bbox 504 2966 2085 3037">
    <p class='ocr_par' dir='ltr' id='par_1_58' title="bbox 504 2966 2085 3037">
     <span class='ocr_line' id='line_1_58' title="bbox 504 2966 2085 3037; baseline 0.003 -16"><span class='ocrx_word' id='word_1_424' title='bbox 504 2976 769 3037; x_wconf 74' lang='lat' dir='ltr'><strong>quan-aut,</strong></span> <span class='ocrx_word' id='word_1_425' title='bbox 806 2966 907 3021; x_wconf 90' lang='lat' dir='ltr'><strong>nisi</strong></span> <span class='ocrx_word' id='word_1_426' title='bbox 941 2977 1144 3037; x_wconf 86' lang='lat' dir='ltr'><strong>tantum</strong></span> <span class='ocrx_word' id='word_1_427' title='bbox 1171 2967 1279 3021; x_wconf 91' lang='lat' dir='ltr'><strong>illic</strong></span> <span class='ocrx_word' id='word_1_428' title='bbox 1312 2969 1397 3020; x_wconf 91' lang='lat' dir='ltr'><strong>ubi</strong></span> <span class='ocrx_word' id='word_1_429' title='bbox 1430 2966 1621 3037; x_wconf 87' lang='lat' dir='ltr'><strong>gaudia</strong></span> <span class='ocrx_word' id='word_1_430' title='bbox 1651 2966 1776 3025; x_wconf 76' lang='lat' dir='ltr'><strong>sunt</strong></span> <span class='ocrx_word' id='word_1_431' title='bbox 1805 2973 1920 3025; x_wconf 83' lang='lat' dir='ltr'><strong>sine</strong></span> <span class='ocrx_word' id='word_1_432' title='bbox 1960 2972 2085 3037; x_wconf 79' lang='lat' dir='ltr'><strong>line,</strong></span> 
     </span>
    </p>
   </div>
   <div class='ocr_carea' id='block_1_59' title="bbox 506 3036 2088 3111">
    <p class='ocr_par' dir='ltr' id='par_1_59' title="bbox 506 3036 2088 3111">
     <span class='ocr_line' id='line_1_59' title="bbox 506 3036 2088 3111; baseline 0.003 -18"><span class='ocrx_word' id='word_1_433' title='bbox 506 3036 563 3093; x_wconf 83' lang='lat' dir='ltr'><strong>et</strong></span> <span class='ocrx_word' id='word_1_434' title='bbox 589 3038 854 3111; x_wconf 74' lang='lat' dir='ltr'><strong>festivitas</strong></span> <span class='ocrx_word' id='word_1_435' title='bbox 878 3044 967 3111; x_wconf 78' lang='lat' dir='ltr'><strong>est</strong></span> <span class='ocrx_word' id='word_1_436' title='bbox 995 3036 1110 3091; x_wconf 89' lang='lat' dir='ltr'><strong>sine</strong></span> <span class='ocrx_word' id='word_1_437' title='bbox 1150 3036 1566 3111; x_wconf 81' lang='lat' dir='ltr'><strong>intermissione.</strong></span> <span class='ocrx_word' id='word_1_438' title='bbox 1588 3040 1845 3111; x_wconf 71' lang='lat' dir='ltr'><strong>Ezechiel</strong></span> <span class='ocrx_word' id='word_1_439' title='bbox 1873 3036 2088 3111; x_wconf 85' lang='lat' dir='ltr'><strong>quoque</strong></span> 
     </span>
    </p>
   </div>
   <div class='ocr_carea' id='block_1_60' title="bbox 510 3107 2162 3209">
    <p class='ocr_par' dir='ltr' id='par_1_60' title="bbox 510 3107 2162 3209">
     <span class='ocr_line' id='line_1_60' title="bbox 510 3107 2162 3209; baseline 0.003 -47"><span class='ocrx_word' id='word_1_440' title='bbox 510 3111 779 3209; x_wconf 69' lang='lat' dir='ltr'><strong>memorial</strong></span> <span class='ocrx_word' id='word_1_441' title='bbox 800 3107 1335 3209; x_wconf 56' lang='lat' dir='ltr'><strong>DeirinterpretAatur,</strong></span> <span class='ocrx_word' id='word_1_442' title='bbox 1365 3109 1505 3209; x_wconf 64' lang='lat' dir='ltr'><strong>quqd</strong></span> <span class='ocrx_word' id='word_1_443' title='bbox 1528 3110 1673 3209; x_wconf 46' lang='lat' dir='ltr'><strong>&quot;ideo</strong></span> <span class='ocrx_word' id='word_1_444' title='bbox 1698 3107 1935 3209; x_wconf 44' lang='lat' dir='ltr'><strong>additum</strong></span> <span class='ocrx_word' id='word_1_445' title='bbox 1956 3107 2083 3209; x_wconf 68' lang='lat' dir='ltr'><strong>|est,</strong></span> <span class='ocrx_word' id='word_1_446' title='bbox 2115 3146 2162 3209; x_wconf 68' lang='grc' dir='ltr'>ο</span> 
     </span>
    </p>
   </div>
   <div class='ocr_carea' id='block_1_61' title="bbox 511 3178 2082 3248">
    <p class='ocr_par' dir='ltr' id='par_1_61' title="bbox 511 3178 2082 3248">
     <span class='ocr_line' id='line_1_61' title="bbox 511 3178 2082 3248; baseline 0.004 -17"><span class='ocrx_word' id='word_1_447' title='bbox 511 3180 632 3248; x_wconf 88' lang='lat' dir='ltr'><strong>quia</strong></span> <span class='ocrx_word' id='word_1_448' title='bbox 656 3178 871 3246; x_wconf 89' lang='lat' dir='ltr'><strong>quidam</strong></span> <span class='ocrx_word' id='word_1_449' title='bbox 896 3178 1014 3232; x_wconf 92' lang='lat' dir='ltr'><strong>libri</strong></span> <span class='ocrx_word' id='word_1_450' title='bbox 1044 3192 1148 3230; x_wconf 90' lang='lat' dir='ltr'><strong>non</strong></span> <span class='ocrx_word' id='word_1_451' title='bbox 1177 3178 1430 3248; x_wconf 71' lang='lat' dir='ltr'><strong>Aggteum</strong></span> <span class='ocrx_word' id='word_1_452' title='bbox 1454 3180 1675 3246; x_wconf 88' lang='lat' dir='ltr'><strong>habent,</strong></span> <span class='ocrx_word' id='word_1_453' title='bbox 1695 3182 1787 3235; x_wconf 88' lang='lat' dir='ltr'><strong>sed</strong></span> <span class='ocrx_word' id='word_1_454' title='bbox 1814 3178 2082 3238; x_wconf 68' lang='lat' dir='ltr'><strong>Ezechiel.</strong></span> 
     </span>
    </p>
   </div>
   <div class='ocr_carea' id='block_1_62' title="bbox 507 3246 2085 3315">
    <p class='ocr_par' dir='ltr' id='par_1_62' title="bbox 507 3246 2085 3315">
     <span class='ocr_line' id='line_1_62' title="bbox 507 3246 2085 3315; baseline 0.003 -13"><span class='ocrx_word' id='word_1_455' title='bbox 507 3246 718 3304; x_wconf 80' lang='lat' dir='ltr'><strong>Titulus</strong></span> <span class='ocrx_word' id='word_1_456' title='bbox 766 3249 845 3301; x_wconf 82' lang='lat' dir='ltr'><strong>sic</strong></span> <span class='ocrx_word' id='word_1_457' title='bbox 889 3249 1175 3315; x_wconf 81' lang='lat' dir='ltr'><strong>exponitur</strong></span> <span class='ocrx_word' id='word_1_458' title='bbox 1227 3246 1245 3300; x_wconf 70' lang='grc' dir='ltr'><em>ξ</em></span> <span class='ocrx_word' id='word_1_459' title='bbox 1291 3246 1417 3303; x_wconf 67' lang='grc' dir='ltr'>Ηειεε</span> <span class='ocrx_word' id='word_1_460' title='bbox 1468 3251 1627 3304; x_wconf 82' lang='lat' dir='ltr'><strong>Verba</strong></span> <span class='ocrx_word' id='word_1_461' title='bbox 1678 3254 1981 3307; x_wconf 79' lang='lat' dir='ltr'><strong>referuntur</strong></span> <span class='ocrx_word' id='word_1_462' title='bbox 2031 3254 2085 3307; x_wconf 93' lang='lat' dir='ltr'><strong>in</strong></span> 
     </span>
    </p>
   </div>
   <div class='ocr_carea' id='block_1_63' title="bbox 509 3318 2086 3387">
    <p class='ocr_par' dir='ltr' id='par_1_63' title="bbox 509 3318 2086 3387">
     <span class='ocr_line' id='line_1_63' title="bbox 509 3318 2086 3387; baseline 0.004 -15"><span class='ocrx_word' id='word_1_463' title='bbox 509 3321 691 3383; x_wconf 88' lang='lat' dir='ltr'><strong>tinem,</strong></span> <span class='ocrx_word' id='word_1_464' title='bbox 723 3333 841 3387; x_wconf 78' lang='lat' dir='ltr'><strong>qua:</strong></span> <span class='ocrx_word' id='word_1_465' title='bbox 869 3327 993 3372; x_wconf 86' lang='lat' dir='ltr'><strong>sunt</strong></span> <span class='ocrx_word' id='word_1_466' title='bbox 1024 3320 1257 3386; x_wconf 91' lang='lat' dir='ltr'><strong>psalmus</strong></span> <span class='ocrx_word' id='word_1_467' title='bbox 1289 3318 1478 3385; x_wconf 62' lang='lat' dir='ltr'><strong>David,</strong></span> <span class='ocrx_word' id='word_1_468' title='bbox 1514 3322 1564 3373; x_wconf 92' lang='lat' dir='ltr'><strong>id</strong></span> <span class='ocrx_word' id='word_1_469' title='bbox 1593 3329 1697 3387; x_wconf 92' lang='lat' dir='ltr'><strong>est,</strong></span> <span class='ocrx_word' id='word_1_470' title='bbox 1738 3323 2000 3385; x_wconf 79' lang='lat' dir='ltr'><strong>ﬁdelium,</strong></span> <span class='ocrx_word' id='word_1_471' title='bbox 2032 3334 2086 3380; x_wconf 91' lang='lat' dir='ltr'><strong>et</strong></span> 
     </span>
    </p>
   </div>
   <div class='ocr_carea' id='block_1_64' title="bbox 507 3390 2084 3472">
    <p class='ocr_par' dir='ltr' id='par_1_64' title="bbox 507 3390 2084 3472">
     <span class='ocr_line' id='line_1_64' title="bbox 507 3390 2084 3472; baseline 0.004 -30"><span class='ocrx_word' id='word_1_472' title='bbox 507 3390 829 3472; x_wconf 45' lang='lat' dir='ltr'><strong>deter-mittat</strong></span> <span class='ocrx_word' id='word_1_473' title='bbox 857 3396 1097 3472; x_wconf 76' lang='lat' dir='ltr'><strong>uterque,</strong></span> <span class='ocrx_word' id='word_1_474' title='bbox 1143 3397 1198 3443; x_wconf 91' lang='lat' dir='ltr'><strong>et</strong></span> <span class='ocrx_word' id='word_1_475' title='bbox 1226 3391 1349 3468; x_wconf 80' lang='lat' dir='ltr'><strong>quid</strong></span> <span class='ocrx_word' id='word_1_476' title='bbox 1383 3390 1454 3445; x_wconf 91' lang='lat' dir='ltr'><strong>sit</strong></span> <span class='ocrx_word' id='word_1_477' title='bbox 1487 3392 1742 3472; x_wconf 77' lang='lat' dir='ltr'><strong>psalmus,</strong></span> <span class='ocrx_word' id='word_1_478' title='bbox 1777 3405 1830 3448; x_wconf 92' lang='lat' dir='ltr'><strong>et</strong></span> <span class='ocrx_word' id='word_1_479' title='bbox 1859 3410 2084 3472; x_wconf 72' lang='lat' dir='ltr'><strong>quorum</strong></span> 
     </span>
    </p>
   </div>
   <div class='ocr_carea' id='block_1_65' title="bbox 488 3457 2085 3527">
    <p class='ocr_par' dir='ltr' id='par_1_65' title="bbox 488 3457 2085 3527">
     <span class='ocr_line' id='line_1_65' title="bbox 488 3457 2085 3527; baseline 0.005 -15"><span class='ocrx_word' id='word_1_480' title='bbox 488 3464 599 3526; x_wconf 71' lang='lat' dir='ltr'><strong>sit,</strong></span> <span class='ocrx_word' id='word_1_481' title='bbox 637 3460 820 3514; x_wconf 87' lang='lat' dir='ltr'><strong>dicetis</strong></span> <span class='ocrx_word' id='word_1_482' title='bbox 848 3458 968 3527; x_wconf 84' lang='lat' dir='ltr'><strong>quia</strong></span> <span class='ocrx_word' id='word_1_483' title='bbox 997 3457 1100 3513; x_wconf 86' lang='lat' dir='ltr'><strong>est</strong></span> <span class='ocrx_word' id='word_1_484' title='bbox 1144 3457 1433 3525; x_wconf 88' lang='lat' dir='ltr'><strong>canticum,</strong></span> <span class='ocrx_word' id='word_1_485' title='bbox 1486 3457 1536 3514; x_wconf 91' lang='lat' dir='ltr'><strong>id</strong></span> <span class='ocrx_word' id='word_1_486' title='bbox 1580 3471 1683 3527; x_wconf 86' lang='lat' dir='ltr'><strong>est,</strong></span> <span class='ocrx_word' id='word_1_487' title='bbox 1725 3457 2085 3520; x_wconf 45' lang='lat' dir='ltr'><strong>exsul-tativus</strong></span> 
     </span>
    </p>
   </div>
   <div class='ocr_carea' id='block_1_66' title="bbox 508 3526 2087 3600">
    <p class='ocr_par' dir='ltr' id='par_1_66' title="bbox 508 3526 2087 3600">
     <span class='ocr_line' id='line_1_66' title="bbox 508 3526 2087 3600; baseline 0.004 -18"><span class='ocrx_word' id='word_1_488' title='bbox 508 3532 739 3600; x_wconf 81' lang='lat' dir='ltr'><strong>hymnus</strong></span> <span class='ocrx_word' id='word_1_489' title='bbox 764 3526 1009 3600; x_wconf 73' lang='lat' dir='ltr'><strong>.Icremire</strong></span> <span class='ocrx_word' id='word_1_490' title='bbox 1037 3537 1099 3600; x_wconf 80' lang='lat' dir='ltr'><strong>et</strong></span> <span class='ocrx_word' id='word_1_491' title='bbox 1138 3530 1336 3599; x_wconf 77' lang='lat' dir='ltr'><strong>Aggzei,</strong></span> <span class='ocrx_word' id='word_1_492' title='bbox 1370 3531 1421 3583; x_wconf 92' lang='lat' dir='ltr'><strong>id</strong></span> <span class='ocrx_word' id='word_1_493' title='bbox 1451 3542 1553 3596; x_wconf 90' lang='lat' dir='ltr'><strong>est,</strong></span> <span class='ocrx_word' id='word_1_494' title='bbox 1599 3526 1811 3587; x_wconf 78' lang='lat' dir='ltr'><strong>illarum</strong></span> <span class='ocrx_word' id='word_1_495' title='bbox 1856 3536 2087 3589; x_wconf 89' lang='lat' dir='ltr'><strong>duorum</strong></span> 
     </span>
    </p>
   </div>
   <div class='ocr_carea' id='block_1_67' title="bbox 506 3597 2088 3672">
    <p class='ocr_par' dir='ltr' id='par_1_67' title="bbox 506 3597 2088 3672">
     <span class='ocr_line' id='line_1_67' title="bbox 506 3597 2088 3672; baseline 0.004 -19"><span class='ocrx_word' id='word_1_496' title='bbox 506 3597 767 3663; x_wconf 77' lang='lat' dir='ltr'><strong>tidelium,</strong></span> <span class='ocrx_word' id='word_1_497' title='bbox 795 3597 885 3667; x_wconf 90' lang='lat' dir='ltr'><strong>qui</strong></span> <span class='ocrx_word' id='word_1_498' title='bbox 913 3612 1029 3672; x_wconf 76' lang='lat' dir='ltr'><strong>per</strong></span> <span class='ocrx_word' id='word_1_499' title='bbox 1071 3597 1539 3672; x_wconf 48' lang='lat' dir='ltr'><strong>duos&#39;prOphetas</strong></span> <span class='ocrx_word' id='word_1_500' title='bbox 1584 3603 1973 3672; x_wconf 81' lang='lat' dir='ltr'><strong>signiﬁcantur.</strong></span> <span class='ocrx_word' id='word_1_501' title='bbox 2022 3605 2088 3659; x_wconf 79' lang='lat' dir='ltr'><strong>Et</strong></span> 
     </span>
    </p>
   </div>
   <div class='ocr_carea' id='block_1_68' title="bbox 505 3668 2088 3743">
    <p class='ocr_par' dir='ltr' id='par_1_68' title="bbox 505 3668 2088 3743">
     <span class='ocr_line' id='line_1_68' title="bbox 505 3668 2088 3743; baseline 0.004 -21"><span class='ocrx_word' id='word_1_502' title='bbox 505 3681 589 3724; x_wconf 87' lang='lat' dir='ltr'><strong>est</strong></span> <span class='ocrx_word' id='word_1_503' title='bbox 604 3678 860 3743; x_wconf 81' lang='lat' dir='ltr'><strong>cantatus</strong></span> <span class='ocrx_word' id='word_1_504' title='bbox 883 3669 950 3743; x_wconf 68' lang='lat' dir='ltr'><strong>de</strong></span> <span class='ocrx_word' id='word_1_505' title='bbox 978 3668 1146 3743; x_wconf 71' lang='lat' dir='ltr'><strong>verbo,</strong></span> <span class='ocrx_word' id='word_1_506' title='bbox 1178 3670 1228 3722; x_wconf 93' lang='lat' dir='ltr'><strong>id</strong></span> <span class='ocrx_word' id='word_1_507' title='bbox 1266 3681 1368 3733; x_wconf 90' lang='lat' dir='ltr'><strong>est,</strong></span> <span class='ocrx_word' id='word_1_508' title='bbox 1398 3672 1467 3725; x_wconf 90' lang='lat' dir='ltr'><strong>de</strong></span> <span class='ocrx_word' id='word_1_509' title='bbox 1504 3668 1807 3741; x_wconf 72' lang='lat' dir='ltr'><strong>cognitione</strong></span> <span class='ocrx_word' id='word_1_510' title='bbox 1854 3675 2088 3743; x_wconf 83' lang='lat' dir='ltr'><strong>peregri-</strong></span> 
     </span>
    </p>
   </div>
   <div class='ocr_carea' id='block_1_69' title="bbox 506 3739 2088 3809">
    <p class='ocr_par' dir='ltr' id='par_1_69' title="bbox 506 3739 2088 3809">
     <span class='ocr_line' id='line_1_69' title="bbox 506 3739 2088 3809; baseline 0.004 -15"><span class='ocrx_word' id='word_1_511' title='bbox 506 3741 771 3803; x_wconf 87' lang='lat' dir='ltr'><strong>nationis;</strong></span> <span class='ocrx_word' id='word_1_512' title='bbox 806 3739 929 3807; x_wconf 85' lang='lat' dir='ltr'><strong>quia</strong></span> <span class='ocrx_word' id='word_1_513' title='bbox 964 3740 1119 3809; x_wconf 81' lang='lat' dir='ltr'><strong>enim</strong></span> <span class='ocrx_word' id='word_1_514' title='bbox 1165 3752 1529 3809; x_wconf 87' lang='lat' dir='ltr'><strong>cognoverunt</strong></span> <span class='ocrx_word' id='word_1_515' title='bbox 1571 3739 1743 3797; x_wconf 79' lang='lat' dir='ltr'><strong>exsilii</strong></span> <span class='ocrx_word' id='word_1_516' title='bbox 1775 3739 2088 3799; x_wconf 32' lang='lat' dir='ltr'><strong>ain—aritudi-</strong></span> 
     </span>
    </p>
   </div>
   <div class='ocr_carea' id='block_1_70' title="bbox 512 3808 2084 3881">
    <p class='ocr_par' dir='ltr' id='par_1_70' title="bbox 512 3808 2084 3881">
     <span class='ocr_line' id='line_1_70' title="bbox 512 3808 2084 3881; baseline 0.002 -15"><span class='ocrx_word' id='word_1_517' title='bbox 512 3827 659 3879; x_wconf 86' lang='lat' dir='ltr'><strong>nem,</strong></span> <span class='ocrx_word' id='word_1_518' title='bbox 693 3811 884 3863; x_wconf 88' lang='lat' dir='ltr'><strong>sitiunt</strong></span> <span class='ocrx_word' id='word_1_519' title='bbox 910 3808 977 3881; x_wconf 85' lang='lat' dir='ltr'><strong>ad</strong></span> <span class='ocrx_word' id='word_1_520' title='bbox 1008 3812 1192 3881; x_wconf 80' lang='lat' dir='ltr'><strong>patriae</strong></span> <span class='ocrx_word' id='word_1_521' title='bbox 1220 3808 1582 3877; x_wconf 77' lang='lat' dir='ltr'><strong>dulcedinem,</strong></span> <span class='ocrx_word' id='word_1_522' title='bbox 1609 3824 1663 3867; x_wconf 91' lang='lat' dir='ltr'><strong>et</strong></span> <span class='ocrx_word' id='word_1_523' title='bbox 1691 3815 1812 3869; x_wconf 81' lang='lat' dir='ltr'><strong>ideo</strong></span> <span class='ocrx_word' id='word_1_524' title='bbox 1841 3823 2084 3881; x_wconf 83' lang='lat' dir='ltr'><strong>cantant,</strong></span> 
     </span>
    </p>
   </div>
   <div class='ocr_carea' id='block_1_71' title="bbox 490 3879 2087 3940">
    <p class='ocr_par' dir='ltr' id='par_1_71' title="bbox 490 3879 2087 3940">
     <span class='ocr_line' id='line_1_71' title="bbox 490 3879 2087 3940; baseline 0.004 -6"><span class='ocrx_word' id='word_1_525' title='bbox 490 3884 859 3935; x_wconf 77' lang='lat' dir='ltr'><strong>exhortantur</strong></span> <span class='ocrx_word' id='word_1_526' title='bbox 884 3880 1017 3933; x_wconf 90' lang='lat' dir='ltr'><strong>alios</strong></span> <span class='ocrx_word' id='word_1_527' title='bbox 1047 3890 1102 3933; x_wconf 93' lang='lat' dir='ltr'><strong>ut</strong></span> <span class='ocrx_word' id='word_1_528' title='bbox 1132 3879 1273 3935; x_wconf 87' lang='lat' dir='ltr'><strong>idem</strong></span> <span class='ocrx_word' id='word_1_529' title='bbox 1303 3885 1578 3936; x_wconf 88' lang='lat' dir='ltr'><strong>attendant</strong></span> <span class='ocrx_word' id='word_1_530' title='bbox 1602 3893 1657 3938; x_wconf 92' lang='lat' dir='ltr'><strong>et</strong></span> <span class='ocrx_word' id='word_1_531' title='bbox 1687 3884 1825 3938; x_wconf 85' lang='lat' dir='ltr'><strong>idem</strong></span> <span class='ocrx_word' id='word_1_532' title='bbox 1879 3879 2087 3940; x_wconf 84' lang='lat' dir='ltr'><strong>sitiant.</strong></span> 
     </span>
    </p>
   </div>
   <div class='ocr_carea' id='block_1_72' title="bbox 506 3950 2086 4025">
    <p class='ocr_par' dir='ltr' id='par_1_72' title="bbox 506 3950 2086 4025">
     <span class='ocr_line' id='line_1_72' title="bbox 506 3950 2086 4025; baseline 0.004 -22"><span class='ocrx_word' id='word_1_533' title='bbox 506 3954 659 4025; x_wconf 85' lang='lat' dir='ltr'><strong>’l&#39;unc</strong></span> <span class='ocrx_word' id='word_1_534' title='bbox 674 3950 794 4004; x_wconf 90' lang='lat' dir='ltr'><strong>dico</strong></span> <span class='ocrx_word' id='word_1_535' title='bbox 821 3959 1088 4025; x_wconf 64' lang='lat' dir='ltr'><strong>cantatus,</strong></span> <span class='ocrx_word' id='word_1_536' title='bbox 1118 3952 1551 4025; x_wconf 15' lang='lat' dir='ltr'><strong>cutnrinciperent</strong></span> <span class='ocrx_word' id='word_1_537' title='bbox 1580 3956 1837 4025; x_wconf 74' lang='lat' dir='ltr'><strong>proﬁcisci</strong></span> <span class='ocrx_word' id='word_1_538' title='bbox 1867 3972 1970 4010; x_wconf 91' lang='lat' dir='ltr'><strong>non</strong></span> <span class='ocrx_word' id='word_1_539' title='bbox 2011 3956 2086 4010; x_wconf 89' lang='lat' dir='ltr'><strong>illi</strong></span> 
     </span>
    </p>
   </div>
   <div class='ocr_carea' id='block_1_73' title="bbox 505 4020 2089 4095">
    <p class='ocr_par' dir='ltr' id='par_1_73' title="bbox 505 4020 2089 4095">
     <span class='ocr_line' id='line_1_73' title="bbox 505 4020 2089 4095; baseline 0.004 -22"><span class='ocrx_word' id='word_1_540' title='bbox 505 4022 801 4095; x_wconf 67' lang='lat' dir='ltr'><strong>prophetae,</strong></span> <span class='ocrx_word' id='word_1_541' title='bbox 816 4020 1199 4095; x_wconf 79' lang='lat' dir='ltr'><strong>sedsigniﬁcati</strong></span> <span class='ocrx_word' id='word_1_542' title='bbox 1215 4024 1280 4075; x_wconf 85' lang='lat' dir='ltr'><strong>ab</strong></span> <span class='ocrx_word' id='word_1_543' title='bbox 1292 4020 1387 4095; x_wconf 83' lang='lat' dir='ltr'><strong>eis.</strong></span> <span class='ocrx_word' id='word_1_544' title='bbox 1405 4020 1592 4095; x_wconf 65' lang='lat' dir='ltr'><strong>Statim</strong></span> <span class='ocrx_word' id='word_1_545' title='bbox 1609 4020 1749 4079; x_wconf 77' lang='lat' dir='ltr'><strong>enim</strong></span> <span class='ocrx_word' id='word_1_546' title='bbox 1762 4041 1883 4081; x_wconf 90' lang='lat' dir='ltr'><strong>cum</strong></span> <span class='ocrx_word' id='word_1_547' title='bbox 1900 4027 2089 4095; x_wconf 89' lang='lat' dir='ltr'><strong>aliquis</strong></span> 
     </span>
    </p>
   </div>
   <div class='ocr_carea' id='block_1_74' title="bbox 506 4090 2088 4164">
    <p class='ocr_par' dir='ltr' id='par_1_74' title="bbox 506 4090 2088 4164">
     <span class='ocr_line' id='line_1_74' title="bbox 506 4090 2088 4164; baseline 0.003 -20"><span class='ocrx_word' id='word_1_548' title='bbox 506 4096 573 4144; x_wconf 88' lang='lat' dir='ltr'><strong>de</strong></span> <span class='ocrx_word' id='word_1_549' title='bbox 606 4090 871 4164; x_wconf 81' lang='lat' dir='ltr'><strong>Babylone</strong></span> <span class='ocrx_word' id='word_1_550' title='bbox 904 4092 981 4164; x_wconf 81' lang='lat' dir='ltr'><strong>ire</strong></span> <span class='ocrx_word' id='word_1_551' title='bbox 1010 4090 1297 4164; x_wconf 78' lang='lat' dir='ltr'><strong>iucipit,_et</strong></span> <span class='ocrx_word' id='word_1_552' title='bbox 1328 4094 1661 4148; x_wconf 88' lang='lat' dir='ltr'><strong>dulcedinem</strong></span> <span class='ocrx_word' id='word_1_553' title='bbox 1693 4099 1875 4164; x_wconf 70' lang='lat' dir='ltr'><strong>patriae</strong></span> <span class='ocrx_word' id='word_1_554' title='bbox 1903 4090 2088 4163; x_wconf 70' lang='lat' dir='ltr'><strong>sentit,</strong></span> 
     </span>
    </p>
   </div>
   <div class='ocr_carea' id='block_1_75' title="bbox 504 4160 2088 4237">
    <p class='ocr_par' dir='ltr' id='par_1_75' title="bbox 504 4160 2088 4237">
     <span class='ocr_line' id='line_1_75' title="bbox 504 4160 2088 4237; baseline 0.005 -23"><span class='ocrx_word' id='word_1_555' title='bbox 504 4164 779 4237; x_wconf 64' lang='lat' dir='ltr'><strong>sicorare,</strong></span> <span class='ocrx_word' id='word_1_556' title='bbox 822 4160 899 4213; x_wconf 85' lang='lat' dir='ltr'><strong>sic</strong></span> <span class='ocrx_word' id='word_1_557' title='bbox 924 4162 1169 4237; x_wconf 80' lang='lat' dir='ltr'><strong>hymntre</strong></span> <span class='ocrx_word' id='word_1_558' title='bbox 1190 4162 1241 4213; x_wconf 88' lang='lat' dir='ltr'><strong>ei</strong></span> <span class='ocrx_word' id='word_1_559' title='bbox 1272 4167 1521 4237; x_wconf 83' lang='lat' dir='ltr'><strong>convenit</strong></span> <span class='ocrx_word' id='word_1_560' title='bbox 1553 4179 1567 4216; x_wconf 89' lang='lat'><strong>:</strong></span> <span class='ocrx_word' id='word_1_561' title='bbox 1597 4166 1640 4217; x_wconf 81' lang='grc' dir='ltr'><em>Ο</em></span> <span class='ocrx_word' id='word_1_562' title='bbox 1672 4160 1827 4237; x_wconf 81' lang='lat' dir='ltr'><strong>Deus,</strong></span> <span class='ocrx_word' id='word_1_563' title='bbox 1864 4160 2088 4237; x_wconf 79' lang='lat' dir='ltr'><strong>hymnus</strong></span> 
     </span>
    </p>
   </div>
   <div class='ocr_carea' id='block_1_76' title="bbox 504 4230 2090 4307">
    <p class='ocr_par' dir='ltr' id='par_1_76' title="bbox 504 4230 2090 4307">
     <span class='ocr_line' id='line_1_76' title="bbox 504 4230 2090 4307; baseline 0.004 -22"><span class='ocrx_word' id='word_1_564' title='bbox 504 4232 559 4307; x_wconf 82' lang='lat' dir='ltr'><strong>in</strong></span> <span class='ocrx_word' id='word_1_565' title='bbox 591 4230 1178 4307; x_wconf 24' lang='lat' dir='ltr'><strong>Baby‘lonennoudecct</strong></span> <span class='ocrx_word' id='word_1_566' title='bbox 1207 4239 1278 4295; x_wconf 90' lang='lat' dir='ltr'><strong>te,</strong></span> <span class='ocrx_word' id='word_1_567' title='bbox 1308 4233 1360 4286; x_wconf 89' lang='lat' dir='ltr'><strong>id</strong></span> <span class='ocrx_word' id='word_1_568' title='bbox 1389 4243 1490 4297; x_wconf 88' lang='lat' dir='ltr'><strong>est,</strong></span> <span class='ocrx_word' id='word_1_569' title='bbox 1520 4249 1624 4287; x_wconf 90' lang='lat' dir='ltr'><strong>non</strong></span> <span class='ocrx_word' id='word_1_570' title='bbox 1657 4230 1916 4290; x_wconf 62' lang='lat' dir='ltr'><strong>decenter</strong></span> <span class='ocrx_word' id='word_1_571' title='bbox 1935 4239 2090 4307; x_wconf 84' lang='lat' dir='ltr'><strong>hym-</strong></span> 
     </span>
    </p>
   </div>
   <div class='ocr_carea' id='block_1_77' title="bbox 506 4300 2090 4375">
    <p class='ocr_par' dir='ltr' id='par_1_77' title="bbox 506 4300 2090 4375">
     <span class='ocr_line' id='line_1_77' title="bbox 506 4300 2090 4375; baseline 0.004 -19"><span class='ocrx_word' id='word_1_572' title='bbox 506 4303 653 4356; x_wconf 89' lang='lat' dir='ltr'><strong>nitur</strong></span> <span class='ocrx_word' id='word_1_573' title='bbox 686 4302 832 4354; x_wconf 87' lang='lat' dir='ltr'><strong>tibia</strong></span> <span class='ocrx_word' id='word_1_574' title='bbox 861 4300 1187 4375; x_wconf 66' lang='lat' dir='ltr'><strong>Babyloniis,</strong></span> <span class='ocrx_word' id='word_1_575' title='bbox 1217 4308 1337 4369; x_wconf 78' lang='lat' dir='ltr'><strong>quia</strong></span> <span class='ocrx_word' id='word_1_576' title='bbox 1369 4319 1470 4375; x_wconf 83' lang='lat' dir='ltr'><strong>non</strong></span> <span class='ocrx_word' id='word_1_577' title='bbox 1504 4312 1579 4357; x_wconf 88' lang='lat' dir='ltr'><strong>est</strong></span> <span class='ocrx_word' id='word_1_578' title='bbox 1619 4308 1847 4375; x_wconf 81' lang='lat' dir='ltr'><strong>speciosa</strong></span> <span class='ocrx_word' id='word_1_579' title='bbox 1875 4300 1992 4362; x_wconf 73' lang='grc' dir='ltr'>ιαυὶ</span> <span class='ocrx_word' id='word_1_580' title='bbox 2036 4313 2090 4362; x_wconf 87' lang='lat' dir='ltr'><strong>in</strong></span> 
     </span>
    </p>
   </div>
   <div class='ocr_carea' id='block_1_78' title="bbox 502 4371 2085 4443">
    <p class='ocr_par' dir='ltr' id='par_1_78' title="bbox 502 4371 2085 4443">
     <span class='ocr_line' id='line_1_78' title="bbox 502 4371 2085 4443; baseline 0.005 -18"><span class='ocrx_word' id='word_1_581' title='bbox 502 4387 595 4429; x_wconf 87' lang='lat' dir='ltr'><strong>ore</strong></span> <span class='ocrx_word' id='word_1_582' title='bbox 636 4371 936 4442; x_wconf 83' lang='lat' dir='ltr'><strong>peccatoris,</strong></span> <span class='ocrx_word' id='word_1_583' title='bbox 980 4371 1075 4425; x_wconf 85' lang='lat' dir='ltr'><strong>sed</strong></span> <span class='ocrx_word' id='word_1_584' title='bbox 1118 4372 1337 4440; x_wconf 79' lang='lat' dir='ltr'><strong>hymnus</strong></span> <span class='ocrx_word' id='word_1_585' title='bbox 1386 4374 1527 4427; x_wconf 85' lang='lat' dir='ltr'><strong>decet</strong></span> <span class='ocrx_word' id='word_1_586' title='bbox 1557 4383 1605 4428; x_wconf 87' lang='lat' dir='ltr'><strong>te</strong></span> <span class='ocrx_word' id='word_1_587' title='bbox 1632 4371 1684 4428; x_wconf 80' lang='lat' dir='ltr'><strong>in</strong></span> <span class='ocrx_word' id='word_1_588' title='bbox 1715 4377 1865 4441; x_wconf 81' lang='lat' dir='ltr'><strong>Sion,</strong></span> <span class='ocrx_word' id='word_1_589' title='bbox 1898 4378 1947 4431; x_wconf 90' lang='lat' dir='ltr'><strong>id</strong></span> <span class='ocrx_word' id='word_1_590' title='bbox 1980 4389 2085 4443; x_wconf 88' lang='lat' dir='ltr'><strong>est,</strong></span> 
     </span>
    </p>
   </div>
   <div class='ocr_carea' id='block_1_79' title="bbox 498 4443 2086 4513">
    <p class='ocr_par' dir='ltr' id='par_1_79' title="bbox 498 4443 2086 4513">
     <span class='ocr_line' id='line_1_79' title="bbox 498 4443 2086 4513; baseline 0.004 -17"><span class='ocrx_word' id='word_1_591' title='bbox 498 4446 760 4499; x_wconf 82' lang='lat' dir='ltr'><strong>decenter</strong></span> <span class='ocrx_word' id='word_1_592' title='bbox 790 4443 1064 4512; x_wconf 87' lang='lat' dir='ltr'><strong>hymnitur</strong></span> <span class='ocrx_word' id='word_1_593' title='bbox 1095 4443 1189 4496; x_wconf 89' lang='lat' dir='ltr'><strong>tibi</strong></span> <span class='ocrx_word' id='word_1_594' title='bbox 1220 4445 1285 4496; x_wconf 90' lang='lat' dir='ltr'><strong>ab</strong></span> <span class='ocrx_word' id='word_1_595' title='bbox 1318 4443 1399 4498; x_wconf 85' lang='lat' dir='ltr'><strong>his</strong></span> <span class='ocrx_word' id='word_1_596' title='bbox 1442 4445 1531 4513; x_wconf 93' lang='lat' dir='ltr'><strong>qui</strong></span> <span class='ocrx_word' id='word_1_597' title='bbox 1578 4458 1701 4499; x_wconf 90' lang='lat' dir='ltr'><strong>sunt</strong></span> <span class='ocrx_word' id='word_1_598' title='bbox 1750 4449 1800 4500; x_wconf 92' lang='lat' dir='ltr'><strong>in</strong></span> <span class='ocrx_word' id='word_1_599' title='bbox 1832 4446 1984 4512; x_wconf 79' lang='lat' dir='ltr'><strong>Sion,</strong></span> <span class='ocrx_word' id='word_1_600' title='bbox 2032 4451 2086 4503; x_wconf 92' lang='lat' dir='ltr'><strong>id</strong></span> 
     </span>
    </p>
   </div>
   <div class='ocr_carea' id='block_1_80' title="bbox 504 4513 2085 4590">
    <p class='ocr_par' dir='ltr' id='par_1_80' title="bbox 504 4513 2085 4590">
     <span class='ocr_line' id='line_1_80' title="bbox 504 4513 2085 4590; baseline 0.004 -23"><span class='ocrx_word' id='word_1_601' title='bbox 504 4515 711 4590; x_wconf 30' lang='lat' dir='ltr'><strong>estpiu</strong></span> <span class='ocrx_word' id='word_1_602' title='bbox 762 4514 1011 4590; x_wconf 70' lang='lat' dir='ltr'><strong>praesenti</strong></span> <span class='ocrx_word' id='word_1_603' title='bbox 1060 4515 1447 4590; x_wconf 49' lang='lat' dir='ltr'><strong>speculatione.</strong></span> <span class='ocrx_word' id='word_1_604' title='bbox 1494 4513 1562 4590; x_wconf 66' lang='grc' dir='ltr'><strong>Ιςι</strong></span> <span class='ocrx_word' id='word_1_605' title='bbox 1610 4518 1822 4590; x_wconf 84' lang='lat' dir='ltr'><strong>tandem</strong></span> <span class='ocrx_word' id='word_1_606' title='bbox 1880 4520 2085 4590; x_wconf 80' lang='lat' dir='ltr'><strong>integre</strong></span> 
     </span>
    </p>
   </div>
   <div class='ocr_carea' id='block_1_81' title="bbox 500 4584 2086 4658">
    <p class='ocr_par' dir='ltr' id='par_1_81' title="bbox 500 4584 2086 4658">
     <span class='ocr_line' id='line_1_81' title="bbox 500 4584 2086 4658; baseline 0.003 -21"><span class='ocrx_word' id='word_1_607' title='bbox 500 4586 751 4637; x_wconf 61' lang='lat' dir='ltr'><strong>reddetur</strong></span> <span class='ocrx_word' id='word_1_608' title='bbox 781 4586 869 4658; x_wconf 75' lang='lat' dir='ltr'><strong>tibi</strong></span> <span class='ocrx_word' id='word_1_609' title='bbox 896 4596 1072 4658; x_wconf 74' lang='lat' dir='ltr'><strong>volunt</strong></span> <span class='ocrx_word' id='word_1_610' title='bbox 1094 4586 1161 4637; x_wconf 91' lang='lat' dir='ltr'><strong>ab</strong></span> <span class='ocrx_word' id='word_1_611' title='bbox 1187 4586 1387 4639; x_wconf 71' lang='lat' dir='ltr'><strong>eisdem</strong></span> <span class='ocrx_word' id='word_1_612' title='bbox 1419 4589 1473 4639; x_wconf 83' lang='lat' dir='ltr'><strong>in</strong></span> <span class='ocrx_word' id='word_1_613' title='bbox 1502 4584 1809 4656; x_wconf 72' lang='lat' dir='ltr'><strong>Jerusalem,</strong></span> <span class='ocrx_word' id='word_1_614' title='bbox 1840 4592 1963 4658; x_wconf 85' lang='lat' dir='ltr'><strong>quia</strong></span> <span class='ocrx_word' id='word_1_615' title='bbox 1992 4584 2086 4658; x_wconf 58' lang='lat' dir='ltr'><strong>Qui</strong></span> 
     </span>
    </p>
   </div>
   <div class='ocr_carea' id='block_1_82' title="bbox 502 4654 2085 4725">
    <p class='ocr_par' dir='ltr' id='par_1_82' title="bbox 502 4654 2085 4725">
     <span class='ocr_line' id='line_1_82' title="bbox 502 4654 2085 4725; baseline 0.009 -24"><span class='ocrx_word' id='word_1_616' title='bbox 502 4670 652 4708; x_wconf 87' lang='lat' dir='ltr'><strong>.ttttnc</strong></span> <span class='ocrx_word' id='word_1_617' title='bbox 673 4656 906 4709; x_wconf 78' lang='lat' dir='ltr'><strong>exsultat</strong></span> <span class='ocrx_word' id='word_1_618' title='bbox 927 4654 1094 4709; x_wconf 83' lang='lat' dir='ltr'><strong>Jacob</strong></span> <span class='ocrx_word' id='word_1_619' title='bbox 1118 4658 1170 4708; x_wconf 88' lang='lat' dir='ltr'><strong>iti</strong></span> <span class='ocrx_word' id='word_1_620' title='bbox 1198 4657 1608 4725; x_wconf 80' lang='lat' dir='ltr'><strong>proﬁciscendo,</strong></span> <span class='ocrx_word' id='word_1_621' title='bbox 1636 4654 1899 4713; x_wconf 66' lang='lat' dir='ltr'><strong>laetabitur</strong></span> <span class='ocrx_word' id='word_1_622' title='bbox 1922 4654 2085 4717; x_wconf 70' lang='lat' dir='ltr'><strong>Israel</strong></span> 
     </span>
    </p>
   </div>
   <div class='ocr_carea' id='block_1_83' title="bbox 510 4725 2085 4801">
    <p class='ocr_par' dir='ltr' id='par_1_83' title="bbox 510 4725 2085 4801">
     <span class='ocr_line' id='line_1_83' title="bbox 510 4725 2085 4801; baseline 0.006 -25"><span class='ocrx_word' id='word_1_623' title='bbox 510 4728 564 4776; x_wconf 89' lang='lat' dir='ltr'><strong>in</strong></span> <span class='ocrx_word' id='word_1_624' title='bbox 595 4728 971 4801; x_wconf 76' lang='lat' dir='ltr'><strong>perveniendo.</strong></span> <span class='ocrx_word' id='word_1_625' title='bbox 1009 4726 1097 4801; x_wconf 84' lang='lat' dir='ltr'><strong>V_el</strong></span> <span class='ocrx_word' id='word_1_626' title='bbox 1127 4725 1171 4779; x_wconf 90' lang='lat' dir='ltr'><strong>si</strong></span> <span class='ocrx_word' id='word_1_627' title='bbox 1213 4736 1390 4801; x_wconf 87' lang='lat' dir='ltr'><strong>patres</strong></span> <span class='ocrx_word' id='word_1_628' title='bbox 1422 4739 2085 4801; x_wconf 86' lang='lat' dir='ltr'><strong>_sequamur,.utrutnque,</strong></span> 
     </span>
    </p>
   </div>
   <div class='ocr_carea' id='block_1_84' title="bbox 500 4796 2087 4859">
    <p class='ocr_par' dir='ltr' id='par_1_84' title="bbox 500 4796 2087 4859">
     <span class='ocr_line' id='line_1_84' title="bbox 500 4796 2087 4859; baseline 0.007 -14"><span class='ocrx_word' id='word_1_629' title='bbox 500 4796 733 4859; x_wconf 74' lang='lat' dir='ltr'><strong>scilicet,</strong></span> <span class='ocrx_word' id='word_1_630' title='bbox 765 4796 892 4849; x_wconf 65' lang='lat' dir='ltr'><strong>Sion</strong></span> <span class='ocrx_word' id='word_1_631' title='bbox 924 4807 977 4847; x_wconf 88' lang='lat' dir='ltr'><strong>et</strong></span> <span class='ocrx_word' id='word_1_632' title='bbox 1024 4797 1321 4850; x_wconf 80' lang='lat' dir='ltr'><strong>Jerusalem</strong></span> <span class='ocrx_word' id='word_1_633' title='bbox 1368 4798 1435 4851; x_wconf 89' lang='lat' dir='ltr'><strong>ad</strong></span> <span class='ocrx_word' id='word_1_634' title='bbox 1485 4799 1626 4852; x_wconf 86' lang='lat' dir='ltr'><strong>idem</strong></span> <span class='ocrx_word' id='word_1_635' title='bbox 1674 4796 2011 4855; x_wconf 39' lang='lat' dir='ltr'><strong>relevemus}</strong></span> <span class='ocrx_word' id='word_1_636' title='bbox 2042 4796 2087 4857; x_wconf 83' lang='grc'><strong>0</strong></span> 
     </span>
    </p>
   </div>
   <div class='ocr_carea' id='block_1_85' title="bbox 506 4864 2088 4937">
    <p class='ocr_par' dir='ltr' id='par_1_85' title="bbox 506 4864 2088 4937">
     <span class='ocr_line' id='line_1_85' title="bbox 506 4864 2088 4937; baseline 0.007 -21"><span class='ocrx_word' id='word_1_637' title='bbox 506 4864 670 4927; x_wconf 83' lang='lat' dir='ltr'><strong>Deus,</strong></span> <span class='ocrx_word' id='word_1_638' title='bbox 701 4867 753 4917; x_wconf 92' lang='lat' dir='ltr'><strong>in</strong></span> <span class='ocrx_word' id='word_1_639' title='bbox 799 4867 1070 4937; x_wconf 78' lang='lat' dir='ltr'><strong>Babylone</strong></span> <span class='ocrx_word' id='word_1_640' title='bbox 1113 4880 1309 4935; x_wconf 86' lang='lat' dir='ltr'><strong>organa</strong></span> <span class='ocrx_word' id='word_1_641' title='bbox 1359 4884 1618 4937; x_wconf 87' lang='lat' dir='ltr'><strong>suspensa</strong></span> <span class='ocrx_word' id='word_1_642' title='bbox 1651 4870 1954 4935; x_wconf 86' lang='lat' dir='ltr'><strong>habuimus,</strong></span> <span class='ocrx_word' id='word_1_643' title='bbox 1989 4888 2088 4927; x_wconf 91' lang='lat' dir='ltr'><strong>nec</strong></span> 
     </span>
    </p>
   </div>
   <div class='ocr_carea' id='block_1_86' title="bbox 508 4936 2088 5010">
    <p class='ocr_par' dir='ltr' id='par_1_86' title="bbox 508 4936 2088 5010">
     <span class='ocr_line' id='line_1_86' title="bbox 508 4936 2088 5010; baseline 0.008 -25"><span class='ocrx_word' id='word_1_644' title='bbox 508 4947 601 4985; x_wconf 85' lang='lat' dir='ltr'><strong>tim</strong></span> <span class='ocrx_word' id='word_1_645' title='bbox 622 4936 1009 5010; x_wconf 78' lang='lat' dir='ltr'><strong>ltytnnivimus,</strong></span> <span class='ocrx_word' id='word_1_646' title='bbox 1039 4938 1161 5003; x_wconf 88' lang='lat' dir='ltr'><strong>quia</strong></span> <span class='ocrx_word' id='word_1_647' title='bbox 1196 4946 1426 5007; x_wconf 85' lang='lat' dir='ltr'><strong>hymnus</strong></span> <span class='ocrx_word' id='word_1_648' title='bbox 1456 4936 1746 5010; x_wconf 85' lang='lat' dir='ltr'><strong>Babylonis</strong></span> <span class='ocrx_word' id='word_1_649' title='bbox 1776 4957 1885 4996; x_wconf 87' lang='lat' dir='ltr'><strong>non</strong></span> <span class='ocrx_word' id='word_1_650' title='bbox 1931 4944 2088 4998; x_wconf 89' lang='lat' dir='ltr'><strong>decet</strong></span> 
     </span>
    </p>
   </div>
   <div class='ocr_carea' id='block_1_87' title="bbox 510 5005 2086 5081">
    <p class='ocr_par' dir='ltr' id='par_1_87' title="bbox 510 5005 2086 5081">
     <span class='ocr_line' id='line_1_87' title="bbox 510 5005 2086 5081; baseline 0.008 -25"><span class='ocrx_word' id='word_1_651' title='bbox 510 5016 580 5058; x_wconf 92' lang='lat' dir='ltr'><strong>te.</strong></span> <span class='ocrx_word' id='word_1_652' title='bbox 618 5005 674 5081; x_wconf 82' lang='lat' dir='ltr'><strong>lu</strong></span> <span class='ocrx_word' id='word_1_653' title='bbox 716 5008 840 5058; x_wconf 61' lang='lat' dir='ltr'><strong>Sion</strong></span> <span class='ocrx_word' id='word_1_654' title='bbox 877 5020 1014 5081; x_wconf 79' lang='lat' dir='ltr'><strong>vero</strong></span> <span class='ocrx_word' id='word_1_655' title='bbox 1055 5005 1454 5081; x_wconf 71' lang='lat' dir='ltr'><strong>supercwlesti,</strong></span> <span class='ocrx_word' id='word_1_656' title='bbox 1491 5005 1585 5065; x_wconf 72' lang='lat' dir='ltr'><strong>ubi</strong></span> <span class='ocrx_word' id='word_1_657' title='bbox 1625 5026 1747 5065; x_wconf 86' lang='lat' dir='ltr'><strong>vera</strong></span> <span class='ocrx_word' id='word_1_658' title='bbox 1795 5014 2086 5081; x_wconf 88' lang='lat' dir='ltr'><strong>speculatio</strong></span> 
     </span>
    </p>
   </div>
   <div class='ocr_carea' id='block_1_88' title="bbox 509 5076 2083 5153">
    <p class='ocr_par' dir='ltr' id='par_1_88' title="bbox 509 5076 2083 5153">
     <span class='ocr_line' id='line_1_88' title="bbox 509 5076 2083 5153; baseline 0.008 -26"><span class='ocrx_word' id='word_1_659' title='bbox 509 5084 609 5153; x_wconf 79' lang='lat' dir='ltr'><strong>est,</strong></span> <span class='ocrx_word' id='word_1_660' title='bbox 645 5076 897 5129; x_wconf 89' lang='lat' dir='ltr'><strong>decenter</strong></span> <span class='ocrx_word' id='word_1_661' title='bbox 923 5077 1018 5129; x_wconf 87' lang='lat' dir='ltr'><strong>tibi</strong></span> <span class='ocrx_word' id='word_1_662' title='bbox 1053 5078 1347 5153; x_wconf 74' lang='lat' dir='ltr'><strong>liytnttitur,</strong></span> <span class='ocrx_word' id='word_1_663' title='bbox 1377 5081 1497 5149; x_wconf 83' lang='lat' dir='ltr'><strong>quia</strong></span> <span class='ocrx_word' id='word_1_664' title='bbox 1530 5082 1733 5135; x_wconf 90' lang='lat' dir='ltr'><strong>nullum</strong></span> <span class='ocrx_word' id='word_1_665' title='bbox 1770 5076 1880 5138; x_wconf 75' lang='lat' dir='ltr'><strong>illic</strong></span> <span class='ocrx_word' id='word_1_666' title='bbox 1907 5086 2083 5153; x_wconf 82' lang='lat' dir='ltr'><strong>impe-</strong></span> 
     </span>
    </p>
   </div>
   <div class='ocr_carea' id='block_1_89' title="bbox 510 5149 2087 5223">
    <p class='ocr_par' dir='ltr' id='par_1_89' title="bbox 510 5149 2087 5223">
     <span class='ocr_line' id='line_1_89' title="bbox 510 5149 2087 5223; baseline 0.006 -24"><span class='ocrx_word' id='word_1_667' title='bbox 510 5152 828 5223; x_wconf 84' lang='lat' dir='ltr'><strong>dtmctitum,</strong></span> <span class='ocrx_word' id='word_1_668' title='bbox 856 5162 905 5199; x_wconf 88' lang='lat' dir='ltr'><strong>tu</strong></span> <span class='ocrx_word' id='word_1_669' title='bbox 933 5161 1035 5215; x_wconf 87' lang='lat' dir='ltr'><strong>qua</strong></span> <span class='ocrx_word' id='word_1_670' title='bbox 1069 5149 1316 5223; x_wconf 85' lang='lat' dir='ltr'><strong>quiddam</strong></span> <span class='ocrx_word' id='word_1_671' title='bbox 1350 5167 1599 5223; x_wconf 83' lang='lat' dir='ltr'><strong>magnum</strong></span> <span class='ocrx_word' id='word_1_672' title='bbox 1630 5154 1783 5207; x_wconf 84' lang='lat' dir='ltr'><strong>nobis</strong></span> <span class='ocrx_word' id='word_1_673' title='bbox 1823 5149 2087 5223; x_wconf 83' lang='lat' dir='ltr'><strong>promitti-</strong></span> 
     </span>
    </p>
   </div>
   <div class='ocr_carea' id='block_1_90' title="bbox 510 5220 2086 5287">
    <p class='ocr_par' dir='ltr' id='par_1_90' title="bbox 510 5220 2086 5287">
     <span class='ocr_line' id='line_1_90' title="bbox 510 5220 2086 5287; baseline 0.007 -18"><span class='ocrx_word' id='word_1_674' title='bbox 510 5231 616 5282; x_wconf 88' lang='lat' dir='ltr'><strong>tur,</strong></span> <span class='ocrx_word' id='word_1_675' title='bbox 663 5220 891 5280; x_wconf 76' lang='lat' dir='ltr'><strong>scilicet,</strong></span> <span class='ocrx_word' id='word_1_676' title='bbox 921 5226 1106 5271; x_wconf 81' lang='lat' dir='ltr'><strong>auctur</strong></span> <span class='ocrx_word' id='word_1_677' title='bbox 1139 5221 1512 5287; x_wconf 80' lang='lat' dir='ltr'><strong>pulcherrima:</strong></span> <span class='ocrx_word' id='word_1_678' title='bbox 1547 5223 1781 5278; x_wconf 82' lang='lat' dir='ltr'><strong>civitatis</strong></span> <span class='ocrx_word' id='word_1_679' title='bbox 1824 5220 1966 5279; x_wconf 82' lang='lat' dir='ltr'><strong>illius</strong></span> <span class='ocrx_word' id='word_1_680' title='bbox 2003 5228 2086 5280; x_wconf 82' lang='lat' dir='ltr'><strong>vi-</strong></span> 
     </span>
    </p>
   </div>
   <div class='ocr_carea' id='block_1_91' title="bbox 507 5289 2084 5361">
    <p class='ocr_par' dir='ltr' id='par_1_91' title="bbox 507 5289 2084 5361">
     <span class='ocr_line' id='line_1_91' title="bbox 507 5289 2084 5361; baseline 0.005 -20"><span class='ocrx_word' id='word_1_681' title='bbox 507 5293 736 5342; x_wconf 86' lang='lat' dir='ltr'><strong>dendus.</strong></span> <span class='ocrx_word' id='word_1_682' title='bbox 765 5289 821 5342; x_wconf 89' lang='lat' dir='ltr'><strong>lu</strong></span> <span class='ocrx_word' id='word_1_683' title='bbox 844 5304 947 5358; x_wconf 89' lang='lat' dir='ltr'><strong>qua</strong></span> <span class='ocrx_word' id='word_1_684' title='bbox 970 5302 1185 5357; x_wconf 89' lang='lat' dir='ltr'><strong>quoque</strong></span> <span class='ocrx_word' id='word_1_685' title='bbox 1205 5294 1248 5343; x_wconf 88' lang='lat' dir='ltr'><strong>si</strong></span> <span class='ocrx_word' id='word_1_686' title='bbox 1281 5307 1384 5344; x_wconf 92' lang='lat' dir='ltr'><strong>non</strong></span> <span class='ocrx_word' id='word_1_687' title='bbox 1409 5307 1639 5360; x_wconf 84' lang='lat' dir='ltr'><strong>corpore</strong></span> <span class='ocrx_word' id='word_1_688' title='bbox 1668 5309 1871 5361; x_wconf 87' lang='lat' dir='ltr'><strong>sumus,</strong></span> <span class='ocrx_word' id='word_1_689' title='bbox 1906 5305 2084 5350; x_wconf 87' lang='lat' dir='ltr'><strong>tamen</strong></span> 
     </span>
    </p>
   </div>
   <div class='ocr_carea' id='block_1_92' title="bbox 504 5361 2084 5430">
    <p class='ocr_par' dir='ltr' id='par_1_92' title="bbox 504 5361 2084 5430">
     <span class='ocr_line' id='line_1_92' title="bbox 504 5361 2084 5430; baseline 0.004 -17"><span class='ocrx_word' id='word_1_690' title='bbox 504 5370 685 5414; x_wconf 85' lang='lat' dir='ltr'><strong>tuente</strong></span> <span class='ocrx_word' id='word_1_691' title='bbox 713 5374 916 5425; x_wconf 86' lang='lat' dir='ltr'><strong>sumus,</strong></span> <span class='ocrx_word' id='word_1_692' title='bbox 950 5362 1094 5429; x_wconf 84' lang='lat' dir='ltr'><strong>quia,</strong></span> <span class='ocrx_word' id='word_1_693' title='bbox 1126 5370 1180 5413; x_wconf 93' lang='lat' dir='ltr'><strong>ut</strong></span> <span class='ocrx_word' id='word_1_694' title='bbox 1210 5361 1283 5413; x_wconf 91' lang='lat' dir='ltr'><strong>ait</strong></span> <span class='ocrx_word' id='word_1_695' title='bbox 1307 5365 1617 5430; x_wconf 81' lang='lat' dir='ltr'><strong>Apostolus,</strong></span> <span class='ocrx_word' id='word_1_696' title='bbox 1651 5364 1845 5419; x_wconf 85' lang='lat' dir='ltr'><strong>Nostra</strong></span> <span class='ocrx_word' id='word_1_697' title='bbox 1873 5381 2084 5419; x_wconf 85' lang='lat' dir='ltr'><strong>conver-</strong></span> 
     </span>
    </p>
   </div>
   <div class='ocr_carea' id='block_1_93' title="bbox 501 5432 2086 5507">
    <p class='ocr_par' dir='ltr' id='par_1_93' title="bbox 501 5432 2086 5507">
     <span class='ocr_line' id='line_1_93' title="bbox 501 5432 2086 5507; baseline 0.006 -25"><span class='ocrx_word' id='word_1_698' title='bbox 501 5444 636 5507; x_wconf 70' lang='lat' dir='ltr'><strong>satio</strong></span> <span class='ocrx_word' id='word_1_699' title='bbox 662 5432 716 5483; x_wconf 84' lang='lat' dir='ltr'><strong>in</strong></span> <span class='ocrx_word' id='word_1_700' title='bbox 744 5432 880 5484; x_wconf 76' lang='lat' dir='ltr'><strong>ctetis</strong></span> <span class='ocrx_word' id='word_1_701' title='bbox 910 5443 1003 5483; x_wconf 80' lang='lat' dir='ltr'><strong>est.</strong></span> <span class='ocrx_word' id='word_1_702' title='bbox 1039 5432 1104 5485; x_wconf 75' lang='lat' dir='ltr'><strong>Et</strong></span> <span class='ocrx_word' id='word_1_703' title='bbox 1131 5436 1175 5485; x_wconf 87' lang='lat' dir='ltr'><strong>si</strong></span> <span class='ocrx_word' id='word_1_704' title='bbox 1209 5432 1294 5486; x_wconf 86' lang='lat' dir='ltr'><strong>hic</strong></span> <span class='ocrx_word' id='word_1_705' title='bbox 1324 5447 1552 5507; x_wconf 82' lang='lat' dir='ltr'><strong>corpore</strong></span> <span class='ocrx_word' id='word_1_706' title='bbox 1584 5433 1723 5490; x_wconf 90' lang='lat' dir='ltr'><strong>inter</strong></span> <span class='ocrx_word' id='word_1_707' title='bbox 1762 5436 2086 5507; x_wconf 88' lang='lat' dir='ltr'><strong>Babylonios</strong></span> 
     </span>
    </p>
   </div>
   <div class='ocr_carea' id='block_1_94' title="bbox 506 5504 2082 5569">
    <p class='ocr_par' dir='ltr' id='par_1_94' title="bbox 506 5504 2082 5569">
     <span class='ocr_line' id='line_1_94' title="bbox 506 5504 2082 5569; baseline 0.006 -19"><span class='ocrx_word' id='word_1_708' title='bbox 506 5504 857 5569; x_wconf 83' lang='lat' dir='ltr'><strong>ambulamus,</strong></span> <span class='ocrx_word' id='word_1_709' title='bbox 909 5517 1014 5556; x_wconf 89' lang='lat' dir='ltr'><strong>non</strong></span> <span class='ocrx_word' id='word_1_710' title='bbox 1063 5512 1240 5557; x_wconf 87' lang='lat' dir='ltr'><strong>tamen</strong></span> <span class='ocrx_word' id='word_1_711' title='bbox 1287 5505 1584 5558; x_wconf 88' lang='lat' dir='ltr'><strong>secundum</strong></span> <span class='ocrx_word' id='word_1_712' title='bbox 1630 5520 1846 5560; x_wconf 89' lang='lat' dir='ltr'><strong>carnem</strong></span> <span class='ocrx_word' id='word_1_713' title='bbox 1876 5504 2082 5560; x_wconf 54' lang='lat' dir='ltr'><strong>&#39;tuilita-</strong></span> 
     </span>
    </p>
   </div>
   <div class='ocr_carea' id='block_1_95' title="bbox 505 5573 2084 5646">
    <p class='ocr_par' dir='ltr' id='par_1_95' title="bbox 505 5573 2084 5646">
     <span class='ocr_line' id='line_1_95' title="bbox 505 5573 2084 5646; baseline 0.005 -23"><span class='ocrx_word' id='word_1_714' title='bbox 505 5584 653 5636; x_wconf 84' lang='lat' dir='ltr'><strong>mus;</strong></span> <span class='ocrx_word' id='word_1_715' title='bbox 684 5579 737 5646; x_wconf 86' lang='lat' dir='ltr'><strong>et</strong></span> <span class='ocrx_word' id='word_1_716' title='bbox 764 5575 904 5646; x_wconf 85' lang='lat' dir='ltr'><strong>sicut</strong></span> <span class='ocrx_word' id='word_1_717' title='bbox 949 5573 1267 5646; x_wconf 25' lang='lat' dir='ltr'><strong>illicAtnente</strong></span> <span class='ocrx_word' id='word_1_718' title='bbox 1296 5588 1502 5640; x_wconf 85' lang='lat' dir='ltr'><strong>sumus,</strong></span> <span class='ocrx_word' id='word_1_719' title='bbox 1534 5577 1604 5629; x_wconf 88' lang='lat' dir='ltr'><strong>ita</strong></span> <span class='ocrx_word' id='word_1_720' title='bbox 1647 5578 1807 5630; x_wconf 84' lang='lat' dir='ltr'><strong>etiam</strong></span> <span class='ocrx_word' id='word_1_721' title='bbox 1845 5577 1953 5635; x_wconf 90' lang='lat' dir='ltr'><strong>illic</strong></span> <span class='ocrx_word' id='word_1_722' title='bbox 1974 5577 2084 5646; x_wconf 85' lang='lat' dir='ltr'><strong>jam</strong></span> 
     </span>
    </p>
   </div>
   <div class='ocr_carea' id='block_1_96' title="bbox 506 5643 2087 5713">
    <p class='ocr_par' dir='ltr' id='par_1_96' title="bbox 506 5643 2087 5713">
     <span class='ocr_line' id='line_1_96' title="bbox 506 5643 2087 5713; baseline 0.006 -23"><span class='ocrx_word' id='word_1_723' title='bbox 506 5652 683 5696; x_wconf 87' lang='lat' dir='ltr'><strong>mettte</strong></span> <span class='ocrx_word' id='word_1_724' title='bbox 718 5643 1039 5711; x_wconf 87' lang='lat' dir='ltr'><strong>hymnimus.</strong></span> <span class='ocrx_word' id='word_1_725' title='bbox 1063 5643 1117 5696; x_wconf 90' lang='lat' dir='ltr'><strong>lu</strong></span> <span class='ocrx_word' id='word_1_726' title='bbox 1140 5646 1289 5709; x_wconf 78' lang='lat' dir='ltr'><strong>Sion,</strong></span> <span class='ocrx_word' id='word_1_727' title='bbox 1320 5660 1559 5713; x_wconf 86' lang='lat' dir='ltr'><strong>inquam,</strong></span> <span class='ocrx_word' id='word_1_728' title='bbox 1580 5647 1694 5712; x_wconf 84' lang='lat' dir='ltr'><strong>tibi,</strong></span> <span class='ocrx_word' id='word_1_729' title='bbox 1716 5643 2087 5712; x_wconf 84' lang='lat' dir='ltr'><strong>Deus,decen—</strong></span> 
     </span>
    </p>
   </div>
   <div class='ocr_carea' id='block_1_97' title="bbox 510 5714 2081 5786">
    <p class='ocr_par' dir='ltr' id='par_1_97' title="bbox 510 5714 2081 5786">
     <span class='ocr_line' id='line_1_97' title="bbox 510 5714 2081 5786; baseline 0.008 -25"><span class='ocrx_word' id='word_1_730' title='bbox 510 5717 587 5786; x_wconf 64' lang='lat' dir='ltr'><strong>ter</strong></span> <span class='ocrx_word' id='word_1_731' title='bbox 637 5718 927 5775; x_wconf 85' lang='lat' dir='ltr'><strong>ltvumitur,</strong></span> <span class='ocrx_word' id='word_1_732' title='bbox 976 5724 1029 5786; x_wconf 87' lang='lat' dir='ltr'><strong>et</strong></span> <span class='ocrx_word' id='word_1_733' title='bbox 1075 5715 1127 5766; x_wconf 88' lang='lat' dir='ltr'><strong>in</strong></span> <span class='ocrx_word' id='word_1_734' title='bbox 1172 5714 1496 5781; x_wconf 81' lang='lat' dir='ltr'><strong>Jerusalem,</strong></span> <span class='ocrx_word' id='word_1_735' title='bbox 1550 5719 1601 5770; x_wconf 90' lang='lat' dir='ltr'><strong>td</strong></span> <span class='ocrx_word' id='word_1_736' title='bbox 1654 5727 1754 5781; x_wconf 80' lang='lat' dir='ltr'><strong>est,</strong></span> <span class='ocrx_word' id='word_1_737' title='bbox 1796 5720 1849 5772; x_wconf 90' lang='lat' dir='ltr'><strong>in</strong></span> <span class='ocrx_word' id='word_1_738' title='bbox 1890 5722 2081 5773; x_wconf 85' lang='lat' dir='ltr'><strong>eadem</strong></span> 
     </span>
    </p>
   </div>
   <div class='ocr_carea' id='block_1_98' title="bbox 500 5780 2081 5861">
    <p class='ocr_par' dir='ltr' id='par_1_98' title="bbox 500 5780 2081 5861">
     <span class='ocr_line' id='line_1_98' title="bbox 500 5780 2081 5861; baseline 0.008 -29"><span class='ocrx_word' id='word_1_739' title='bbox 500 5780 658 5847; x_wconf 64' lang='grc' dir='ltr'>δίου,</span> <span class='ocrx_word' id='word_1_740' title='bbox 691 5786 775 5837; x_wconf 81' lang='lat' dir='ltr'><strong>ubi</strong></span> <span class='ocrx_word' id='word_1_741' title='bbox 808 5785 1182 5852; x_wconf 77' lang='lat' dir='ltr'><strong>perveniemus</strong></span> <span class='ocrx_word' id='word_1_742' title='bbox 1208 5786 1276 5839; x_wconf 87' lang='lat' dir='ltr'><strong>ad</strong></span> <span class='ocrx_word' id='word_1_743' title='bbox 1309 5780 1589 5854; x_wconf 79' lang='lat' dir='ltr'><strong>visionem,</strong></span> <span class='ocrx_word' id='word_1_744' title='bbox 1638 5780 1818 5845; x_wconf 77' lang='lat' dir='ltr'><strong>Votum</strong></span> <span class='ocrx_word' id='word_1_745' title='bbox 1861 5789 2081 5861; x_wconf 86' lang='lat' dir='ltr'><strong>quidem</strong></span> 
     </span>
    </p>
   </div>
   <div class='ocr_carea' id='block_1_99' title="bbox 2276 1842 3811 1912">
    <p class='ocr_par' dir='ltr' id='par_1_99' title="bbox 2276 1842 3811 1912">
     <span class='ocr_line' id='line_1_99' title="bbox 2276 1842 3811 1912; baseline 0.003 -15"><span class='ocrx_word' id='word_1_746' title='bbox 2276 1842 2437 1897; x_wconf 81' lang='lat' dir='ltr'><strong>Verba</strong></span> <span class='ocrx_word' id='word_1_747' title='bbox 2468 1843 2785 1912; x_wconf 82' lang='lat' dir='ltr'><strong>iniquorum.</strong></span> <span class='ocrx_word' id='word_1_748' title='bbox 2840 1843 2965 1897; x_wconf 80' lang='lat' dir='ltr'><strong>Ideo</strong></span> <span class='ocrx_word' id='word_1_749' title='bbox 3008 1857 3231 1898; x_wconf 89' lang='lat' dir='ltr'><strong>necesse</strong></span> <span class='ocrx_word' id='word_1_750' title='bbox 3276 1856 3358 1899; x_wconf 89' lang='lat' dir='ltr'><strong>est</strong></span> <span class='ocrx_word' id='word_1_751' title='bbox 3404 1854 3460 1899; x_wconf 94' lang='lat' dir='ltr'><strong>ut</strong></span> <span class='ocrx_word' id='word_1_752' title='bbox 3487 1846 3766 1910; x_wconf 85' lang='lat' dir='ltr'><strong>exaudias,</strong></span> <span class='ocrx_word' id='word_1_753' title='bbox 3803 1847 3811 1855; x_wconf 85' lang='lat'>&#39;</span> 
     </span>
    </p>
   </div>
   <div class='ocr_carea' id='block_1_100' title="bbox 2190 1913 3763 1984">
    <p class='ocr_par' dir='ltr' id='par_1_100' title="bbox 2190 1913 3763 1984">
     <span class='ocr_line' id='line_1_100' title="bbox 2190 1913 3763 1984; baseline 0.003 -17"><span class='ocrx_word' id='word_1_754' title='bbox 2190 1915 2313 1981; x_wconf 88' lang='lat' dir='ltr'><strong>quia</strong></span> <span class='ocrx_word' id='word_1_755' title='bbox 2347 1914 2496 1968; x_wconf 84' lang='lat' dir='ltr'><strong>verba</strong></span> <span class='ocrx_word' id='word_1_756' title='bbox 2524 1915 2812 1981; x_wconf 83' lang='lat' dir='ltr'><strong>iniquorum</strong></span> <span class='ocrx_word' id='word_1_757' title='bbox 2835 1954 2853 1981; x_wconf 84' lang='lat'><strong>,</strong></span> <span class='ocrx_word' id='word_1_758' title='bbox 2885 1913 2936 1967; x_wconf 90' lang='lat' dir='ltr'><strong>id</strong></span> <span class='ocrx_word' id='word_1_759' title='bbox 2969 1923 3093 1979; x_wconf 92' lang='lat' dir='ltr'><strong>est,</strong></span> <span class='ocrx_word' id='word_1_760' title='bbox 3126 1914 3532 1984; x_wconf 86' lang='lat' dir='ltr'><strong>Babyloniorum</strong></span> <span class='ocrx_word' id='word_1_761' title='bbox 3566 1935 3763 1983; x_wconf 75' lang='lat' dir='ltr'><strong>puera—</strong></span> 
     </span>
    </p>
   </div>
   <div class='ocr_carea' id='block_1_101' title="bbox 2190 1986 3765 2055">
    <p class='ocr_par' dir='ltr' id='par_1_101' title="bbox 2190 1986 3765 2055">
     <span class='ocr_line' id='line_1_101' title="bbox 2190 1986 3765 2055; baseline 0.003 -18"><span class='ocrx_word' id='word_1_762' title='bbox 2190 1986 2568 2053; x_wconf 84' lang='lat' dir='ltr'><strong>lueruntsuper</strong></span> <span class='ocrx_word' id='word_1_763' title='bbox 2593 2001 2705 2047; x_wconf 90' lang='lat' dir='ltr'><strong>nos,</strong></span> <span class='ocrx_word' id='word_1_764' title='bbox 2726 1999 2963 2055; x_wconf 85' lang='lat' dir='ltr'><strong>necesse</strong></span> <span class='ocrx_word' id='word_1_765' title='bbox 2987 1992 3092 2055; x_wconf 80' lang='lat' dir='ltr'><strong>est,</strong></span> <span class='ocrx_word' id='word_1_766' title='bbox 3121 1995 3177 2038; x_wconf 90' lang='lat' dir='ltr'><strong>ut</strong></span> <span class='ocrx_word' id='word_1_767' title='bbox 3207 1986 3259 2039; x_wconf 90' lang='lat' dir='ltr'><strong>in</strong></span> <span class='ocrx_word' id='word_1_768' title='bbox 3289 2001 3390 2055; x_wconf 85' lang='lat' dir='ltr'><strong>qua</strong></span> <span class='ocrx_word' id='word_1_769' title='bbox 3421 1987 3638 2043; x_wconf 81' lang='lat' dir='ltr'><strong>civitate</strong></span> <span class='ocrx_word' id='word_1_770' title='bbox 3666 1989 3765 2042; x_wconf 75' lang='lat' dir='ltr'><strong>ali-</strong></span> 
     </span>
    </p>
   </div>
   <div class='ocr_carea' id='block_1_102' title="bbox 2189 2053 3766 2127">
    <p class='ocr_par' dir='ltr' id='par_1_102' title="bbox 2189 2053 3766 2127">
     <span class='ocr_line' id='line_1_102' title="bbox 2189 2053 3766 2127; baseline 0.003 -20"><span class='ocrx_word' id='word_1_771' title='bbox 2189 2055 2310 2124; x_wconf 92' lang='lat' dir='ltr'><strong>quis</strong></span> <span class='ocrx_word' id='word_1_772' title='bbox 2361 2055 2631 2119; x_wconf 90' lang='lat' dir='ltr'><strong>nascitur,</strong></span> <span class='ocrx_word' id='word_1_773' title='bbox 2685 2054 2862 2127; x_wconf 76' lang='lat' dir='ltr'><strong>discat</strong></span> <span class='ocrx_word' id='word_1_774' title='bbox 2883 2063 2961 2127; x_wconf 83' lang='lat' dir='ltr'><strong>et_</strong></span> <span class='ocrx_word' id='word_1_775' title='bbox 2994 2053 3226 2127; x_wconf 67' lang='lat' dir='ltr'><strong>linguam</strong></span> <span class='ocrx_word' id='word_1_776' title='bbox 3276 2053 3328 2127; x_wconf 82' lang='lat' dir='ltr'><strong>et</strong></span> <span class='ocrx_word' id='word_1_777' title='bbox 3357 2072 3533 2112; x_wconf 90' lang='lat' dir='ltr'><strong>mores</strong></span> <span class='ocrx_word' id='word_1_778' title='bbox 3571 2060 3766 2127; x_wconf 87' lang='lat' dir='ltr'><strong>gentis;</strong></span> 
     </span>
    </p>
   </div>
   <div class='ocr_carea' id='block_1_103' title="bbox 2190 2124 3762 2195">
    <p class='ocr_par' dir='ltr' id='par_1_103' title="bbox 2190 2124 3762 2195">
     <span class='ocr_line' id='line_1_103' title="bbox 2190 2124 3762 2195; baseline 0.003 -18"><span class='ocrx_word' id='word_1_779' title='bbox 2190 2127 2269 2179; x_wconf 90' lang='lat' dir='ltr'><strong>sic</strong></span> <span class='ocrx_word' id='word_1_780' title='bbox 2298 2134 2353 2179; x_wconf 89' lang='lat' dir='ltr'><strong>et</strong></span> <span class='ocrx_word' id='word_1_781' title='bbox 2398 2140 2494 2179; x_wconf 91' lang='lat' dir='ltr'><strong>nos</strong></span> <span class='ocrx_word' id='word_1_782' title='bbox 2536 2125 2904 2195; x_wconf 78' lang='lat' dir='ltr'><strong>conVersando</strong></span> <span class='ocrx_word' id='word_1_783' title='bbox 2949 2124 3087 2178; x_wconf 89' lang='lat' dir='ltr'><strong>inter</strong></span> <span class='ocrx_word' id='word_1_784' title='bbox 3130 2124 3449 2195; x_wconf 84' lang='lat' dir='ltr'><strong>Babylonios</strong></span> <span class='ocrx_word' id='word_1_785' title='bbox 3478 2136 3533 2181; x_wconf 88' lang='lat' dir='ltr'><strong>et</strong></span> <span class='ocrx_word' id='word_1_786' title='bbox 3576 2124 3762 2183; x_wconf 67' lang='lat' dir='ltr'><strong>corum</strong></span> 
     </span>
    </p>
   </div>
   <div class='ocr_carea' id='block_1_104' title="bbox 2190 2191 3766 2267">
    <p class='ocr_par' dir='ltr' id='par_1_104' title="bbox 2190 2191 3766 2267">
     <span class='ocr_line' id='line_1_104' title="bbox 2190 2191 3766 2267; baseline 0.003 -21"><span class='ocrx_word' id='word_1_787' title='bbox 2190 2197 2505 2267; x_wconf 80' lang='lat' dir='ltr'><strong>vanitatem,</strong></span> <span class='ocrx_word' id='word_1_788' title='bbox 2557 2195 2607 2248; x_wconf 90' lang='lat' dir='ltr'><strong>id</strong></span> <span class='ocrx_word' id='word_1_789' title='bbox 2638 2207 2744 2261; x_wconf 88' lang='grc' dir='ltr'>εει,</span> <span class='ocrx_word' id='word_1_790' title='bbox 2779 2191 2989 2267; x_wconf 83' lang='lat' dir='ltr'><strong>ierrena</strong></span> <span class='ocrx_word' id='word_1_791' title='bbox 3015 2191 3517 2267; x_wconf 74' lang='lat' dir='ltr'><strong>amaredidicitnus;</strong></span> <span class='ocrx_word' id='word_1_792' title='bbox 3552 2209 3604 2252; x_wconf 90' lang='lat' dir='ltr'><strong>et</strong></span> <span class='ocrx_word' id='word_1_793' title='bbox 3636 2203 3766 2267; x_wconf 91' lang='lat' dir='ltr'><strong>qui-</strong></span> 
     </span>
    </p>
   </div>
   <div class='ocr_carea' id='block_1_105' title="bbox 2191 2263 3768 2337">
    <p class='ocr_par' dir='ltr' id='par_1_105' title="bbox 2191 2263 3768 2337">
     <span class='ocr_line' id='line_1_105' title="bbox 2191 2263 3768 2337; baseline 0.004 -18"><span class='ocrx_word' id='word_1_794' title='bbox 2191 2264 2314 2319; x_wconf 88' lang='lat' dir='ltr'><strong>dam</strong></span> <span class='ocrx_word' id='word_1_795' title='bbox 2346 2268 2507 2319; x_wconf 90' lang='lat' dir='ltr'><strong>etiam</strong></span> <span class='ocrx_word' id='word_1_796' title='bbox 2541 2280 2726 2318; x_wconf 91' lang='lat' dir='ltr'><strong>eorum</strong></span> <span class='ocrx_word' id='word_1_797' title='bbox 2752 2263 3085 2319; x_wconf 86' lang='lat' dir='ltr'><strong>mendacium</strong></span> <span class='ocrx_word' id='word_1_798' title='bbox 3108 2264 3440 2331; x_wconf 89' lang='lat' dir='ltr'><strong>didicerunt,</strong></span> <span class='ocrx_word' id='word_1_799' title='bbox 3470 2268 3591 2337; x_wconf 91' lang='lat' dir='ltr'><strong>quia</strong></span> <span class='ocrx_word' id='word_1_800' title='bbox 3620 2263 3768 2325; x_wconf 66' lang='lat' dir='ltr'><strong>crea-</strong></span> 
     </span>
    </p>
   </div>
   <div class='ocr_carea' id='block_1_106' title="bbox 2193 2337 3763 2409">
    <p class='ocr_par' dir='ltr' id='par_1_106' title="bbox 2193 2337 3763 2409">
     <span class='ocr_line' id='line_1_106' title="bbox 2193 2337 3763 2409; baseline 0.003 -21"><span class='ocrx_word' id='word_1_801' title='bbox 2193 2346 2362 2409; x_wconf 78' lang='lat' dir='ltr'><strong>turam</strong></span> <span class='ocrx_word' id='word_1_802' title='bbox 2394 2337 2630 2391; x_wconf 82' lang='lat' dir='ltr'><strong>Creatori</strong></span> <span class='ocrx_word' id='word_1_803' title='bbox 2653 2344 3093 2409; x_wconf 66' lang='lat' dir='ltr'><strong>praeposuerunt.</strong></span> <span class='ocrx_word' id='word_1_804' title='bbox 3147 2337 3211 2409; x_wconf 65' lang='lat' dir='ltr'><strong>Et</strong></span> <span class='ocrx_word' id='word_1_805' title='bbox 3239 2340 3311 2390; x_wconf 87' lang='lat' dir='ltr'><strong>ita</strong></span> <span class='ocrx_word' id='word_1_806' title='bbox 3340 2339 3498 2391; x_wconf 84' lang='lat' dir='ltr'><strong>verba</strong></span> <span class='ocrx_word' id='word_1_807' title='bbox 3528 2354 3720 2393; x_wconf 85' lang='lat' dir='ltr'><strong>eorum</strong></span> <span class='ocrx_word' id='word_1_808' title='bbox 3740 2380 3763 2409; x_wconf 83' lang='grc'><strong>,</strong></span> 
     </span>
    </p>
   </div>
   <div class='ocr_carea' id='block_1_107' title="bbox 2190 2404 3763 2476">
    <p class='ocr_par' dir='ltr' id='par_1_107' title="bbox 2190 2404 3763 2476">
     <span class='ocr_line' id='line_1_107' title="bbox 2190 2404 3763 2476; baseline 0.003 -18"><span class='ocrx_word' id='word_1_809' title='bbox 2190 2405 2242 2458; x_wconf 90' lang='lat' dir='ltr'><strong>id</strong></span> <span class='ocrx_word' id='word_1_810' title='bbox 2273 2417 2390 2470; x_wconf 89' lang='lat' dir='ltr'><strong>est,</strong></span> <span class='ocrx_word' id='word_1_811' title='bbox 2444 2420 2603 2474; x_wconf 89' lang='lat' dir='ltr'><strong>prava</strong></span> <span class='ocrx_word' id='word_1_812' title='bbox 2633 2404 2876 2458; x_wconf 87' lang='lat' dir='ltr'><strong>doctrina</strong></span> <span class='ocrx_word' id='word_1_813' title='bbox 2911 2406 3327 2475; x_wconf 80' lang='lat' dir='ltr'><strong>Babyloniorum</strong></span> <span class='ocrx_word' id='word_1_814' title='bbox 3361 2410 3635 2476; x_wconf 68' lang='lat' dir='ltr'><strong>praevaluit</strong></span> <span class='ocrx_word' id='word_1_815' title='bbox 3663 2404 3763 2462; x_wconf 59' lang='lat' dir='ltr'><strong>no;</strong></span> 
     </span>
    </p>
   </div>
   <div class='ocr_carea' id='block_1_108' title="bbox 2193 2476 3768 2547">
    <p class='ocr_par' dir='ltr' id='par_1_108' title="bbox 2193 2476 3768 2547">
     <span class='ocr_line' id='line_1_108' title="bbox 2193 2476 3768 2547; baseline 0.004 -18"><span class='ocrx_word' id='word_1_816' title='bbox 2193 2476 2294 2547; x_wconf 85' lang='lat' dir='ltr'><strong>bis,</strong></span> <span class='ocrx_word' id='word_1_817' title='bbox 2322 2478 2445 2544; x_wconf 91' lang='lat' dir='ltr'><strong>quia</strong></span> <span class='ocrx_word' id='word_1_818' title='bbox 2475 2476 2867 2539; x_wconf 82' lang='lat' dir='ltr'><strong>consensimus;</strong></span> <span class='ocrx_word' id='word_1_819' title='bbox 2911 2485 2964 2530; x_wconf 93' lang='lat' dir='ltr'><strong>et</strong></span> <span class='ocrx_word' id='word_1_820' title='bbox 2993 2490 3153 2542; x_wconf 89' lang='lat' dir='ltr'><strong>super</strong></span> <span class='ocrx_word' id='word_1_821' title='bbox 3181 2490 3280 2547; x_wconf 84' lang='lat' dir='ltr'><strong>nos</strong></span> <span class='ocrx_word' id='word_1_822' title='bbox 3303 2515 3317 2539; x_wconf 92' lang='lat'><strong>,</strong></span> <span class='ocrx_word' id='word_1_823' title='bbox 3372 2480 3497 2547; x_wconf 83' lang='lat' dir='ltr'><strong>quia</strong></span> <span class='ocrx_word' id='word_1_824' title='bbox 3525 2479 3577 2532; x_wconf 90' lang='lat' dir='ltr'><strong>itt</strong></span> <span class='ocrx_word' id='word_1_825' title='bbox 3603 2479 3768 2547; x_wconf 84' lang='lat' dir='ltr'><strong>pluri-</strong></span> 
     </span>
    </p>
   </div>
   <div class='ocr_carea' id='block_1_109' title="bbox 2189 2544 3764 2617">
    <p class='ocr_par' dir='ltr' id='par_1_109' title="bbox 2189 2544 3764 2617">
     <span class='ocr_line' id='line_1_109' title="bbox 2189 2544 3764 2617; baseline 0.003 -18"><span class='ocrx_word' id='word_1_826' title='bbox 2189 2544 2313 2612; x_wconf 65' lang='lat' dir='ltr'><strong>bus;</strong></span> <span class='ocrx_word' id='word_1_827' title='bbox 2341 2559 2395 2600; x_wconf 89' lang='lat' dir='ltr'><strong>et</strong></span> <span class='ocrx_word' id='word_1_828' title='bbox 2425 2558 2598 2617; x_wconf 69' lang='lat' dir='ltr'><strong>tamen</strong></span> <span class='ocrx_word' id='word_1_829' title='bbox 2626 2561 2729 2598; x_wconf 89' lang='lat' dir='ltr'><strong>tton</strong></span> <span class='ocrx_word' id='word_1_830' title='bbox 2762 2556 3165 2617; x_wconf 85' lang='lat' dir='ltr'><strong>oppresserunt,</strong></span> <span class='ocrx_word' id='word_1_831' title='bbox 3197 2545 3317 2614; x_wconf 89' lang='lat' dir='ltr'><strong>quia</strong></span> <span class='ocrx_word' id='word_1_832' title='bbox 3344 2544 3438 2612; x_wconf 79' lang='grc' dir='ltr'>ιιὶ,</span> <span class='ocrx_word' id='word_1_833' title='bbox 3480 2544 3625 2603; x_wconf 77' lang='lat' dir='ltr'><strong>Deus</strong></span> <span class='ocrx_word' id='word_1_834' title='bbox 3665 2550 3764 2603; x_wconf 80' lang='lat' dir='ltr'><strong>Pa-</strong></span> 
     </span>
    </p>
   </div>
   <div class='ocr_carea' id='block_1_110' title="bbox 2191 2616 3766 2685">
    <p class='ocr_par' dir='ltr' id='par_1_110' title="bbox 2191 2616 3766 2685">
     <span class='ocr_line' id='line_1_110' title="bbox 2191 2616 3766 2685; baseline 0.003 -17"><span class='ocrx_word' id='word_1_835' title='bbox 2191 2626 2297 2681; x_wconf 87' lang='lat' dir='ltr'><strong>ter,</strong></span> <span class='ocrx_word' id='word_1_836' title='bbox 2350 2616 2725 2683; x_wconf 78' lang='lat' dir='ltr'><strong>prapitiaberis,</strong></span> <span class='ocrx_word' id='word_1_837' title='bbox 2777 2616 2828 2669; x_wconf 90' lang='lat' dir='ltr'><strong>id</strong></span> <span class='ocrx_word' id='word_1_838' title='bbox 2871 2625 2986 2679; x_wconf 89' lang='lat' dir='ltr'><strong>est,</strong></span> <span class='ocrx_word' id='word_1_839' title='bbox 3041 2631 3134 2684; x_wconf 88' lang='lat' dir='ltr'><strong>per</strong></span> <span class='ocrx_word' id='word_1_840' title='bbox 3180 2617 3581 2685; x_wconf 88' lang='lat' dir='ltr'><strong>propitiatorem</strong></span> <span class='ocrx_word' id='word_1_841' title='bbox 3617 2628 3766 2673; x_wconf 90' lang='lat' dir='ltr'><strong>tuum</strong></span> 
     </span>
    </p>
   </div>
   <div class='ocr_carea' id='block_1_111' title="bbox 2188 2686 3767 2758">
    <p class='ocr_par' dir='ltr' id='par_1_111' title="bbox 2188 2686 3767 2758">
     <span class='ocr_line' id='line_1_111' title="bbox 2188 2686 3767 2758; baseline 0.003 -20"><span class='ocrx_word' id='word_1_842' title='bbox 2188 2687 2451 2758; x_wconf 88' lang='lat' dir='ltr'><strong>pr0pitius</strong></span> <span class='ocrx_word' id='word_1_843' title='bbox 2479 2686 2587 2741; x_wconf 89' lang='lat' dir='ltr'><strong>eris</strong></span> <span class='ocrx_word' id='word_1_844' title='bbox 2618 2686 2833 2758; x_wconf 79' lang='lat' dir='ltr'><strong>peccatis</strong></span> <span class='ocrx_word' id='word_1_845' title='bbox 2863 2686 3047 2740; x_wconf 79' lang='lat' dir='ltr'><strong>nostris</strong></span> <span class='ocrx_word' id='word_1_846' title='bbox 3067 2726 3083 2753; x_wconf 84' lang='lat'><strong>,</strong></span> <span class='ocrx_word' id='word_1_847' title='bbox 3134 2687 3261 2758; x_wconf 82' lang='lat' dir='ltr'><strong>quin</strong></span> <span class='ocrx_word' id='word_1_848' title='bbox 3290 2689 3449 2741; x_wconf 86' lang='lat' dir='ltr'><strong>etiam</strong></span> <span class='ocrx_word' id='word_1_849' title='bbox 3480 2688 3767 2758; x_wconf 85' lang='lat' dir='ltr'><strong>impietati-</strong></span> 
     </span>
    </p>
   </div>
   <div class='ocr_carea' id='block_1_112' title="bbox 2191 2756 3770 2826">
    <p class='ocr_par' dir='ltr' id='par_1_112' title="bbox 2191 2756 3770 2826">
     <span class='ocr_line' id='line_1_112' title="bbox 2191 2756 3770 2826; baseline 0.004 -19"><span class='ocrx_word' id='word_1_850' title='bbox 2191 2757 2314 2826; x_wconf 83' lang='lat' dir='ltr'><strong>btts.</strong></span> <span class='ocrx_word' id='word_1_851' title='bbox 2357 2758 2481 2810; x_wconf 66' lang='lat' dir='ltr'><strong>Haac</strong></span> <span class='ocrx_word' id='word_1_852' title='bbox 2506 2758 2667 2809; x_wconf 88' lang='lat' dir='ltr'><strong>verba</strong></span> <span class='ocrx_word' id='word_1_853' title='bbox 2699 2757 2829 2826; x_wconf 85' lang='lat' dir='ltr'><strong>satis</strong></span> <span class='ocrx_word' id='word_1_854' title='bbox 2858 2760 3147 2811; x_wconf 86' lang='lat' dir='ltr'><strong>ostendunt</strong></span> <span class='ocrx_word' id='word_1_855' title='bbox 3186 2756 3253 2810; x_wconf 88' lang='lat' dir='ltr'><strong>ad</strong></span> <span class='ocrx_word' id='word_1_856' title='bbox 3298 2772 3455 2826; x_wconf 90' lang='lat' dir='ltr'><strong>quem</strong></span> <span class='ocrx_word' id='word_1_857' title='bbox 3504 2756 3770 2825; x_wconf 80' lang='lat' dir='ltr'><strong>pertineat</strong></span> 
     </span>
    </p>
   </div>
   <div class='ocr_carea' id='block_1_113' title="bbox 2190 2825 3767 2896">
    <p class='ocr_par' dir='ltr' id='par_1_113' title="bbox 2190 2825 3767 2896">
     <span class='ocr_line' id='line_1_113' title="bbox 2190 2825 3767 2896; baseline 0.002 -17"><span class='ocrx_word' id='word_1_858' title='bbox 2190 2825 2307 2880; x_wconf 71' lang='lat' dir='ltr'><strong>haec</strong></span> <span class='ocrx_word' id='word_1_859' title='bbox 2338 2825 2660 2896; x_wconf 84' lang='lat' dir='ltr'><strong>prepitiatio.</strong></span> <span class='ocrx_word' id='word_1_860' title='bbox 2693 2825 2732 2881; x_wconf 90' lang='lat' dir='ltr'><strong>S</strong></span> <span class='ocrx_word' id='word_1_861' title='bbox 2756 2826 2880 2879; x_wconf 65' lang='lat' dir='ltr'><strong>.lent</strong></span> <span class='ocrx_word' id='word_1_862' title='bbox 2910 2828 3052 2881; x_wconf 92' lang='lat' dir='ltr'><strong>enim</strong></span> <span class='ocrx_word' id='word_1_863' title='bbox 3090 2827 3211 2881; x_wconf 84' lang='lat' dir='ltr'><strong>talia</strong></span> <span class='ocrx_word' id='word_1_864' title='bbox 3240 2825 3344 2882; x_wconf 82' lang='lat' dir='ltr'><strong>dici</strong></span> <span class='ocrx_word' id='word_1_865' title='bbox 3370 2828 3767 2895; x_wconf 83' lang='lat' dir='ltr'><strong>sacerdotibus,</strong></span> 
     </span>
    </p>
   </div>
   <div class='ocr_carea' id='block_1_114' title="bbox 2190 2895 3767 2966">
    <p class='ocr_par' dir='ltr' id='par_1_114' title="bbox 2190 2895 3767 2966">
     <span class='ocr_line' id='line_1_114' title="bbox 2190 2895 3767 2966; baseline 0.001 -16"><span class='ocrx_word' id='word_1_866' title='bbox 2190 2898 2311 2966; x_wconf 88' lang='lat' dir='ltr'><strong>quia</strong></span> <span class='ocrx_word' id='word_1_867' title='bbox 2342 2895 2629 2950; x_wconf 48' lang='lat' dir='ltr'><strong>&#39;sacritlciis</strong></span> <span class='ocrx_word' id='word_1_868' title='bbox 2675 2906 2728 2950; x_wconf 93' lang='lat' dir='ltr'><strong>et</strong></span> <span class='ocrx_word' id='word_1_869' title='bbox 2769 2897 3099 2951; x_wconf 89' lang='lat' dir='ltr'><strong>orationibus</strong></span> <span class='ocrx_word' id='word_1_870' title='bbox 3146 2898 3311 2952; x_wconf 91' lang='lat' dir='ltr'><strong>Deum</strong></span> <span class='ocrx_word' id='word_1_871' title='bbox 3361 2898 3563 2953; x_wconf 76' lang='lat' dir='ltr'><strong>faciunt</strong></span> <span class='ocrx_word' id='word_1_872' title='bbox 3613 2900 3767 2954; x_wconf 81' lang='lat' dir='ltr'><strong>nobis</strong></span> 
     </span>
    </p>
   </div>
   <div class='ocr_carea' id='block_1_115' title="bbox 2190 2967 3765 3038">
    <p class='ocr_par' dir='ltr' id='par_1_115' title="bbox 2190 2967 3765 3038">
     <span class='ocr_line' id='line_1_115' title="bbox 2190 2967 3765 3038; baseline 0.004 -21"><span class='ocrx_word' id='word_1_873' title='bbox 2190 2967 2500 3035; x_wconf 82' lang='lat' dir='ltr'><strong>prepitium,</strong></span> <span class='ocrx_word' id='word_1_874' title='bbox 2530 2967 2767 3038; x_wconf 84' lang='lat' dir='ltr'><strong>scilicet,</strong></span> <span class='ocrx_word' id='word_1_875' title='bbox 2799 2982 2875 3038; x_wconf 7' lang='lat' dir='ltr'><strong>tot</strong></span> <span class='ocrx_word' id='word_1_876' title='bbox 2902 2969 3145 3022; x_wconf 84' lang='lat' dir='ltr'><strong>invenias</strong></span> <span class='ocrx_word' id='word_1_877' title='bbox 3170 2984 3293 3022; x_wconf 90' lang='lat' dir='ltr'><strong>eum</strong></span> <span class='ocrx_word' id='word_1_878' title='bbox 3326 2981 3765 3038; x_wconf 81' lang='lat' dir='ltr'><strong>cognoscentem,</strong></span> 
     </span>
    </p>
   </div>
   <div class='ocr_carea' id='block_1_116' title="bbox 2191 3036 3769 3095">
    <p class='ocr_par' dir='ltr' id='par_1_116' title="bbox 2191 3036 3769 3095">
     <span class='ocr_line' id='line_1_116' title="bbox 2191 3036 3769 3095; baseline 0 -5"><span class='ocrx_word' id='word_1_879' title='bbox 2191 3046 2246 3090; x_wconf 90' lang='lat' dir='ltr'><strong>ct</strong></span> <span class='ocrx_word' id='word_1_880' title='bbox 2273 3039 2481 3091; x_wconf 87' lang='lat' dir='ltr'><strong>veniam</strong></span> <span class='ocrx_word' id='word_1_881' title='bbox 2510 3036 2744 3090; x_wconf 88' lang='lat' dir='ltr'><strong>dantem.</strong></span> <span class='ocrx_word' id='word_1_882' title='bbox 2789 3036 2880 3091; x_wconf 91' lang='lat' dir='ltr'><strong>Sic</strong></span> <span class='ocrx_word' id='word_1_883' title='bbox 2921 3048 2974 3091; x_wconf 91' lang='lat' dir='ltr'><strong>et</strong></span> <span class='ocrx_word' id='word_1_884' title='bbox 3023 3039 3158 3093; x_wconf 89' lang='lat' dir='ltr'><strong>Deus</strong></span> <span class='ocrx_word' id='word_1_885' title='bbox 3207 3040 3365 3095; x_wconf 79' lang='lat' dir='ltr'><strong>Pater</strong></span> <span class='ocrx_word' id='word_1_886' title='bbox 3394 3036 3539 3093; x_wconf 80' lang='lat' dir='ltr'><strong>misit</strong></span> <span class='ocrx_word' id='word_1_887' title='bbox 3577 3038 3769 3094; x_wconf 82' lang='lat' dir='ltr'><strong>Filium</strong></span> 
     </span>
    </p>
   </div>
   <div class='ocr_carea' id='block_1_117' title="bbox 2193 3106 3769 3180">
    <p class='ocr_par' dir='ltr' id='par_1_117' title="bbox 2193 3106 3769 3180">
     <span class='ocr_line' id='line_1_117' title="bbox 2193 3106 3769 3180; baseline 0.001 -20"><span class='ocrx_word' id='word_1_888' title='bbox 2193 3120 2350 3180; x_wconf 83' lang='lat' dir='ltr'><strong>suum</strong></span> <span class='ocrx_word' id='word_1_889' title='bbox 2381 3148 2397 3172; x_wconf 92' lang='lat'><strong>,</strong></span> <span class='ocrx_word' id='word_1_890' title='bbox 2443 3106 2531 3180; x_wconf 79' lang='lat' dir='ltr'><strong>qui</strong></span> <span class='ocrx_word' id='word_1_891' title='bbox 2564 3121 2658 3175; x_wconf 90' lang='lat' dir='ltr'><strong>pro</strong></span> <span class='ocrx_word' id='word_1_892' title='bbox 2685 3107 2839 3180; x_wconf 86' lang='lat' dir='ltr'><strong>nobis</strong></span> <span class='ocrx_word' id='word_1_893' title='bbox 2878 3108 3071 3180; x_wconf 81' lang='lat' dir='ltr'><strong>obtulit</strong></span> <span class='ocrx_word' id='word_1_894' title='bbox 3096 3109 3238 3180; x_wconf 86' lang='lat' dir='ltr'><strong>quod</strong></span> <span class='ocrx_word' id='word_1_895' title='bbox 3282 3123 3313 3162; x_wconf 88' lang='lat' dir='ltr'><strong>a</strong></span> <span class='ocrx_word' id='word_1_896' title='bbox 3355 3110 3509 3163; x_wconf 90' lang='lat' dir='ltr'><strong>nobis</strong></span> <span class='ocrx_word' id='word_1_897' title='bbox 3534 3108 3769 3180; x_wconf 85' lang='lat' dir='ltr'><strong>accepit.</strong></span> 
     </span>
    </p>
   </div>
   <div class='ocr_carea' id='block_1_118' title="bbox 2195 3176 3771 3249">
    <p class='ocr_par' dir='ltr' id='par_1_118' title="bbox 2195 3176 3771 3249">
     <span class='ocr_line' id='line_1_118' title="bbox 2195 3176 3771 3249; baseline 0.006 -22"><span class='ocrx_word' id='word_1_898' title='bbox 2195 3177 2589 3249; x_wconf 9' lang='lat' dir='ltr'><strong>lpsersacerdos</strong></span> <span class='ocrx_word' id='word_1_899' title='bbox 2616 3188 2669 3249; x_wconf 90' lang='lat' dir='ltr'><strong>et</strong></span> <span class='ocrx_word' id='word_1_900' title='bbox 2700 3178 2895 3244; x_wconf 87' lang='lat' dir='ltr'><strong>hostia,</strong></span> <span class='ocrx_word' id='word_1_901' title='bbox 2943 3176 3059 3246; x_wconf 89' lang='lat' dir='ltr'><strong>ipse</strong></span> <span class='ocrx_word' id='word_1_902' title='bbox 3089 3178 3301 3233; x_wconf 87' lang='lat' dir='ltr'><strong>oblator</strong></span> <span class='ocrx_word' id='word_1_903' title='bbox 3329 3187 3383 3233; x_wconf 88' lang='lat' dir='ltr'><strong>et</strong></span> <span class='ocrx_word' id='word_1_904' title='bbox 3427 3180 3632 3237; x_wconf 88' lang='lat' dir='ltr'><strong>oblatio</strong></span> <span class='ocrx_word' id='word_1_905' title='bbox 3654 3176 3687 3249; x_wconf 59' lang='grc'>,⁷</span> <span class='ocrx_word' id='word_1_906' title='bbox 3718 3190 3771 3236; x_wconf 80' lang='lat' dir='ltr'><strong>et</strong></span> 
     </span>
    </p>
   </div>
   <div class='ocr_carea' id='block_1_119' title="bbox 2192 3248 3413 3316">
    <p class='ocr_par' dir='ltr' id='par_1_119' title="bbox 2192 3248 3413 3316">
     <span class='ocr_line' id='line_1_119' title="bbox 2192 3248 3413 3316; baseline 0.002 -16"><span class='ocrx_word' id='word_1_907' title='bbox 2192 3261 2288 3315; x_wconf 88' lang='lat' dir='ltr'><strong>per</strong></span> <span class='ocrx_word' id='word_1_908' title='bbox 2318 3248 2458 3302; x_wconf 89' lang='lat' dir='ltr'><strong>hunc</strong></span> <span class='ocrx_word' id='word_1_909' title='bbox 2493 3248 2891 3316; x_wconf 82' lang='lat' dir='ltr'><strong>propitiatorem</strong></span> <span class='ocrx_word' id='word_1_910' title='bbox 2917 3251 3082 3303; x_wconf 89' lang='lat' dir='ltr'><strong>nostri</strong></span> <span class='ocrx_word' id='word_1_911' title='bbox 3111 3250 3413 3304; x_wconf 89' lang='lat' dir='ltr'><strong>miseretur.</strong></span> 
     </span>
    </p>
   </div>
   <div class='ocr_carea' id='block_1_120' title="bbox 2263 3316 3771 3389">
    <p class='ocr_par' dir='ltr' id='par_1_120' title="bbox 2263 3316 3771 3389">
     <span class='ocr_line' id='line_1_120' title="bbox 2263 3316 3771 3389; baseline 0.003 -18"><span class='ocrx_word' id='word_1_912' title='bbox 2263 3316 2453 3389; x_wconf 86' lang='lat' dir='ltr'><strong>Beatus</strong></span> <span class='ocrx_word' id='word_1_913' title='bbox 2472 3334 2621 3382; x_wconf 83' lang='lat' dir='ltr'><strong>quem</strong></span> <span class='ocrx_word' id='word_1_914' title='bbox 2649 3318 2864 3387; x_wconf 83' lang='lat' dir='ltr'><strong>elegisti.</strong></span> <span class='ocrx_word' id='word_1_915' title='bbox 2892 3319 3301 3388; x_wconf 83' lang='lat' dir='ltr'><strong>Propitiaberis,</strong></span> <span class='ocrx_word' id='word_1_916' title='bbox 3332 3322 3579 3389; x_wconf 86' lang='lat' dir='ltr'><strong>inquam,</strong></span> <span class='ocrx_word' id='word_1_917' title='bbox 3612 3322 3771 3377; x_wconf 86' lang='lat' dir='ltr'><strong>nobis</strong></span> 
     </span>
    </p>
   </div>
   <div class='ocr_carea' id='block_1_121' title="bbox 2192 3388 3769 3458">
    <p class='ocr_par' dir='ltr' id='par_1_121' title="bbox 2192 3388 3769 3458">
     <span class='ocr_line' id='line_1_121' title="bbox 2192 3388 3769 3458; baseline 0.003 -17"><span class='ocrx_word' id='word_1_918' title='bbox 2192 3402 2284 3455; x_wconf 83' lang='lat' dir='ltr'><strong>per</strong></span> <span class='ocrx_word' id='word_1_919' title='bbox 2310 3388 2713 3455; x_wconf 82' lang='lat' dir='ltr'><strong>propitiatuiem</strong></span> <span class='ocrx_word' id='word_1_920' title='bbox 2749 3404 2926 3457; x_wconf 88' lang='lat' dir='ltr'><strong>tuum,</strong></span> <span class='ocrx_word' id='word_1_921' title='bbox 2960 3391 3048 3458; x_wconf 84' lang='lat' dir='ltr'><strong>qui</strong></span> <span class='ocrx_word' id='word_1_922' title='bbox 3080 3390 3283 3446; x_wconf 85' lang='lat' dir='ltr'><strong>electus</strong></span> <span class='ocrx_word' id='word_1_923' title='bbox 3311 3405 3339 3441; x_wconf 90' lang='lat' dir='ltr'><strong>a</strong></span> <span class='ocrx_word' id='word_1_924' title='bbox 3372 3388 3541 3446; x_wconf 73' lang='lat' dir='ltr'><strong>Verbo</strong></span> <span class='ocrx_word' id='word_1_925' title='bbox 3571 3399 3691 3458; x_wconf 84' lang='lat' dir='ltr'><strong>tuo,</strong></span> <span class='ocrx_word' id='word_1_926' title='bbox 3717 3400 3769 3446; x_wconf 87' lang='lat' dir='ltr'><strong>et</strong></span> 
     </span>
    </p>
   </div>
   <div class='ocr_carea' id='block_1_122' title="bbox 2189 3459 3766 3527">
    <p class='ocr_par' dir='ltr' id='par_1_122' title="bbox 2189 3459 3766 3527">
     <span class='ocr_line' id='line_1_122' title="bbox 2189 3459 3766 3527; baseline 0.001 -15"><span class='ocrx_word' id='word_1_927' title='bbox 2189 3468 2493 3526; x_wconf 82' lang='lat' dir='ltr'><strong>assumptus</strong></span> <span class='ocrx_word' id='word_1_928' title='bbox 2542 3459 2846 3527; x_wconf 86' lang='lat' dir='ltr'><strong>specialiter</strong></span> <span class='ocrx_word' id='word_1_929' title='bbox 2895 3468 2978 3514; x_wconf 89' lang='lat' dir='ltr'><strong>est</strong></span> <span class='ocrx_word' id='word_1_930' title='bbox 3026 3461 3233 3514; x_wconf 89' lang='lat' dir='ltr'><strong>beatus.</strong></span> <span class='ocrx_word' id='word_1_931' title='bbox 3285 3460 3353 3513; x_wconf 84' lang='lat' dir='ltr'><strong>Et</strong></span> <span class='ocrx_word' id='word_1_932' title='bbox 3395 3463 3569 3515; x_wconf 89' lang='lat' dir='ltr'><strong>omnis</strong></span> <span class='ocrx_word' id='word_1_933' title='bbox 3602 3466 3766 3516; x_wconf 88' lang='lat' dir='ltr'><strong>etiam</strong></span> 
     </span>
    </p>
   </div>
   <div class='ocr_carea' id='block_1_123' title="bbox 2188 3527 3768 3599">
    <p class='ocr_par' dir='ltr' id='par_1_123' title="bbox 2188 3527 3768 3599">
     <span class='ocr_line' id='line_1_123' title="bbox 2188 3527 3768 3599; baseline 0.003 -18"><span class='ocrx_word' id='word_1_934' title='bbox 2188 3544 2337 3598; x_wconf 84' lang='lat' dir='ltr'><strong>quem</strong></span> <span class='ocrx_word' id='word_1_935' title='bbox 2382 3540 2435 3581; x_wconf 92' lang='lat' dir='ltr'><strong>tu</strong></span> <span class='ocrx_word' id='word_1_936' title='bbox 2467 3527 2661 3599; x_wconf 80' lang='lat' dir='ltr'><strong>elegisti</strong></span> <span class='ocrx_word' id='word_1_937' title='bbox 2695 3530 2805 3598; x_wconf 86' lang='lat' dir='ltr'><strong>jam</strong></span> <span class='ocrx_word' id='word_1_938' title='bbox 2834 3528 3185 3599; x_wconf 87' lang='lat' dir='ltr'><strong>dispositione</strong></span> <span class='ocrx_word' id='word_1_939' title='bbox 3210 3572 3224 3595; x_wconf 93' lang='lat'><strong>,</strong></span> <span class='ocrx_word' id='word_1_940' title='bbox 3278 3544 3372 3597; x_wconf 87' lang='lat' dir='ltr'><strong>per</strong></span> <span class='ocrx_word' id='word_1_941' title='bbox 3399 3531 3552 3586; x_wconf 87' lang='lat' dir='ltr'><strong>illum</strong></span> <span class='ocrx_word' id='word_1_942' title='bbox 3582 3541 3635 3585; x_wconf 86' lang='lat' dir='ltr'><strong>et</strong></span> <span class='ocrx_word' id='word_1_943' title='bbox 3680 3547 3768 3585; x_wconf 81' lang='lat' dir='ltr'><strong>as-</strong></span> 
     </span>
    </p>
   </div>
   <div class='ocr_carea' id='block_1_124' title="bbox 2189 3599 3771 3672">
    <p class='ocr_par' dir='ltr' id='par_1_124' title="bbox 2189 3599 3771 3672">
     <span class='ocr_line' id='line_1_124' title="bbox 2189 3599 3771 3672; baseline 0.003 -21"><span class='ocrx_word' id='word_1_944' title='bbox 2189 3599 2545 3672; x_wconf 72' lang='lat' dir='ltr'><strong>sumpsistiad</strong></span> <span class='ocrx_word' id='word_1_945' title='bbox 2576 3601 3021 3672; x_wconf 82' lang='lat' dir='ltr'><strong>incorporandum</strong></span> <span class='ocrx_word' id='word_1_946' title='bbox 3044 3640 3063 3666; x_wconf 94' lang='lat'><strong>,</strong></span> <span class='ocrx_word' id='word_1_947' title='bbox 3101 3612 3183 3655; x_wconf 89' lang='lat' dir='ltr'><strong>est</strong></span> <span class='ocrx_word' id='word_1_948' title='bbox 3212 3604 3397 3657; x_wconf 85' lang='lat' dir='ltr'><strong>beatus</strong></span> <span class='ocrx_word' id='word_1_949' title='bbox 3420 3643 3434 3667; x_wconf 92' lang='lat'><strong>,</strong></span> <span class='ocrx_word' id='word_1_950' title='bbox 3469 3604 3596 3672; x_wconf 88' lang='lat' dir='ltr'><strong>quia</strong></span> <span class='ocrx_word' id='word_1_951' title='bbox 3628 3602 3771 3655; x_wconf 74' lang='lat' dir='ltr'><strong>habi-</strong></span> 
     </span>
    </p>
   </div>
   <div class='ocr_carea' id='block_1_125' title="bbox 2190 3669 3771 3739">
    <p class='ocr_par' dir='ltr' id='par_1_125' title="bbox 2190 3669 3771 3739">
     <span class='ocr_line' id='line_1_125' title="bbox 2190 3669 3771 3739; baseline 0.003 -17"><span class='ocrx_word' id='word_1_952' title='bbox 2190 3670 2315 3723; x_wconf 87' lang='lat' dir='ltr'><strong>tabit</strong></span> <span class='ocrx_word' id='word_1_953' title='bbox 2346 3669 2559 3739; x_wconf 89' lang='lat' dir='ltr'><strong>tandem</strong></span> <span class='ocrx_word' id='word_1_954' title='bbox 2588 3708 2603 3734; x_wconf 94' lang='lat'><strong>,</strong></span> <span class='ocrx_word' id='word_1_955' title='bbox 2656 3670 2707 3723; x_wconf 91' lang='lat' dir='ltr'><strong>id</strong></span> <span class='ocrx_word' id='word_1_956' title='bbox 2738 3680 2865 3736; x_wconf 82' lang='lat' dir='ltr'><strong>est,</strong></span> <span class='ocrx_word' id='word_1_957' title='bbox 2914 3672 3213 3727; x_wconf 86' lang='lat' dir='ltr'><strong>tnausorius</strong></span> <span class='ocrx_word' id='word_1_958' title='bbox 3241 3673 3344 3726; x_wconf 91' lang='lat' dir='ltr'><strong>erit</strong></span> <span class='ocrx_word' id='word_1_959' title='bbox 3370 3672 3422 3725; x_wconf 89' lang='lat' dir='ltr'><strong>in</strong></span> <span class='ocrx_word' id='word_1_960' title='bbox 3465 3669 3615 3726; x_wconf 66' lang='lat' dir='ltr'><strong>atriis</strong></span> <span class='ocrx_word' id='word_1_961' title='bbox 3668 3673 3771 3727; x_wconf 69' lang='lat' dir='ltr'><strong>suis</strong></span> 
     </span>
    </p>
   </div>
   <div class='ocr_carea' id='block_1_126' title="bbox 2189 3740 3767 3812">
    <p class='ocr_par' dir='ltr' id='par_1_126' title="bbox 2189 3740 3767 3812">
     <span class='ocr_line' id='line_1_126' title="bbox 2189 3740 3767 3812; baseline 0.003 -19"><span class='ocrx_word' id='word_1_962' title='bbox 2189 3740 2676 3812; x_wconf 72' lang='lat' dir='ltr'><strong>superctelesttbus.</strong></span> <span class='ocrx_word' id='word_1_963' title='bbox 2711 3742 2858 3794; x_wconf 79' lang='lat' dir='ltr'><strong>Atria</strong></span> <span class='ocrx_word' id='word_1_964' title='bbox 2890 3742 3030 3795; x_wconf 89' lang='lat' dir='ltr'><strong>enim</strong></span> <span class='ocrx_word' id='word_1_965' title='bbox 3058 3743 3346 3812; x_wconf 84' lang='lat' dir='ltr'><strong>aliquando</strong></span> <span class='ocrx_word' id='word_1_966' title='bbox 3376 3756 3476 3811; x_wconf 91' lang='lat' dir='ltr'><strong>pro</strong></span> <span class='ocrx_word' id='word_1_967' title='bbox 3517 3745 3767 3811; x_wconf 74' lang='lat' dir='ltr'><strong>przesenti</strong></span> 
     </span>
    </p>
   </div>
   <div class='ocr_carea' id='block_1_127' title="bbox 2192 3809 3762 3882">
    <p class='ocr_par' dir='ltr' id='par_1_127' title="bbox 2192 3809 3762 3882">
     <span class='ocr_line' id='line_1_127' title="bbox 2192 3809 3762 3882; baseline 0.001 -17"><span class='ocrx_word' id='word_1_968' title='bbox 2192 3809 2429 3865; x_wconf 73' lang='lat' dir='ltr'><strong>Ecclesia</strong></span> <span class='ocrx_word' id='word_1_969' title='bbox 2477 3809 2842 3882; x_wconf 81' lang='lat' dir='ltr'><strong>accipiuntur,</strong></span> <span class='ocrx_word' id='word_1_970' title='bbox 2897 3809 3182 3882; x_wconf 73' lang='lat' dir='ltr'><strong>aliquando</strong></span> <span class='ocrx_word' id='word_1_971' title='bbox 3237 3809 3396 3868; x_wconf 79' lang='lat' dir='ltr'><strong>etiam</strong></span> <span class='ocrx_word' id='word_1_972' title='bbox 3449 3809 3583 3867; x_wconf 82' lang='lat' dir='ltr'><strong>atria</strong></span> <span class='ocrx_word' id='word_1_973' title='bbox 3639 3814 3762 3881; x_wconf 72' lang='lat' dir='ltr'><strong>quia</strong></span> 
     </span>
    </p>
   </div>
   <div class='ocr_carea' id='block_1_128' title="bbox 2190 3878 3764 3952">
    <p class='ocr_par' dir='ltr' id='par_1_128' title="bbox 2190 3878 3764 3952">
     <span class='ocr_line' id='line_1_128' title="bbox 2190 3878 3764 3952; baseline 0.003 -19"><span class='ocrx_word' id='word_1_974' title='bbox 2190 3884 2367 3952; x_wconf 87' lang='lat' dir='ltr'><strong>solent</strong></span> <span class='ocrx_word' id='word_1_975' title='bbox 2407 3878 2588 3933; x_wconf 91' lang='lat' dir='ltr'><strong>ornari</strong></span> <span class='ocrx_word' id='word_1_976' title='bbox 2624 3894 2718 3950; x_wconf 92' lang='lat' dir='ltr'><strong>pro</strong></span> <span class='ocrx_word' id='word_1_977' title='bbox 2744 3882 2950 3936; x_wconf 67' lang='lat' dir='ltr'><strong>caelesti</strong></span> <span class='ocrx_word' id='word_1_978' title='bbox 2983 3878 3309 3938; x_wconf 81' lang='lat' dir='ltr'><strong>habitatione</strong></span> <span class='ocrx_word' id='word_1_979' title='bbox 3336 3922 3351 3949; x_wconf 93' lang='lat'><strong>,</strong></span> <span class='ocrx_word' id='word_1_980' title='bbox 3383 3897 3504 3952; x_wconf 67' lang='lat' dir='ltr'><strong>qua:</strong></span> <span class='ocrx_word' id='word_1_981' title='bbox 3532 3878 3764 3938; x_wconf 80' lang='lat' dir='ltr'><strong>ornatis-</strong></span> 
     </span>
    </p>
   </div>
   <div class='ocr_carea' id='block_1_129' title="bbox 2188 3951 2975 4019">
    <p class='ocr_par' dir='ltr' id='par_1_129' title="bbox 2188 3951 2975 4019">
     <span class='ocr_line' id='line_1_129' title="bbox 2188 3951 2975 4019; baseline -0.003 -12"><span class='ocrx_word' id='word_1_982' title='bbox 2188 3951 2325 4007; x_wconf 82' lang='lat' dir='ltr'><strong>sima</strong></span> <span class='ocrx_word' id='word_1_983' title='bbox 2351 3959 2454 4015; x_wconf 87' lang='lat' dir='ltr'><strong>est,</strong></span> <span class='ocrx_word' id='word_1_984' title='bbox 2487 3959 2545 4003; x_wconf 91' lang='lat' dir='ltr'><strong>ut</strong></span> <span class='ocrx_word' id='word_1_985' title='bbox 2576 3952 2662 4004; x_wconf 91' lang='lat' dir='ltr'><strong>hic</strong></span> <span class='ocrx_word' id='word_1_986' title='bbox 2690 3962 2975 4019; x_wconf 88' lang='lat' dir='ltr'><strong>ponuntur.</strong></span> 
     </span>
    </p>
   </div>
   <div class='ocr_carea' id='block_1_130' title="bbox 2260 4020 3759 4090">
    <p class='ocr_par' dir='ltr' id='par_1_130' title="bbox 2260 4020 3759 4090">
     <span class='ocr_line' id='line_1_130' title="bbox 2260 4020 3759 4090; baseline 0.001 -15"><span class='ocrx_word' id='word_1_987' title='bbox 2260 4020 2590 4085; x_wconf 75' lang='lat' dir='ltr'><strong>Replebimur</strong></span> <span class='ocrx_word' id='word_1_988' title='bbox 2617 4024 2670 4074; x_wconf 86' lang='lat' dir='ltr'><strong>in</strong></span> <span class='ocrx_word' id='word_1_989' title='bbox 2694 4022 2856 4078; x_wconf 83' lang='lat' dir='ltr'><strong>bonis.</strong></span> <span class='ocrx_word' id='word_1_990' title='bbox 2915 4024 3075 4090; x_wconf 85' lang='lat' dir='ltr'><strong>Quasi</strong></span> <span class='ocrx_word' id='word_1_991' title='bbox 3106 4024 3246 4079; x_wconf 84' lang='lat' dir='ltr'><strong>dicat</strong></span> <span class='ocrx_word' id='word_1_992' title='bbox 3277 4041 3289 4076; x_wconf 91' lang='lat'><strong>:</strong></span> <span class='ocrx_word' id='word_1_993' title='bbox 3326 4022 3541 4079; x_wconf 89' lang='lat' dir='ltr'><strong>Interim</strong></span> <span class='ocrx_word' id='word_1_994' title='bbox 3580 4032 3759 4077; x_wconf 88' lang='lat' dir='ltr'><strong>autem</strong></span> 
     </span>
    </p>
   </div>
   <div class='ocr_carea' id='block_1_131' title="bbox 2189 4092 3767 4161">
    <p class='ocr_par' dir='ltr' id='par_1_131' title="bbox 2189 4092 3767 4161">
     <span class='ocr_line' id='line_1_131' title="bbox 2189 4092 3767 4161; baseline 0.003 -17"><span class='ocrx_word' id='word_1_995' title='bbox 2189 4092 2356 4161; x_wconf 80' lang='lat' dir='ltr'><strong>quid?</strong></span> <span class='ocrx_word' id='word_1_996' title='bbox 2386 4092 2620 4157; x_wconf 83' lang='lat' dir='ltr'><strong>Scilicet,</strong></span> <span class='ocrx_word' id='word_1_997' title='bbox 2652 4095 2957 4159; x_wconf 81' lang='lat' dir='ltr'><strong>replebimur</strong></span> <span class='ocrx_word' id='word_1_998' title='bbox 2978 4099 3029 4148; x_wconf 86' lang='lat' dir='ltr'><strong>in</strong></span> <span class='ocrx_word' id='word_1_999' title='bbox 3060 4096 3203 4149; x_wconf 83' lang='lat' dir='ltr'><strong>bonis</strong></span> <span class='ocrx_word' id='word_1_1000' title='bbox 3229 4096 3410 4149; x_wconf 82' lang='lat' dir='ltr'><strong>donius</strong></span> <span class='ocrx_word' id='word_1_1001' title='bbox 3440 4105 3567 4158; x_wconf 78' lang='lat' dir='ltr'><strong>tute,</strong></span> <span class='ocrx_word' id='word_1_1002' title='bbox 3605 4094 3767 4150; x_wconf 85' lang='lat' dir='ltr'><strong>debe-</strong></span> 
     </span>
    </p>
   </div>
   <div class='ocr_carea' id='block_1_132' title="bbox 2190 4161 3765 4234">
    <p class='ocr_par' dir='ltr' id='par_1_132' title="bbox 2190 4161 3765 4234">
     <span class='ocr_line' id='line_1_132' title="bbox 2190 4161 3765 4234; baseline 0.001 -17"><span class='ocrx_word' id='word_1_1003' title='bbox 2190 4161 2515 4234; x_wconf 78' lang='lat' dir='ltr'><strong>retdicere;</strong></span> <span class='ocrx_word' id='word_1_1004' title='bbox 2565 4165 2659 4216; x_wconf 87' lang='lat' dir='ltr'><strong>sed</strong></span> <span class='ocrx_word' id='word_1_1005' title='bbox 2689 4178 2809 4230; x_wconf 73' lang='lat' dir='ltr'><strong>quia</strong></span> <span class='ocrx_word' id='word_1_1006' title='bbox 2858 4166 2945 4217; x_wconf 85' lang='lat' dir='ltr'><strong>ille</strong></span> <span class='ocrx_word' id='word_1_1007' title='bbox 2995 4182 3128 4221; x_wconf 83' lang='lat' dir='ltr'><strong>unus</strong></span> <span class='ocrx_word' id='word_1_1008' title='bbox 3157 4167 3226 4221; x_wconf 91' lang='lat' dir='ltr'><strong>de</strong></span> <span class='ocrx_word' id='word_1_1009' title='bbox 3272 4180 3377 4234; x_wconf 84' lang='lat' dir='ltr'><strong>quo</strong></span> <span class='ocrx_word' id='word_1_1010' title='bbox 3408 4166 3645 4234; x_wconf 84' lang='lat' dir='ltr'><strong>loquitur</strong></span> <span class='ocrx_word' id='word_1_1011' title='bbox 3683 4175 3765 4219; x_wconf 75' lang='lat' dir='ltr'><strong>est</strong></span> 
     </span>
    </p>
   </div>
   <div class='ocr_carea' id='block_1_133' title="bbox 2193 4230 3763 4306">
    <p class='ocr_par' dir='ltr' id='par_1_133' title="bbox 2193 4230 3763 4306">
     <span class='ocr_line' id='line_1_133' title="bbox 2193 4230 3763 4306; baseline 0.001 -20"><span class='ocrx_word' id='word_1_1012' title='bbox 2193 4232 2376 4306; x_wconf 85' lang='lat' dir='ltr'><strong>multi,</strong></span> <span class='ocrx_word' id='word_1_1013' title='bbox 2408 4230 2707 4306; x_wconf 28' lang='lat' dir='ltr'><strong>inter‘quos</strong></span> <span class='ocrx_word' id='word_1_1014' title='bbox 2740 4235 2853 4302; x_wconf 91' lang='lat' dir='ltr'><strong>ipse</strong></span> <span class='ocrx_word' id='word_1_1015' title='bbox 2880 4245 2963 4289; x_wconf 75' lang='lat' dir='ltr'><strong>est</strong></span> <span class='ocrx_word' id='word_1_1016' title='bbox 2984 4276 3000 4300; x_wconf 94' lang='lat'><strong>,</strong></span> <span class='ocrx_word' id='word_1_1017' title='bbox 3050 4237 3172 4291; x_wconf 88' lang='lat' dir='ltr'><strong>ideo</strong></span> <span class='ocrx_word' id='word_1_1018' title='bbox 3201 4230 3332 4291; x_wconf 78' lang='lat' dir='ltr'><strong>dicit</strong></span> <span class='ocrx_word' id='word_1_1019' title='bbox 3362 4230 3689 4306; x_wconf 75' lang='lat' dir='ltr'><strong>Repietn&#39;mur</strong></span> <span class='ocrx_word' id='word_1_1020' title='bbox 3711 4239 3763 4288; x_wconf 82' lang='lat' dir='ltr'><strong>in</strong></span> 
     </span>
    </p>
   </div>
   <div class='ocr_carea' id='block_1_134' title="bbox 2192 4301 3765 4376">
    <p class='ocr_par' dir='ltr' id='par_1_134' title="bbox 2192 4301 3765 4376">
     <span class='ocr_line' id='line_1_134' title="bbox 2192 4301 3765 4376; baseline 0.001 -21"><span class='ocrx_word' id='word_1_1021' title='bbox 2192 4304 2372 4369; x_wconf 87' lang='lat' dir='ltr'><strong>bonis,</strong></span> <span class='ocrx_word' id='word_1_1022' title='bbox 2413 4315 2518 4355; x_wconf 90' lang='lat' dir='ltr'><strong>nou</strong></span> <span class='ocrx_word' id='word_1_1023' title='bbox 2549 4301 2872 4373; x_wconf 65' lang='lat' dir='ltr'><strong>Babylonia),</strong></span> <span class='ocrx_word' id='word_1_1024' title='bbox 2905 4322 3022 4374; x_wconf 88' lang='lat' dir='ltr'><strong>qu.e</strong></span> <span class='ocrx_word' id='word_1_1025' title='bbox 3052 4318 3181 4361; x_wconf 90' lang='lat' dir='ltr'><strong>sunt</strong></span> <span class='ocrx_word' id='word_1_1026' title='bbox 3202 4322 3415 4372; x_wconf 90' lang='lat' dir='ltr'><strong>aurum,</strong></span> <span class='ocrx_word' id='word_1_1027' title='bbox 3437 4301 3726 4376; x_wconf 76' lang='lat' dir='ltr'><strong>argentum</strong></span> <span class='ocrx_word' id='word_1_1028' title='bbox 3748 4346 3765 4369; x_wconf 90' lang='lat'><strong>,</strong></span> 
     </span>
    </p>
   </div>
   <div class='ocr_carea' id='block_1_135' title="bbox 2191 4375 3767 4445">
    <p class='ocr_par' dir='ltr' id='par_1_135' title="bbox 2191 4375 3767 4445">
     <span class='ocr_line' id='line_1_135' title="bbox 2191 4375 3767 4445; baseline 0 -17"><span class='ocrx_word' id='word_1_1029' title='bbox 2191 4388 2420 4445; x_wconf 66' lang='lat' dir='ltr'><strong>gemina)</strong></span> <span class='ocrx_word' id='word_1_1030' title='bbox 2451 4379 2508 4426; x_wconf 91' lang='lat' dir='ltr'><strong>et</strong></span> <span class='ocrx_word' id='word_1_1031' title='bbox 2551 4383 2743 4428; x_wconf 70' lang='lat' dir='ltr'><strong>caetera</strong></span> <span class='ocrx_word' id='word_1_1032' title='bbox 2782 4377 3101 4445; x_wconf 88' lang='lat' dir='ltr'><strong>pertinentia</strong></span> <span class='ocrx_word' id='word_1_1033' title='bbox 3132 4379 3201 4432; x_wconf 88' lang='lat' dir='ltr'><strong>ad</strong></span> <span class='ocrx_word' id='word_1_1034' title='bbox 3230 4381 3516 4432; x_wconf 87' lang='lat' dir='ltr'><strong>vanitatem</strong></span> <span class='ocrx_word' id='word_1_1035' title='bbox 3539 4416 3556 4441; x_wconf 87' lang='lat'><strong>,</strong></span> <span class='ocrx_word' id='word_1_1036' title='bbox 3590 4375 3687 4430; x_wconf 84' lang='lat' dir='ltr'><strong>sed</strong></span> <span class='ocrx_word' id='word_1_1037' title='bbox 3715 4379 3767 4428; x_wconf 80' lang='lat' dir='ltr'><strong>iis</strong></span> 
     </span>
    </p>
   </div>
   <div class='ocr_carea' id='block_1_136' title="bbox 2195 4444 3765 4518">
    <p class='ocr_par' dir='ltr' id='par_1_136' title="bbox 2195 4444 3765 4518">
     <span class='ocr_line' id='line_1_136' title="bbox 2195 4444 3765 4518; baseline 0.001 -21"><span class='ocrx_word' id='word_1_1038' title='bbox 2195 4446 2337 4498; x_wconf 84' lang='lat' dir='ltr'><strong>bonis</strong></span> <span class='ocrx_word' id='word_1_1039' title='bbox 2367 4444 2545 4495; x_wconf 78' lang='lat' dir='ltr'><strong>domus</strong></span> <span class='ocrx_word' id='word_1_1040' title='bbox 2574 4450 2693 4497; x_wconf 81' lang='lat' dir='ltr'><strong>tute.</strong></span> <span class='ocrx_word' id='word_1_1041' title='bbox 2729 4444 2950 4518; x_wconf 84' lang='lat' dir='ltr'><strong>Demum</strong></span> <span class='ocrx_word' id='word_1_1042' title='bbox 2978 4460 3031 4501; x_wconf 91' lang='lat' dir='ltr'><strong>et</strong></span> <span class='ocrx_word' id='word_1_1043' title='bbox 3060 4451 3315 4518; x_wconf 87' lang='lat' dir='ltr'><strong>templum</strong></span> <span class='ocrx_word' id='word_1_1044' title='bbox 3344 4448 3537 4516; x_wconf 82' lang='lat' dir='ltr'><strong>accipit</strong></span> <span class='ocrx_word' id='word_1_1045' title='bbox 3565 4446 3654 4500; x_wconf 86' lang='lat' dir='ltr'><strong>hic</strong></span> <span class='ocrx_word' id='word_1_1046' title='bbox 3684 4448 3765 4499; x_wconf 80' lang='lat' dir='ltr'><strong>vel</strong></span> 
     </span>
    </p>
   </div>
   <div class='ocr_carea' id='block_1_137' title="bbox 2119 4500 3767 4588">
    <p class='ocr_par' dir='ltr' id='par_1_137' title="bbox 2119 4500 3767 4588">
     <span class='ocr_line' id='line_1_137' title="bbox 2119 4500 3767 4588; baseline 0.001 -20"><span class='ocrx_word' id='word_1_1047' title='bbox 2119 4500 2168 4561; x_wconf 83' lang='lat' dir='ltr'><strong>D</strong></span> <span class='ocrx_word' id='word_1_1048' title='bbox 2191 4518 2632 4588; x_wconf 71' lang='lat' dir='ltr'><strong>supercmlestem</strong></span> <span class='ocrx_word' id='word_1_1049' title='bbox 2664 4500 3044 4572; x_wconf 76' lang='lat' dir='ltr'><strong>habitationem</strong></span> <span class='ocrx_word' id='word_1_1050' title='bbox 3064 4500 3371 4588; x_wconf 60' lang='grc' dir='ltr'><strong>,Ἧῦἁῖιῖέὶ</strong></span> <span class='ocrx_word' id='word_1_1051' title='bbox 3384 4500 3585 4571; x_wconf 60' lang='lat' dir='ltr'><strong>atrium</strong></span> <span class='ocrx_word' id='word_1_1052' title='bbox 3612 4530 3767 4570; x_wconf 65' lang='lat' dir='ltr'><strong>voeao</strong></span> 
     </span>
    </p>
   </div>
   <div class='ocr_carea' id='block_1_138' title="bbox 2189 4586 3762 4657">
    <p class='ocr_par' dir='ltr' id='par_1_138' title="bbox 2189 4586 3762 4657">
     <span class='ocr_line' id='line_1_138' title="bbox 2189 4586 3762 4657; baseline 0.001 -20"><span class='ocrx_word' id='word_1_1053' title='bbox 2189 4587 2280 4654; x_wconf 89' lang='lat' dir='ltr'><strong>vit,</strong></span> <span class='ocrx_word' id='word_1_1054' title='bbox 2318 4586 2471 4653; x_wconf 89' lang='lat' dir='ltr'><strong>cujus</strong></span> <span class='ocrx_word' id='word_1_1055' title='bbox 2502 4586 2639 4657; x_wconf 78' lang='lat' dir='ltr'><strong>bona</strong></span> <span class='ocrx_word' id='word_1_1056' title='bbox 2663 4597 2825 4652; x_wconf 91' lang='lat' dir='ltr'><strong>sunt,</strong></span> <span class='ocrx_word' id='word_1_1057' title='bbox 2876 4604 2991 4657; x_wconf 81' lang='lat' dir='ltr'><strong>qua:</strong></span> <span class='ocrx_word' id='word_1_1058' title='bbox 3020 4606 3109 4643; x_wconf 81' lang='lat' dir='ltr'><strong>nec</strong></span> <span class='ocrx_word' id='word_1_1059' title='bbox 3132 4586 3307 4644; x_wconf 83' lang='lat' dir='ltr'><strong>oculus</strong></span> <span class='ocrx_word' id='word_1_1060' title='bbox 3329 4590 3472 4649; x_wconf 76' lang='lat' dir='ltr'><strong>vidit,</strong></span> <span class='ocrx_word' id='word_1_1061' title='bbox 3505 4602 3596 4641; x_wconf 76' lang='lat' dir='ltr'><strong>nec</strong></span> <span class='ocrx_word' id='word_1_1062' title='bbox 3619 4587 3762 4639; x_wconf 74' lang='lat' dir='ltr'><strong>astris</strong></span> 
     </span>
    </p>
   </div>
   <div class='ocr_carea' id='block_1_139' title="bbox 2187 4655 3762 4721">
    <p class='ocr_par' dir='ltr' id='par_1_139' title="bbox 2187 4655 3762 4721">
     <span class='ocr_line' id='line_1_139' title="bbox 2187 4655 3762 4721; baseline 0.002 -13"><span class='ocrx_word' id='word_1_1063' title='bbox 2187 4658 2419 4721; x_wconf 81' lang='lat' dir='ltr'><strong>audivit,</strong></span> <span class='ocrx_word' id='word_1_1064' title='bbox 2462 4655 2546 4708; x_wconf 87' lang='lat' dir='ltr'><strong>vel</strong></span> <span class='ocrx_word' id='word_1_1065' title='bbox 2596 4664 2756 4710; x_wconf 87' lang='lat' dir='ltr'><strong>etiam</strong></span> <span class='ocrx_word' id='word_1_1066' title='bbox 2805 4655 3022 4713; x_wconf 85' lang='lat' dir='ltr'><strong>domum</strong></span> <span class='ocrx_word' id='word_1_1067' title='bbox 3057 4670 3209 4716; x_wconf 86' lang='lat' dir='ltr'><strong>vocat</strong></span> <span class='ocrx_word' id='word_1_1068' title='bbox 3249 4661 3317 4713; x_wconf 89' lang='lat' dir='ltr'><strong>ad</strong></span> <span class='ocrx_word' id='word_1_1069' title='bbox 3359 4658 3762 4714; x_wconf 85' lang='lat' dir='ltr'><strong>similitudinem</strong></span> 
     </span>
    </p>
   </div>
   <div class='ocr_carea' id='block_1_140' title="bbox 2188 4726 3765 4787">
    <p class='ocr_par' dir='ltr' id='par_1_140' title="bbox 2188 4726 3765 4787">
     <span class='ocr_line' id='line_1_140' title="bbox 2188 4726 3765 4787; baseline 0.001 -8"><span class='ocrx_word' id='word_1_1070' title='bbox 2188 4727 2460 4781; x_wconf 89' lang='lat' dir='ltr'><strong>hominem</strong></span> <span class='ocrx_word' id='word_1_1071' title='bbox 2513 4726 2861 4783; x_wconf 91' lang='lat' dir='ltr'><strong>dominicum.</strong></span> <span class='ocrx_word' id='word_1_1072' title='bbox 2914 4730 3052 4784; x_wconf 82' lang='lat' dir='ltr'><strong>Deus</strong></span> <span class='ocrx_word' id='word_1_1073' title='bbox 3092 4734 3235 4787; x_wconf 90' lang='lat' dir='ltr'><strong>enim</strong></span> <span class='ocrx_word' id='word_1_1074' title='bbox 3288 4742 3405 4786; x_wconf 89' lang='lat' dir='ltr'><strong>erat</strong></span> <span class='ocrx_word' id='word_1_1075' title='bbox 3449 4732 3502 4786; x_wconf 91' lang='lat' dir='ltr'><strong>in</strong></span> <span class='ocrx_word' id='word_1_1076' title='bbox 3547 4728 3765 4782; x_wconf 84' lang='lat' dir='ltr'><strong>Christo</strong></span> 
     </span>
    </p>
   </div>
   <div class='ocr_carea' id='block_1_141' title="bbox 2190 4796 3763 4872">
    <p class='ocr_par' dir='ltr' id='par_1_141' title="bbox 2190 4796 3763 4872">
     <span class='ocr_line' id='line_1_141' title="bbox 2190 4796 3763 4872; baseline -0.001 -20"><span class='ocrx_word' id='word_1_1077' title='bbox 2190 4799 2446 4872; x_wconf 77' lang='lat' dir='ltr'><strong>mundum</strong></span> <span class='ocrx_word' id='word_1_1078' title='bbox 2480 4796 2581 4849; x_wconf 87' lang='lat' dir='ltr'><strong>sibi</strong></span> <span class='ocrx_word' id='word_1_1079' title='bbox 2616 4802 2986 4872; x_wconf 83' lang='lat' dir='ltr'><strong>reconcilians.</strong></span> <span class='ocrx_word' id='word_1_1080' title='bbox 3014 4802 3080 4855; x_wconf 85' lang='lat' dir='ltr'><strong>Et</strong></span> <span class='ocrx_word' id='word_1_1081' title='bbox 3104 4805 3326 4872; x_wconf 85' lang='lat' dir='ltr'><strong>exponit</strong></span> <span class='ocrx_word' id='word_1_1082' title='bbox 3344 4819 3463 4871; x_wconf 66' lang='lat' dir='ltr'><strong>quin</strong></span> <span class='ocrx_word' id='word_1_1083' title='bbox 3492 4799 3601 4854; x_wconf 84' lang='lat' dir='ltr'><strong>sint</strong></span> <span class='ocrx_word' id='word_1_1084' title='bbox 3624 4799 3763 4853; x_wconf 79' lang='lat' dir='ltr'><strong>boita</strong></span> 
     </span>
    </p>
   </div>
   <div class='ocr_carea' id='block_1_142' title="bbox 2187 4869 3766 4945">
    <p class='ocr_par' dir='ltr' id='par_1_142' title="bbox 2187 4869 3766 4945">
     <span class='ocr_line' id='line_1_142' title="bbox 2187 4869 3766 4945; baseline -0.003 -21"><span class='ocrx_word' id='word_1_1085' title='bbox 2187 4869 2332 4945; x_wconf 85' lang='lat' dir='ltr'><strong>illius</strong></span> <span class='ocrx_word' id='word_1_1086' title='bbox 2353 4869 2565 4930; x_wconf 83' lang='lat' dir='ltr'><strong>domus,</strong></span> <span class='ocrx_word' id='word_1_1087' title='bbox 2596 4870 2819 4945; x_wconf 75' lang='lat' dir='ltr'><strong>scilicet,</strong></span> <span class='ocrx_word' id='word_1_1088' title='bbox 2848 4876 3105 4945; x_wconf 84' lang='lat' dir='ltr'><strong>sanctitas</strong></span> <span class='ocrx_word' id='word_1_1089' title='bbox 3134 4869 3191 4926; x_wconf 75' lang='lat' dir='ltr'><strong>et</strong></span> <span class='ocrx_word' id='word_1_1090' title='bbox 3212 4869 3610 4945; x_wconf 59' lang='lat' dir='ltr'><strong>aquius,_quia</strong></span> <span class='ocrx_word' id='word_1_1091' title='bbox 3641 4879 3766 4921; x_wconf 60' lang='lat' dir='ltr'><strong>tem-</strong></span> 
     </span>
    </p>
   </div>
   <div class='ocr_carea' id='block_1_143' title="bbox 2190 4937 3766 5009">
    <p class='ocr_par' dir='ltr' id='par_1_143' title="bbox 2190 4937 3766 5009">
     <span class='ocr_line' id='line_1_143' title="bbox 2190 4937 3766 5009; baseline 0.001 -16"><span class='ocrx_word' id='word_1_1092' title='bbox 2190 4943 2333 5009; x_wconf 80' lang='lat' dir='ltr'><strong>plant</strong></span> <span class='ocrx_word' id='word_1_1093' title='bbox 2358 4937 2610 5009; x_wconf 64' lang='lat' dir='ltr'><strong>munitiet</strong></span> <span class='ocrx_word' id='word_1_1094' title='bbox 2633 4952 2924 5008; x_wconf 82' lang='lat' dir='ltr'><strong>supernum</strong></span> <span class='ocrx_word' id='word_1_1095' title='bbox 2949 4937 3328 5009; x_wconf 78' lang='lat' dir='ltr'><strong>habitaculum,</strong></span> <span class='ocrx_word' id='word_1_1096' title='bbox 3355 4947 3435 4998; x_wconf 88' lang='lat' dir='ltr'><strong>vel</strong></span> <span class='ocrx_word' id='word_1_1097' title='bbox 3464 4940 3593 4993; x_wconf 91' lang='lat' dir='ltr'><strong>illud</strong></span> <span class='ocrx_word' id='word_1_1098' title='bbox 3628 4950 3766 4994; x_wconf 87' lang='lat' dir='ltr'><strong>tem-</strong></span> 
     </span>
    </p>
   </div>
   <div class='ocr_carea' id='block_1_144' title="bbox 2189 5006 3769 5085">
    <p class='ocr_par' dir='ltr' id='par_1_144' title="bbox 2189 5006 3769 5085">
     <span class='ocr_line' id='line_1_144' title="bbox 2189 5006 3769 5085; baseline -0.001 -21"><span class='ocrx_word' id='word_1_1099' title='bbox 2189 5006 2356 5081; x_wconf 79' lang='lat' dir='ltr'><strong>plum,</strong></span> <span class='ocrx_word' id='word_1_1100' title='bbox 2378 5006 2520 5085; x_wconf 78' lang='lat' dir='ltr'><strong>quod</strong></span> <span class='ocrx_word' id='word_1_1101' title='bbox 2541 5009 2606 5060; x_wconf 87' lang='lat' dir='ltr'><strong>de</strong></span> <span class='ocrx_word' id='word_1_1102' title='bbox 2622 5024 2683 5063; x_wconf 88' lang='lat' dir='ltr'><strong>se</strong></span> <span class='ocrx_word' id='word_1_1103' title='bbox 2701 5006 2837 5065; x_wconf 79' lang='lat' dir='ltr'><strong>dixit</strong></span> <span class='ocrx_word' id='word_1_1104' title='bbox 2859 5013 3088 5069; x_wconf 79' lang='lat' dir='ltr'><strong>:Solvite</strong></span> <span class='ocrx_word' id='word_1_1105' title='bbox 3110 5006 3353 5085; x_wconf 76' lang='lat' dir='ltr'><strong>temptant</strong></span> <span class='ocrx_word' id='word_1_1106' title='bbox 3376 5014 3491 5074; x_wconf 82' lang='lat' dir='ltr'><strong>hoc.</strong></span> <span class='ocrx_word' id='word_1_1107' title='bbox 3519 5018 3655 5085; x_wconf 49' lang='lat' dir='ltr'><strong>etc&quot;</strong></span> <span class='ocrx_word' id='word_1_1108' title='bbox 3683 5018 3769 5063; x_wconf 77' lang='lat' dir='ltr'><strong>est</strong></span> 
     </span>
    </p>
   </div>
   <div class='ocr_carea' id='block_1_145' title="bbox 2187 5078 3764 5161">
    <p class='ocr_par' dir='ltr' id='par_1_145' title="bbox 2187 5078 3764 5161">
     <span class='ocr_line' id='line_1_145' title="bbox 2187 5078 3764 5161; baseline -0.001 -26"><span class='ocrx_word' id='word_1_1109' title='bbox 2187 5078 2442 5161; x_wconf 65' lang='lat' dir='ltr'><strong>sanctum,</strong></span> <span class='ocrx_word' id='word_1_1110' title='bbox 2461 5078 2510 5131; x_wconf 86' lang='lat' dir='ltr'><strong>id</strong></span> <span class='ocrx_word' id='word_1_1111' title='bbox 2535 5088 2636 5157; x_wconf 78' lang='lat' dir='ltr'><strong>est,</strong></span> <span class='ocrx_word' id='word_1_1112' title='bbox 2663 5087 2945 5139; x_wconf 89' lang='lat' dir='ltr'><strong>sanctitate</strong></span> <span class='ocrx_word' id='word_1_1113' title='bbox 2967 5078 3283 5161; x_wconf 63' lang='lat' dir='ltr'><strong>plenum,&#39;et</strong></span> <span class='ocrx_word' id='word_1_1114' title='bbox 3304 5097 3396 5161; x_wconf 68' lang='lat' dir='ltr'><strong>est</strong></span> <span class='ocrx_word' id='word_1_1115' title='bbox 3408 5080 3639 5161; x_wconf 67' lang='lat' dir='ltr'><strong>intrabile</strong></span> <span class='ocrx_word' id='word_1_1116' title='bbox 3659 5096 3764 5134; x_wconf 87' lang='lat' dir='ltr'><strong>non</strong></span> 
     </span>
    </p>
   </div>
   <div class='ocr_carea' id='block_1_146' title="bbox 2188 5153 3766 5221">
    <p class='ocr_par' dir='ltr' id='par_1_146' title="bbox 2188 5153 3766 5221">
     <span class='ocr_line' id='line_1_146' title="bbox 2188 5153 3766 5221; baseline -0.006 -7"><span class='ocrx_word' id='word_1_1117' title='bbox 2188 5153 2241 5207; x_wconf 83' lang='lat' dir='ltr'><strong>in</strong></span> <span class='ocrx_word' id='word_1_1118' title='bbox 2263 5166 2417 5214; x_wconf 68' lang='grc' dir='ltr'><strong>ωπον</strong></span> <span class='ocrx_word' id='word_1_1119' title='bbox 2442 5163 2546 5202; x_wconf 74' lang='lat' dir='ltr'><strong>lI00</strong></span> <span class='ocrx_word' id='word_1_1120' title='bbox 2576 5153 2627 5201; x_wconf 74' lang='lat' dir='ltr'><strong>in</strong></span> <span class='ocrx_word' id='word_1_1121' title='bbox 2657 5163 2881 5221; x_wconf 78' lang='lat' dir='ltr'><strong>argento</strong></span> <span class='ocrx_word' id='word_1_1122' title='bbox 2908 5153 2980 5209; x_wconf 35' lang='lat' dir='ltr'><strong>et’</strong></span> <span class='ocrx_word' id='word_1_1123' title='bbox 2998 5155 3284 5221; x_wconf 89' lang='lat' dir='ltr'><strong>similibus,</strong></span> <span class='ocrx_word' id='word_1_1124' title='bbox 3305 5155 3400 5211; x_wconf 88' lang='lat' dir='ltr'><strong>sed</strong></span> <span class='ocrx_word' id='word_1_1125' title='bbox 3426 5156 3479 5208; x_wconf 85' lang='lat' dir='ltr'><strong>in</strong></span> <span class='ocrx_word' id='word_1_1126' title='bbox 3499 5153 3766 5220; x_wconf 66' lang='lat' dir='ltr'><strong>(equitate;</strong></span> 
     </span>
    </p>
   </div>
   <div class='ocr_carea' id='block_1_147' title="bbox 2188 5222 3766 5297">
    <p class='ocr_par' dir='ltr' id='par_1_147' title="bbox 2188 5222 3766 5297">
     <span class='ocr_line' id='line_1_147' title="bbox 2188 5222 3766 5297; baseline -0.001 -21"><span class='ocrx_word' id='word_1_1127' title='bbox 2188 5234 2245 5297; x_wconf 80' lang='lat' dir='ltr'><strong>et</strong></span> <span class='ocrx_word' id='word_1_1128' title='bbox 2276 5222 2788 5297; x_wconf 55' lang='lat' dir='ltr'><strong>pertittetsauctnas</strong></span> <span class='ocrx_word' id='word_1_1129' title='bbox 2816 5226 2881 5278; x_wconf 92' lang='lat' dir='ltr'><strong>ad</strong></span> <span class='ocrx_word' id='word_1_1130' title='bbox 2906 5225 3245 5296; x_wconf 86' lang='lat' dir='ltr'><strong>religionem,</strong></span> <span class='ocrx_word' id='word_1_1131' title='bbox 3270 5226 3496 5297; x_wconf 64' lang='lat' dir='ltr'><strong>aquilas</strong></span> <span class='ocrx_word' id='word_1_1132' title='bbox 3523 5236 3653 5276; x_wconf 85' lang='lat' dir='ltr'><strong>vero</strong></span> <span class='ocrx_word' id='word_1_1133' title='bbox 3696 5226 3766 5297; x_wconf 74' lang='lat' dir='ltr'><strong>ad</strong></span> 
     </span>
    </p>
   </div>
   <div class='ocr_carea' id='block_1_148' title="bbox 2183 5288 3764 5366">
    <p class='ocr_par' dir='ltr' id='par_1_148' title="bbox 2183 5288 3764 5366">
     <span class='ocr_line' id='line_1_148' title="bbox 2183 5288 3764 5366; baseline 0.004 -20"><span class='ocrx_word' id='word_1_1134' title='bbox 2183 5288 2465 5366; x_wconf 54' lang='lat' dir='ltr'><strong>justitiam.</strong></span> <span class='ocrx_word' id='word_1_1135' title='bbox 2502 5288 2707 5366; x_wconf 45' lang='grc' dir='ltr'>Ειοηι-ιιιιί</span> <span class='ocrx_word' id='word_1_1136' title='bbox 2728 5310 2843 5360; x_wconf 89' lang='lat' dir='ltr'><strong>nos,</strong></span> <span class='ocrx_word' id='word_1_1137' title='bbox 2890 5288 3039 5366; x_wconf 68' lang='lat' dir='ltr'><strong>quasi</strong></span> <span class='ocrx_word' id='word_1_1138' title='bbox 3066 5299 3209 5352; x_wconf 88' lang='lat' dir='ltr'><strong>dicat</strong></span> <span class='ocrx_word' id='word_1_1139' title='bbox 3231 5288 3251 5350; x_wconf 70' lang='grc' dir='ltr'><strong>’ς</strong></span> <span class='ocrx_word' id='word_1_1140' title='bbox 3285 5288 3351 5351; x_wconf 73' lang='lat' dir='ltr'><strong>Et</strong></span> <span class='ocrx_word' id='word_1_1141' title='bbox 3369 5307 3454 5352; x_wconf 89' lang='lat' dir='ltr'><strong>est</strong></span> <span class='ocrx_word' id='word_1_1142' title='bbox 3480 5294 3764 5351; x_wconf 73' lang='lat' dir='ltr'><strong>conversio</strong></span> 
     </span>
    </p>
   </div>
   <div class='ocr_carea' id='block_1_149' title="bbox 2187 5361 3763 5439">
    <p class='ocr_par' dir='ltr' id='par_1_149' title="bbox 2187 5361 3763 5439">
     <span class='ocr_line' id='line_1_149' title="bbox 2187 5361 3763 5439; baseline -0.002 -22"><span class='ocrx_word' id='word_1_1143' title='bbox 2187 5361 2253 5439; x_wconf 76' lang='lat' dir='ltr'><strong>ad</strong></span> <span class='ocrx_word' id='word_1_1144' title='bbox 2284 5363 2577 5439; x_wconf 68' lang='lat' dir='ltr'><strong>Christum.</strong></span> <span class='ocrx_word' id='word_1_1145' title='bbox 2606 5361 2670 5415; x_wconf 79' lang='lat' dir='ltr'><strong>Et</strong></span> <span class='ocrx_word' id='word_1_1146' title='bbox 2692 5375 2749 5418; x_wconf 92' lang='lat' dir='ltr'><strong>ut</strong></span> <span class='ocrx_word' id='word_1_1147' title='bbox 2769 5361 3090 5439; x_wconf 74' lang='lat' dir='ltr'><strong>repleatnur,</strong></span> <span class='ocrx_word' id='word_1_1148' title='bbox 3115 5369 3341 5439; x_wconf 86' lang='lat' dir='ltr'><strong>ideotu,</strong></span> <span class='ocrx_word' id='word_1_1149' title='bbox 3372 5366 3531 5425; x_wconf 84' lang='lat' dir='ltr'><strong>Deus.</strong></span> <span class='ocrx_word' id='word_1_1150' title='bbox 3563 5366 3763 5416; x_wconf 76' lang='lat' dir='ltr'><strong>saluta-</strong></span> 
     </span>
    </p>
   </div>
   <div class='ocr_carea' id='block_1_150' title="bbox 2186 5430 3774 5506">
    <p class='ocr_par' dir='ltr' id='par_1_150' title="bbox 2186 5430 3774 5506">
     <span class='ocr_line' id='line_1_150' title="bbox 2186 5430 3774 5506; baseline -0.001 -19"><span class='ocrx_word' id='word_1_1151' title='bbox 2186 5437 2260 5489; x_wconf 84' lang='lat' dir='ltr'><strong>ris</strong></span> <span class='ocrx_word' id='word_1_1152' title='bbox 2289 5430 2577 5506; x_wconf 34' lang='lat' dir='ltr'><strong>noster,_-id</strong></span> <span class='ocrx_word' id='word_1_1153' title='bbox 2607 5445 2723 5497; x_wconf 81' lang='lat' dir='ltr'><strong>est,</strong></span> <span class='ocrx_word' id='word_1_1154' title='bbox 2772 5430 2861 5505; x_wconf 83' lang='lat' dir='ltr'><strong>qui</strong></span> <span class='ocrx_word' id='word_1_1155' title='bbox 2900 5430 3125 5506; x_wconf 84' lang='lat' dir='ltr'><strong>teipsuin</strong></span> <span class='ocrx_word' id='word_1_1156' title='bbox 3155 5430 3347 5492; x_wconf 88' lang='lat' dir='ltr'><strong>dedisti</strong></span> <span class='ocrx_word' id='word_1_1157' title='bbox 3377 5447 3433 5490; x_wconf 92' lang='lat' dir='ltr'><strong>ut</strong></span> <span class='ocrx_word' id='word_1_1158' title='bbox 3463 5448 3560 5491; x_wconf 87' lang='lat' dir='ltr'><strong>nos</strong></span> <span class='ocrx_word' id='word_1_1159' title='bbox 3579 5439 3774 5506; x_wconf 26' lang='lat' dir='ltr'><strong>ASalva-</strong></span> 
     </span>
    </p>
   </div>
   <div class='ocr_carea' id='block_1_151' title="bbox 2190 5501 3770 5582">
    <p class='ocr_par' dir='ltr' id='par_1_151' title="bbox 2190 5501 3770 5582">
     <span class='ocr_line' id='line_1_151' title="bbox 2190 5501 3770 5582; baseline -0.003 -23"><span class='ocrx_word' id='word_1_1160' title='bbox 2190 5520 2298 5582; x_wconf 82' lang='lat' dir='ltr'><strong>res,</strong></span> <span class='ocrx_word' id='word_1_1161' title='bbox 2331 5501 2525 5582; x_wconf 78' lang='lat' dir='ltr'><strong>exaudi</strong></span> <span class='ocrx_word' id='word_1_1162' title='bbox 2557 5517 2677 5569; x_wconf 87' lang='lat' dir='ltr'><strong>nos,</strong></span> <span class='ocrx_word' id='word_1_1163' title='bbox 2707 5501 2946 5582; x_wconf 22' lang='grc' dir='ltr'><strong>ψίλα-ἰοί),</strong></span> <span class='ocrx_word' id='word_1_1164' title='bbox 2971 5501 3059 5577; x_wconf 75' lang='lat' dir='ltr'><strong>qui</strong></span> <span class='ocrx_word' id='word_1_1165' title='bbox 3082 5524 3140 5563; x_wconf 88' lang='lat' dir='ltr'><strong>es</strong></span> <span class='ocrx_word' id='word_1_1166' title='bbox 3166 5525 3279 5576; x_wconf 85' lang='lat' dir='ltr'><strong>spes</strong></span> <span class='ocrx_word' id='word_1_1167' title='bbox 3305 5510 3535 5562; x_wconf 77' lang='lat' dir='ltr'><strong>omnium</strong></span> <span class='ocrx_word' id='word_1_1168' title='bbox 3560 5504 3770 5582; x_wconf 59' lang='lat' dir='ltr'><strong>ﬁniunt,</strong></span> 
     </span>
    </p>
   </div>
   <div class='ocr_carea' id='block_1_152' title="bbox 2189 5574 3775 5648">
    <p class='ocr_par' dir='ltr' id='par_1_152' title="bbox 2189 5574 3775 5648">
     <span class='ocr_line' id='line_1_152' title="bbox 2189 5574 3775 5648; baseline -0.003 -19"><span class='ocrx_word' id='word_1_1169' title='bbox 2189 5578 2240 5629; x_wconf 90' lang='lat' dir='ltr'><strong>id</strong></span> <span class='ocrx_word' id='word_1_1170' title='bbox 2273 5588 2383 5638; x_wconf 86' lang='grc' dir='ltr'>εει,</span> <span class='ocrx_word' id='word_1_1171' title='bbox 2435 5574 2490 5628; x_wconf 90' lang='lat' dir='ltr'><strong>in</strong></span> <span class='ocrx_word' id='word_1_1172' title='bbox 2520 5586 2627 5641; x_wconf 87' lang='lat' dir='ltr'><strong>quo</strong></span> <span class='ocrx_word' id='word_1_1173' title='bbox 2657 5592 2749 5644; x_wconf 83' lang='lat' dir='ltr'><strong>per</strong></span> <span class='ocrx_word' id='word_1_1174' title='bbox 2780 5578 2940 5632; x_wconf 86' lang='lat' dir='ltr'><strong>tidem</strong></span> <span class='ocrx_word' id='word_1_1175' title='bbox 2984 5574 3207 5647; x_wconf 76' lang='lat' dir='ltr'><strong>sperant</strong></span> <span class='ocrx_word' id='word_1_1176' title='bbox 3251 5582 3404 5648; x_wconf 86' lang='lat' dir='ltr'><strong>positi</strong></span> <span class='ocrx_word' id='word_1_1177' title='bbox 3435 5583 3487 5632; x_wconf 91' lang='lat' dir='ltr'><strong>iu</strong></span> <span class='ocrx_word' id='word_1_1178' title='bbox 3516 5574 3775 5648; x_wconf 78' lang='lat' dir='ltr'><strong>omnibus</strong></span> 
     </span>
    </p>
   </div>
   <div class='ocr_carea' id='block_1_153' title="bbox 2194 5645 3780 5719">
    <p class='ocr_par' dir='ltr' id='par_1_153' title="bbox 2194 5645 3780 5719">
     <span class='ocr_line' id='line_1_153' title="bbox 2194 5645 3780 5719; baseline 0 -19"><span class='ocrx_word' id='word_1_1179' title='bbox 2194 5648 2391 5719; x_wconf 81' lang='lat' dir='ltr'><strong>ﬁnibus</strong></span> <span class='ocrx_word' id='word_1_1180' title='bbox 2422 5655 2623 5719; x_wconf 50' lang='lat' dir='ltr'><strong>terrm,</strong></span> <span class='ocrx_word' id='word_1_1181' title='bbox 2656 5657 2711 5701; x_wconf 89' lang='lat' dir='ltr'><strong>ct</strong></span> <span class='ocrx_word' id='word_1_1182' title='bbox 2745 5651 2788 5699; x_wconf 88' lang='lat' dir='ltr'><strong>si</strong></span> <span class='ocrx_word' id='word_1_1183' title='bbox 2818 5662 2922 5719; x_wconf 88' lang='lat' dir='ltr'><strong>non</strong></span> <span class='ocrx_word' id='word_1_1184' title='bbox 2954 5645 3149 5719; x_wconf 78' lang='lat' dir='ltr'><strong>ubique</strong></span> <span class='ocrx_word' id='word_1_1185' title='bbox 3178 5645 3395 5714; x_wconf 80' lang='lat' dir='ltr'><strong>omnes,</strong></span> <span class='ocrx_word' id='word_1_1186' title='bbox 3444 5661 3492 5703; x_wconf 91' lang='lat' dir='ltr'><strong>et</strong></span> <span class='ocrx_word' id='word_1_1187' title='bbox 3529 5645 3691 5718; x_wconf 72' lang='lat' dir='ltr'><strong>positi</strong></span> <span class='ocrx_word' id='word_1_1188' title='bbox 3723 5663 3780 5697; x_wconf 78' lang='lat' dir='ltr'><strong>tn</strong></span> 
     </span>
    </p>
   </div>
   <div class='ocr_carea' id='block_1_154' title="bbox 2192 5713 3780 5789">
    <p class='ocr_par' dir='ltr' id='par_1_154' title="bbox 2192 5713 3780 5789">
     <span class='ocr_line' id='line_1_154' title="bbox 2192 5713 3780 5789; baseline 0 -19"><span class='ocrx_word' id='word_1_1189' title='bbox 2192 5718 2345 5783; x_wconf 83' lang='lat' dir='ltr'><strong>mari,</strong></span> <span class='ocrx_word' id='word_1_1190' title='bbox 2380 5717 2431 5771; x_wconf 89' lang='lat' dir='ltr'><strong>id</strong></span> <span class='ocrx_word' id='word_1_1191' title='bbox 2456 5726 2558 5781; x_wconf 85' lang='grc' dir='ltr'>εει,</span> <span class='ocrx_word' id='word_1_1192' title='bbox 2592 5713 2643 5766; x_wconf 89' lang='lat' dir='ltr'><strong>in</strong></span> <span class='ocrx_word' id='word_1_1193' title='bbox 2690 5718 2877 5773; x_wconf 90' lang='lat' dir='ltr'><strong>insulis</strong></span> <span class='ocrx_word' id='word_1_1194' title='bbox 2908 5713 3077 5775; x_wconf 73' lang='lat' dir='ltr'><strong>maris</strong></span> <span class='ocrx_word' id='word_1_1195' title='bbox 3095 5713 3565 5789; x_wconf 74' lang='lat' dir='ltr'><strong>quantumcunque</strong></span> <span class='ocrx_word' id='word_1_1196' title='bbox 3601 5718 3780 5788; x_wconf 74' lang='lat' dir='ltr'><strong>longe.</strong></span> 
     </span>
    </p>
   </div>
   <div class='ocr_carea' id='block_1_155' title="bbox 2196 5789 3781 5861">
    <p class='ocr_par' dir='ltr' id='par_1_155' title="bbox 2196 5789 3781 5861">
     <span class='ocr_line' id='line_1_155' title="bbox 2196 5789 3781 5861; baseline -0.001 -16"><span class='ocrx_word' id='word_1_1197' title='bbox 2196 5789 2290 5845; x_wconf 74' lang='grc' dir='ltr'>νει</span> <span class='ocrx_word' id='word_1_1198' title='bbox 2316 5789 2471 5844; x_wconf 76' lang='lat' dir='ltr'><strong>aliter</strong></span> <span class='ocrx_word' id='word_1_1199' title='bbox 2501 5805 2513 5841; x_wconf 90' lang='lat'><strong>:</strong></span> <span class='ocrx_word' id='word_1_1200' title='bbox 2547 5792 2618 5846; x_wconf 85' lang='lat' dir='ltr'><strong>Es</strong></span> <span class='ocrx_word' id='word_1_1201' title='bbox 2662 5805 2778 5859; x_wconf 82' lang='lat' dir='ltr'><strong>spes</strong></span> <span class='ocrx_word' id='word_1_1202' title='bbox 2821 5792 3047 5846; x_wconf 84' lang='lat' dir='ltr'><strong>omnium</strong></span> <span class='ocrx_word' id='word_1_1203' title='bbox 3098 5792 3281 5861; x_wconf 76' lang='lat' dir='ltr'><strong>ﬁniunt</strong></span> <span class='ocrx_word' id='word_1_1204' title='bbox 3332 5800 3516 5859; x_wconf 69' lang='lat' dir='ltr'><strong>terim,</strong></span> <span class='ocrx_word' id='word_1_1205' title='bbox 3549 5792 3602 5845; x_wconf 82' lang='lat' dir='ltr'><strong>id</strong></span> <span class='ocrx_word' id='word_1_1206' title='bbox 3651 5799 3781 5858; x_wconf 77' lang='lat' dir='ltr'><strong>est,</strong></span> 
     </span>
    </p>
   </div>
  </div>
