4010 6190
315 323 425 382 817

1029 320 1093 376 IN
1133 320 1554 378 PSALMOItUM
1598 322 1850 379 LIBRUM
1895 323 2241 380 EXEGESIS.
2284 353 2351 366 -
2393 324 2636 379 PSALM.
2683 324 2860 380 LXIV.

3434 331 3535 383 8:8

303 434 545 493 omnium
571 432 783 505 illorum
806 432 1058 505 maxime.
1081 433 1168 498 qui
1193 448 1252 485 se
1276 433 1515 505 fecerunt
1536 433 1667 505 lines
1694 442 1872 505 terrae,
1907 436 1951 493 Α
1982 445 2190 500 terram,
2234 436 2283 490 id
2310 448 2412 498 est,
2444 437 2666 504 gentiles
2697 447 2850 491 terra:
2878 439 3219 505 ltilirerentes;
3248 454 3294 497 et
3324 445 3535 499 inebria-

305 515 361 561 ει
390 505 548 560 etiam
577 502 786 555 illorum
817 502 904 565 qui
930 514 1055 554 sunt
1080 505 1131 553 in
1160 504 1324 565 mari,
1355 503 1405 554 id
1432 512 1546 567 est,
1585 503 1669 571 qui
1700 501 1874 554 adhuc

307 575 516 630 luerent
543 573 772 633 mundo,
819 571 911 639 qui
955 571 1297 639 designantur
1336 586 1430 637 per
1458 585 1626 634 mare,
1675 580 1729 623 et
1758 571 1877 624 ideo

306 652 437 698 sunt
465 641 632 711 longe.
664 640 874 694 Nullum
914 641 1058 711 enim
1107 649 1216 692 tam
1258 654 1565 706 perversum
1596 653 1762 709 genus
1796 646 1878 693 est

304 708 593 773 malorum,
638 711 706 765 de
733 725 839 779 quo
880 708 1037 779 aliqui
1088 725 1192 762 non
1236 708 1630 772 convertantur,
1660 716 1719 763 ct-
1760 724 1878 763 cre-

305 785 499 836 dentes
528 790 769 847 sperent.

381 846 692 918 Prteparans
720 856 928 918 montes.
963 848 1121 913 Quasi
1153 848 1291 901 dicat
1322 866 1334 901 :
1368 848 1469 902 Per
1496 846 1638 917 quod
1664 860 1724 901 es
1754 861 1877 915 spes

303 917 544 975 omnium
577 918 821 973 illorum?
869 917 971 970 Per
1003 919 1133 981 hoc,
1181 918 1411 981 scilicet,
1447 921 1570 986 quia
1606 931 1875 984 prmparas

306 1001 539 1052 montes,
588 991 638 1042 id
669 998 773 1053 est,
821 987 943 1055 quia
973 1002 1127 1054 paras
1154 987 1664 1055 quosdammontes,
1713 1001 1876 1052 quos-

305 1064 431 1113 dam
485 1074 588 1124 pra:
622 1058 739 1111 aliis
772 1058 1058 1110 montibus.
1109 1056 1312 1109 Montes
1362 1065 1487 1110 sunt
1530 1056 1788 1109 sublimes
1820 1058 1873 1109 in

307 1130 561 1192 terrenis,
589 1143 722 1196 quos
751 1126 1004 1179 Dominus
1033 1134 1184 1196 parat
1211 1126 1416 1179 duabus
1438 1126 1504 1177 de
1528 1126 1721 1189 causis,
1776 1128 1879 1196 scf-

308 1201 435 1254 licet
458 1238 473 1260 .
526 1207 580 1251 ut
608 1194 719 1263 per
744 1212 868 1259 eos,
915 1196 997 1249 vel
1032 1194 1153 1248 boni
1198 1204 1573 1255 exerceantur,
1608 1195 1688 1248 vel
1721 1203 1777 1247 ut
1807 1195 1874 1248 ab

304 1272 389 1322 eis
433 1262 814 1322 sustententur.
873 1262 989 1317 Prze
1020 1264 1102 1318 bis
1145 1263 1417 1317 montibus
1466 1269 1670 1331 paravit
1710 1268 1872 1318 etiam

304 1341 565 1405 quosdam
595 1334 860 1403 digniores
886 1342 1116 1399 montes,
1173 1334 1323 1398 illos,
1353 1333 1575 1405 scilicet,
1628 1347 1760 1405 quos
1789 1334 1872 1388 sol

303 1403 487 1462 oriens
537 1406 683 1473 prius
705 1404 990 1458 illustravit
1012 1447 1025 1471 ,
1072 1412 1125 1456 et
1154 1417 1248 1470 per
1274 1417 1366 1473 eos
1396 1403 1445 1456 iu
1483 1403 1753 1457 convalles
1785 1417 1870 1457 re-

303 1478 482 1541 luxit,
536 1471 585 1529 id
614 1484 735 1541 est,
766 1474 1051 1539 apostolos,
1083 1488 1175 1538 per
1202 1474 1300 1526 hoc
1326 1471 1519 1526 factum
1550 1482 1650 1534 est,
1681 1482 1734 1524 ut
1758 1486 1872 1525 ont-

305 1563 406 1601 nes
436 1549 566 1601 tines
595 1555 750 1599 terra:
777 1544 830 1596 in
855 1558 919 1595 eo
964 1550 1261 1609 sperarent.
1321 1543 1383 1596 Et
1420 1542 1541 1596 inde
1566 1543 1692 1595 dicit
1737 1558 1873 1607 prae-

303 1634 496 1686 parans
533 1625 722 1686 montes
751 1614 806 1665 in
831 1613 1011 1666 virtute
1051 1621 1180 1686 tua,
1200 1626 1302 1665 non
1332 1612 1383 1686 in
1414 1628 1505 1664 sua
1525 1611 1866 1686 inﬁrmitate.

305 1681 387 1741 Ex
420 1698 469 1739 te
489 1686 631 1740 enim
656 1683 838 1747 fortes,
871 1696 936 1736 ex
966 1696 1023 1735 se
1048 1681 1268 1747 debiles,
1302 1682 1368 1733 ad
1398 1684 1535 1749 quod
1570 1682 1867 1735 faciendum

304 1767 497 1826 potens
527 1753 696 1826 luisti,
726 1755 844 1821 quia
873 1752 1126 1826 accinctus
1152 1766 1210 1805 es
1231 1754 1477 1826 potentia.
1503 1752 1652 1826 Alius
1678 1761 1758 1804 est
1779 1752 1868 1817 qui

210 1862 217 1865 -
304 1821 554 1893 cingitur,
586 1824 721 1877 alius
757 1836 787 1875 a
816 1837 921 1889 quo
949 1824 1196 1893 cingitur.
1223 1890 1232 1893 Α
1260 1821 1333 1893 lla
1362 1830 1417 1875 et
1466 1822 1563 1893 hic
1582 1825 1740 1874 homo
1770 1835 1864 1873 ac-

303 1890 561 1962 cingitur,
584 1901 639 1948 et
663 1908 692 1946 a
726 1895 957 1959 petentia
983 1892 1180 1962 divina,
1222 1890 1272 1943 id
1320 1901 1422 1952 est.
1447 1907 1496 1962 _a
1526 1890 1722 1962 Verbo,
1742 1906 1863 1955 per-

306 1959 566 2018 sonaliter
588 1962 687 2016 sibi
730 1963 913 2027 junrto
935 1961 1225 2031 accingitur
1253 1976 1269 2025 ;
1302 1969 1376 2022 tu,
1420 1960 1588 2031 diro,
1636 1959 1727 2027 qui
1775 1976 1868 2031 per

306 2034 408 2087 hos
431 2043 637 2087 montes
664 2031 933 2084 canturbas
958 2029 1266 2097 profundum
1298 2030 1453 2082 maris
1474 2070 1491 2098 ,
1520 2031 1568 2083 id
1597 2042 1699 2093 est,
1730 2029 1867 2083 adeo

304 2104 559 2173 graviter,
592 2100 735 2169 quod
768 2104 927 2154 etiam
951 2102 1017 2153 ab
1059 2106 1173 2167 ipso
1205 2100 1363 2153 fundo
1394 2113 1730 2173 commoveas
1754 2115 1866 2173 ma-

306 2170 390 2227 re.
467 2173 609 2227 Mare
668 2179 822 2224 vocat
881 2183 1119 2224 terrenos
1167 2180 1221 2223 et
1273 2172 1557 2223 Saeculares
1626 2170 1869 2224 homines

308 2257 523 2297 amaros
573 2242 851 2303 vanitate,
925 2240 1259 2293 turbulentos
1321 2240 1610 2306 procellis,
1694 2240 1870 2307 pravis

305 2321 364 2366 et
405 2314 665 2382 perversis
700 2309 1076 2382 cupiditatibus
1117 2326 1175 2363 se
1205 2309 1440 2363 invicem
1466 2321 1522 2363 ut
1563 2310 1734 2377 pisces
1772 2311 1867 2382 de-

306 2379 595 2442 voraittes;
650 2380 966 2448 profundum
1012 2394 1138 2432 vero
1161 2389 1239 2432 est
1286 2394 1377 2432 cor
1403 2394 1609 2444 eorum,
1641 2391 1691 2433 et
1719 2379 1869 2445 quid-

306 2454 436 2520 quid
485 2455 551 2505 ab
597 2451 783 2505 intimo
820 2450 1195 2510 conturbatur,
1237 2453 1464 2520 gravius
1502 2452 1868 2503 conturbatur.

305 2519 399 2577 Sic
427 2532 479 2576 et
509 2524 759 2575 Dominus
788 2521 1213 2587 prmconantibus
1242 2519 1499 2585 apostolis
1529 2520 1871 2572 c0nturbavit

307 2603 549 2645 terrenos
579 2593 647 2645 de
674 2592 943 2660 gentibus,
976 2594 1107 2642 adeo
1138 2600 1193 2641 ut
1213 2602 1306 2642 cur
1333 2605 1516 2642 eorum
1552 2605 1580 2642 a
1611 2604 1717 2656 quo
1751 2604 1871 2656 pru-

303 2664 469 2716 cessit
495 2665 666 2715 omnis
714 2663 1009 2727 persecutio
1037 2660 1125 2711 illa
1145 2698 1159 2720 ,
1199 2674 1358 2727 quam
1385 2660 1564 2728 lingua
1594 2660 1677 2711 vel
1709 2672 1868 2711 manu

305 2741 661 2785 exercuerunt
683 2733 733 2783 in
766 2739 1002 2791 sanctos,
1032 2730 1101 2782 ita
1128 2739 1456 2793 concuteret,
1480 2728 1871 2794 exinaniretur,

304 2815 415 2870 quo
446 2804 658 2869 plenum
690 2808 841 2865 erat,
893 2799 942 2853 id
969 2808 1071 2863 est,
1124 2797 1431 2870 iniquitate,
1486 2808 1539 2870 et
1564 2799 1874 2870 impleretur

345 2886 415 2924 uo
441 2868 660 2925 vacuum
692 2879 825 2936 erat,
867 2871 915 2921 id
947 2880 1066 2931 est,
1100 2869 1367 2935 aequitate.
1405 2870 1469 2922 Et
1497 2869 1597 2922 hoc
1625 2877 1705 2921 est
1733 2868 1873 2934 quod

345 2886 415 2924 uo
441 2886 660 2925 vacuum
692 2886 825 2936 erat,
867 2886 915 2921 tu
947 2886 1028 2923 εει
1051 2908 1066 2931 ,
1100 2886 1367 2935 ωαυιωιθ.
1405 2886 1469 2922 nt
1497 2886 1597 2922 noc
1625 2886 1705 2921 εει
1733 2886 1873 2934 quou

303 2886 434 2994 aicit
462 2958 477 2994 :
506 2942 604 3005 Qui
629 2940 897 2993 conturbas
930 2939 1242 3007 profundunt
1273 2940 1447 3003 maris,
1472 2948 1524 2991 et
1554 2939 1876 2991 conturban-

304 3010 377 3065 do
410 3011 533 3064 illud
560 3050 577 3077 ,
624 3009 991 3063 conturbando
1019 3014 1181 3061 etiam
1222 3008 1444 3061 sonitum
1490 3010 1768 3077 ﬂuctuum,
1825 3007 1873 3061 id

306 3090 411 3145 est,
442 3076 694 3136 sonantes
722 3079 911 3131 ﬂuctus
950 3081 1060 3146 eius
1092 3078 1252 3130 maris
1278 3117 1294 3142 ,
1356 3078 1456 3132 hoc
1484 3076 1564 3131 est
1594 3076 1724 3130 facis
1759 3090 1875 3130 ces-

305 3126 428 3204 sare
456 3126 693 3203 validas"
736 3159 784 3203 et
847 3126 1109 3201 mina’ntes
1150 3126 1334 3202 eoruin
1399 3146 1869 3201 contradictiones.
1902 3126 1948 3188 C

305 3222 586 3283 Quomodo
617 3223 717 3273 tioc
764 3217 935 3271 facis?
991 3234 1083 3285 per
1115 3219 1217 3269 hoc
1262 3217 1508 3280 scilicet,
1557 3218 1675 3284 quia
1707 3227 1877 3285 gentes

310 3291 746 3357 praecatlantibus
790 3288 1049 3355 apOstolis
1079 3286 1417 3339 turbabuntur
1449 3288 1595 3354 prius
1629 3300 1877 3357 perpac-

305 3354 548 3413 catorum
596 3354 973 3413 conscientiam
999 3396 1015 3421 ,
1049 3366 1102 3411 et
1130 3357 1323 3410 deinde
1354 3359 1596 3409 timebunt
1616 3394 1633 3421 ,
1684 3354 1734 3407 id
1759 3364 1876 3421 est,

303 3430 465 3484 valde
493 3430 876 3497 obstupescent
919 3430 1078 3481 etiam
1110 3426 1188 3480 illi
1227 3429 1311 3494 qui
1358 3426 1588 3479 habitant
1619 3425 1875 3497 terminos,

304 3499 361 3553 id
389 3509 492 3562 est,
542 3493 675 3551 lines
706 3506 883 3560 terras,
918 3498 1000 3550 vel
1032 3498 1120 3565 qui
1164 3493 1507 3549 inlinbitando
1535 3511 1594 3549 so
1624 3494 1770 3562 ἰρεηε
1801 3493 1879 3547 fa-

306 3570 459 3623 ciunt
485 3571 619 3623 lines
648 3579 805 3622 terrae
834 3582 867 3618 a
896 3566 1054 3636 signis
1077 3605 1091 3629 ,
1126 3567 1174 3619 id
1203 3576 1323 3629 est,
1385 3578 1596 3631 propter
1623 3565 1874 3636 miracula

305 3640 446 3693 visa.
493 3639 670 3707 Signis
710 3639 828 3691 dico
867 3635 999 3699 tuis,
1052 3637 1101 3689 id
1131 3646 1247 3701 est,
1300 3649 1330 3687 a
1376 3646 1426 3689 te
1458 3638 1647 3699 tactis,
1682 3649 1783 3687 non
1811 3635 1878 3689 ab

303 3708 449 3762 aliis.
498 3708 653 3763 Juxta
678 3707 804 3762 illud
839 3723 850 3758 :
886 3708 1102 3759 Itontino
1145 3713 1463 3775 conperaitte,
1509 3714 1557 3757 et
1600 3720 1879 3775 sermonem

304 3780 641 3844 conﬁrmante
670 3776 984 3845 sequentibus
1013 3777 1190 3845 signis.
1239 3773 1305 3829 Et
1341 3777 1439 3827 boc
1471 3778 1628 3827 modo
1657 3773 1877 3827 delecta-

307 3849 451 3914 bilis,
493 3849 543 3901 id
574 3857 679 3911 est,
711 3844 1075 3910 delectabiles,
1106 3862 1208 3899 nun
1244 3847 1559 3909 laboriosos,
1608 3844 1768 3898 facies
1799 3845 1878 3899 eis

304 3919 475 3971 exitus
501 3918 771 3980 matutini;
801 3926 855 3970 et
883 3917 1058 3969 exitus
1087 3916 1300 3981 vesperi,
1330 3915 1380 3967 id
1410 3923 1508 3979 est,
1540 3923 1878 3977 contemptus

305 3990 594 4041 mundana:
643 3987 1014 4055 prosperitatis
1058 3995 1112 4039 et
1153 3984 1507 4055 adversitatis.
1556 3983 1630 4055 ,Ut
1670 3983 1714 4036 si
1744 3982 1878 4055 forte

304 4058 506 4126 aliquis
554 4054 742 4126 potens
770 4057 955 4109 volens
997 4064 1049 4109 te
1074 4057 1142 4126 ad
1165 4054 1478 4121 iniustitiam
1519 4054 1748 4126 aliquam
1773 4054 1875 4126 imi-

306 4124 513 4196 pellere
535 4124 793 4195 ,‘aliquod
827 4136 1100 4179 terrenum
1136 4125 1340 4196 lucrum
1382 4138 1629 4196 magnum
1650 4124 1765 4196 tibi
1797 4125 1877 4177 ol—

306 4192 450 4261 fert,
506 4196 599 4249 sed
632 4192 687 4249 tu
714 4211 745 4250 e
774 4204 960 4249 contra
1008 4193 1223 4248 attende
1276 4193 1556 4247 Dominum
1612 4192 1873 4249 dicentem

307 4268 438 4321 tibi:
464 4267 630 4331 Quam
646 4264 1087 4318 commutationem
1110 4265 1248 4317 dabit
1265 4265 1414 4317 homo
1436 4280 1530 4332 pro
1549 4264 1719 4316 anima
1741 4266 1876 4318 sua?

304 4347 403 4389 aut
441 4342 561 4405 quia
587 4339 790 4405 prodest
835 4335 1029 4387 homini
1075 4335 1120 4387 si
1148 4343 1307 4387 totum
1354 4336 1602 4405 mundum
1632 4338 1873 4405 lucretur,

305 4404 501 4459 animis
552 4404 668 4457 vero
715 4408 1069 4457 detrimentum
1119 4406 1386 4472 patiatur?
1425 4404 1488 4457 Et
1541 4404 1666 4456 item
1720 4404 1875 4472 :Ego

1980 506 2043 578 sti
2095 522 2248 569 eam,
2283 507 2331 578 id
2376 515 2484 578 est,
2533 509 2833 578 compluisli
2885 524 3002 563 eam
3057 513 3220 566 verbo
3262 514 3535 578 doctrinm,

1976 575 2114 644 adeo
2169 575 2313 641 quod
2375 575 2647 629 iucbriasti
2706 592 2821 631 eam
2881 580 3134 644 prmelaro
3198 583 3366 637 calice
3426 575 3534 638 tuo.

1980 642 2225 719 Ebrietas
2250 644 2374 719 fetis
2403 684 2417 706 ,
2465 646 2685 699 satietas
2728 642 2979 719 salutaris
3006 689 3020 709 .
3071 665 3189 717 quae
3217 661 3412 719 quanto
3442 670 3537 706 co-

1979 712 2177 787 piosius
2224 715 2712 787 sumitur,_tanto‘
2743 718 2908 787 magis
2954 712 3293 773 sobrietate-in
3345 725 3535 775 mentis

1976 780 2179 837 donare
2210 783 2475 857 dignatur.
2511 784 2576 857 Et
2608 780 2957 857 ntultiplicusti
2985 789 3291 857 locupletare
3312 809 3445 855 eam,
3487 794 3536 844 id

1977 860 2094 915 est,
2146 854 2588 923 multipliciterin
2636 853 2997 919 Spiritualibus
3032 853 3184 911 donis
3210 853 3535 923 locupletasti

1975 935 2126 995 eam,
2187 923 2307 995 quia
2366 922 2453 974 alii
2501 922 2754 995 data__est
2814 927 3028 978 scientia
3073 927 3403 995 linguarum,
3451 930 3539 983 alii

1974 991 2142 1061 gratia
2177 992 2480 1056 sanitatum,
2505 994 2589 1044 alii
2621 992 2869 1045 discretio
2889 991 3186 1061 spirituum,
3220 1007 3321 1050 etc.

2046 1057 2263 1130 Flumen
2299 1060 2389 1113 Dei
2425 1062 2671 1128 repletum
2712 1071 2785 1114 est
2814 1057 2980 1129 aquis.
3022 1057 3182 1130 Quasi
3223 1064 3402 1120 dicat:
3442 1067 3538 1121 Per

1975 1129 2117 1202 quod
2150 1130 2419 1202 inebriasti
2447 1171 2461 1194 ,
2504 1145 2608 1202 per
2649 1131 2788 1200 quod
2832 1148 2948 1184 eam
3004 1129 3380 1202 locupletasti?
3437 1137 3536 1190 Per

1974 1195 2168 1273 flumen
2210 1199 2451 1273 scilicet,
2502 1200 2552 1252 id
2580 1195 2702 1259 est'.
2761 1217 2853 1273 per
2894 1195 3139 1273 priorem.
3181 1206 3427 1273 populum
3472 1208 3538 1259 dc

1974 1266 2172 1321 Judaeis
2219 1270 2513 1333 credulum,
2559 1284 2584 1318 a
2618 1284 2723 1335 quo
2756 1266 2907 1323 velut
2941 1288 2967 1324 a
3002 1266 3216 1326 ﬂumine
3252 1266 3352 1329 rivi
3407 1279 3536 1329 doc-

1977 1336 2129 1390 trinae
2180 1338 2232 1414 :In
2258 1338 2411 1414 “alios
2443 1338 2825 1414 perduxerunt.
2863 1340 3026 1414 Quod
3068 1344 3253 1414 ﬂumen
3293 1345 3539 1414 repletum

1972 1416 2045 1479 est
2072 1409 2217 1476 aquis
2250 1407 2342 1479 Dii
2368 1450 2395 1479 ,ν
2426 1424 2527 1460 non
2554 1408 2997 1473 demergentibus,
3024 1407 3116 1465 sed
3150 1407 3535 1479 reficientibns,

1975 1475 2024 1526 id
2065 1475 2181 1537 ρει,
2233 1478 2489 1530 doetriuis
2537 1479 2899 1542 Spiritualibus
2942 1497 2969 1533 a
3013 1481 3121 1535 Deo
3170 1483 3327 1539 Patre
3375 1475 3537 1536 datis.

1973 1543 2079 1598 Sed
2124 1548 2254 1617 licet
2306 1564 2397 1613 per
2446 1546 2639 1600 flumen
2696 1550 2865 1601 dicam
2927 1553 3027 1605 lioc
3073 1552 3265 1605 factum
3293 1592 3317 1617 ,,
3364 1563 3539 1607 tamen

1973 1629 2080 1667 non
2114 1615 2332 1678 ﬂumen,
2366 1618 2458 1671 sed
2488 1625 2539 1670 tu
2568 1619 2760 1683 parasti
2788 1620 2975 1683 cibum,
3008 1621 3055 1672 id
3080 1631 3180 1681 est.
3213 1615 3538 1677 reli'cientem

1979 1683 2279 1757 doctrinam
2306 1686 2539 1757 illorum,
2572 1688 2657 1751 qui
2691 1702 2783 1753 per
2812 1697 3016 1743 terram
3038 1689 3395 1757 designantur.
3422 1693 3497 1745 Tu
3522 1733 3539 1756 ,

1902 1774 1947 1833 Β
1974 1753 2116 1819 dico,
2150 1755 2368 1838 parasti,
2395 1756 2636 1838 quoniam
2668 1760 2973 1838 praeparatio
2999 1761 3108 1838 ejus
3139 1753 3209 1812 est
3231 1761 3325 1828 ita,
3354 1762 3403 1814 id
3433 1753 3539 1826 est,

1975 1838 2067 1889 per
2096 1834 2146 1877 te
2188 1826 2358 1898 solum
2393 1826 2485 1889 fit,
2546 1824 2668 1893 quia
2697 1826 2753 1898 fit
2784 1842 2872 1893 per
2903 1824 3124 1897 gratiam
3168 1824 3325 1898 quam
3374 1824 3532 1886 nemo

1970 1901 2149 1960 potest
2176 1892 2323 1957 dare,
2361 1892 2633 1962 prieter'te
2659 1892 2850 1949 solum.

2044 1962 2197 2036 Ripos
2229 1965 2340 2033 ejus
2384 1964 2596 2017 inrbria.
2638 1964 2797 2036 Quasi
2826 1964 2968 2021 dicat
3007 1982 3021 2019 :
3058 1967 3213 2021 Bonis
3242 1968 3539 2036 principiis,

1971 2031 2216 2097 Dmnine,
2250 2031 2436 2103 ’bonos
2465 2036 2638 2088 exitus
2663 2034 2860 2103 junge,
2916 2037 3158 2102 scilicet,
3188 2031 3379 2091 inebria
3408 2031 3541 2091 rivos

1969 2103 2082 2170 ejus
2114 2112 2289 2156 terrae.
2341 2102 2456 2175 Rivi
2485 2105 2697 2172 proprie
2725 2106 2856 2159 sulci
2900 2117 3022 2160 sunt
3052 2104 3103 2159 in
3137 2118 3275 2160 terra
3298 2147 3314 2172 ,
3348 2108 3541 2175 quibus

1971 2186 2109 2246 aqua
2138 2182 2355 2246 ιυῃηειι.Δ
2397 2172 2721 2246 lliciautem
2745 2191 2836 2241 per
2866 2176 3008 2246 rivos
3054 2176 3287 2246 intellige
3317 2172 3540 2242 capaces

1971 2242 2160 2311 valida:
2189 2243 2465 2296 doctrinae.
2501 2245 2563 2296 Et
2590 2253 2671 2298 est
2694 2244 2871 2298 dicere
2904 2260 2917 2299 :
2948 2242 3256 2311 Scindatur',
3289 2246 3532 2310 Domine,

1974 2310 2171 2364 duritia
2204 2314 2379 2365 cordis
2420 2328 2601 2366 eorum
2634 2329 2851 2368 vomere
2884 2314 3027 2368 verbi
3071 2317 3143 2368 tui
3172 2354 3187 2379 ,
3246 2310 3303 2368 ut
3333 2316 3457 2369 fiant
3487 2314 3538 2367 in

1972 2380 2050 2434 eis
2076 2382 2209 2445 rivi,
2261 2398 2353 2449 per
2380 2397 2512 2447 quos
2532 2398 2682 2451 aqum
2710 2386 2847 2436 vivre
2892 2385 2956 2437 ad
2988 2386 3119 2439 alios
3158 2385 3429 2451 defluant;
3484 2395 3538 2438 et

1974 2452 2074 2503 tioc
2106 2453 2263 2504 modo
2292 2451 2580 2523 multiplica
2612 2454 2898 2522 genimina,
2947 2454 2996 2506 id
3030 2463 3143 2517 est,
3167 2459 3536 2523 generationes

1975 2523 2087 2590 ejus
2117 2530 2304 2586 terrae,
2344 2522 2547 2575 scilicet
2573 2562 2587 2585 ,
2644 2533 2699 2575 ut
2730 2538 2819 2587 per
2853 2524 3109 2591 quasdam
3138 2522 3417 2578 credentes
3444 2524 3537 2577 alii

1972 2591 2254 2644 credentes
2286 2592 2430 2657 fiant,
2463 2599 2518 2645 et
2544 2605 2637 2658 per
2661 2592 2778 2645 illos
2803 2592 2915 2656 alii,
2951 2604 3005 2645 ut
3031 2594 3107 2645 sic
3129 2609 3379 2646 numerus
3405 2594 3536 2647 lide-

1974 2659 2101 2731 lium
2132 2670 2418 2725 augeatur;
2450 2669 2505 2715 et
2532 2676 2656 2716 vere
2687 2663 2755 2714 ita
2788 2660 2967 2725 facias,
2993 2663 3217 2727 scilicet,
3253 2663 3393 2716 rivos
3423 2662 3541 2731 ejus

1975 2728 2304 2802 inebriabis,
2355 2731 2681 2802 quinetiam
2712 2732 3019 2802 germinans,
3068 2733 3116 2785 id
3160 2741 3261 2797 est,
3299 2728 3538 2802 quisquis

1975 2800 2199 2853 credere
2230 2815 2367 2853 nunc
2398 2800 2656 2868 incipiens
2680 2800 2723 2865 ,’
2756 2801 3008 2854 lwtabitur
3038 2802 3091 2854 in
3120 2803 3391 2855 stillicidiis
3428 2800 3538 2866 eius

1976 2869 2232 2939 fluminis,
2264 2869 2483 2935 scilicet,
2529 2869 2677 2939 rivos
2702 2870 2817 2938 ejus
2847 2871 3179 2935 inebriantis;
3214 2886 3305 2939 per
3336 2872 3541 2924 Stillict-

1976 2938 2060 2991 dia
2093 2947 2272 2992 autem
2306 2940 2533 2993 lacteam
2554 2938 2851 2993 doctrinam
2874 2980 2889 3005 ,
2920 2950 3120 3007 aptam,
3151 2938 3353 2995 scilicet
3375 2982 3388 3005 ,
3424 2956 3543 3007 pra-

1976 3009 2057 3060 vis
2084 3013 2283 3075 acclpe,
2336 3010 2401 3063 de
2430 3024 2531 3076 qua
2559 3012 2847 3075 Apostolm
2882 3027 2893 3062 :
2931 3008 3049 3062 Non
3075 3012 3214 3079 potui
3254 3010 3389 3064 vobis
3421 3022 3539 3062 tan-

1977 3093 2131 3145 quam
2158 3078 2541 3148 spiritualibus,
2586 3082 2676 3131 sed
2695 3088 2938 3148 tanquam
2966 3078 3290 3145 carnalibus,
3329 3092 3377 3134 et
3399 3082 3544 3147 quasi

1982 3149 2210 3218 parvulis
2241 3150 2291 3200 in
2319 3147 2519 3202 Christo
2543 3148 2621 3199 lac
2649 3147 2986 3218 vobispotum
3009 3152 3126 3203 dedi
3151 3192 3165 3216 ,
3221 3166 3320 3203 non
3351 3166 3539 3205 escam.

1979 3217 2127 3271 Sicut
2154 3220 2293 3271 enim
2322 3220 2512 3287 aliquis
2547 3217 2925 3287 plantaria'sua
2974 3222 3149 3284 rigans
3170 3259 3186 3284 ,
3221 3220 3535 3287 quibusdam

1978 3289 2206 3350 scilicet,
2240 3303 2355 3354 qme
2376 3285 2484 3354 jam
2513 3288 2717 3339 radices
2740 3285 2955 3339 fuerunt
2984 3288 3128 3341 rivos
3159 3285 3391 3354 inducit,
3420 3289 3541 3343 aliis

1980 3365 2181 3409 tantum
2204 3357 2451 3409 stillando
2483 3355 2753 3410 humorem
2784 3356 3007 3409 infundit
3033 3397 3049 3421 ,
3092 3360 3170 3411 sic
3202 3361 3341 3411 Deus
3371 3358 3543 3411 mino-

1980 3440 2068 3479 res
2098 3427 2378 3480 credentes
2408 3428 2543 3479 Iacte
2570 3427 2757 3490 nutrit,
2790 3426 3025 3494 majores
3060 3443 3186 3481 vero
3226 3428 3375 3493 quasi
3409 3441 3545 3493 pane

1977 3496 2062 3549 vel
2090 3496 2260 3548 valida
2288 3495 2531 3566 doctrina
2560 3496 2744 3562 pascit.
2796 3496 2978 3566 Potest
3008 3499 3166 3550 etiam
3212 3498 3281 3550 ita
3316 3498 3414 3566 legi
3442 3498 3542 3549 iste

1977 3578 2165 3619 versus
2189 3603 2203 3629 ,
2255 3574 2314 3618 ut
2341 3565 2456 3634 ejus
2496 3580 2707 3630 semper
2735 3566 2800 3619 ad
2830 3564 3024 3619 ﬂumen
3057 3567 3318 3620 referatur
3340 3564 3385 3630 ,⁷
3406 3576 3457 3620 et
3486 3576 3544 3619 ut

1979 3646 2156 3704 partes
2184 3635 2298 3704 ejus
2326 3634 2556 3690 fluminis
2584 3635 2681 3689 rivi
2710 3645 2763 3690 et
2783 3637 3090 3703 germinans
3114 3634 3459 3703 accipiantur,
3489 3649 3547 3689 et

1980 3719 2075 3773 per
2105 3706 2247 3760 rivos
2272 3705 2654 3775 intelligantur,
2710 3718 2766 3760 ut
2794 3707 2844 3760 in
2870 3707 2968 3759 alia
2999 3707 3259 3759 sententia
3291 3709 3539 3773 capacio-

1978 3789 2087 3856 res;
2130 3790 2224 3856 per
2252 3776 2640 3856 germinantem
2675 3776 2997 3856 _ver<_)__tninus
3017 3790 3240 3845 capaces
3266 3817 3280 3842 ,
3317 3776 3368 3830 in
3407 3788 3541 3845 quos

1978 3845 2216 3899 doctrina
2248 3846 2419 3899 adhuc
2441 3847 2508 3899 ab
2531 3845 2647 3899 aliis
2674 3846 2976 3900 instillatur.

2050 3916 2324 3969 Benedices
2348 3931 2548 3970 corona:
2576 3918 2699 3968 anni
2737 3917 3059 3984 benignitatis
3088 3924 3207 3970 tuae.
3241 3916 3379 3969 Istud
3414 3930 3543 3984 quo-

1980 3987 2353 4053 modocunque
2384 3987 2509 4039 illud
2534 3986 2763 4039 varietur
2789 4028 2803 4051 ,
2835 3985 3021 4039 eodem
3052 3988 3211 4039 modo
3242 3985 3504 4039 benetlices
3523 4030 3540 4055 ,

1980 4056 2029 4110 id
2079 4064 2192 4121 est,
2244 4067 2584 4122 augmentum
2630 4055 2780 4110 dabis
2808 4070 3043 4119 coronae,
3102 4058 3151 4109 id
3199 4067 3320 4118 est,
3360 4057 3541 4125 gloriae

1978 4127 2100 4180 anni
2128 4126 2451 4195 benignitatis
2476 4168 2490 4192 ,
2524 4127 2573 4180 id
2601 4134 2712 4192 est,
2767 4125 3051 4179 fertilitatis
3078 4136 3196 4179 tute.
3249 4126 3379 4180 Cum
3413 4126 3543 4180 dicit

1978 4211 2257 4259 coronam,
2293 4196 2527 4264 intellige
2557 4197 2789 4249 victoriae
2835 4195 3078 4264 gloriam.
3127 4199 3535 4250 Coronabantur

1978 4269 2119 4321 enim
2147 4266 2375 4319 victores
2396 4266 2461 4319 ad
2482 4267 2724 4335 gloriam,
2752 4274 2807 4319 et
2837 4266 2954 4319 ideo
2977 4281 3173 4319 corona
3206 4268 3414 4333 ponitur
3447 4281 3540 4331 pro

1976 4337 2141 4404 gloria
2165 4352 2180 4400 ;
2206 4336 2462 4404 benignus
2486 4352 2609 4388 vero
2631 4345 2713 4388 est
2732 4351 2921 4396 annus,
2951 4335 3135 4388 fertilis
3164 4351 3351 4387 annus.
3376 4336 3536 4387 Inete-

1982 4408 2055 4474 pit
2074 4416 2250 4459 autem
2279 4406 2377 4460 iste
2400 4405 2585 4459 fertilis
2608 4420 2778 4457 annus
2798 4405 2864 4458 de
2893 4420 2997 4472 quo
3027 4415 3197 4471 agatur
3219 4404 3270 4456 in
3303 4406 3535 4457 secunda

310 4478 513 4529 bonum
542 4485 725 4538 tuum,
775 4489 875 4541 ego
902 4465 1272 4537 divitiaz'tuae,
1324 4490 1426 4525 non
1458 4472 1725 4537 mundus;
1773 4465 1874 4541 ego
1905 4465 1952 4522 Ι)
1981 4465 2352 4529 seruitiatioiie.
2412 4474 2538 4528 Dua:
2578 4476 2719 4528 enim
2771 4465 2925 4526 facta;
2967 4465 3089 4526 sunt
3138 4476 3537 4526 seminationes.

335 4547 567 4597 iromitto
615 4553 844 4611 interna,
900 4549 1127 4597 mundus
1166 4544 1491 4596 transitoria.
1548 4542 1615 4596 Et
1655 4547 1871 4599 attende

335 4561 567 4597 πυιιιιιιο
615 4561 811 4597 interna
830 4586 844 4611 ,
900 4561 1127 4597 lllUlldtIS
1166 4561 1491 4596 ll'aIISILOI'la.
1548 4561 1615 4596 bl.
1655 4561 1871 4599 attenue

308 4561 431 4668 inec
460 4624 514 4668 et
539 4613 725 4665 similia
753 4654 767 4677 ,
820 4628 923 4666 non
950 4615 1053 4667 erit
1081 4614 1172 4666 tibi
1200 4628 1359 4679 grave
1383 4653 1399 4677 ,
1432 4611 1527 4665 sed
1556 4614 1873 4669 delectabile

306 4686 518 4739 lucrum
566 4685 693 4737 illud
732 4690 1110 4747 contemnere;
1162 4684 1205 4735 si
1239 4698 1363 4736 vero
1407 4682 1497 4735 ille
1527 4680 1705 4735 videns
1751 4699 1875 4750 pro-

306 4758 476 4808 miSsa
505 4754 631 4807 nihil
655 4753 851 4815 valere,
885 4770 1042 4807 nutus
1064 4764 1118 4807 et
1148 4752 1316 4819 ptBttiS
1341 4752 1605 4818 aliquibus
1627 4761 1795 4806 tentet
1823 4763 1874 4807 te

307 4838 565 4887 Vincere,
613 4823 830 4877 attende
860 4824 958 4874 hoc
991 4826 1041 4876 in
1072 4826 1231 4875 corde
1276 4831 1362 4873 tuo
1395 4838 1407 4871 :
1446 4820 1697 4874 Dominus
1725 4838 1875 4878 meus

310 4896 557 4962 praecipit
584 4892 710 4946 milii
745 4910 758 4944 :
792 4891 962 4945 Nolite
989 4896 1162 4944 timere
1190 4907 1272 4943 eos
1295 4891 1379 4957 qui
1407 4905 1597 4962 corpus
1616 4894 1871 4958 accidunt,

310 4960 545 5019 intimam
586 4974 753 5017 autent
784 4978 883 5014 non
917 4972 1129 5029 possunt
1158 4964 1408 5014 occidere.
1439 4964 1502 5012 Et
1530 4960 1685 5014 etiam
1717 4978 1875 5017 secu-

308 5034 527 5086 ritatem
556 5032 623 5087 de
651 5047 874 5099 corpore
906 5032 1163 5098 plottllltll
1193 5030 1319 5082 milii
1352 5030 1533 5083 dicens
1567 5047 1579 5081 :
1617 5031 1683 5080 Et
1711 5035 1877 5098 capil-

311 5106 401 5155 lus
430 5103 491 5153 de
516 5105 678 5173 capite
709 5114 876 5173 nostra
897 5116 1000 5153 non
1026 5101 1443 5173 peribil.__Qttare
1471 5101 1607 5173 hunc
1631 5115 1738 5152 non
1770 5106 1877 5155 lor-

308 5173 550 5225 suidabo.
576 5168 733 5237 'Quid
783 5170 923 5224 enim
954 5172 1147 5238 poterit
1177 5168 1307 5222 mibi
1355 5172 1527 5223 facere
1558 5171 1681 5233 iste,
1732 5173 1874 5238 quod

310 5242 576 5294 Dominus
606 5258 755 5294 meus
785 5242 929 5309 prior
960 5257 1063 5291 non
1096 5254 1280 5307 passus
1310 5240 1415 5291 sit?
1464 5240 1691 5292 Attende
1715 5249 1875 5294 etiam

311 5312 485 5363 multa
514 5311 730 5372 similia,
754 5323 806 5362 et
833 5312 911 5362 sic
940 5310 1263 5363 delectabilis
1290 5311 1392 5361 erit
1422 5310 1511 5360 tibi
1536 5311 1833 5361 adversitas
1860 5351 1876 5376 ,

310 5396 481 5447 quam
508 5383 590 5433 ille
616 5385 845 5432 minatur
861 5391 1222 5432 contemnere.
1252 5378 1762 5447 Dcsignaturnulem
1786 5396 1877 5447 per

311 5446 641 5503 matutinum
668 5450 992 5518 prosperitas
1014 5488 1029 5509 ,
1072 5458 1286 5516 propter
1318 5446 1449 5500 lucis
1480 5446 1714 5500 laetitiam
1738 5489 1751 5512 ,
1788 5446 1878 5517 per

315 5535 604 5586 vesperum
640 5536 762 5573 vero
792 5522 1109 5580 advers‘ttas,
1154 5529 1364 5585 propter
1384 5520 1555 5571 noctis
1579 5520 1875 5572 tristitiam.

400 5588 624 5643 Visitasti
652 5601 836 5643 terram
867 5603 910 5641 et
935 5589 1209 5641 tnebt‘tabll.
1254 5588 1382 5650 lloc,
1416 5587 1650 5655 inquam,
1686 5590 1841 5643 modo
1863 5629 1876 5651 ,

305 5659 687 5716 delectabilem
735 5658 892 5712 facies
922 5676 1000 5712 cts
1051 5667 1308 5710 matutino
1357 5668 1718 5723 Cotitcmptuin
1749 5700 1763 5722 ,
1824 5669 1880 5713 et

311 5734 556 5799 vesperi,
600 5732 721 5801 quia
753 5732 962 5784 t'tatlaslt
1008 5732 1117 5798 jam
1145 5728 1494 5797 dispositione
1524 5743 1619 5797 per
1652 5731 1873 5797 gratiam

1978 4543 2212 4598 Primum
2236 4546 2629 4598 seminaverunt
2649 4544 2917 4609 prOpheta:
2935 4543 2986 4595 in
3005 4544 3136 4595 solis
3160 4542 3376 4606 Judaeis,
3404 4546 3542 4611 quod

1975 4615 2198 4682 apostoli
2217 4622 2565 4678 messuerunt,
2587 4613 2707 4680 quia
2737 4628 2828 4678 per
2851 4614 3142 4682 doctrinam
3165 4615 3537 4679 prophetarum

1976 4679 2145 4738 sancti
2187 4684 2409 4750 apostoli
2451 4679 2687 4736 instructi
2711 4694 2848 4733 sunt.
2877 4679 3027 4735 Unde
3060 4682 3257 4734 dictum
3290 4692 3372 4735 est
3404 4700 3417 4733 :
3444 4682 3548 4734 Atii

1976 4755 2349 4809 laboraverunt.
2372 4753 2463 4805 alii
2484 4761 2811 4805 messueruut.
2835 4751 3032 4804 Deinde
3058 4760 3232 4805 autem
3257 4753 3382 4805 illud
3408 4753 3544 4805 idem

1976 4839 2156 4879 semen
2191 4822 2518 4891 puriﬁcatum
2546 4820 2778 4875 secundo
2808 4822 3129 4874 seminatum
3162 4834 3247 4874 est
3274 4824 3323 4875 in
3355 4836 3541 4875 omnes

1976 4908 2161 4964 gentes
2189 4894 2254 4964 ab
2276 4892 2551 4959 apostolis,
2577 4905 2738 4958 super
2764 4891 2903 4957 quod
2937 4891 3185 4964 inimicus
3210 4893 3368 4945 homo
3400 4892 3542 4964 ziza-

1978 4961 2065 5017 nia
2094 4962 2394 5024 seminavit,
2426 4963 2548 5030 quia
2591 4964 2785 5013 multas
2816 4964 3096 5014 haereticos
3124 4961 3400 5015 doctrinas
3429 4963 3542 5014 dia-

1978 5034 2134 5088 bolus
2160 5031 2549 5098 superinduxit.
2584 5032 2649 5083 Et
2684 5031 2747 5083 ‘in
2784 5030 2882 5082 hac
2933 5032 3164 5084 secunda
3192 5032 3547 5085 semiuatione

1978 5103 2141 5171 coepit
2168 5116 2338 5155 annus
2367 5101 2655 5155 fertilitatis
2706 5102 2846 5152 illius
2879 5142 2913 5171 ,γ
2943 5103 3010 5153 de
3050 5116 3151 5169 qua
3183 5102 3381 5154 dictum
3412 5109 3496 5154 est
3528 5116 3541 5152 :

1981 5170 2197 5236 Lwtare,
2228 5172 2412 5223 sterilis
2446 5214 2461 5238 ,
2511 5186 2624 5238 qua:
2670 5186 2770 5221 non
2804 5170 2963 5233 paiis,
2991 5181 3043 5223 et
3068 5181 3259 5225 cmtera
3291 5187 3304 5233 ;
3334 5171 3555 5222 duratur

1980 5256 2145 5309 usque
2174 5245 2223 5293 in
2258 5243 2413 5294 linem
2440 5239 2645 5293 SiDCUll.
2674 5240 2984 5302 Benedices,
3014 5242 3247 5306 inquam,
3275 5250 3342 5300 et,
3373 5248 3423 5309 te
3456 5238 3550 5291 be-

1978 5308 2279 5373 nedicente,
2309 5312 2476 5375 campi
2521 5313 2618 5371 tui,
2659 5310 2707 5361 id
2740 5320 2821 5362 est
2850 5352 2864 5374 ,
2901 5310 3126 5361 Immites
3181 5312 3289 5371 tui,
3342 5308 3391 5359 id
3443 5316 3545 5371 est,

1980 5382 2275 5444 credentes,
2300 5380 2629 5446 replebuntur
2657 5382 2838 5440 verbo,
2866 5379 2913 5429 id
2945 5388 3026 5429 est
3058 5416 3072 5440 ,
3112 5380 3254 5431 omni
3290 5380 3543 5430 virtutum

1981 5452 2333 5519 plenitudine.
2368 5450 2433 5501 Et
2463 5451 2563 5501 hoc
2595 5449 2808 5514 respicit
2850 5446 2912 5519 ad
2960 5447 3186 5519 humiles
3225 5448 3291 5499 de
3330 5446 3552 5519 iudicis.

1981 5514 2321 5589 Pinguescent
2352 5521 2584 5589 speciosa
2610 5522 2813 5579 deserti,
2838 5516 2890 5568 id
2913 5527 3017 5579 est,
3048 5516 3208 5589 coida
3236 5514 3550 5589 gentilitatis

1980 5586 2127 5657 prius
2157 5588 2396 5655 Squalida
2429 5588 2666 5639 setttiDUs
2692 5601 2769 5653 pe.
2789 5598 3051 5647 citorum,
3090 5587 3247 5637 modo
3270 5586 3405 5637 iacta
3431 5600 3553 5652 spc~

1980 5664 2122 5711 clusa
2146 5668 2461 5711 ornamento
2486 5669 2757 5715 Virtutum,
2786 5657 3132 5723 pinguesceut
3158 5658 3208 5707 in
3240 5657 3393 5709 bonis
3416 5673 3549 5723 0pc-

1983 5729 2233 5795 ribtts;et
2266 5727 2382 5783 ideo
2404 5726 2587 5795 colles,
2629 5727 2681 5782 id
2708 5736 2789 5781 cst
2816 5766 2830 5794 ,
2883 5726 3086 5795 pris-lati
3143 5740 3327 5782 eorum
3374 5730 3542 5781 accin—
