4010 6190
403 209 504 265 821

1137 209 1201 263 ΙΝ
1242 209 1658 268 PSALMOHUM
1703 213 1956 269 LIBRUM
2004 213 2357 271 l‘lXEGESIS.
2399 246 2467 256 —-
2507 215 2754 271 Po‘ALM.
2803 215 2960 270 LXV.

3558 227 3664 280 833‘}

365 336 368 338 '
397 327 708 382 surrexisse
753 335 1029 401 negarent,
1080 325 1456 378 conduxerunt
1489 344 1501 378 :
1551 336 1736 401 auctus
1761 336 1850 401 est
1877 342 1969 379 nu-
2004 328 2052 386 Λ
2087 343 2226 383 unus.
2259 331 2313 381 Ιιι
2347 327 2464 394 ipso
2487 329 2615 383 dicit
2645 348 2655 382 :
2690 329 2819 397 Quia
2851 339 2904 385 et
2927 331 2972 384 si
2994 333 3060 383 ad
3091 341 3391 401 tcmpnsrst
3416 335 3661 392 humilia-

397 413 582 452 merus
613 398 1002 459 mentientium,
1020 407 1073 448 ut
1089 406 1378 458 augeretur
1391 411 1599 450 merces
1612 397 1968 450 credentium.

397 468 708 537 Resurgens
734 467 987 520 Dominus
1003 466 1276 528 discipulis
1300 467 1562 534 apparuit,
1584 483 1685 519 unn
1711 467 1970 520 inimicis:

394 537 689 592 crucifixus
715 547 895 591 autem
928 537 1175 603 apparuit
1203 537 1470 588 omnibus.
1510 537 1822 600 Resurgens
1849 552 1974 590 vero

398 608 663 662 Dominus
691 608 819 661 solis
851 607 1117 668 ﬁdelibus,
1168 618 1222 659 ut
1245 606 1335 674 qui
1368 607 1564 660 vellent
1591 608 1892 663 crederent.
1920 614 1975 661 et

395 695 551 746 spcto
607 679 1015 734 resurrectionis
1065 677 1340 730 haberent.
1399 678 1575 746 Potest
1606 688 1656 729 et
1684 677 1842 730 aliter
1874 678 1974 731 iste

395 745 588 804 versus
611 749 830 814 exponi,
859 758 917 801 ut
947 749 1174 810 dicatur,
1216 746 1378 798 Dicite
1404 745 1530 811 Deo,
1558 757 1610 798 nt
1629 746 1968 816 ititelligatis:

399 817 635 881 Domine.
659 835 812 889 quam
838 819 1082 870 terribilia
1106 827 1223 870 sunt
1252 832 1407 889 Opera
1445 828 1552 889 tua,
1587 818 1634 870 id
1658 825 1742 870 est
1769 828 1970 889 quanto

396 893 591 943 terrori
633 887 828 942 debent
876 904 997 944 esse
1046 892 1293 940 omnibus
1339 887 1676 948 hominibus,
1736 887 1972 942 maxime

394 975 527 1012 vero
563 960 802 1022 ingratis,
834 973 993 1020 onera
1049 966 1160 1011 tua.
1204 957 1332 1024 Qua:
1357 960 1560 1025 opera?
1593 959 1708 1010 haec
1736 959 1965 1020 scilicet,

395 1030 540 1096 quod
582 1046 674 1083 rex
725 1030 1034 1100 angelorum
1069 1028 1236 1082 factus
1263 1038 1345 1100 est
1371 1043 1515 1100 unus
1546 1029 1868 1080 milrldlitllll.
1906 1028 1971 1082 Et

394 1101 488 1166 qui
539 1097 818 1154 invisibilis
867 1109 949 1152 est
979 1101 1029 1151 in
1062 1100 1192 1156 suis.
1228 1097 1452 1150 visibilis
1486 1097 1568 1151 fac
1596 1111 1656 1150 ιιε
1678 1107 1758 1149 εει
1789 1101 1837 1150 in
1871 1115 1968 1150 uo-

393 1171 546 1235 stris,
597 1182 649 1224 et
693 1169 1249 1234 incomprehensibilis
1277 1168 1439 1221 Voluit
1468 1167 1877 1234 comprehendi,
1911 1177 1965 1221 et

394 1250 591 1293 caetera
626 1241 769 1293 talia.
802 1239 946 1301 llaec,
980 1241 1221 1307 inquam,
1254 1253 1415 1302 Opera
1445 1248 1529 1290 tua
1564 1253 1687 1292 vere
1710 1247 1833 1290 sunt
1863 1247 1969 1289 ter-

394 1309 591 1363 ribilia.
645 1311 748 1364 Sed
795 1320 970 1362 tamen
1022 1310 1216 1362 inimici
1260 1309 1334 1360 tui
1385 1307 1552 1361 Judaei
1583 1311 1885 1361 mentiemur
1913 1310 1965 1362 in

393 1381 722 1433 multitudine
761 1382 958 1433 virtutis
999 1390 1121 1444 tum;
1179 1379 1228 1432 id
1257 1390 1359 1441 εει,
1417 1379 1467 1430 in
1515 1378 1680 1445 signis
1709 1377 1835 1441 illis,
1871 1394 1966 1445 per

393 1465 514 1517 quae
556 1449 872 1504 oSIendetnr
919 1451 1082 1503 multa
1111 1451 1344 1517 potentia
1372 1457 1456 1500 tua
1491 1467 1502 1500 :
1528 1450 1647 1512 quia
1674 1450 1918 1501 dixerunt
1947 1465 1961 1502 :

396 1515 464 1571 In
487 1518 760 1573 Beelzebub
798 1520 1027 1588 principe
1053 1515 1418 1573 daemoniorum
1446 1519 1581 1586 ejicit
1609 1521 1879 1579 daemonia,
1913 1529 1965 1574 et

397 1591 566 1642 multa
609 1591 801 1644 similia
829 1606 843 1644 :
876 1591 1014 1658 quod
1067 1599 1242 1643 tamen
1272 1591 1374 1642 erit
1405 1590 1516 1651 tibi,
1552 1589 1601 1640 id
1627 1597 1730 1649 est,
1757 1591 1822 1641 ad
1849 1591 1964 1655 glo-

2083 408 2165 475 tus
2196 415 2259 475 ex
2307 401 2623 475 inﬁrmitate
2646 412 2848 475 nostra,
2883 412 3058 454 tamen
3090 402 3390 475 dominatur
3422 422 3525 459 nou
3561 425 3654 475 per

2078 469 2245 541 aliud,
2300 471 2436 541 sicut
2477 470 2623 523 multi
2672 470 3015 523 dominantur
3044 487 3138 535 per
3163 473 3360 527 milites
3382 489 3531 541 suos,
3561 469 3654 534 sed

2075 539 2128 590 ενι
2157 540 2365 607 propria
2417 543 2604 594 virtute
2648 557 2740 593 sua
2770 541 3077 595 dominatur
3103 543 3469 598 dominatione
3491 539 3654 605 eunte

2075 609 2128 660 in
2151 618 2430 684 atternunt;
2485 610 2881 684 quia_Christt_is
2909 626 3192 684 resurgens
3217 631 3242 664 ιι
3277 617 3655 684 mortttis,jam

2077 694 2181 731 non
2222 682 2450 748 amplius
2501 682 2742 734 tuoritnr.
2795 682 2901 734 Nec
2951 682 3086 734 hanc
3138 686 3388 750 gratiam,
3446 682 3652 746 scilicet

2084 751 2359 802 transitum
2403 753 2949 828 supradictn‘m.solis
2981 752 3079 828 .lnd
3102 756 3180 807 eis
3208 758 3515 828 concessit,
3551 765 3641 828 qui

2077 827 2283 872 tantum
2340 823 2561 888 pretium
2597 822 2764 884 dedit,
2801 823 2849 874 id
2881 831 2962 874 t‘Sl.
2993 825 3080 887 qtti
3115 840 3174 877 se
3206 825 3376 892 ipsum
3409 822 3600 884 obtulit
3629 847 3646 886 :

2071 891 2162 965 sed
2213 893 2556 965 etiauiuoculi
2607 894 3042 965 ejusrespiciunt
3085 891 3242 962 super
3263 907 3455 965 gentes.
3489 899 3536 951 id
3567 911 3652 956 est

2072 961 2494 1014 misericorditer
2541 963 2775 1029 respexit
2823 974 3031 1032 gentes,
3091 961 3213 1030 quia
3264 961 3530 1021 concessit
3569 971 3648 1028 eis

2071 1032 2314 1104 eamdem
2349 1035 2595 1096 gratiam,
2622 1048 2775 1104 silem
2792 1033 3005 1104 scilicet
3021 1035 3451 1090 resurrectionis.
3474 1039 3650 1104 Quare

2069 1099 2156 1177 τιμε
2206 1113 2536 1177 “dmi-am,
2581 1103 2631 1155 id
2664 1113 2744 1177 est
2771 1101 2880 1177 _.lnd
2902 1103 3066 1177 qui
3099 1103 3336 1159 invident
3365 1099 3648 1177 liauc'gra-

2072 1170 2215 1244 tiam_
2253 1175 2521 1244 gentibus.
2569 1181 2623 1225 et
2669 1172 2720 1244 in
2771 1172 2869 1226 hoc
2899 1170 3008 1244 sibi
3028 1174 3189 1226 Deum
3223 1170 3564 1244 exasperant,
3596 1181 3655 1235 id.

2068 1247 2170 1302 est,
2205 1241 2398 1293 iratum
2434 1243 2631 1296 faciunt
2657 1242 2895 1296 dicentes
2930 1259 2944 1296 :
2972 1243 3108 1309 Quid
3141 1241 3453 1309 proluerunt
3485 1250 3644 1302 nobis

2067 1325 2231 1376 opera
2266 1311 2418 1386 legis,
2451 1321 2540 1365 aut
2569 1313 2691 1386 quid
2717 1313 2996 1386 valuerunt
3022 1313 3174 1368 nobis
3193 1316 3385 1382 scripta
3409 1320 3642 1386 prophe-

2071 1387 2240 1453 tarum
2265 1381 2287 1432 ?
2311 1383 2487 1453 _Ecce
2521 1384 2674 1436 nobis
2706 1384 3071 1449 hvaiigelium,
3102 1394 3155 1438 ει
3188 1381 3435 1453 gentibus
3466 1381 3656 1442 Evan-

2065 1451 2282 1516 geliutn.
2311 1450 2446 1506 Ecce
2491 1453 2643 1506 nobis
2673 1468 2795 1520 spes
2826 1450 3256 1515 resurrectionis,
3295 1465 3350 1510 et
3391 1459 3641 1522 gentibus

2067 1535 2191 1593 spes
2224 1524 2652 1590 resurrectionis,
2684 1534 2737 1576 et
2766 1523 2963 1577 similia
2990 1525 3096 1589 his,
3122 1525 3353 1593 inquant,
3385 1529 3516 1580 tales
3540 1544 3642 1582 non

2069 1591 2355 1643 exultentur
2402 1593 2453 1646 in
2485 1595 2764 1658 semetipsis
2810 1594 3058 1660 amplius,
3090 1595 3141 1647 id
3171 1591 3274 1656 est.
3309 1612 3412 1649 non
3439 1613 3642 1661 ιιι-λεεω-

393 1661 531 1712 riam
585 1670 750 1721 tuam.
801 1663 921 1733 quia
965 1671 1315 1733 cognoscatur
1357 1674 1540 1733 eorum
1574 1659 1773 1733 falsitas
1809 1674 1962 1733 gquae
1995 1675 2042 1733 Β
2075 1671 2220 1713 mant
2266 1664 2333 1715 de
2377 1661 2583 1733 jllSlilia
2633 1678 2750 1726 sua,
2797 1665 2881 1716 vel
2905 1659 2972 1717 de
2995 1665 3200 1718 meritis
3225 1665 3379 1720 suis:
3409 1659 3529 1733 quia
3560 1669 3643 1724 lex

391 1739 596 1793 quanto
620 1734 786 1798 magis
809 1730 968 1785 fuerit
999 1731 1224 1795 intensa,
1263 1740 1409 1782 tanto
1430 1729 1716 1797 pollentior
1745 1729 1850 1784 erit
1875 1738 1964 1783 tua

390 1799 588 1868 gloria.

473 1869 651 1923 Omnis
698 1881 852 1924 terra.
891 1869 1092 1924 lniinici
1146 1870 1358 1939 quidem
1403 1868 1733 1924 mentiuntur
1790 1869 1856 1924 de
1893 1879 1963 1934 te,

395 1953 506 1994 non
542 1952 861 1993 venerantur
893 1950 966 2004 te,
998 1951 1051 1995 et
1079 1941 1220 2004 ideo,
1257 1940 1498 2002 Domine,
1528 1942 1692 1993 omnis
1723 1949 1880 2005 terra,
1914 1940 1966 1993 id

391 2018 501 2075 εει,
551 2011 785 2079 gentium
842 2011 1125 2064 terrenitas
1165 2025 1422 2064 conversa
1475 2017 1650 2064 adoret
1696 2017 1766 2072 te,
1795 2011 1844 2062 id
1885 2020 1969 2064 est

395 2090 684 2134 veneretur
707 2091 758 2134 te
780 2081 830 2134 iu
863 2091 1060 2144 mente,
1087 2091 1134 2134 et
1155 2081 1344 2151 psallat
1364 2081 1454 2132 tibi
1483 2095 1601 2146 ore,
1630 2090 1682 2134 et
1707 2081 1964 2147 psalmum

390 2151 536 2204 dicat
580 2153 630 2203 in
668 2165 852 2219 opere,
881 2163 934 2202 et
961 2152 1059 2205 hoc
1087 2166 1192 2206 non
1223 2151 1520 2206 adlaudem
1552 2166 1724 2216 suam,
1747 2151 1841 2206 sed
1873 2168 1966 2204 r-o-

389 2219 521 2271 mini
551 2231 635 2272 tuo
662 2221 1025 2289 giorilicando.

481 2289 653 2344 Venite
678 2300 722 2342 et
739 2294 918 2344 videte.
943 2289 1466 2361 Ustenditqnomndo
1489 2292 1713 2347 debeant
1739 2291 1964 2348 adorare

389 2369 450 2413 et
483 2362 709 2425 ps:dlere
756 2361 998 2414 Domino.
1061 2361 1237 2415 Venite
1285 2378 1382 2416 vos
1415 2373 1600 2430 gentes
1622 2363 1959 2424 conﬁtentes.

389 2431 682 2499 relinquite
732 2432 848 2485 illos
899 2434 1238 2495 mentientes,
1289 2440 1335 2484 et
1377 2432 1537 2486 uidete
1566 2434 1705 2486 sicut
1734 2433 1960 2487 videnda

386 2512 518 2553 sunt
563 2517 737 2570 opera,
785 2503 988 2554 scilicet
1047 2501 1160 2565 Dei,
1193 2502 1498 2556 utcredatis
1524 2518 1685 2567 opera
1718 2503 1835 2566 Dei,
1868 2503 1960 2570 qui

388 2580 491 2642 ist
515 2572 754 2625 terribilis
787 2573 836 2624 in
861 2573 1083 2626 consiliis
1115 2572 1307 2626 habitis
1335 2588 1485 2642 super
1515 2574 1650 2640 ﬁlios
1677 2572 1960 2626 hominum.

387 2639 562 2693 Filius
608 2644 749 2695 enim
797 2643 1025 2696 hominis
1073 2642 1310 2694 terribilis
1350 2639 1433 2696 est
1475 2639 1529 2697 in
1558 2642 1787 2696 consiliis
1808 2659 1962 2710 super

385 2711 529 2777 ﬁlios
569 2711 851 2773 hominum,
898 2714 1018 2779 quia
1053 2711 1129 2765 illi
1176 2713 1462 2765 machinati
1503 2721 1628 2767 sunt
1665 2712 1857 2766 acerba
1907 2721 1960 2766 et

384 2779 727 2835 fraudulenta
752 2783 990 2848 consilia,
1023 2782 1221 2838 scilicet
1245 2783 1414 2849 ipsum
1452 2783 1789 2850 cruciligendi
1813 2782 1962 2837 etin-

386 2851 689 2906 terliciendi
710 2873 724 2916 ;
749 2854 862 2919 ipse
886 2868 1008 2907 vero
1029 2852 1336 2907 excmcandi
1360 2863 1410 2905 et
1435 2853 1696 2908 Salvalldi.
1725 2853 1958 2906 Humiles

381 2921 604 2987 quidem
656 2923 926 2987 salvandi,
971 2924 1228 2986 snperbos
1277 2924 1603 2977 excaecandi.
1661 2923 1725 2975 Et
1761 2925 1825 2974 ad
1857 2924 1956 2976 hoc

383 2993 718 3073 excatcandi,
779 3004 833 3047 ut
881 2992 1134 3073 cxctecati
1207 2992 1664 3073 humiliarentur,
1702 2994 2034 3073 humiliatic

385 3061 794 3131 confiterentur.
851 3067 1166 3117 couliteutes
1211 3063 1564 3119 salvareutur.
1632 3064 1719 3116 Vel
1761 3065 1956 3131 aliter,

382 3127 657 3186 Terribilis
691 3144 770 3186 est
813 3134 862 3185 in
892 3134 1119 3186 consiliis
1148 3149 1298 3199 super
1327 3134 1462 3199 ﬁlios
1483 3134 1785 3187 hominum:
1837 3127 1959 3200 quia

382 3201 670 3275 consilium
695 3204 834 3272 quod
861 3204 931 3256 illi
963 3204 1248 3275 machinati
1281 3215 1402 3255 sunt
1424 3203 1498 3275 ad
1532 3206 1686 3257 unius
1705 3213 1955 3275 inertem,

382 3269 487 3324 hoc
521 3274 631 3336 ipse
660 3269 919 3327 convertit
946 3275 1009 3325 ad
1045 3273 1328 3325 multorum
1358 3274 1607 3327 salutem.

465 3340 564 3405 Qui
586 3347 830 3396 convertit
869 3359 1008 3396 mare
1031 3345 1080 3394 in
1113 3345 1346 3403 aridum;
1371 3344 1421 3394 in
1447 3344 1657 3411 [lumine
1675 3355 1957 3413 pertranu-

380 3409 507 3463 bunt
531 3414 674 3477 pede,
693 3415 759 3466 ibi
784 3415 1064 3466 (tutabimur
1092 3415 1143 3465 in
1173 3409 1514 3481 ipso.Videte,
1546 3409 1776 3481 inquam,
1805 3429 1960 3481 opera

384 3481 503 3532 Dei.
557 3484 682 3545 Quae
731 3499 857 3536 vero
905 3493 1029 3537 suit
1073 3498 1233 3552 opera
1266 3484 1393 3535 illa?
1425 3485 1543 3537 ilatc
1569 3485 1789 3548 scilicet,
1819 3485 1956 3552 quod

382 3552 504 3607 Ῐιιδθ
544 3555 782 3622 convertit
815 3568 976 3614 mare,
1008 3554 1055 3606 id
1080 3565 1163 3607 est
1190 3554 1308 3605 illos
1337 3555 1423 3622 qui
1458 3556 1601 3621 prius
1630 3565 1782 3607 erant
1814 3569 1960 3606 ania-

382 3621 918 3692 ticantesifalsitate,
953 3634 1006 3676 et
1029 3625 1318 3677 turbulenti
1356 3621 1532 3688 pravis
1558 3625 1951 3692 cupiditatibus,

379 3699 434 3744 ct
485 3705 578 3758 per
623 3691 1004 3746 detractionem
1061 3693 1180 3746 facti
1238 3695 1378 3746 velut
1427 3695 1594 3761 pisces
1625 3691 1683 3747 Se
1727 3695 1954 3748 invicem

379 3761 749 3824 comedentes,
781 3763 1043 3816 Convertit
1073 3763 1123 3816 in
1147 3763 1345 3814 aridam
1376 3771 1594 3829 terram,
1631 3765 1678 3817 id
1707 3776 1808 3824 εει,
1837 3763 1957 3818 lit-it

379 3830 639 3884 arabilem
691 3842 906 3894 terram,
963 3841 1017 3887 et
1068 3834 1335 3886 sitientem
1384 3832 1747 3898 dulciSaqnm,
1793 3835 1840 3885 id
1875 3845 1958 3888 e-rt

383 3915 534 3953 sana:
563 3901 819 3957 doctrina:
851 3921 862 3954 :
896 3912 953 3956 ut.
977 3904 1184 3956 dicant:
1216 3903 1400 3955 Anima
1419 3919 1529 3956 mea
1551 3906 1678 3956 sicut
1698 3914 1832 3956 terra
1850 3907 1958 3957 sine

378 3986 540 4038 aqua,
599 3971 765 4026 sitivit
819 3973 881 4026 ad
926 3985 996 4038 te,
1042 3973 1287 4026 Domine.
1320 3973 1385 4025 Et
1413 3974 1488 4026 illi
1514 3976 1600 4042 qui
1637 3976 1778 4040 prius
1803 3983 1957 4028 erant

380 4055 553 4108 mare,
582 4041 733 4110 positi
779 4043 830 4095 in
869 4044 1106 4111 ﬂumine,
1157 4041 1543 4110 pertransibunt
1560 4047 1698 4110 pede.
1735 4043 1953 4098 Flumen

379 4117 478 4182 est
517 4112 758 4164 mortalis
788 4114 890 4166 vita
924 4124 1126 4177 nostra,
1159 4129 1276 4180 quae
1305 4115 1445 4167 nulla
1479 4117 1768 4168 stabilitate
1793 4117 1952 4182 viget,

382 4180 481 4232 sed
536 4196 752 4250 semper
806 4185 856 4236 in
880 4183 1021 4236 [luxu
1051 4196 1152 4238 Gal.
1179 4183 1233 4236 lit
1266 4183 1364 4237 hoc
1395 4185 1591 4238 llutnen
1618 4180 1956 4249 pervenimus

375 4251 690 4318 equitando,
741 4253 791 4305 id
839 4265 922 4309 est
969 4253 1326 4322 superbicudo
1379 4266 1433 4308 et
1475 4257 1870 4322 prtharicuudo
1902 4257 1951 4308 ιιι

382 4323 560 4388 primo
618 4333 836 4390 parente
884 4341 898 4378 :
949 4329 1272 4391 pet-transire
1327 4340 1454 4378 vero
1495 4329 1594 4378 line
1620 4325 1814 4378 llntneu
1845 4342 1948 4378 non

381 4392 698 4461 poterimus,
728 4394 827 4446 nisi
857 4395 1184 4461 paenitendo,
1221 4395 1271 4446 id
1304 4405 1386 4448 est
1415 4397 1512 4448 nisi
1539 4411 1637 4448 nos
1663 4395 1949 4448 humilian-

380 4457 598 4515 do.Est
626 4463 768 4517 enim
801 4457 954 4517 nobis
984 4465 1105 4517 data
1138 4479 1260 4530 spes
1300 4465 1574 4532 cujusdam
1605 4468 1951 4518 resurrectio-

383 4531 466 4582 nis
496 4533 548 4584 in
579 4547 678 4598 qua
704 4549 801 4586 nec
829 4535 880 4588 in
912 4537 1084 4587 anima
1112 4538 1213 4587 erit
1239 4531 1437 4602 aliquid
1459 4535 1748 4600 culpabile,
1773 4552 1868 4588 nec
1895 4538 1946 4589 itt

378 4615 609 4668 corpore
657 4604 856 4670 aliquid
898 4606 1170 4658 mutabile.
1222 4605 1326 4658 Sed
1379 4606 1444 4657 ad
1500 4606 1636 4658 banc
1675 4607 1952 4669 pervenire

380 4684 485 4721 uoo
518 4674 842 4738 poterimus,
878 4675 976 4727 nisi
1008 4675 1078 4726 illi
1108 4675 1313 4726 animas
1347 4684 1556 4728 nostras
1588 4675 1948 4740 lmmiliemus,

378 4753 435 4792 et
484 4741 630 4816 illum
677 4744 946 4816 imitemur
991 4747 1077 4813 qni
1110 4747 1240 4816 dixit
1267 4763 1277 4796 :
1315 4743 1560 4808 Gaudete,
1591 4748 1713 4813 quia
1740 4763 1830 4816 ego
1857 4747 1952 4799 vici

380 4814 648 4884 mundum.
705 4813 1082 4868 l’otestautem
1115 4815 1257 4868 hunc
1284 4816 1479 4884 aliquis
1525 4815 1742 4869 ﬂuvium
1768 4813 1874 4870 'stbi
1896 4827 1952 4870 et

381 4881 696 4952 perturbare
723 4894 776 4937 et
806 4884 981 4938 linire.
1007 4886 1062 4939 Si
1094 4885 1237 4938 enim
1277 4881 1474 4939 misera
1502 4885 1679 4938 anima
1713 4894 1950 4952 raptetur

380 4951 784 5024 cupiditatibus,
817 4965 1015 5020 quanto
1044 4957 1212 5023 magis
1238 4965 1495 5022 raptatur,
1529 4964 1677 5009 tanto
1708 4951 1872 5024 magis
1894 4966 1949 5010 et

379 5017 580 5075 ﬂumen
638 5017 933 5090 perturbat,
982 5034 1035 5078 et
1083 5017 1157 5078 se'
1187 5025 1237 5078 in
1270 5017 1440 5093 ipsum
1479 5017 1948 5093 prmcipitatfb‘tet

380 5102 509 5162 ergo
551 5094 740 5147 misera
788 5096 965 5147 anima
1005 5095 1088 5148 vel
1119 5095 1169 5146 iit
1202 5096 1400 5162 littore,
1438 5099 1519 5150 vel
1547 5097 1734 5149 saltem
1767 5097 1816 5148 iit
1851 5098 1949 5150 liu-

381 5159 545 5234 mine,
589 5179 685 5217 nec
716 5175 951 5232 raptetur
976 5163 1222 5218 ﬂuctibus
1242 5159 1548 5232 cupiditatis
1579 5181 1773 5234 prava),
1803 5179 1856 5220 et
1886 5182 1946 5220 se

384 5227 628 5304 humiliet
657 5243 711 5288 ut
759 5227 1079 5304 quandoque
1128 5227 1675 5298 valeat'ettatare,'et
1730 5227 1828 5290 hoc
1868 5247 1950 5291 cst

378 5303 515 5366 quod
549 5303 680 5357 dicit
719 5321 730 5356 :
770 5305 871 5370 Qui
905 5305 1048 5372 prius
1078 5315 1230 5360 erant
1260 5322 1424 5372 mare,
1455 5307 1614 5374 positi
1646 5309 1696 5360 in
1725 5307 1944 5362 lltttuiue

381 5382 474 5445 per
498 5374 807 5445 elationem,
843 5376 1242 5443 pertransibunt
1276 5376 1468 5429 ﬂumen
1494 5379 1649 5445 pede,
1678 5379 1728 5431 id
1750 5392 1832 5431 εει
1856 5394 1948 5444 per

377 5440 748 5519 humilitatem,
777 5440 936 5519 etibi,
972 5445 1023 5498 id
1052 5457 1134 5519 est
1164 5449 1213 5499 ιιι
1246 5440 1813 5513 ιτειιωιιιξίαειάὸίηιιιν
1841 5440 1945 5503 non

379 5513 430 5561 iu
477 5513 652 5576 nobis,
700 5516 792 5569 sed
843 5517 894 5568 in
940 5520 1072 5585 ipso.
1107 5516 1204 5569 l’cr
1234 5533 1331 5570 nos
1353 5520 1492 5570 enim
1524 5519 1822 5573 coiitristati
1853 5535 1944 5572 su-

379 5594 515 5655 mus,
577 5587 699 5652 quia
742 5601 842 5652 per
884 5589 1192 5652 superbiant
1222 5598 1456 5641 nostram
1491 5589 1620 5655 lapsi
1646 5604 1828 5642 sumus
1854 5608 1866 5640 :
1891 5591 1945 5644 in

379 5649 492 5721 ipso
527 5649 660 5729 vero
699 5649 1020 5726 iactabimur,
1061 5657 1183 5727 quia
1224 5672 1318 5728 per
1343 5658 1514 5729 ipsum
1542 5649 1663 5717 vere
1693 5675 1940 5730 resurge-
1990 5732 2001 5736 μ

1984 4359 2032 4417 D

2074 1746 2178 1782 non
2228 1743 2308 1785 est
2331 1735 2406 1785 eis
2427 1732 2758 1800 justilicatio,
2792 1734 2884 1785 sed
2916 1736 3306 1800 prtevaricatio.
3345 1738 3406 1792 Et
3428 1732 3554 1792 ideo
3585 1739 3638 1795 in

2071 1813 2130 1874 se
2176 1801 2303 1869 ipsis
2325 1873 2330 1874 γ
2349 1802 2696 1874 hutnilientnr
2728 1815 3170 1871 recognoscentes
3195 1819 3254 1857 se
3283 1820 3437 1871 pares
3460 1808 3637 1874 genti-

2076 1869 2207 1944 bus,
2249 1873 2383 1944 quia
2415 1873 2638 1944 occlusit
2666 1869 2937 1941 Scriptura
2968 1875 3146 1927 omnia
3178 1869 3551 1944 sub—peccato,
3587 1889 3643 1935 ut

2075 1938 2127 1992 in
2177 1938 2274 1993 ilfo'
2299 1943 2386 2008 qui
2425 1941 2477 1994 in
2512 1954 2766 1996 :eternum
2791 1938 3156 2011 dominantur,
3190 1938 3366 1997 exalte
3392 1955 3511 2004 tur.
3539 1938 3644 2003 Po-

2069 2018 2171 2083 test
2199 2012 2360 2064 etiam
2391 2011 2455 2063 ad
2486 2021 2668 2083 gentes
2693 2013 2792 2067 hoc
2815 2013 3030 2074 referri,
3057 2025 3112 2066 ut
3135 2015 3210 2067 sic
3238 2013 3441 2068 dicatur
3473 2031 3488 2070 :
3525 2018 3636 2083 Ille,

2069 2078 2305 2148 inquam,
2335 2082 2747 2135 misericorditer
2797 2087 3031 2150 respexit
3077 2090 3284 2150 gentes,
3317 2084 3390 2140 illi
3421 2103 3547 2141 vero
3576 2078 3643 2142 de

2066 2151 2313 2220 gentibus
2337 2152 2424 2220 qui
2456 2162 2758 2218 exasperant
2788 2169 2930 2215 eum,
2966 2166 3338 2219 permanentes
3365 2157 3415 2208 itt
3451 2157 3640 2212 intide-

2067 2219 2215 2274 litate
2249 2219 2364 2284 sua,
2404 2232 2456 2274 ει
2479 2222 2613 2274 hanc
2638 2221 2857 2288 gratiam
2890 2224 3182 2275 vocationis
3215 2238 3318 2276 non
3353 2227 3641 2282 attenden-

2069 2297 2147 2342 tes
2191 2306 2294 2344 non
2337 2293 2622 2362 cxaltentur
2650 2292 2879 2359 amplius
2906 2294 2956 2343 in
2985 2293 3285 2361 sentctipsis,
3319 2293 3368 2346 id
3401 2307 3503 2362 est,
3533 2311 3637 2351 non

2069 2361 2676 2432 przesumantiamplius
2729 2365 2796 2415 de
2847 2363 3212 2426 magnitudine
3241 2364 3436 2432 ingenii
3480 2376 3534 2419 et
3576 2367 3637 2420 li-

2066 2433 2271 2552 bprtate
2313 2431 2520 2485 arbitrii
2547 2449 2557 2484 :
2590 2433 2683 2487 sed
2706 2432 2760 2485 in
2787 2446 2847 2487 se
2875 2432 3212 2486 intirmeatur
3241 2445 3297 2487 ut
3325 2435 3374 2486 in
3402 2433 3521 2504 ipso
3545 2451 3646 2491 ει·-

2066 2514 2095 2552 a
2121 2508 2316 2552 tentur.

2065 2508 2316 2554 altetttur.

2135 2567 2444 2644 Benedicite,
2476 2572 2858 2644 gentes,rDeum
2889 2581 3137 2644 nostrum,
3167 2580 3214 2644 et
3234 2573 3466 2644 auditam
3489 2575 3642 2644 facile

2063 2655 2247 2716 vocent,
2273 2641 2443 2695 laudis
2480 2640 2621 2712 'ejus.
2671 2643 2801 2716 Quia
2850 2643 2991 2716 oculi
3033 2640 3240 2716 ngini
3281 2658 3432 2712 super
3467 2640 3637 2716 gentes

2062 2711 2362 2783 respiciunt,
2388 2709 2536 2780 ergo,
2554 2724 2747 2783 gentes,
2768 2713 3040 2783 benedicite
3062 2709 3223 2763 Deum
3240 2730 3259 2778 ;
3277 2709 3356 2766 vel
3378 2709 3539 2767 etiam
3565 2719 3637 2771 ita

2063 2780 2700 2855 simplicitercontinuari
2731 2792 2919 2855 potest,
2939 2781 3146 2855 Venite,
3181 2784 3414 2855 inquam,
3434 2795 3628 2855 gentes,

2063 2859 2117 2930 ει
2138 2849 2446 2936 _benediclite
2490 2851 2672 2936 Deum,
2699 2854 2749 2906 id
2781 2864 2885 2936 est,
2939 2852 3075 2904 bona
3101 2849 3267 2918 opera
3289 2849 3481 2920 facite;
3515 2849 3633 2936 qua:

2064 2919 2308 2994 videntes
2338 2923 2451 2986 alii,
2491 2925 2777 2991 gloriﬁcent
2812 2923 2972 2974 Deum
3002 2931 3196 2988 patrent
3217 2933 3432 2976 vestrum
3463 2919 3550 2994 qui
3578 2926 3634 2979 in

2063 2991 2338 3062 rmlis_est.
2394 2995 2555 3046 Deum
2597 2995 2715 3046 dico
2746 3007 3002 3058 vestrum,
3051 2994 3101 3045 id
3133 3003 3237 3059 εει,
3269 2997 3355 3062 qui
3390 2991 3528 3047 Deus
3554 3006 3636 3050 est

2063 3076 2168 3114 non
2199 3060 2505 3115 ,Ιιιιιιυοιιιιιιι
2539 3072 2766 3129 tantum,
2799 3065 2890 3116 sed
2922 3068 3080 3115 etiam
3103 3060 3335 3128 gentium
3357 3081 3366 3115 :
3391 3061 3492 3117 hoc
3513 3067 3632 3117 ideo

2063 3131 2269 3199 priores
2317 3134 2386 3185 illi
2437 3136 2671 3197 porrecti,
2717 3137 2802 3200 qni
2854 3134 2937 3184 hic
2978 3136 3285 3199 loquuntur,
3317 3134 3541 3186 dicunt:
3577 3144 3636 3189 ut

2061 3214 2158 3268 per
2207 3202 2308 3256 hoc
2361 3203 2585 3255 doceant
2636 3220 2693 3254 se
2738 3203 2936 3254 VttliSse
2980 3216 3072 3268 per
3101 3203 3353 3268 Spiritum
3385 3215 3630 3257 sanctum

2061 3281 2267 3337 gentes,
2316 3275 2454 3324 situt
2500 3271 2729 3337 .ludteos,
2765 3273 3031 3324 vocandas
3059 3272 3120 3322 ad
3172 3272 3418 3339 gratiam.
3460 3271 3633 3326 Bene-

2060 3339 2240 3413 dicit‘e,
2274 3342 2579 3413 inquam,_et
2609 3342 2763 3409 facile
2783 3341 3014 3392 auditam
3035 3356 3201 3413 uocent
3227 3341 3394 3394 laudis
3421 3345 3553 3413 ejus,
3576 3343 3629 3398 id

2059 3419 2158 3475 est,
2179 3409 2331 3463 facite
2365 3411 2692 3464 liumiliando
2718 3427 2809 3465 vos
2839 3413 2888 3463 in
2914 3411 3180 3475 omnibus,
3204 3423 3254 3463 ιιι
3274 3413 3362 3463 alii
3382 3409 3620 3478 audiant,

2060 3479 2113 3531 id
2133 3489 2242 3552 cst,
2278 3481 2594 3552 intelligant,
2629 3497 2730 3548 qua
2761 3496 2888 3534 voce
2916 3496 3006 3552 vos
3036 3482 3260 3552 laudetis
3295 3484 3479 3534 Deum.
3507 3483 3632 3537 lla'c

2060 3550 2201 3620 enim
2245 3566 2346 3604 vox
2397 3550 2497 3619 est,
2531 3568 2629 3620 qua
2664 3567 2786 3606 vere
2816 3551 3060 3604 laudetur
3092 3551 3248 3616 Deus,
3280 3561 3337 3604 ut
3368 3552 3494 3605 nihil
3526 3553 3629 3607 sibi

2059 3619 2248 3685 aliquis
2298 3619 2558 3675 attribuat
2602 3637 2700 3675 nec
2747 3621 2815 3674 de
2868 3635 2927 3675 se
2979 3636 3313 3689 praesumat:
3363 3624 3457 3675 sed
3511 3637 3629 3676 Olll-

2059 3690 2144 3742 nia
2158 3693 2220 3743 ad
2239 3689 2404 3744 Deum
2426 3693 2618 3746 referat
2633 3693 2835 3753 dicens,
2852 3690 3032 3744 Gratia
3049 3689 3138 3743 Dei
3156 3691 3207 3743 id
3222 3693 3622 3760 sumqriodsum.

2132 3760 2233 3826 Qui
2262 3763 2428 3830 posuit
2458 3763 2682 3816 animum
2712 3778 2877 3815 meam
2900 3763 2964 3813 ad
2986 3763 3138 3814 vitam
3168 3776 3185 3813 :
3216 3772 3262 3814 rt
3283 3778 3382 3813 mm
3405 3763 3546 3814 dedit
3576 3765 3630 3815 in

2059 3833 2445 3902 cimmotionem
2468 3836 2618 3900 pedes
2643 3847 2795 3884 meos.
2827 3833 3135 3897 Benedicite,
3163 3830 3395 3902 inquam,
3427 3841 3620 3902 gentes.

2059 3898 2244 3955 Deum.
2299 3898 2476 3955 Deum‘
2515 3903 2652 3965 dico,
2701 3903 2788 3968 qni
2837 3911 2890 3954 et
2939 3918 3035 3953 nos
3077 3912 3132 3954 et
3161 3898 3392 3966 Julia-os,
3423 3898 3508 3970 Qui
3534 3916 3627 3970 per

2059 3985 2155 4039 nos
2198 3970 2478 4036 justilicari
2535 3989 2598 4024 ex
2639 3973 2754 4039 lege
2797 3988 2900 4024 non
2928 3984 3251 4037 poteramus,
3284 3972 3420 4024 sicut
3445 3981 3498 4024 ct
3531 3988 3622 4026 vos

2053 4038 2381 4108 justilicavit.
2427 4042 2579 4108 Quod
2627 4038 3031 4110 tequipollenter
3060 4043 3284 4110 intelligi
3315 4041 3470 4094 datur
3498 4055 3619 4095 cunt

2056 4111 2181 4162 dicit
2208 4128 2219 4161 :
2256 4113 2418 4164 Deum
2451 4112 2570 4166 dico
2591 4114 2674 4182 qui
2695 4113 2915 4165 animum
2937 4128 3102 4165 nteant
3126 4123 3361 4180 ereptam
3392 4113 3455 4163 ad
3481 4127 3624 4166 mor-

2058 4190 2164 4234 tem
2194 4182 2384 4250 posuit,
2413 4182 2460 4236 id
2493 4193 2592 4248 est,
2626 4183 2920 4236 buntiltavit
2941 4189 3007 4234 ad
3033 4199 3209 4236 Veram
3230 4184 3404 4245 vitam,
3429 4191 3485 4235 et
3507 4197 3626 4250 per-

2057 4255 2410 4306 severantiam
2459 4255 2618 4306 etiam
2673 4255 2801 4306 inibi
2854 4256 3019 4317 dedit,
3073 4257 3230 4306 idest
3259 4254 3502 4306 stabilem
3538 4267 3623 4306 me

2058 4321 2181 4392 fecit
2211 4339 2224 4373 :
2272 4324 2396 4390 quia
2450 4340 2553 4376 non
2599 4324 2737 4377 dedit
2763 4325 2913 4392 pedes
2941 4339 3078 4376 meos
3108 4323 3409 4392 interiores,
3444 4320 3494 4392 id
3522 4335 3636 4388 εει,

2056 4391 2362 4446 ειίῐεειίιηιεε
2410 4408 2557 4447 meas
2603 4395 2656 4446 in
2677 4391 3086 4455 commotionem,
3121 4391 3169 4443 id
3198 4401 3301 4456 est,
3334 4391 3386 4443 iit
3416 4391 3616 4458 aliquid

2055 4461 2195 4530 quod
2236 4477 2360 4531 vere
2408 4473 2583 4517 motus
2624 4467 2793 4531 possit
2822 4463 2946 4530 dici,
2972 4465 3042 4515 ita
3071 4471 3126 4513 ut
3155 4473 3541 4524 cotntuoverer,
3569 4461 3619 4513 id

2054 4541 2156 4598 est,
2189 4541 2243 4585 ut
2269 4530 2344 4585 sic
2390 4530 2635 4587 moverer
2667 4537 2910 4594 interius,
2945 4533 3181 4584 utetiam
3206 4543 3450 4584 moverer
3471 4539 3621 4586 exte-

2054 4602 2162 4654 rius
2195 4602 2532 4668 perducendo
2557 4603 2704 4655 illum
2733 4608 2794 4654 ad
2826 4615 3026 4655 actum.

2129 4670 2382 4736 Quoniam
2407 4673 2630 4740 probasti
2655 4689 2745 4725 nos
2770 4672 3172 4742 Deus;ignenos
3185 4669 3628 4726 examinustisicut

2052 4743 2374 4794 examinator
2413 4753 2700 4812 argentum.
2729 4743 2887 4808 Quasi
2913 4743 3056 4795 dicat
3090 4759 3101 4793 :
3136 4741 3284 4796 Unde
3311 4743 3362 4793 ιιι
3399 4752 3450 4794 ιε
3474 4755 3624 4794 com-

2055 4813 2218 4864 modo
2238 4812 2260 4862 ?
2314 4811 2434 4866 Ideo
2478 4811 2706 4880 Scilicet,
2733 4814 2988 4882 quoniam
3017 4813 3210 4865 multas
3239 4813 3467 4878 patimur
3497 4818 3620 4865 teu-

2054 4883 2280 4936 taliones
2297 4893 2349 4936 et
2374 4882 2757 4938 tribulationes.
2785 4884 2961 4950 Quare
2995 4884 3232 4948 pateris?
3260 4884 3517 4948 Quoniam
3541 4891 3615 4948 tu,

2052 4950 2215 5016 Deus,
2239 4953 2461 5022 probasti
2487 4969 2595 5020 nos,
2618 4954 2667 5007 id
2691 4962 2793 5021 est,
2816 4958 2866 5008 in
2887 4953 3474 5023 probatiouetnduxisti
3497 4967 3616 5013 nos.

2051 5033 2105 5077 et
2132 5023 2398 5091 quomodo
2428 5024 2724 5090 probaverit
2753 5026 3008 5092 Ostendit,
3059 5025 3262 5078 scilicet
3317 5023 3622 5076 exanimasti

2051 5109 2144 5146 nos
2195 5097 2330 5161 igne,
2385 5094 2435 5147 id
2483 5105 2585 5160 est,
2619 5094 3012 5150 l'erventissiuta
3047 5095 3407 5156 tribulatione,
3439 5105 3491 5146 et
3519 5094 3622 5147 hoc

2051 5165 2120 5216 ita
2169 5176 2299 5238 sicut
2343 5166 2662 5238 examinatur
2707 5178 2994 5238 argentum.
3026 5165 3187 5231 Quasi
3218 5165 3358 5217 dicat
3393 5180 3405 5214 :
3441 5163 3620 5231 Ignisti

2051 5250 2168 5300 nos,
2190 5235 2282 5288 sed
2302 5249 2404 5287 non
2429 5236 2734 5290 incinerasti
2768 5235 2883 5291 nos.
2909 5238 3086 5303 lgttisti
3117 5251 3214 5288 nos
3245 5250 3349 5286 non
3377 5245 3432 5286 ut
3459 5241 3619 5284 absu-

2051 5321 2242 5371 meres,
2259 5306 2352 5360 sed
2381 5315 2436 5359 ut
2467 5322 2737 5375 purgatos.
2760 5310 3050 5375 Argentum
3075 5304 3411 5375 examinator
3435 5319 3538 5375 non
3564 5310 3628 5375 ut.

2047 5381 2378 5444 absumatur,
2408 5377 2499 5430 sed
2523 5372 2588 5428 ut
2609 5372 2878 5444 purgetur.
2912 5379 3092 5430 POlCal
3122 5383 3174 5428 et
3203 5375 3300 5426 alia
3323 5372 3616 5426 similitudo

2043 5447 2159 5522 jam
2210 5447 2332 5500 alibi
2387 5450 2546 5512 dicta,
2595 5452 2661 5499 ab
2686 5458 2904 5515 argento
2934 5447 3241 5501 examinato
3275 5445 3616 5522 tralti._Sicut

2047 5513 2188 5570 enim
2219 5527 2494 5583 argentum
2523 5513 3130 5582 examinatum,tunsum
3161 5532 3264 5571 nou
3288 5513 3499 5580 dissilit,
3524 5513 3621 5570 sed

2049 5588 2102 5641 in
2158 5587 2381 5658 longum
2423 5599 2476 5641 et
2517 5587 2568 5642 in
2599 5591 2760 5641 latum
2791 5589 3020 5653 crescit;
3053 5589 3122 5642 ita
3149 5591 3237 5658 qui
3263 5586 3493 5657 perfecte
3525 5587 3623 5658 tri-

2049 5658 2331 5716 bulationis
2374 5657 2513 5729 igne,
2569 5672 2662 5729 pro
2706 5659 2810 5714 ﬁde
2856 5661 3056 5718 rccucti
3080 5656 3221 5729 sunt,
3251 5656 3390 5714 tonsi
3420 5658 3486 5712 ab
3516 5656 3619 5715 iui~
