4010 6190
357 169 462 223 82.3

812 118 1017 226 BED—fE
1062 168 1510 229 VENERABILIS
1548 170 1700 229 OPP.
1733 170 1909 227 PARS
1951 171 2014 226 ll.
2055 170 2251 228 SECT.
2295 172 2451 227 ll.—-
2478 172 2685 232 DUBIA
2724 173 2812 229 ET
2850 172 3119 230 SPURIA.

3495 173 3612 228 82.4

357 289 510 345 micis
528 302 643 359 non
673 285 1034 359 dissiliunt,id
1051 296 1147 359 est
1167 287 1218 341 in
1240 286 1495 342 charitate
1518 301 1623 341 non
1648 287 1920 354 deﬁciunt,
1952 290 2000 347 Α
2028 287 2188 359 etiam
2214 287 2313 359 hoc
2332 297 2498 343 totum
2512 289 2579 344 de
2603 290 2851 357 prmsenti
2866 290 2991 359 legi,
3008 296 3066 343 ut
3084 288 3160 343 sic
3175 287 3617 344 dicaturzlntroc

361 360 454 414 sed
495 358 724 412 charitas
753 372 935 412 eorum
966 358 1017 411 in
1050 358 1211 411 latum
1239 358 1574 419 extenditur;
1605 359 1729 427 quin
1757 359 1917 412 etiam

360 445 530 496 usque
578 427 817 481 inimicos
843 427 1141 496 porrigitur,
1166 428 1218 481 in
1249 428 1462 498 longum
1483 427 1645 482 etiam
1678 442 1771 496 per
1795 443 1918 497 per-

355 499 705 554 severantiam
733 498 962 552 ducitur.

426 568 689 623 Induxiin
740 583 831 622 nos
861 570 911 620 in
944 567 1204 638 laqueum,
1239 567 1451 636 posuisti
1481 568 1835 623 tribulationcs
1864 570 1919 624 in

353 642 507 695 dorso
536 648 731 692 nostro.
761 638 1005 693 Ostendit
1031 655 1123 705 per
1148 649 1324 706 partes
1348 638 1734 706 probationem.
1755 640 1916 706 Quasi

356 711 497 764 dicat
540 728 552 762 :
607 708 741 761 Vere
787 710 1087 762 examinain
1131 726 1242 773 nos,
1284 711 1406 774 quia
1434 708 1604 762 hocet
1637 708 1737 763 hoc
1761 710 1919 765 modo

350 779 617 845 indusiati,
652 779 885 845 inquam,
917 795 1007 831 nos
1035 781 1086 832 in
1115 780 1368 845 laqueum,
1406 778 1454 829 id
1478 790 1578 843 est,
1615 780 1667 832 in
1699 790 1917 835 catenas

350 860 404 903 et
451 850 501 903 in
542 863 811 903 carcerem
857 858 911 902 et
951 850 1003 902 in
1040 850 1253 911 similia,
1303 849 1498 915 quibus
1545 864 1671 903 caro
1698 850 1915 917 quidem

346 921 665 981 vinceretur,
695 919 869 972 anima
899 934 1028 974 vero
1067 921 1475 982 absorberetur;
1505 928 1561 971 et
1592 920 1782 987 quibus
1812 936 1916 976 non

347 990 700 1052 irretiremur,
755 989 848 1043 sed
895 991 1285 1054 expedirentur,
1314 998 1366 1041 et
1386 990 1600 1057 posuisti
1629 990 1917 1045 tribulatio-

348 1077 435 1113 nes
461 1060 511 1112 in
537 1059 687 1113 dorso
705 1072 902 1125 nostro,
921 1059 972 1112 id
987 1069 1086 1122 est,
1110 1057 1283 1113 fecisti
1301 1073 1395 1111 nos
1414 1059 1654 1112 inciidem
1678 1060 1913 1117 omnium

347 1129 775 1184 tribulationum.
822 1128 956 1183 Male
1001 1130 1143 1182 enim
1170 1128 1333 1181 erecti
1362 1143 1598 1192 eramus,
1621 1130 1712 1183 sed
1740 1141 1790 1183 tu
1817 1148 1913 1187 nos

345 1200 659 1263 incurvasti,
709 1209 764 1253 ut
809 1199 1070 1253 iucurvati
1097 1200 1232 1252 bene
1260 1200 1613 1267 erigeremur.
1648 1200 1913 1257 Praeterea

343 1269 626 1337 imposuisti
655 1269 882 1322 homines
904 1285 1053 1337 super
1083 1270 1253 1335 capita
1274 1279 1463 1335 nostra,
1500 1270 1550 1321 id
1578 1278 1679 1331 est,
1713 1279 1912 1326 tantam
1962 1292 1967 1307 ι

347 1348 668 1408 potestatem
714 1338 1017 1394 hominibus
1048 1339 1243 1406 pravis,
1266 1339 1315 1391 id
1343 1346 1448 1403 est,
1494 1341 1730 1407 tyrannis
1755 1355 1915 1408 super

351 1424 451 1463 nos
478 1409 692 1468 dedisti,
722 1421 782 1462 ut
809 1409 967 1462 etiam
1001 1410 1283 1475 capitalem
1313 1408 1379 1462 de
1405 1409 1556 1462 nobis
1585 1408 1773 1463 darent
1793 1428 1915 1466 sen-

347 1482 587 1533 tentiam.
614 1478 981 1533 Toleravimus
1001 1479 1140 1539 enim
1166 1480 1488 1543 superiores,
1513 1494 1647 1545 quos
1668 1481 1914 1536 nevimus

348 1550 505 1604 nobis
557 1547 787 1617 pejores.
848 1549 914 1602 Et
959 1549 1061 1601 hoc
1087 1549 1246 1602 modo
1282 1550 1604 1601 transivimus
1629 1566 1717 1616 per
1746 1551 1913 1619 ignem

2026 356 2106 409 ibo
2131 357 2341 410 tandem
2359 360 2412 413 in
2442 356 2646 412 domum
2668 370 2799 413 tuam
2820 356 3279 426 superctelestem.
3298 370 3350 413 et
3371 373 3420 413 ut
3438 362 3612 414 intro-

2025 442 2165 488 eam,
2191 429 2403 482 reddam
2431 430 2517 482 tibi
2544 445 2685 484 nunc
2706 430 2919 484 interim
2948 441 3061 483 vota
3084 447 3214 493 mea,
3238 429 3344 491 illa,
3372 431 3610 497 scilicet,

2022 512 2136 561 qua?
2163 498 2296 551 labia
2337 516 2447 552 mea
2477 500 2733 553 interiora
2766 500 3125 564 distinxerunt,
3161 500 3211 553 id
3252 511 3353 564 eat,
3384 501 3605 555 discre-

2024 576 2236 631 verunt,
2279 569 2504 635 scilicet,
2540 576 2598 622 ut
2625 585 2710 623 me
2741 584 3007 633 accusem,
3041 580 3095 624 te
3125 569 3354 623 laudem.
3385 570 3459 625 Te
3482 572 3605 624 Do-

2024 636 2226 691 minum
2268 638 2412 701 dico,
2455 655 2539 691 me
2568 654 2778 693 servum
2807 657 2821 704 ;
2869 648 2921 693 te
2968 654 3055 694 me
3085 655 3190 694 non
3220 640 3473 707 indigere,
3508 655 3607 694 me

2023 707 2140 760 sine
2167 717 2220 760 te
2247 723 2367 763 esse
2395 724 2501 761 non
2533 723 2711 777 posse,
2739 719 2793 761 et
2816 709 3026 763 similia.
3071 709 3137 763 Et
3175 724 3294 777 quae
3330 728 3385 763 os
3427 728 3605 765 meum

2020 777 2254 831 exterius
2316 778 2544 831 maxime
2591 780 2816 831 locutum
2870 790 2943 832 est
2991 781 3045 832 in
3095 779 3451 847 tribulatione,
3502 781 3608 838 ubi

2021 855 2239 919 oportet
2267 863 2354 919 me
2386 847 2714 919 devotiorem
2743 863 2881 903 esse.
2913 848 3281 904 Tribulatione
3306 851 3433 903 dicit
3458 868 3603 919 nica,

2021 914 2071 968 id
2121 925 2224 980 est,
2272 918 2400 971 mihi
2446 918 2561 972 utili
2628 928 2682 972 et
2730 918 3054 974 necessaria.
3108 920 3422 975 llolocausta
3470 914 3601 974 mea

2019 986 2375 1056 distinxerunt,
2424 989 2661 1056 inquam,
2691 988 2825 1042 labia
2854 1004 2988 1056 mea,
3019 998 3143 1043 vota
3174 989 3265 1043 tibi
3294 992 3597 1052 reddenda,

2018 1062 2073 1108 et
2103 1055 2217 1110 huic
2245 1055 2618 1126 distinguendo
2652 1058 2862 1125 olferam
2904 1055 2991 1111 tibi
3031 1060 3328 1113 holocausta
3367 1074 3508 1125 mea,
3545 1064 3598 1114 id

2018 1135 2123 1188 est,
2149 1127 2335 1181 intima
2364 1130 2624 1182 charitate
2654 1128 2797 1183 intus
2827 1128 3045 1193 referta,
3079 1139 3135 1182 ut
3163 1145 3269 1184 non
3303 1141 3353 1184 te
3384 1142 3591 1185 tantum

2017 1208 2189 1250 amem
2220 1196 2270 1251 in
2298 1195 2602 1266 superlicie,
2630 1199 2725 1252 sed
2752 1201 2802 1251 in
2830 1198 3016 1252 intimo
3044 1213 3248 1262 amore,
3272 1211 3323 1254 et
3352 1201 3597 1254 exterius

2016 1271 2255 1331 saginata
2308 1267 2430 1329 ﬁde,
2482 1277 2535 1321 et
2581 1282 2698 1336 spe,
2752 1280 2804 1322 et
2853 1268 2993 1322 bona
3039 1273 3370 1336 operat'70ne.
3426 1270 3598 1324 l’ecns

2015 1337 2155 1387 enim
2203 1337 2543 1407 medullatiim
2584 1347 2638 1391 et
2670 1338 2895 1391 interius
2938 1338 3183 1393 medullis
3218 1351 3299 1392 est
3344 1340 3583 1407 plenum,

2016 1413 2070 1456 et
2096 1406 2331 1461 exterius
2357 1406 2680 1474 saginatum.
2711 1408 2779 1461 Et
2798 1418 2879 1462 est
2901 1408 3052 1475 quasi
3079 1408 3221 1461 dicat
3247 1427 3258 1461 :
3290 1406 3399 1463 Non
3430 1414 3595 1463 delet

2015 1488 2143 1547 esse
2167 1491 2391 1547 vacuum
2418 1485 2470 1528 et
2491 1478 2717 1542 aridum,
2752 1477 2894 1547 quod
2925 1486 3027 1531 tua:
3057 1480 3249 1546 tnajest
3286 1482 3319 1531 ti
3351 1493 3430 1532 εει
3458 1482 3595 1532 olfe-

2017 1545 2264 1596 rcuduni.
2313 1546 2546 1600 Vacuum
2574 1545 2788 1612 quidem
2818 1563 2845 1599 a
2878 1545 3171 1611 charitate,
3223 1549 3430 1601 aridum
3466 1565 3593 1603 vero

346 1614 686 1695 adversitaiis
727 1618 1485 1695 ettribulationisillmsi,quia
1511 1614 1788 1695 non'lregi't
1817 1638 1913 1677 nos
1949 1637 1989 1695 Β
2018 1626 2048 1664 a
2082 1614 2204 1691 fide,
2237 1616 2318 1670 vel
2348 1630 2376 1669 a
2409 1630 2537 1695 spe...
2580 1617 2643 1695 Et
2687 1618 2787 1671 hoc
2832 1616 3057 1695 faciam,
3105 1618 3188 1695 vel
3231 1620 3591 1695 cumini-ense

340 1688 658 1757 adversitas,
675 1699 721 1743 et
751 1690 827 1744 sic
854 1690 1014 1743 etiam
1040 1705 1131 1753 per
1157 1705 1343 1755 aquam
1374 1689 1717 1742 transivimus
1735 1691 1910 1757 illaesi,

342 1760 399 1813 id
427 1770 509 1814 est
532 1774 624 1828 per
656 1760 1085 1828 prOSperitatem,
1117 1760 1239 1827 quia
1273 1773 1379 1811 non
1409 1774 1506 1811 nos
1537 1760 1728 1812 extulit
1760 1775 1912 1828 prus-

340 1831 559 1897 peritas,
609 1845 713 1883 non
761 1840 841 1883 est
888 1830 1029 1882 enim
1077 1838 1246 1882 tutum
1298 1843 1391 1895 per
1437 1844 1627 1896 aquam
1663 1833 1909 1898 transire,

346 1899 471 1966 quia
515 1901 666 1955 facile
710 1899 933 1953 solvitur
962 1898 1336 1967 prosperitate,
1383 1898 1481 1951 nisi
1505 1898 1909 1961 priusindurue-

344 1970 413 2022 rit
463 1969 671 2038 integre
718 1970 771 2024 in
815 1969 1173 2022 tribulationis
1219 1966 1457 2038 fornace.
1489 1968 1647 2023 Testa
1682 1985 1911 2037 namque

348 2039 449 2093 nisi
501 2037 648 2105 prius
695 2039 1071 2104 consolidetur,
1101 2053 1208 2105 pra:
1236 2038 1413 2092 calore
1445 2037 1495 2091 in
1528 2053 1717 2103 aquam
1749 2040 1911 2095 missa

346 2109 556 2164 difﬂuit.
580 2110 967 2175 Transivimus,
993 2108 1228 2177 inquam,
1245 2123 1339 2178 per
1362 2108 1536 2176 ignem
1557 2121 1609 2163 et
1632 2123 1911 2178 aquam,et

346 2189 403 2231 tu
424 2180 652 2233 eduxisti
679 2179 745 2233 ab
774 2180 893 2248 igne
919 2190 973 2233 et
997 2193 1129 2247 aqua
1162 2178 1357 2232 illmsos
1381 2195 1394 2231 :
1427 2189 1471 2232 et
1495 2180 1716 2233 eduxisti
1745 2197 1833 2234 nos
1856 2183 1908 2235 in

337 2250 701 2321 refrigerium,
732 2250 907 2321 idest
950 2258 1012 2321 ut
1055 2250 1418 2321 refrigeratum
1461 2250 1749 2303 habeamus
1778 2266 1912 2304 con-

338 2319 639 2374 scientiam.
670 2320 851 2374 Gloria
877 2320 1020 2374 enim
1053 2332 1234 2373 nosu'a
1270 2319 1382 2373 haec
1410 2330 1512 2385 est,
1545 2321 1906 2377 testiinonium

339 2392 679 2445 conscientia:
728 2399 956 2452 nostrai;
1001 2399 1056 2442 et
1090 2389 1158 2443 ab
1185 2390 1284 2442 hoc
1308 2390 1587 2459 refrigerio
1617 2391 1780 2444 duces
1810 2408 1907 2447 nos

340 2461 392 2512 in
424 2459 870 2515 ferventissimutn
901 2460 1096 2528 ignem,
1120 2460 1241 2528 quia
1265 2474 1360 2526 ego
1390 2460 1606 2512 introibo
1634 2462 1685 2511 in
1702 2463 1907 2514 domum

340 2539 480 2582 tuam
523 2529 957 2597 supercmlestem
1004 2544 1100 2583 ens
1154 2529 1207 2581 in
1249 2530 1580 2593 holocaustis,
1621 2530 1741 2598 quia
1766 2542 1906 2587 totus

343 2600 603 2652 accendar
632 2600 751 2668 igne
782 2599 1203 2667 ﬂagrantissima:
1240 2597 1537 2668 charitatis,
1581 2597 1648 2651 ut
1666 2600 1764 2653 sim
1798 2600 1904 2655 Deo

346 2667 731 2724 holocaustum.
766 2669 1141 2723 llulocaustum
1167 2667 1305 2721 cnim
1334 2668 1710 2735 interpretatur
1735 2680 1903 2724 totum

342 2737 640 2805 incensum,
691 2748 745 2793 et
789 2739 1008 2793 deberet
1058 2738 1237 2792 dicere
1278 2754 1290 2788 :
1342 2735 1572 2791 Introibo
1616 2740 1668 2792 in
1697 2741 1905 2794 domum

345 2817 483 2861 tuam
507 2810 561 2862 in
590 2809 903 2864 holocausta.
938 2808 1041 2863 Sed
1071 2808 1194 2876 quia
1221 2808 1319 2878 iste
1347 2810 1592 2877 unus-qui
1618 2809 1703 2863 hic
1733 2810 1903 2878 l0qui-

347 2889 455 2944 tur,
486 2888 565 2932 est
592 2880 644 2933 in
673 2879 870 2945 multis,
896 2879 1014 2932 ideo
1039 2878 1167 2931 dicit
1198 2895 1209 2929 :
1239 2877 1469 2930 lntroibo
1490 2881 1541 2931 in
1571 2877 1899 2947 holocaustis,

342 2948 465 3018 quia
494 2950 719 3018 quisque
746 2949 847 3002 erit
876 2948 943 3002 ibi
986 2948 1372 3011 holocaustum,
1399 2957 1452 3002 et
1480 2947 1549 3001 ibi
1576 2951 1788 3003 reddam
1814 2954 1904 3005 tibi

343 3016 454 3089 Deo
495 3016 608 3072 uota
633 3016 790 3082 'mea,
833 3018 883 3072 id
922 3026 1184 3089 estpquaz
1213 3027 1508 3089 teqnumrut
1532 3018 1628 3089 tibi
1658 3020 1898 3089 reddam,

339 3088 562 3153 scilicet,
613 3088 865 3158 hymnum
920 3087 1106 3151 laudis,
1140 3086 1291 3155 juxta
1321 3088 1447 3140 illud
1477 3105 1487 3138 :
1517 3086 1740 3156 Cumque
1769 3086 1904 3146 omni

339 3159 523 3211 militia
567 3159 774 3214 cazlestis
810 3159 1056 3211 exercitus
1083 3159 1325 3226 hymnum
1354 3158 1648 3228 glorltetua:
1675 3161 1903 3217 canimus

338 3244 384 3299 ρ.
417 3231 455 3297 f.
483 3230 536 3282 d.
587 3229 742 3299 vota,
778 3229 866 3290 _d.,
911 3243 1025 3295 qua:
1071 3228 1206 3281 labia
1245 3244 1356 3280 mea
1403 3228 1677 3293 interiora,
1722 3231 1771 3283 id
1798 3243 1899 3299 est,

338 3296 479 3352 labia
505 3298 702 3361 cordis,
726 3300 846 3366 quia
878 3299 969 3351 tibi
997 3300 1202 3365 loquor,
1230 3299 1571 3352 distinxerunt
1589 3302 1655 3354 ab
1672 3296 1906 3356 exterio—

340 3366 490 3422 ribus
538 3370 699 3433 votis,
743 3368 836 3422 tibi
879 3383 999 3421 esse
1047 3369 1341 3424 offerenda.
1397 3368 1465 3420 Et
1509 3385 1625 3435 qua:
1657 3370 1815 3425 etiam
1849 3389 1904 3426 os

346 3455 515 3510 meum
554 3439 796 3510 exterius
838 3439 1058 3510 locutum
1100 3446 1176 3492 est
1204 3440 1253 3491 in
1278 3439 1625 3503 tribulatione,
1654 3443 1772 3510 quia
1808 3457 1907 3498 nec

338 3509 610 3564 tribulatio
655 3509 827 3579 potuit
881 3508 1009 3579 mihi
1058 3509 1144 3563 hic
1183 3518 1302 3562 vota
1333 3510 1441 3575 illa,
1476 3510 1527 3563 id
1558 3508 1903 3577 cst,'laudem

341 3587 485 3633 tuam
534 3588 870 3650 extorquere,
920 3578 1016 3650 ille
1058 3579 1225 3632 Deum
1256 3578 1434 3650 laudat
1463 3580 1514 3632 in
1540 3580 1902 3650 tribulatione,

340 3666 498 3718 quem
550 3665 655 3703 non
705 3648 1229 3718 frangitrtribulatio,
1274 3649 1365 3718 sed
1400 3664 1611 3717 semper
1633 3648 1904 3706 dicitcum

340 3717 499 3775 beato
538 3719 639 3775 Job
668 3717 962 3774 citharoedo
991 3720 1193 3787 optimo
1219 3737 1231 3771 :
1267 3717 1515 3772 Dominus
1536 3720 1693 3784 dedit,
1731 3720 1906 3775 Domi-

338 3806 437 3843 nus
489 3790 712 3844 abstulit.
756 3788 837 3844 Sit
889 3786 1069 3841 nomen
1127 3786 1335 3842 Domini
1392 3788 1727 3843 bensdictum.
1784 3790 1906 3846 ldeo

336 3872 514 3915 autem
558 3861 685 3914 dicit
718 3877 730 3912 ε
759 3858 823 3913 1η
853 3858 1176 3913 tribulatione
1206 3876 1336 3924 meo,
1362 3860 1482 3928 quia
1516 3860 1779 3914 tr.bulatiu
1802 3864 1906 3917 uti-

336 3931 402 3986 lis
431 3942 512 3984 eSt
542 3940 595 3983 et
616 3929 938 3993 necessatis,
959 3930 1079 3997 quia
1108 3930 1232 3983 facit
1260 3931 1528 3983 hominem
1551 3931 1900 3987 devotiorem.

412 3999 733 4054 Ilolocausta
752 4000 1029 4052 medullula
1057 3999 1269 4067 offeram
1294 4001 1383 4051 tibi
1409 4016 1522 4051 cum
1543 4002 1746 4054 incenso
1774 4004 1908 4055 arie-

336 4078 461 4133 tum,
491 4069 706 4134 o/feram
737 4069 823 4120 tibi
853 4068 997 4123 boves
1031 4085 1143 4121 cum
1174 4068 1350 4122 hircis.
1406 4067 1639 4123 Reddam
1673 4071 1789 4131 tibi,
1821 4072 1903 4124 in-

337 4153 522 4207 quam,
558 4147 698 4202 vota,
729 4146 783 4191 et
810 4153 927 4204 qua:
950 4140 1137 4207 vota?
1171 4135 1410 4203 Scilicet,
1459 4140 1673 4194 offeram
1703 4140 1790 4193 tibi
1813 4140 1905 4193 ho-

336 4206 566 4263 locausta
608 4208 918 4268 medullata,
948 4206 996 4258 id
1028 4216 1133 4278 est,
1166 4208 1445 4278 placentia.
1479 4208 1717 4278 Pinguia
1762 4213 1905 4264 enim

340 4279 648 4335 holocausta
695 4284 847 4331 erant
896 4277 1336 4342 acceptabilioi‘a,
1395 4277 1617 4341 scilrcet,
1671 4279 1897 4333 ollerain

337 4348 431 4418 tibi
474 4348 682 4418 laudem
729 4348 1013 4415 integram,
1043 4357 1095 4399 et
1124 4347 1437 4401 chaiizateui
1472 4346 1730 4418 intimam,
1781 4365 1898 4418 qua:

334 4412 547 4487 placent
578 4417 691 4472 tibi.
729 4420 792 4471 lit
813 4412 915 4471 hoc
943 4432 1056 4467 cum
1082 4419 1283 4487 incenso
1318 4417 1549 4487 arietum,
1586 4416 1639 4470 id
1666 4429 1768 4481 est,
1798 4412 1897 4487 per

336 4486 629 4560 orationem
672 4498 909 4560 sanctam
934 4501 1047 4560 _pro
1089 4501 1175 4560 me
1206 4486 1271 4560 ab
1312 4486 1586 4551 arietibus,
1645 4487 1701 4541 id
1731 4486 1832 4551 est.
1865 4505 1899 4543 a

337 4559 535 4613 sanctis
565 4558 827 4627 patribus,
858 4555 1076 4625 qui'nos
1106 4557 1158 4627 in
1202 4555 1305 4627 ﬁde
1333 4566 1659 4624 genuerunt,
1704 4567 1760 4610 et
1805 4574 1898 4624 per

338 4641 513 4683 meam
567 4625 871 4684 orationem
922 4641 1026 4679 non
1079 4625 1481 4680 dissentirntem
1531 4641 1558 4678 a
1611 4628 1897 4684 traditione

335 4696 573 4767 ipsorum
614 4709 923 4767 sanctorum
968 4705 1214 4767 patrum;
1257 4710 1372 4767 qua;
1404 4697 1510 4749 Deo
1540 4696 1613 4767 ita
1645 4708 1727 4750 est
1752 4700 1896 4752 dele-

333 4766 713 4831 Ctabilis,sicut
728 4766 908 4820 suavis
930 4776 1007 4819 est
1030 4766 1186 4820 alieni
1210 4768 1345 4820 odor
1361 4766 1561 4818 incensi
1605 4766 1737 4820 Vere
1754 4769 1894 4823 enim

336 4838 444 4889 Deo
474 4848 554 4890 est
578 4843 807 4905 gr.t:im,
853 4837 994 4904 quod
1034 4838 1249 4905 quidem
1282 4842 1536 4905 probatur
1565 4834 1629 4889 ab
1660 4839 1895 4891 auctori-

338 4917 448 4961 tate
474 4904 777 4960 sanctorum
814 4905 1025 4958 Patrum
1054 4904 1159 4961 non
1185 4920 1301 4960 esse
1322 4904 1617 4961 dissonum.
1641 4907 1891 4971 Ulleram,

336 4978 573 5045 inquam,
610 4976 945 5045 holocausta,
975 4982 1029 5028 et
1058 4974 1270 5041 o/feram
1325 4974 1415 5027 tibi
1454 4978 1625 5045 boves,
1680 4976 1745 5045 id
1780 4990 1893 5043 est,

335 5044 618 5114 magistros
649 5059 796 5114 meus
826 5044 1139 5099 triturautes
1185 5060 1293 5099 me.
1347 5045 1413 5097 Et
1452 5044 1651 5109 hircos,
1702 5044 1753 5100 id
1781 5058 1893 5113 est,

335 5117 388 5169 in
421 5113 651 5185 peccatis
693 5113 881 5185 felidos
911 5117 1135 5185 oll'eram
1167 5116 1283 5180 tibi,
1330 5130 1438 5167 nou
1483 5123 1813 5183 tantumper
1837 5132 1897 5172 se

336 5183 532 5250 hircos,
560 5186 651 5240 sed
680 5185 748 5238 ita
780 5195 837 5237 ut
857 5183 1021 5237 boves
1049 5184 1154 5238 sint
1179 5201 1294 5235 cum
1326 5185 1416 5236 hir.
1434 5186 1499 5247 is,
1531 5186 1580 5239 id
1607 5192 1709 5248 est,
1741 5195 1797 5238 ut
1819 5188 1895 5242 illi

335 5261 424 5326 qui
458 5259 603 5324 prius
628 5263 791 5326 erant
814 5254 943 5326 hirci
976 5268 1003 5306 a
1031 5253 1202 5307 bobus
1230 5254 1337 5326 sint
1367 5254 1619 5326 triturati,
1651 5258 1785 5326 etin
1818 5258 1897 5311 eis

334 5323 678 5394 incorporati,
706 5324 829 5393 quia
864 5323 965 5377 hoc
1007 5332 1167 5377 etiam
1215 5324 1307 5377 tibi
1338 5325 1518 5394 placet
1550 5324 1891 5390 sacrificium,

334 5396 376 5445 si
411 5393 715 5465 peCCatores
760 5394 844 5447 hic
887 5404 1284 5465 convertantur,
1317 5403 1371 5446 et
1401 5393 1553 5465 bouis
1598 5408 1890 5465 cuneorpo-

337 5473 538 5519 tentur.
568 5464 675 5518 Nec
718 5473 770 5518 te
807 5463 984 5518 tuibet
1011 5469 1147 5529 quod
1181 5463 1305 5517 dicit
1334 5479 1346 5514 :
1373 5461 1601 5515 Ull‘vram
1644 5461 1812 5517 boves
1844 5475 1896 5520 et

332 5533 530 5597 lnrcos,
576 5537 697 5601 quia
743 5534 792 5586 iii
834 5532 924 5586 illo
970 5533 1129 5599 priori
1174 5532 1368 5600 populo
1404 5532 1491 5599 qui
1523 5532 1606 5584 hic
1637 5532 1892 5599 loquitur,

331 5603 482 5673 quasi
509 5618 643 5659 unus
665 5603 875 5659 luerunt
905 5614 955 5659 et
983 5602 1146 5659 boves
1169 5616 1217 5659 ct
1246 5602 1375 5661 hit‘ci
1405 5603 1674 5661 conversi.
1714 5605 1895 5661 l’otest

1930 2986 1978 3050 ο

2016 1685 2255 1755 arietum,
2290 1696 2349 1739 ut
2372 1685 2723 1754 prmdiximus
2749 1705 2764 1752 ;
2795 1686 2876 1739 vel
2910 1687 3032 1755 quia
3064 1688 3276 1754 quidam
3323 1689 3442 1742 libri
3490 1692 3589 1741 ba-

2017 1752 2145 1807 bent
2187 1771 2302 1808 cum
2348 1752 2579 1821 incensa,
2632 1758 2773 1823 quod
2822 1752 3092 1823 signiﬁcat
3129 1757 3453 1812 incendium.
3512 1759 3586 1814 lta

2013 1836 2294 1890 possumus
2337 1825 2516 1879 dicere
2544 1843 2557 1879 :
2587 1825 2814 1895 Offeram
2848 1828 2937 1879 tibi
2966 1827 3263 1881 holocausta
3312 1844 3428 1882 mea
3474 1846 3589 1884 cum

2013 1895 2224 1947 incensa
2253 1896 2494 1959 arietum,
2525 1896 2575 1949 id
2598 1907 2702 1961 est,
2736 1898 3071 1951 incendendo
3101 1911 3151 1951 et
3175 1899 3501 1952 destruendo
3527 1900 3582 1956 in

2015 1978 2101 2017 me
2126 1966 2420 2036 lasciviam,
2461 1981 2580 2035 quae
2619 1983 2713 2033 per
2741 1969 2960 2021 arietem
2988 1967 3329 2036 designatur;
3360 1981 3415 2022 et
3444 1968 3575 2035 olfe-

2011 2048 2122 2103 ram
2161 2035 2250 2087 tibi
2279 2039 2422 2089 boves
2449 2052 2564 2089 cum
2605 2038 2781 2098 hircis,
2814 2038 2865 2091 id
2907 2048 3009 2103 est,
3055 2035 3122 2091 et
3140 2039 3297 2091 boves
3327 2048 3380 2092 et
3410 2041 3586 2096 hircos

2014 2102 2142 2175 item
2184 2120 2305 2159 cum
2339 2109 2577 2171 incenso,
2609 2107 2660 2160 id
2691 2117 2794 2175 est,
2827 2102 3105 2161 incendam
3138 2108 3189 2161 in
3234 2124 3319 2162 tne
3347 2112 3584 2164 cervico-

2011 2172 2226 2247 sitatem
2257 2185 2309 2229 et
2337 2176 2659 2243 superbiam,
2694 2172 2815 2244 qua:
2860 2178 3186 2247 perbovem
3235 2178 3582 2247 designatur;

2010 2252 2065 2295 et
2092 2245 2367 2317 incendam
2396 2247 2448 2299 in
2481 2262 2565 2300 me
2596 2245 2931 2313 peccatorum
2963 2246 3207 2311 fetorem,
3237 2250 3325 2316 qui
3354 2245 3451 2317 per
3476 2245 3584 2303 hiré

2009 2327 2135 2389 cum
2169 2316 2495 2389 designatur.
2552 2318 2618 2370 Et
2646 2319 2778 2389 haec
2814 2318 3029 2371 incensa
3059 2320 3148 2370 tibi
3179 2316 3422 2386 oderam,
3463 2322 3581 2389 quia

2011 2382 2114 2436 hoc
2137 2386 2242 2438 erit
2273 2382 2364 2440 tibi
2392 2387 2709 2441 delectabile
2734 2388 3077 2441 saeiiﬁcium.

2093 2451 2285 2521 Venite,
2332 2466 2377 2509 et
2417 2458 2612 2522 audite,
2660 2466 2703 2509 et
2752 2461 2992 2522 uairabo,
3047 2473 3218 2510 omnes
3263 2460 3350 2527 qui
3399 2461 3577 2513 timetis

2014 2523 2199 2598 _Deum,
2231 2537 2431 2598 quanta
2476 2528 2594 2595 fecit
2635 2527 2815 2581 animi:
2858 2544 3000 2581 mire.
3046 2527 3158 2581 Alia
3187 2523 3311 2583 item
3341 2531 3574 2598 gentium

2010 2594 2297 2667 invocatio,
2330 2612 2427 2649 nec
2451 2599 2736 2667 rStlpBlﬂllll
2782 2600 2937 2652 toties
2982 2598 3178 2659 vocari,
3210 2594 3576 2667 cum'quidam

2007 2664 2181 2735 adhuc
2203 2666 2307 2719 sint
2331 2666 2480 2735 pigri,
2514 2667 2783 2722 multoties
2815 2677 2990 2723 tamen
3018 2668 3207 2721 vocati.
3226 2664 3574 2733 Quasidicat:

2022 2732 2202 2787 Venite
2222 2774 2238 2799 ,
2270 2732 2514 2809 nationes
2545 2739 2865 2807 longinquae,
2902 2739 3197 2793 benedicite
3226 2732 3415 2804 Deum,
3450 2756 3576 2809 gen-

2010 2812 2117 2879 tes;
2151 2820 2246 2858 vos
2272 2807 2454 2879 etiam,
2479 2823 2648 2860 omnes
2674 2809 2904 2878 (gentes)
2926 2810 3011 2879 qui
3039 2810 3221 2861 timetis
3248 2809 3408 2860 Deum
3432 2807 3577 2864 casto

2012 2874 2227 2937 timore,
2261 2877 2437 2929 venite
2472 2874 2712 2941 passibus
2746 2874 2895 2943 tidei,’
2934 2874 3111 2932 audite
3146 2894 3273 2932 aure
3301 2880 3573 2943 audiendi,

2009 2954 2056 3015 et
2106 2947 2325 2998 narrabo
2374 2945 2541 3000 vobis.
2591 2947 2707 3000 Non
2748 2957 2831 3015 est
2874 2964 3128 3011 narrare,
3181 2948 3279 3001 nisi
3327 2946 3472 3015 prius
3511 2952 3578 3004 sit

2010 3014 2216 3086 timere.
2261 3016 2397 3082 Quid
2446 3017 2719 3071 narrabo?
2771 3014 2985 3072 Scilicet
3033 3027 3220 3085 quanta
3272 3014 3409 3072 bona
3462 3021 3576 3086 fecit

2010 3083 2150 3156 _Deus
2196 3088 2381 3139 animle
2427 3102 2579 3140 ntere:
2616 3086 2724 3140 Hoc
2770 3089 2971 3153 priores
3016 3083 3084 3141 de
3124 3087 3341 3148 Judtcis,
3380 3083 3471 3156 qui
3526 3092 3574 3142 in

2008 3152 2111 3207 hoc
2132 3156 2346 3228 psalmo
2380 3156 2689 3223 loquuntur,
2712 3227 2716 3228 ί
2741 3152 2844 3211 non
2888 3158 3182 3212 invidentes
3211 3152 3574 3228 evangelicum

2007 3224 2233 3297 gratiam
2264 3236 2317 3279 ct
2348 3227 2880 3294 concorporationem
2922 3228 3188 3297 gentibus,
3221 3224 3451 3281 ideo'cis
3482 3244 3573 3282 au-

2011 3296 2279 3360 nuutiant,
2314 3305 2368 3348 ut
2396 3296 2650 3350 attentius
2680 3296 2745 3349 ad
2776 3296 2937 3352 [idem
2969 3299 3203 3365 veniant,
3249 3308 3302 3352 et
3331 3298 3573 3352 eamdem

2007 3378 2165 3436 quam
2195 3378 2246 3419 et
2275 3366 2375 3433 ipsi
2401 3366 2628 3436 gratiam
2656 3367 2939 3434 accipiant.
3106 3435 3111 3436 ί
3208 3368 3209 3371 “

2078 3433 2158 3485 Ad
2186 3435 2349 3511 ipsum
2380 3433 2467 3490 ore
2496 3453 2605 3511 meo
2634 3433 2866 3501 clamavi,
2913 3447 2958 3489 et
3000 3435 3351 3511 exaltavi_sub
3396 3440 3573 3511 lingua

2007 3519 2137 3556 mea.
2195 3504 2471 3577 Narrabo,
2524 3508 2766 3577 inquam,
2822 3514 3013 3573 quanta
3058 3508 3175 3577 fecit
3221 3509 3361 3562 Deus
3390 3504 3575 3563 ani'mte

2009 3589 2151 3648 metu,
2177 3576 2295 3642 quia
2326 3578 2438 3629 hanc
2461 3578 2565 3648 duo
2589 3575 2713 3630 mihi
2744 3578 2975 3630 tnaxime
3004 3575 3151 3648 fecit,
3176 3579 3407 3643 scilicet,
3431 3584 3572 3648 quod

2007 3644 2095 3711 qui
2129 3659 2269 3712 prius
2299 3646 2591 3700 clamabam
2623 3660 2718 3700 ore
2747 3662 2855 3700 non
2904 3662 3041 3711 meo,
3083 3646 3193 3714 jam
3241 3644 3464 3702 clamavi
3491 3667 3575 3704 ore

2011 3729 2140 3785 meo.
2195 3716 2258 3768 Et
2289 3718 2374 3780 qui
2412 3719 2553 3784 prius
2583 3716 2877 3769 clamabam
2908 3717 2974 3770 ad
2998 3720 3205 3779 Jovem,
3246 3719 3471 3785 sedici-1,
3518 3731 3571 3773 et

2008 3792 2071 3856 ad
2105 3784 2414 3852 Saturnum,
2447 3798 2497 3840 et
2522 3787 2585 3839 ad
2616 3796 2811 3840 cmtera
2839 3790 3123 3853 daemonia,
3161 3788 3270 3856 jam
3299 3784 3476 3842 clamo
3506 3794 3568 3843 ad

2009 3852 2179 3921 ipsum
2214 3871 2418 3921 verum,
2452 3857 2675 3922 scilicet,
2715 3857 2901 3911 Deum.
2952 3858 3045 3911 llle
3090 3852 3192 3911 non
3242 3860 3437 3915 clamat
3474 3875 3571 3915 suo

2006 3937 2124 4001 ore,
2148 3927 2238 3999 _qui
2264 3929 2386 4001 etsi
2413 3937 2612 4001 attente
2639 3927 2767 3979 satis
2789 3938 2931 3997 agat,
2961 3943 3065 3980 non
3090 3938 3280 4001 tamen?
3299 3931 3401 3983 hoc
3430 3934 3559 4001 agn,

2008 3994 2090 4060 pia
2142 3996 2458 4051 intentione.
2510 3995 2721 4052 Clamat
2752 3994 2879 4050 vero
2908 4012 3003 4052 ore
3033 4013 3129 4051 suo
3160 4000 3303 4052 cordi
3334 3994 3571 4055 c-ansbno

2009 4064 2225 4131 aliquis,
2286 4068 2497 4133 quando
2548 4068 2687 4136 quod
2735 4070 2971 4121 exterius
3020 4068 3146 4137 agit,
3202 4070 3284 4123 vel
3334 4070 3566 4137 loquitur

2007 4143 2232 4205 attente,
2266 4150 2327 4188 ex
2363 4138 2441 4204 pia
2492 4137 2730 4205 procedit
2775 4138 3091 4191 intentione.
3139 4139 3202 4191 Et
3229 4149 3312 4192 est
3340 4139 3571 4194 breviter

2007 4201 2224 4276 dici're:
2254 4201 2376 4260 llzcc
2405 4201 2508 4260 duo
2558 4209 2818 4276 praecipua
2847 4209 2982 4262 bona
3016 4206 3141 4261 fecit
3168 4209 3295 4262 mihi
3328 4209 3486 4273 Deus,
3514 4222 3568 4264 ut

2008 4282 2064 4346 et
2085 4274 2147 4325 ad
2182 4276 2351 4343 ipsum
2382 4278 2624 4342 clamem,
2670 4274 2733 4331 et
2767 4294 2859 4331 ore
2909 4293 3027 4333 meo
3069 4280 3318 4343 clamem,
3365 4281 3416 4332 id
3466 4294 3566 4346 est,

1934 4335 1978 4393 D
2007 4335 2365 4416 intentissime
2420 4335 2665 4401 clamem.
2721 4347 2787 4401 Et
2831 4348 2950 4402 ideo
2993 4349 3059 4401 ad
3102 4351 3267 4416 ipsum
3307 4335 3564 4415 clamavi,

1999 4415 2124 4480 quia
2149 4430 2268 4468 eum
2298 4418 2537 4483 exaltavi,
2569 4417 2621 4470 id
2647 4427 2750 4479 est,
2780 4421 3023 4472 omnibus
3054 4422 3315 4486 praeposui
3347 4421 3439 4471 sub
3461 4421 3565 4472 lin-

1999 4498 2099 4557 gua
2126 4500 2259 4550 utea,
2298 4489 2347 4540 id
2380 4501 2484 4550 est,
2526 4490 2575 4540 in
2618 4489 2783 4541 corde
2808 4503 2946 4541 meo.
2980 4489 3072 4542 Vel
3103 4490 3224 4556 quia
3256 4490 3305 4542 in
3339 4504 3404 4542 eo
3433 4505 3566 4557 pra:-

2000 4554 2153 4626 cipue
2183 4557 2440 4626 exaltavi,
2466 4560 2608 4624 quod
2637 4569 2853 4626 propter
2878 4559 3039 4611 libros
3066 4554 3320 4624 quosdam
3343 4554 3560 4626 dicitur,

1998 4635 2100 4698 qu._
2123 4625 2320 4679 habent
2352 4625 2646 4698 Exsultutii.’
2676 4632 2777 4681 ιᾲοι·
2806 4643 2932 4680 vero
2964 4629 3082 4680 ideo
3110 4630 3209 4698 sub
3238 4628 3413 4698 lingua
3442 4625 3562 4684 esse

1998 4695 2229 4770 dicitur,
2293 4697 2411 4764 quia
2476 4702 2626 4766 quasi
2690 4695 3563 4770 quoddam_subjectum'linguie

1998 4774 2101 4836 est.
2133 4762 2283 4819 Prior
2311 4762 2453 4819 enim
2497 4762 2784 4836 cogitatio,
2841 4768 3031 4821 deinde
3088 4762 3261 4835 lingua
3288 4808 3302 4831 ,
3354 4768 3408 4820 id
3449 4762 3561 4836 Est,

2001 4833 2217 4887 loeutio.
2257 4837 2346 4888 Vel
2395 4838 2511 4889 ideo
2556 4833 2713 4891 etiam
2757 4838 2950 4891 dicitur
2998 4838 3124 4900 sub,
3168 4833 3305 4904 _quia
3359 4852 3453 4902 per
3500 4833 3562 4894 se

1999 4918 2105 4981 non
2141 4914 2313 4970 potest
2341 4914 2520 4973 patere
2548 4907 2821 4977 cogitatio,
2871 4907 2965 4962 sed
3013 4922 3107 4976 per
3152 4906 3385 4978 linguam
3436 4922 3562 4979 ape-

2001 4984 2154 5027 l'llllt'.

2070 5042 2400 5119 iniquitatem
2519 5046 2661 5119 iVere
2689 5061 2809 5101 eum
2839 5047 3085 5101 ersultavi
3110 5048 3200 5101 sub
3230 5048 3406 5119 lingua
3432 5067 3563 5117 mea,

1999 5116 2118 5181 quia
2163 5129 2266 5167 nou
2315 5113 2413 5167 fuit
2449 5116 2711 5188 iniquitas
2757 5119 2807 5169 in
2847 5121 3010 5171 corde
3060 5134 3199 5187 meo,
3244 5113 3385 5185 talis,
3414 5113 3557 5188 dico,

1998 5198 2153 5259 quam
2200 5198 2299 5259 ego
2347 5186 2663 5259 aspicerem,
2712 5188 2759 5239 id
2808 5198 2910 5251 est,
2963 5204 3081 5256 quia
3136 5186 3260 5243 mihi
3309 5186 3558 5259 placeret.

1997 5253 2111 5329 Non
2144 5254 2285 5329 enim
2321 5258 2528 5329 penitus
2575 5258 2904 5325 iniquitatem
2956 5253 3217 5328 denegare
3251 5253 3557 5329 possumus,

1998 5324 2120 5397 quia
2145 5325 2189 5375 si
2215 5324 2490 5397 dixerimus
2534 5324 2681 5397 quod
2711 5340 2967 5392 peccatum
3012 5324 3117 5381 non
3158 5324 3420 5396 habemus,
3468 5324 3559 5388 nos

2002 5394 2155 5473 ipsos
2184 5395 2491 5473 seducimus.
2546 5394 2652 5473 Nec
2672 5397 2778 5473 _ille
2810 5401 2860 5451 in
2891 5398 3040 5473 cujus
3068 5401 3227 5473 corde
3255 5414 3333 5473 est
3369 5394 3557 5473 iniqui-

2003 5472 2101 5524 tas,
2125 5466 2289 5540 Deum
2316 5464 2534 5540 exultat,
2562 5466 2643 5520 vel
2672 5468 2721 5520 in
2747 5468 2857 5521 Deo
2877 5464 3126 5540 essiiltat,
3153 5472 3231 5522 vel
3263 5470 3350 5523 ubi
3384 5464 3559 5540 proxi-

2002 5547 2117 5585 mus
2180 5534 2542 5603 deprimitur,
2595 5553 2859 5604 nunquam
2918 5539 3054 5590 Deus
3101 5534 3398 5595 caullator.-
3455 5544 3559 5597 Nec

2002 5604 2206 5661 duobus
2256 5604 2486 5663 dominis
2534 5621 2815 5678 po.~sumus
2856 5609 3079 5676 servire,
3126 5624 3176 5665 ei
3225 5611 3343 5667 ideo
3390 5612 3554 5671 dicit:
