4010 6190
231 293 328 355 διε

948 297 1015 354 ΙΝ
1056 298 1479 357 PSALMORUM
1520 296 1778 354 LIBRUM

1917 294 2178 354 EGESIS.
2221 324 2289 338 —
2328 294 2579 353 PSALSI.
2621 294 2807 355 LXVI.

3367 295 3473 354 8'26

233 412 555 482 luiquita'cm
575 428 676 465 non
696 411 936 479 aspexiin
959 413 1109 466 corde
1131 428 1262 466 meo.
1286 412 1415 467 Nam
1439 412 1607 479 (quasi
1632 410 1800 477 dicat)
1830 411 1881 469 Α
1909 408 2140 482 honiset
2167 409 2343 482 malis,
2383 418 2437 464 et
2479 410 2716 463 aufertur
2754 410 2908 464 bonis
2938 420 2992 466 et
3021 412 3192 469 malis.
3237 413 3292 468 Si
3320 417 3466 472 enim

232 484 272 537 si
292 484 488 551 aspexi,
520 498 622 537 non
642 482 810 536 Deum
832 484 1081 543 exaltavi,
1104 493 1158 536 et
1179 483 1297 535 ideo
1321 500 1421 535 non
1444 482 1683 535 exaudiet
1709 498 1794 534 me

233 552 515 616 Dominus;
562 551 683 620 quia
730 563 905 606 autem
937 568 1042 606 non
1073 555 1280 619 aspexi,
1327 562 1591 621 propterea
1638 569 1797 606 eran-

235 625 349 678 divit
392 639 476 679 me
508 621 761 676 Dominus
807 623 872 675 ad
924 623 1096 690 ipsum
1144 626 1487 677 clamantem.
1558 623 1621 675 Et
1672 638 1797 675 vere

234 694 515 754 exaudivit,
547 694 669 761 quia
708 694 924 745 attendit
974 695 1081 746 voci
1130 692 1506 759 deprecationis
1549 709 1697 757 mete,
1746 693 1795 743 id

231 774 331 826 est,
372 765 582 819 intense
621 762 985 829 deprecationi
1038 779 1170 817 mea:
1218 778 1314 831 pro
1361 766 1589 830 peccatis
1621 763 1794 815 factm.

230 831 379 890 Unde
424 832 715 887 benedictus
758 834 828 885 sit
868 833 1148 897 Dominus,
1177 844 1229 887 et
1260 834 1455 899 repetit
1484 838 1650 897 unde,
1675 835 1799 898 quia

233 921 329 958 non
355 905 539 957 amovit
562 902 844 956 orationem
872 918 1037 956 meam
1066 919 1160 971 pro
1183 904 1581 971 perseverantia
1606 903 1796 955 lacum

232 990 265 1028 a
291 990 367 1039 se,
398 986 451 1028 et
481 973 889 1027 misericordiam
933 989 1078 1025 suam
1124 974 1267 1026 circa
1299 981 1604 1041 utrumque,
1653 972 1801 1025 scili-

233 1056 335 1108 cet,
352 1046 491 1099 circa
518 1044 970 1110 deprecationem,
990 1053 1043 1096 et
1063 1043 1201 1096 circa
1225 1042 1523 1097 orationem
1544 1058 1646 1095 non
1666 1056 1806 1094 amo—

232 1116 350 1170 vita
368 1132 466 1181 nte,
484 1115 605 1183 quia
626 1122 683 1169 et
699 1124 915 1182 peccata
939 1114 1161 1174 remisit,
1187 1125 1241 1166 et
1260 1114 1615 1167 constantiam
1636 1112 1803 1166 dedit.

689 1207 755 1263 IN
793 1206 1115 1264 PSALMUM
1160 1203 1337 1260 LXVI.

363 1303 420 1359 In
453 1303 635 1369 finem,
662 1301 714 1356 in
745 1301 958 1372 hymnis
989 1301 1224 1369 psalmus
1254 1298 1445 1354 cantici
1480 1299 1674 1355 David.

829 1408 1208 1448 ABGUIIENTUII.

302 1485 417 1542 Hoc
456 1500 666 1554 quoque
708 1486 947 1538 carmine
992 1483 1191 1554 reditus
1234 1482 1412 1549 popn'i
1444 1500 1507 1537 es
1539 1483 1811 1554 Babylone

232 1557 561 1624 pandit-itur,
584 1553 646 1609 in
681 1572 785 1622 quo
822 1554 1010 1609 iisdem
1048 1553 1224 1607 verbis
1261 1568 1596 1607 revvrsorum
1624 1553 1811 1609 alacri-

233 1638 315 1680 tas
348 1628 634 1681 indicatur.
663 1626 857 1690 quibus
880 1635 937 1678 ut
964 1624 1272 1678 sacerdotes
1303 1625 1494 1692 populo
1526 1625 1811 1679 benedice-

232 1705 376 1761 rent,
405 1699 520 1768 lege
546 1699 802 1764 scriptum
828 1704 933 1750 est.

869 1801 1217 1842 EXPLANATIO.

309 1880 548 1950 Hymnus
577 1892 622 1934 el
648 1880 897 1933 canticum
939 1879 1286 1932 laudationem
1330 1878 1645 1946 signiﬁcant,
1696 1894 1813 1941 qua:

232 1962 294 2004 ut
322 1951 539 2003 Domino
568 1960 765 2003 tantuttt
788 1950 989 2005 Christo
1022 1950 1146 2001 data
1182 1957 1503 2010 monstretur,
1545 1950 1814 2018 prmmitti-

230 2032 322 2075 tur
349 2022 403 2075 in
444 2022 625 2077 finem.
674 2020 800 2074 Post
839 2022 1093 2073 canticum
1139 2020 1522 2071 resurrectionis
1565 2019 1815 2089 propheta

229 2096 540 2162 deprecatur
568 2101 621 2144 ut
649 2090 897 2144 benedicti
924 2092 990 2143 ad
1021 2089 1248 2142 divinam
1279 2091 1611 2162 cotjnitionem
1653 2089 1816 2162 dedu-

228 2160 438 2226 cantur,
467 2160 536 2215 ad
562 2178 712 2229 quam
739 2171 912 2214 nostra
948 2177 1049 2212 non
1077 2167 1288 2230 possunt
1320 2160 1498 2211 merita
1531 2160 1813 2225 perrenire.

233 2232 424 2286 Prima
464 2247 583 2300 ergo
625 2241 793 2298 parte,
843 2230 1081 2299 ﬁdelibus
1113 2232 1341 2300 loquens,
1371 2232 1625 2299 supplicat
1654 2240 1705 2281 ut
1734 2230 1816 2282 beo

232 2302 410 2355 nedici
450 2318 564 2354 cum
608 2303 731 2369 ipsis
761 2313 1016 2353 mereatur
1058 2317 1090 2352 a
1119 2299 1356 2369 Domino,
1402 2310 1648 2365 quatenus
1692 2300 1819 2352 illu-

230 2372 423 2425 minati
469 2368 697 2423 corde'iu
725 2371 918 2424 cunctis
956 2369 1185 2439 gentibus
1236 2368 1496 2422 Christum
1542 2369 1819 2421 Dominum

232 2441 625 2511 praedicandum
674 2457 783 2495 esse
831 2438 1157 2511 cognoscant.
1212 2438 1430 2511 Deinde
1458 2455 1726 2511 conversos
1751 2442 1819 2493 ad

233 2510 522 2564 Dominum
566 2512 845 2581 praphetiaz
890 2508 1130 2577 spiritum
1174 2508 1521 2581 confitendum
1567 2509 1819 2581 illi_dicit

233 2598 267 2633 a
322 2578 723 2648 populiquuia
770 2591 940 2647 gentes
974 2583 1175 2649 judicat
1230 2579 1284 2632 in
1334 2580 1591 2648 a‘quitale.
1650 2578 1820 2634 Terio

234 2652 484 2704 eumdem
529 2667 723 2705 uersum
754 2653 952 2718 repetit,
985 2668 1133 2720 quem
1158 2650 1388 2714 superius
1434 2650 1586 2713 dixit,
1629 2650 1722 2702 hoc
1768 2652 1821 2705 in

234 2730 547 2789 mysterium
583 2722 853 2790 adjiciens,
891 2723 1010 2789 quia
1060 2724 1279 2791 fructum
1325 2736 1474 2773 suum
1529 2733 1666 2774 terra
1708 2723 1821 2790 jam

236 2792 483 2862 protulit,
514 2802 560 2844 et
586 2792 700 2846 ideo
742 2792 1058 2862 frequentata
1088 2790 1236 2844 verbo
1266 2795 1489 2862 postulat
1520 2807 1612 2845 nos
1642 2791 1823 2845 debere

236 2860 496 2915 benedici.

829 2946 1252 2987 COMMENTARIUS.

316 2998 465 3053 Deus
484 3004 781 3055 misereatur
803 3004 985 3063 nostri,
1010 3014 1055 3055 et
1083 3003 1345 3055 benedicat
1366 3002 1530 3056 nobis.
1561 3001 1625 3055 In
1647 3003 1819 3070 finem,

234 3073 293 3125 in
328 3075 535 3139 hymnis
562 3072 786 3137 psalmus
811 3074 998 3125 cantici
1022 3072 1209 3126 David.
1233 3072 1440 3127 Oratio.
1467 3073 1625 3126 David
1652 3074 1817 3127 sancti

236 3142 349 3195 viri
383 3142 453 3195 de
482 3140 746 3208 primitivo
779 3144 969 3210 populo
1009 3142 1343 3211 patriarchae,
1376 3143 1490 3196 sive
1520 3143 1814 3211 prophetae,

234 3213 362 3265 sive
400 3212 561 3265 etiam
589 3213 756 3265 sancti
786 3213 1031 3279 apostoli,
1074 3213 1412 3279 providentes
1444 3228 1535 3278 per
1563 3213 1819 3280 Spiritum

232 3291 494 3335 sanctum
536 3282 762 3335 futuram
793 3296 913 3336 esse
940 3284 1468 3350 concorporationem
1511 3282 1816 3336 indecorum

234 3360 295 3406 et
340 3352 605 3419 gentium,
636 3361 689 3406 et
720 3353 963 3419 utrisque
1009 3351 1502 3405 communicandum
1548 3354 1816 3419 evangeli-

232 3436 364 3473 cam
406 3422 650 3487 gratiam,
701 3430 755 3475 et
804 3423 1212 3477 resurrectionis
1262 3422 1512 3488 gloriam,
1564 3431 1719 3474 orant
1765 3424 1818 3476 in

231 3489 346 3544 hoc
384 3491 606 3557 psalmo,
644 3500 699 3544 ut
723 3507 816 3553 per
849 3500 1014 3544 totum
1045 3495 1227 3545 orbem
1259 3492 1362 3545 illae
1393 3493 1508 3544 aliae
1538 3506 1663 3543 oves
1694 3493 1817 3545 illn-

228 3561 521 3630 tninentur
545 3562 688 3614 vultu
719 3561 812 3616 Dei
840 3576 998 3627 super
1022 3576 1138 3626 eas,
1163 3563 1248 3630 qui
1279 3562 1329 3614 in
1358 3561 1436 3615 eis
1461 3572 1674 3629 propter
1704 3562 1816 3614 ido-

230 3628 516 3699 lolatriam
549 3632 778 3685 maxime
813 3632 1127 3684 obscuratus
1164 3628 1354 3694 fuerat,
1389 3632 1439 3685 in
1466 3628 1630 3683 unum
1658 3633 1814 3699 quid-

228 3698 368 3752 dam
397 3709 769 3767 aggregentur,
805 3710 859 3754 et
888 3700 1015 3753 liant
1043 3717 1203 3753 unum
1234 3702 1399 3766 ovile,
1429 3702 1548 3769 quia
1578 3710 1658 3754 est
1682 3718 1818 3755 unus

229 3780 450 3835 pastor.
489 3770 551 3822 Et
584 3770 822 3825 hortatur
866 3785 960 3823 nos
1011 3787 1114 3824 non
1159 3771 1225 3823 de
1272 3771 1353 3824 bis
1396 3772 1481 3839 qui
1514 3783 1662 3824 extra
1694 3782 1819 3825 sunt

229 3840 626 3906 desjierentus,
678 3842 770 3894 sed
821 3854 1033 3908 semper
1078 3856 1171 3908 pro
1201 3841 1328 3908 ipsis
1360 3850 1415 3894 ut
1447 3843 1733 3903 introeant,
1765 3851 1818 3896 et

230 3910 530 3962 nobiseum
579 3912 721 3962 intus
754 3908 863 3963 sint
908 3925 1144 3975 oremus,
1186 3919 1241 3963 et
1275 3920 1327 3962 ut
1356 3926 1413 3963 se
1439 3912 1527 3975 qui
1560 3912 1637 3962 sic
1664 3921 1818 3965 orant

226 3978 521 4032 imitemur
549 3996 565 4035 :
600 3978 738 4034 Deus
757 3983 1056 4032 misereatur
1083 3983 1264 4044 nostri,
1289 3988 1333 4033 et
1366 3981 1626 4034 benedicat
1648 3981 1813 4037 nobis.

224 4045 509 4119 Dominus
536 4061 588 4103 et
620 4050 775 4103 Pater
800 4060 977 4104 uoster
1008 4065 1133 4104 vere
1164 4051 1393 4119 agricola
1422 4052 1632 4112 dicitur,
1667 4051 1814 4118 juxta

271 4119 381 4191 ttod
401 4118 690 4191 Apostolus
718 4128 938 4174 testatur
964 4120 1179 4173 dicens:
1206 4118 1304 4173 Dei
1333 4121 1648 4191 agricultura
1672 4122 1812 4186 estis,

289 4189 339 4240 ei
389 4190 670 4259 ardiﬁcatio
715 4191 851 4243 estis.
902 4191 1018 4258 Ipse
1048 4190 1175 4243 colit
1200 4205 1316 4256 nos,
1353 4189 1408 4244 tit
1435 4193 1691 4246 inhabitet
1720 4207 1815 4245 nos

219 4266 495 4323 tanquam
526 4261 808 4313 aedilicium
834 4276 1009 4323 suum,
1060 4270 1115 4314 et
1154 4262 1231 4314 sic
1266 4262 1583 4315 misereatur
1625 4262 1813 4315 nostri.

215 4326 383 4399 Colit
433 4330 593 4381 etiam
644 4345 744 4383 nos
791 4339 1036 4397 tanquam
1093 4346 1275 4397 agrum
1324 4346 1515 4394 suum,
1568 4342 1813 4399 tamquam

212 4397 453 4451 vineam
486 4414 663 4464 suam,
696 4409 752 4452 ut
779 4403 1004 4454 multum
1037 4400 1260 4453 fructum
1293 4400 1596 4463 alieramus,
1641 4397 1693 4454 ei
1737 4404 1812 4456 sic

208 4466 514 4538 benedicit
561 4470 733 4524 nobis.
784 4468 1072 4523 Cantemus
1122 4486 1247 4537 ergo
1297 4472 1409 4525 hanc
1461 4473 1508 4525 ei
1564 4482 1812 4538 tanquam

206 4536 498 4605 agricola:
547 4540 870 4607 compluenti
918 4556 1037 4605 nos,
1085 4536 1325 4593 dicentes
1373 4556 1470 4593 nos
1512 4557 1616 4595 non
1648 4536 1814 4595 sterili

201 4607 553 4673 devotione,
597 4625 699 4661 non
746 4610 889 4662 inani
924 4625 1073 4675 voce,
1116 4610 1211 4663 sed
1241 4612 1413 4664 veraci
1445 4611 1607 4664 c0rde
1636 4628 1649 4664 :
1680 4610 1816 4663 Deus

196 4676 547 4730 misereatur
567 4679 746 4742 nostri,
780 4679 1122 4733 inhabitando
1147 4695 1264 4741 nos,
1292 4688 1339 4732 et
1366 4680 1624 4733 benedicat
1648 4682 1811 4744 nobis,

196 4757 279 4799 ut
324 4751 556 4800 multum
598 4748 826 4802 fructum
858 4749 1160 4803 aderamus.
1191 4749 1322 4804 Cum
1360 4751 1498 4804 Dens
1529 4766 1626 4804 nos
1656 4751 1813 4804 bene-

186 4816 368 4870 dicit
394 4818 479 4871 vel
514 4834 613 4872 nos
646 4818 1003 4873 benedicimus
1048 4818 1235 4885 Dentn,
1281 4836 1376 4872 nos
1415 4834 1651 4887 egemus,
1702 4820 1815 4885 ipse

186 4901 369 4941 vero
400 4902 508 4958 nec
532 4889 902 4943 benedictione
942 4898 1121 4942 nostra
1162 4904 1403 4958 augetur,
1449 4886 1547 4943 nec
1577 4886 1815 4944 ‘tnaledi-

174 4960 415 5011 ctione
438 4956 719 5014 minuitur.
754 4959 857 5014 Sed
894 4960 983 5027 qui
1014 4960 1061 5013 ei
1093 4956 1382 5024 maledicit,
1418 4960 1506 5014 ille
1538 4961 1810 5025 minuitur,

168 5030 290 5099 sic
337 5029 513 5099 et‘quii
560 5029 609 5099 ei
658 5028 944 5092 benedicit,
996 5041 1240 5098 augetur.
1288 5030 1348 5082 Et
1394 5039 1476 5084 est
1524 5030 1666 5098 prior
1698 5032 1813 5099 ejus

170 5096 541 5151 bcnedictio
567 5097 618 5152 in
645 5099 820 5160 nobis,
850 5096 1184 5163 consequens
1214 5114 1342 5153 vero
1370 5109 1450 5153 est
1480 5096 1535 5153 ut
1563 5115 1660 5153 nos
1688 5096 1811 5155 eum

166 5167 638 5222 retudit-amns.
688 5170 816 5235 Ejus
862 5169 1161 5222 benedictio
1199 5179 1279 5223 est
1310 5170 1456 5238 quasi
1491 5170 1686 5237 pluvia,
1716 5188 1811 5223 no—

164 5251 336 5291 stra
381 5252 510 5307 vero
542 5249 624 5291 est
660 5240 807 5307 quasi
847 5239 1060 5292 ﬂuctus.
1103 5240 1276 5293 Multis
1305 5250 1481 5293 autem
1519 5240 1691 5293 modis
1722 5256 1811 5294 ro-

165 5315 354 5379 gant
389 5304 637 5379 homines
678 5304 744 5361 ab
785 5324 850 5362 eo
892 5324 951 5363 se
1002 5310 1262 5375 benedici,
1314 5310 1364 5363 id
1412 5322 1512 5373 est,
1563 5311 1810 5378 multipli-

158 5376 352 5433 ὼι-ἱ-
418 5376 521 5430 Alii
568 5380 708 5431 enim
761 5378 813 5432 in
861 5379 1116 5445 pecunia,
1167 5381 1253 5433 alii
1308 5380 1357 5433 in
1415 5382 1664 5445 potentia,
1718 5376 1807 5434 alii

154 5454 233 5504 in
302 5448 527 5516 gloria,
576 5449 663 5500 alii
723 5449 773 5501 in
828 5448 1051 5513 liberis,
1094 5450 1180 5503 alii
1227 5452 1275 5501 itt
1328 5450 1506 5518 agris,
1556 5451 1643 5502 alii
1692 5453 1807 5514 sic,

144 5523 282 5575 alii
366 5520 475 5572 sic.
547 5518 613 5570 Et
671 5519 783 5571 bare
831 5519 1127 5572 benedictio
1189 5520 1344 5573 datur
1403 5520 1567 5574 etiam
1628 5521 1807 5573 inimi-

141 5591 304 5647 cis-
398 5587 495 5639 Est
544 5603 671 5641 vero
699 5588 800 5640 alia
853 5589 1153 5641 benedictio
1202 5605 1319 5658 qua:
1369 5600 1672 5643 reservatur
1719 5607 1807 5643 so-

132 5666 243 5719 lis
314 5658 557 5711 amicis.
609 5658 702 5710 Illa
753 5670 928 5712 autem
975 5659 1277 5713 benedictio
1329 5660 1633 5727 temporalis
1661 5676 1807 5713 com-

126 5730 467 5797 istudttas
507 5739 587 5784 cst
627 5736 925 5787 communis
954 5729 1106 5786 bonis
1133 5742 1185 5788 et
1215 5731 1387 5801 malis,
1420 5731 1545 5800 quia
1575 5732 1728 5787 datur
1753 5741 1805 5787 ct

1845 4439 1894 4495 D

1900 479 2029 536 solis
2069 479 2223 531 bonis
2251 480 2528 542 darentur,
2561 489 2873 547 putarentur
2902 484 3023 535 tnali
3056 484 3218 539 Deum
3261 494 3469 540 tantum

1898 564 2019 606 esse
2047 548 2328 602 colendum
2360 557 2581 616 propter
2605 550 2692 603 illa
2727 550 2881 604 bona.
2916 550 2970 605 Si
2999 554 3141 607 enim
3187 556 3319 608 solis
3361 572 3476 610 ma-

1902 622 1964 676 lis
1995 618 2272 681 dareutur,
2314 618 2618 671 dubitarent
2662 619 2854 673 infirmi
2904 622 3149 685 credere,
3203 635 3255 677 et
3296 625 3473 679 adhuc

1903 690 2102 761 minus
2114 702 2341 761 capaces
2372 690 2517 761 regni
2554 689 2667 751 Dei,
2701 692 2821 761 quia
2855 691 3095 745 timerent
3132 695 3242 746 haec
3270 704 3473 761 tempo-

1904 760 2033 816 ralia
2063 758 2162 809 sibi
2199 757 2407 812 deesse.
2453 760 2578 810 ltem
2605 761 2647 811 si
2683 760 2810 811 solis
2840 761 2990 813 bonis
3019 757 3392 827 anierrentur,
3418 766 3467 818 id

1903 839 2007 893 est,
2035 829 2192 881 timor
2219 828 2272 881 in
2304 828 2531 882 inlirmis
2561 840 2703 881 esset
2729 846 2742 893 ;
2782 830 2826 883 si
2858 845 2985 884 vero
3025 833 3154 887 solis
3195 834 3347 887 malis
3374 848 3474 887 au-

1907 901 2196 969 ferrentur,
2244 907 2558 962 putarentur
2606 913 2666 951 ea
2717 914 2839 952 vera
2888 915 3008 954 esse
3049 906 3203 964 bona,
3249 918 3473 969 quorum

1905 968 2170 1023 ablatione
2215 969 2573 1034 plecterentur
2627 969 2793 1032 mali;
2848 979 2901 1022 et
2955 972 3071 1022 ideo
3118 968 3474 1026 communiter

1912 1042 2054 1094 Deus
2084 1040 2169 1089 dat.
2200 1049 2253 1091 et
2281 1038 2454 1090 aufert
2486 1052 2562 1109 nea
2607 1038 2758 1091 bouis
2787 1049 2839 1091 et
2864 1040 3037 1092 malis.
3072 1042 3232 1097 Bonis
3258 1043 3471 1109 quidem

1908 1112 2023 1174 dat,
2051 1117 2108 1160 ut
2135 1108 2443 1162 consoletur
2481 1108 2625 1172 ipSos
2657 1110 2991 1171 itinerantes,
3025 1113 3179 1165 malis
3209 1108 3332 1165 vero
3360 1114 3471 1177 dat,

1912 1191 1968 1233 ιιι
2015 1193 2108 1250 per
2143 1192 2238 1230 eos
2266 1178 2746 1250 bonosadmoneat
2773 1179 2874 1250 alia
2906 1180 3043 1233 bona
3072 1198 3192 1236 esse
3218 1184 3297 1236 eis
3328 1200 3473 1250 (ιιιςυ-

1910 1249 2097 1308 renda,
2129 1263 2247 1314 qua
2276 1263 2379 1299 non
2411 1247 2519 1299 sint
2541 1263 2660 1300 cum
2693 1248 2845 1301 malis
2866 1254 3191 1305 communia.
3223 1247 3355 1305 Cum
3383 1255 3475 1306 dat

1910 1335 1973 1375 ea
2003 1319 2176 1380 bonis,
2225 1332 2329 1370 non
2380 1318 2501 1370 imle
2527 1319 2884 1380 extollantur;
2916 1330 2967 1373 et
2996 1336 3113 1373 cum
3143 1322 3334 1386 aufert,
3369 1339 3472 1375 non

1913 1391 2243 1456 frangantur.
2276 1388 2406 1441 Cum
2439 1386 2549 1449 dat,
2584 1386 2808 1441 habeant
2837 1406 2919 1454 ea,
2952 1406 3055 1442 non
3086 1391 3151 1443 ad
3180 1394 3474 1445 damnatio-

1914 1476 2056 1521 nem,
2096 1458 2188 1511 sed
2217 1457 2281 1510 ad
2305 1457 2753 1529 consolationem.
2794 1459 2897 1514 Iste
2940 1471 3117 1515 autem
3157 1463 3244 1529 qtti
3290 1462 3371 1513 hic
3402 1463 3480 1515 lo-

1914 1531 2115 1597 quitur,
2144 1543 2259 1597 rqua
2303 1527 2675 1580 benedictione
2717 1529 2782 1581 ab
2809 1545 2872 1582 eo
2901 1542 3050 1593 rogat
3093 1547 3150 1585 se
3178 1527 3478 1586 benedici?

1914 1596 2029 1654 Non
2059 1596 2258 1670 utique
2304 1597 2604 1663 temporali,
2628 1612 2786 1664 quam
2818 1615 2919 1670 non
2953 1616 3049 1668 pro
3077 1617 3268 1670 magno
3298 1602 3477 1659 habet.

1916 1670 2010 1724 sed
2056 1669 2144 1720 illa
2184 1668 2284 1719 alia
2312 1682 2469 1735 quam
2501 1674 2679 1719 servat
2718 1669 2924 1727 amicis.
2959 1681 3011 1723 et
3040 1668 3195 1733 quam
3226 1672 3315 1725 dat
3346 1673 3476 1726 solis

1842 1749 1892 1807 Β
1913 1740 2093 1812 justis,
2126 1735 2353 1812 scilicet,
2386 1748 2440 1789 ut
2471 1737 2798 1812 illuminetur
2827 1739 3001 1812 vultus
3030 1741 3145 1812 ejus
3174 1757 3475 1808 supernos,

1914 1810 2036 1877 quia
2062 1808 2205 1861 hunc
2231 1807 2399 1861 solem
2436 1807 2794 1862 communiter
2826 1807 3087 1864 illuminat
3116 1807 3277 1875 super
3309 1812 3478 1865 bonos

1915 1890 1969 1933 ct
1999 1880 2203 1941 malos;
2245 1888 2297 1929 et
2343 1877 2478 1930 banc
2526 1877 2694 1929 lucem
2734 1883 3087 1936 communiter
3113 1881 3293 1935 vident
3321 1882 3480 1935 etiam

1918 1964 2110 2017 pecora
2158 1962 2283 2017 cum
2320 1946 2473 2000 bonis
2515 1956 2569 2000 et
2614 1947 2787 2001 malis.
2832 1948 2937 2003 Sed
2972 1950 3073 2005 hoc
3102 1952 3244 2005 aliud
3273 1952 3477 2014 lumen,

1918 2015 2057 2089 quod
2106 2018 2236 2071 solis
2267 2015 2433 2089 justis
2469 2017 2651 2089 datur,
2703 2019 2908 2072 scilicet
2937 2021 3054 2089 quia
3099 2023 3233 2075 beati
3282 2024 3481 2074 mundo

1917 2088 2103 2152 corde,
2144 2086 2526 2158 quoniamipsi
2562 2086 2728 2141 Deum
2760 2086 3028 2143 videbunt.
3080 2092 3181 2144 Pro
3212 2093 3309 2145 hoc
3335 2101 3482 2158 rOgat

1919 2159 2019 2212 iste
2047 2161 2134 2226 qui
2166 2159 2249 2211 hic
2280 2157 2533 2225 loquitur,
2563 2157 2783 2221 scilicet,
2818 2171 2871 2211 ut
2905 2160 3097 2213 vultum
3119 2179 3267 2214 suum
3298 2162 3486 2213 illumi-

1919 2238 2003 2281 nel
2031 2243 2184 2293 super
2207 2244 2316 2291 nos,
2344 2227 2396 2279 id
2425 2236 2527 2295 est,
2566 2228 2810 2281 ostendat
2851 2230 3001 2282 nobis
3047 2234 3247 2284 vultum
3299 2247 3477 2294 suum,

1922 2300 1972 2351 id
2003 2308 2107 2361 est,
2139 2299 2468 2351 voluntatem
2497 2313 2671 2362 suam,
2703 2300 2827 2363 quid
2860 2315 2956 2353 nos
2993 2300 3166 2355 facere
3204 2301 3347 2365 velit,
3379 2301 3482 2353 sci-

1920 2368 2046 2424 licet
2074 2376 2131 2421 ut
2167 2367 2307 2435 quod
2339 2368 2535 2421 latebat
2572 2367 2725 2420 nobis
2752 2370 3044 2436 aperiatur,
3078 2371 3127 2424 id
3154 2381 3256 2435 e-t,
3289 2371 3483 2423 Veritas

1920 2448 2312 2509 praeceptorum
2354 2440 2509 2509 elus;
2557 2446 2612 2491 et
2651 2439 2789 2507 quod
2824 2450 2957 2503 erat,
2990 2442 3082 2493 sed
3108 2441 3478 2496 absconditum

1922 2508 2077 2563 nobis
2103 2518 2238 2569 erat,
2261 2508 2590 2561 illuminetur
2616 2524 2796 2575 super,
2820 2509 2869 2561 id
2891 2520 2993 2571 est,
3018 2512 3281 2564 reveletur
3302 2511 3481 2575 nobis,

1924 2594 2019 2648 per
2048 2577 2188 2648 quod
2233 2577 2371 2631 idem
2417 2578 2554 2647 quod
2609 2582 2755 2645 prius
2799 2583 3104 2647 expressius
3131 2580 3342 2635 dicitur.
3385 2579 3480 2633 Vel

1923 2645 2125 2703 aliter:
2160 2645 2654 2701 Illuminetvvullum
2703 2645 3051 2718 suum—super
3090 2667 3202 2716 nos,
3258 2649 3311 2704 id
3366 2659 3478 2714 est,

1922 2718 2171 2773 ostendat
2216 2718 2366 2772 nobis
2414 2718 2694 2785 imaginem
2737 2733 2909 2772 suam.
2958 2720 3118 2785 Quasi
3168 2718 3481 2774 chat:|m-

1926 2789 2161 2857 ιιι-εεεὶειὶ
2195 2788 2387 2849 nobis,
2433 2787 2674 2853 Domine,
2722 2790 2924 2843 vultum
2969 2799 3140 2854 tuum,
3188 2791 3352 2845 fecisti
3386 2805 3482 2843 nos

1924 2860 1989 2912 ad
2021 2860 2303 2923 imaginem
2345 2866 2509 2922 tuam,
2551 2858 2717 2912 fecisti
2748 2875 2842 2911 nos
2870 2876 3141 2915 nummum
3175 2870 3339 2913 tuum.
3373 2860 3478 2912 Sed

1928 2943 2031 2981 non
2067 2928 2223 2981 debet
2261 2928 2433 2995 imago
2462 2935 2545 2979 tua
2589 2929 2637 2981 in
2684 2930 2919 2985 tenebris
2950 2946 3248 2995 remanere,
3278 2940 3332 2983 et
3362 2929 3483 2983 ideo

1929 3001 2079 3053 mitte
2122 2997 2299 3051 radios
2353 2999 2629 3065 sapientia:
2680 3009 2803 3061 tuas,
2854 3010 2911 3054 ut
2959 3001 3187 3069 depellat
3237 3001 3483 3055 tenebras

1930 3080 2158 3131 nostras,
2206 3077 2256 3123 et
2299 3068 2472 3121 vultus
2519 3077 2638 3121 tuus
2666 3070 2717 3121 in
2750 3071 2902 3123 nobis
2924 3068 3152 3135 eluceat,
3187 3071 3235 3124 id
3266 3084 3366 3137 est,
3399 3087 3485 3124 re-

1924 3152 2309 3207 cognoscamus
2330 3139 2380 3190 in
2405 3140 2555 3191 nobis
2586 3139 2868 3207 imaginem
2901 3142 3231 3207 tuam,juxta
3262 3142 3401 3208 quod
3427 3142 3478 3194 in

1922 3209 2153 3263 Canticis
2184 3209 2573 3279 canticorum:
2617 3208 2682 3279 Si
2723 3214 3013 3278 cognoveris
3057 3212 3400 3279 temetipsum,
3451 3228 3481 3264 o

1920 3280 2134 3344 pulchra
2176 3278 2305 3330 inter
2344 3278 2600 3342 mulieres,
2637 3277 2685 3330 id
2715 3277 2815 3341 est,
2849 3279 2891 3331 si
2920 3280 3148 3332 attendis
3180 3277 3230 3333 te
3252 3281 3315 3332 ad
3351 3281 3484 3333 ima-

1919 3349 2093 3416 ginem
2127 3347 2215 3400 Dei
2248 3346 2458 3418 iactant.
2501 3349 2659 3413 Quasi
2713 3348 2853 3401 dicat
2881 3366 2895 3402 :
2927 3350 2969 3401 0
3010 3351 3162 3416 pttlch
3185 3367 3248 3404 ‘a.
3296 3350 3346 3403 id
3375 3360 3481 3418 est,

1918 3433 1952 3472 0
2012 3418 2247 3485 pretiosa
2294 3417 2470 3468 anima
2528 3418 2785 3483 sanguine
2840 3420 2970 3487 Agni
3023 3420 3340 3473 immaculati
3393 3417 3478 3474 reé

1923 3490 2160 3555 dempta,
2191 3489 2405 3559 attende
2444 3489 2627 3555 quanti
2656 3488 2853 3548 valeas.
2905 3492 3074 3555 cogita
3121 3489 3244 3559 qttid
3291 3505 3384 3557 pro
3429 3501 3480 3543 te

1917 3558 2096 3610 datum
2134 3560 2223 3612 sit.
2260 3558 2508 3610 Dicamus
2558 3573 2688 3620 ergo
2737 3570 2791 3611 et
2836 3569 3082 3626 optemus
3134 3558 3187 3613 ut
3228 3560 3477 3615 illumiuet

1918 3632 2112 3681 vultum
2132 3644 2278 3681 suum
2302 3644 2452 3697 super
2476 3645 2588 3682 nos.
2617 3628 2750 3683 Vere
2776 3632 2951 3682 vultus
2976 3630 3090 3694 Dei,
3118 3646 3273 3698 quem
3304 3642 3482 3697 gesta—

1920 3714 2057 3768 mus,
2092 3713 2243 3751 sacra
2269 3709 2352 3753 est
2380 3700 2431 3751 in
2464 3699 2691 3768 imagine
2730 3714 2847 3752 sua.
2894 3700 3063 3766 Iniqui
3096 3711 3267 3753 autem
3294 3701 3483 3754 nolunt

1919 3767 2201 3838 imaginem
2252 3770 2340 3821 Dei
2384 3768 2436 3820 in
2472 3784 2531 3821 se
2562 3767 2861 3831 attendere,
2894 3780 2949 3823 Ill.
2976 3772 3153 3839 vultus
3177 3770 3292 3839 ejus
3321 3785 3482 3834 super

1917 3852 2010 3891 eos
2052 3840 2400 3900 illuminetur,
2445 3839 2673 3903 scilicet,
2714 3850 2771 3892 ut
2804 3841 2981 3893 dicunt
3008 3858 3019 3891 :
3050 3838 3321 3902 “lumina,
3372 3839 3479 3892 Do-

1916 3908 2074 3971 mine,
2103 3908 2331 3961 tenebras
2361 3924 2518 3961 meas.
2564 3911 2640 3962 Ac
2683 3909 2725 3962 si
2765 3910 2979 3963 dicant:
3016 3911 3068 3963 In
3101 3912 3329 3963 tenebris
3359 3925 3481 3978 pec-

1917 3989 2157 4031 catorum
2202 3993 2345 4043 sum,
2384 3979 2531 4032 radio
2561 3980 2835 4047 sapientia:
2876 3990 2980 4033 tua:
3015 3980 3362 4034 discutiantur
3404 3991 3483 4035 te-

1917 4048 2096 4103 nebra:
2128 4064 2280 4111 mete,
2311 4056 2367 4102 ut
2403 4061 2654 4115 appareat
2680 4054 2854 4103 vultus
2883 4060 3001 4103 tuus
3030 4068 3044 4115 ;
3074 4061 3129 4103 et
3148 4054 3190 4103 si
3221 4049 3359 4105 forte
3383 4066 3479 4118 per

1916 4132 2002 4172 me
2050 4130 2329 4185 appareat,
2385 4120 2640 4172 deformis
2688 4120 2907 4174 elfectus
2955 4122 3274 4175 reformatur
3325 4136 3354 4174 a
3402 4132 3480 4186 te,

1914 4188 2059 4253 quod
2097 4189 2381 4243 formatum
2407 4199 2487 4242 est
2510 4203 2539 4241 a
2564 4198 2631 4244 te.
2658 4188 2943 4245 Cantemus
2969 4206 3096 4260 ergo
3120 4192 3343 4245 Domino
3372 4191 3483 4245 Deo

1916 4267 2123 4328 nostro,
2165 4271 2410 4326 tanquam
2441 4260 2720 4328 agricolae,
2773 4270 2828 4314 ut
2864 4263 3179 4315 misereatur
3217 4261 3381 4315 nostri
3427 4271 3482 4314 et

1916 4327 2199 4383 benedicat
2228 4330 2407 4395 nobis,
2430 4327 2755 4382 et’illumiuet
2778 4331 2967 4383 cultum
2994 4348 3160 4395 suum,
3189 4346 3290 4384 n0n
3316 4346 3483 4397 quan-

1922 4406 2030 4451 tum
2061 4401 2125 4453 ad
2152 4415 2232 4463 se,
2262 4401 2350 4468 qui
2379 4414 2644 4464 nunquam
2688 4398 2787 4453 fuit
2828 4402 2943 4454 sine
2981 4402 3201 4465 lumine,
3233 4401 3323 4453 sed
3353 4402 3477 4466 quia

1921 4470 2093 4521 vultus
2121 4470 2238 4537 ejus
2268 4470 2579 4522 obscuratus
2627 4471 2832 4522 nebulis
2884 4482 3214 4537 peccatorum
3263 4479 3479 4523 nostro-

1917 4554 2058 4603 runt,
2091 4539 2239 4607 quasi
2272 4537 2408 4591 infra
2455 4553 2553 4592 nos
2596 4549 2745 4603 erat;
2777 4539 2900 4592 ideo
2930 4540 3190 4593 illuminet
3215 4538 3388 4605 ipsum
3424 4540 3475 4593 in

1917 4608 2087 4671 nobis,
2123 4610 2193 4662 ita
2232 4617 2288 4660 ut
2332 4609 2401 4660 sit
2439 4622 2598 4675 super
2644 4624 2761 4673 nos,
2814 4609 2864 4661 id
2917 4617 3021 4670 est,
3069 4618 3123 4661 ut
3162 4610 3476 4662 excellentia

1913 4677 2031 4746 ejus
2060 4684 2334 4746 appareat,
2367 4689 2413 4730 et
2449 4681 2526 4732 sic
2570 4680 2865 4732 misereatur
2912 4680 3089 4732 nostri.
3141 4680 3289 4745 Quod
3342 4681 3479 4733 bene

1915 4750 2183 4801 diversum
2227 4759 2307 4800 est
2334 4762 2363 4800 a
2393 4750 2671 4814 superiori.
2721 4749 2773 4801 ln
2822 4750 3084 4814 superiori
3130 4750 3271 4801 enim
3326 4750 3479 4803 mise-

1913 4827 2086 4869 reatur
2128 4820 2292 4887 prima
2339 4818 2595 4881 accipitur
2640 4817 2933 4879 miseratio,
2967 4836 3081 4886 quae
3113 4821 3269 4871 estin
3301 4821 3478 4887 initio,

1914 4888 1966 4939 itt
2000 4888 2101 4940 isto
2133 4904 2256 4941 vero
2304 4888 2613 4955 intelligitur
2645 4887 2752 4955 jam
2797 4887 2966 4956 major
3013 4890 3307 4951 miseratio,
3351 4894 3472 4954 quia

1912 4958 2159 5011 subditur
2217 4966 2336 5025 post
2400 4958 2869 5018 bcttcdicliouen‘t,
2928 4960 2975 5011 id
3023 4969 3145 5024 est,
3204 4968 3324 5024 post
3365 4962 3479 5012 fru-

1912 5036 2054 5081 ctum
2088 5029 2451 5095 multtplicem.
2485 5028 2693 5093 Quanto
2725 5030 2890 5097 magis
2915 5029 3056 5083 enim
3093 5029 3230 5082 Deus
3263 5031 3353 5082 dat
3379 5030 3478 5081 ali-

1912 5098 1996 5149 cui
2047 5099 2197 5164 plura
2244 5098 2384 5152 bona
2427 5100 2507 5151 vel
2550 5099 2711 5161 dona,
2768 5107 2914 5153 tanto
2964 5099 3133 5169 magis
3173 5099 3290 5168 ejus
3320 5100 3481 5153 mise-

1912 5175 2074 5221 retur.

1986 5235 2053 5290 Ut
2094 5251 2456 5305 cognoscamus
2481 5236 2534 5288 iu
2563 5245 2717 5291 terra.
2750 5237 2830 5292 Ad
2862 5238 2985 5302 hoc,
3031 5240 3267 5306 inquam,
3303 5239 3479 5291 vultus

1913 5315 2034 5360 tuus
2063 5322 2223 5374 super
2270 5321 2365 5359 nos
2417 5306 2761 5372 illuminetur,
2797 5319 2849 5361 et
2881 5310 3181 5363 miserearis
3209 5310 3394 5370 nostri,
3424 5317 3479 5359 ut

1912 5379 1964 5429 in
1995 5377 2094 5431 hac
2123 5388 2278 5439 terra,
2323 5379 2372 5431 id
2415 5388 2517 5439 est,
2555 5380 2603 5429 in
2651 5381 2749 5431 hac
2797 5379 3046 5441 Idumam,
3091 5390 3227 5432 terra
3257 5380 3397 5431 invia
3424 5391 3479 5432 et

1912 5450 2188 5513 inaquosa,
2222 5450 2272 5498 in
2305 5461 2406 5511 qua
2434 5447 2651 5500 dil’licile
2695 5459 2775 5501 est
2805 5446 3040 5501 invenire
3088 5449 3258 5512 \‘iullt;
3291 5464 3479 5516 cogno-

1910 5535 2109 5570 scamus
2139 5533 2267 5583 ergo
2292 5519 2424 5568 viam
2450 5528 2609 5579 tuam,
2641 5519 2689 5569 id
2712 5529 2814 5576 est,
2842 5521 2976 5570 viam
3004 5517 3068 5571 ad
3096 5528 3147 5572 te
3174 5521 3478 5582 ducentem,

1907 5588 2079 5647 illam,
2110 5588 2338 5649 scilicet,
2370 5585 2527 5649 viam,
2560 5602 2677 5654 qua:
2704 5589 2870 5642 dicit:
2904 5586 3013 5656 Ego
3049 5605 3160 5641 sum
3189 5592 3288 5641 via.
3322 5591 3382 5641 lit
3412 5605 3480 5644 ne

1908 5657 2098 5723 aliquis
2128 5657 2176 5709 in
2208 5660 2304 5708 hac
2345 5657 2423 5706 via
2468 5671 2649 5711 errare
2694 5660 2928 5719 timeret,
2967 5659 3149 5713 addit:
3184 5660 3246 5713 Et
3272 5662 3473 5713 veritas.

1910 5725 2039 5783 ltetu
2088 5741 2158 5783 ue
2199 5726 2409 5783 timeret
2461 5726 2693 5785 deﬁcere
2719 5769 2735 5798 ,
2794 5730 3010 5785 subdit:
3048 5730 3111 5787 Et
3158 5732 3293 5804 vita,
3336 5733 3481 5789 scili-
