4010 6190
611 338 717 395 827

1070 337 1272 393 ΒιζοΕ
1313 334 1759 392 VENERABILIS
1793 336 1944 392 OPP.
1983 335 2163 393 PARS

2306 334 2497 391 SEC'I‘.
2538 334 2603 390 ll.
2646 363 2712 375 --
2752 331 2952 388 DUlllA
2994 330 3082 386 ET
3117 330 3387 387 SPURIA.

3733 338 3817 393 8‘18

611 460 720 519 cet,
757 452 809 505 iu
840 464 942 520 qua
972 449 1302 517 requiesces,
1352 456 1408 503 et
1459 462 1561 500 non
1602 446 1842 520 delicies.
1874 446 1934 499 Et
1958 460 2075 515 quae
2106 445 2176 500 sit
2202 447 2255 507 Α
2282 444 2591 520 hgeredibus
2617 442 2910 520 unigeniti
2933 442 3051 506 sui,
3081 450 3146 520 _et
3194 441 3248 495 iu
3302 456 3521 509 regnum
3562 445 3821 520 adoptans.

613 522 701 575 illa
729 523 837 586 via,
864 519 1256 586 'subsequcnter
1301 520 1550 584 exponit.
1597 519 1833 578 scilicet,
1886 530 2177 586 cognosca-

614 605 733 645 mus
759 591 982 644 salutare
1011 585 1173 651 tuum,
1229 588 1281 641 id
1322 597 1426 650 est,
1482 588 1815 643 Salvatorem
1849 594 1994 638 tuttm
2024 585 2180 639 Chri-

613 671 753 713 stum
792 674 897 713 non
937 666 1141 712 tantum
1190 658 1245 712 in
1292 656 1491 722 Africa,
1534 658 1628 712 sed
1677 658 1731 709 in
1772 656 2005 709 omnibus
2055 672 2181 726 gen-

613 729 765 783 tibus.

683 798 1035 865 Conﬁteantur
1060 798 1146 853 tibi
1178 797 1373 866 populi,
1401 796 1556 851 Deus.
1587 796 1716 863 Quia
1743 794 1976 864 optando
1999 794 2176 849 dixit:

614 867 883 921 llluminet
910 870 1103 923 vultum
1139 884 1285 920 suum
1315 884 1469 936 super
1500 884 1612 929 nos,
1640 878 1696 920 ut
1719 867 1855 918 viam
1883 878 2177 929 cognosca-

615 953 755 1003 mus,
787 937 908 992 ideo
944 951 1000 992 ut
1025 950 1204 992 certos
1246 952 1343 990 nos
1387 938 1543 991 faciat
1585 951 1646 989 se
1685 952 1804 990 esse
1848 936 2176 999 exauditam,

618 1009 864 1061 hortatur
911 1023 1009 1060 nos
1038 1018 1094 1062 ut
1121 1009 1497 1069 confiteantur,
1538 1008 1688 1075 quasi
1714 1007 1823 1073 jam
1856 1006 2064 1071 cognita
2093 1005 2177 1059 via

613 1079 836 1131 dicens:
873 1078 917 1131 0
952 1076 1104 1143 Deus,
1142 1076 1535 1143 pepuliludaici
1575 1078 1913 1143 conﬁteantur
1940 1075 2028 1127 tibi
2054 1089 2178 1141 pec-

616 1159 792 1203 catum
823 1162 998 1212 suum,
1023 1154 1079 1201 et
1106 1148 1457 1213 confiteantur.
1495 1147 1545 1200 id
1570 1157 1670 1208 est,
1708 1147 1925 1200 laudent
1949 1146 2175 1214 gloriam

618 1227 854 1283 tuam,et
882 1218 1038 1271 etiam
1071 1218 1156 1271 alii
1197 1233 1367 1269 omnes
1404 1217 1599 1286 populi,
1649 1217 1893 1285 gentiles,
1926 1214 2172 1286 scilicet,

614 1288 970 1343 confiteantur
1024 1286 1353 1356 iniquitatem
1411 1284 1601 1351 suam,
1652 1284 1703 1339 et
1757 1284 2176 1340 misericordiam

617 1366 781 1411 lnam.
809 1357 1007 1413 Gentes
1028 1360 1167 1411 enim
1210 1372 1370 1424 super
1404 1357 1764 1410 misericordia
1813 1358 1978 1409 Deum
2012 1355 2179 1408 hono-

616 1441 755 1491 rare,
790 1429 1043 1496 Apostoln
1068 1437 1222 1492 teste,
1260 1435 1510 1480 accusent
1547 1441 1626 1488 se,
1656 1426 1953 1495 gloriﬁcent
1989 1433 2057 1486 te,
2075 1437 2176 1496 re-

617 1494 946 1563 preliendant
974 1512 1051 1561 se,
1084 1497 1300 1550 laudent
1330 1507 1401 1551 te.
1437 1494 1679 1549 Inveniat
1700 1507 1750 1550 te
1780 1500 1939 1549 homo
1963 1494 2176 1561 punito-

618 1582 730 1621 rem
755 1582 927 1630 suum,
956 1579 1012 1620 ut
1034 1566 1281 1621 exhibeat
1304 1580 1361 1619 se
1384 1568 1615 1619 salutare
1638 1578 1806 1621 tuum.
1825 1567 2000 1631 Quare
2022 1564 2179 1619 times

615 1638 890 1692 confiteri?
918 1638 1033 1691 Noli
1062 1639 1250 1690 timere
1276 1637 1534 1694 confiteri.
1562 1637 1682 1704 quia
1706 1635 1986 1691 confessus
2007 1635 2181 1688 salva-

618 1706 782 1771 heris,
823 1710 1013 1761 tacitus
1050 1707 1409 1760 damnaberis.
1456 1706 1525 1758 Et
1567 1707 1689 1772 quia
1728 1706 1842 1758 Inec
1885 1704 2003 1757 talis
2047 1719 2180 1759 cou-

617 1776 781 1830 l'essio
811 1792 915 1829 non
947 1788 1025 1830 est
1054 1776 1117 1828 ad
1151 1790 1380 1842 poenam,
1421 1777 1513 1829 sed
1555 1776 1618 1828 ad
1647 1791 1744 1829 ven
1769 1789 1876 1837 am,
1906 1773 2028 1827 ideo
2053 1775 2179 1829 sub-

613 1846 721 1899 dit:
742 1843 1003 1899 Ltetentur
1027 1856 1199 1915 gentes
1221 1845 1491 1914 quaelibet,
1518 1845 1562 1898 si
1584 1846 1896 1900 confitentes
1917 1845 2176 1911 interius;

615 1925 662 1966 et
682 1916 931 1969 exsultent
961 1916 1216 1978 exterius,
1262 1916 1314 1970 id
1354 1923 1459 1980 est,
1499 1915 1789 1984 plenariam
1821 1916 2056 1968 laetitiam
2087 1916 2180 1969 ba-

614 1985 789 2038 beant.
817 1986 976 2050 Quasi
999 1986 1145 2039 dicat
1169 2002 1182 2037 :
1211 1985 1472 2054 Plangunt
1494 1995 1620 2039 ante
1648 1985 1919 2039 hominem
1941 1984 2179 2053 judicem

616 2055 846 2109 confessi
880 2056 1133 2118 latrones,
1164 2057 1410 2109 laetentur
1439 2071 1566 2110 vero
1595 2065 1719 2110 ante
1752 2055 1916 2109 Deum
1947 2054 2179 2110 confessi

618 2124 821 2179 fideles.
866 2126 927 2179 Et
959 2125 1097 2179 unde
1124 2125 1285 2179 debet
1330 2125 1516 2190 laetari,
1561 2126 1702 2181 unde
1746 2124 2056 2180 exsultare?
2102 2126 2181 2181 Ex

613 2194 746 2260 ipsa,
788 2197 1013 2258 scilicet,
1056 2193 1413 2259 confessione,
1448 2195 1567 2262 quia
1598 2198 1665 2265 ad
1698 2197 1798 2251 hoc
1827 2202 2025 2265 quieris
2050 2208 2180 2250 con-

616 2265 924 2332 fessionem,
968 2275 1025 2318 ut
1063 2265 1259 2320 liberes
1312 2268 1584 2321 humilem.
1643 2262 1712 2319 Et
1756 2262 1917 2320 etiam
1961 2276 2180 2335 propter

610 2335 805 2407 indicis
824 2336 1161 2407 dignitati-ru,
1188 2337 1426 2406 quoniam
1454 2346 1528 2401 tu,
1562 2337 1786 2407 scilicet,
1820 2351 1977 2404 quem
2001 2336 2180 2407 nullus

615 2405 770 2469 fallit,
815 2405 909 2459 nec
955 2406 1173 2472 pecunia
1232 2407 1543 2471 corrumpit,
1596 2408 1646 2459 in
1694 2405 1925 2474 judicio,
1968 2406 2180 2474 judicas

614 2476 733 2545 (pro
770 2475 1060 2540 iudicabis)
1107 2475 1320 2529 tandem
1369 2490 1555 2529 omnes
1596 2476 1810 2545 populos
1839 2477 1890 2527 in
1919 2476 2174 2544 (equitate,

615 2542 840 2610 scilicet,
889 2554 945 2597 ut
982 2546 1156 2611 quise
1186 2546 1487 2609 punierunt,
1525 2560 1628 2599 non
1659 2542 1845 2606 punias
1868 2582 1883 2607 ,
1924 2542 2013 2607 qui
2048 2560 2177 2598 vero

610 2628 669 2665 se
693 2628 795 2667 non
823 2615 1125 2682 puuierunt,
1163 2614 1284 2668 illos
1316 2625 1368 2667 tu
1403 2614 1606 2679 punias.
1645 2613 1712 2666 Et
1743 2616 1862 2682 quia
1892 2625 2059 2681 gentes
2091 2615 2175 2668 di-

614 2691 784 2738 storte
821 2693 876 2738 et
918 2699 1075 2750 prave
1113 2685 1286 2752 potius
1334 2700 1401 2737 ex
1447 2686 1696 2750 aequitate
1727 2684 1813 2737 illa
1842 2682 2021 2751 judicii
2051 2697 2177 2752 pos-

615 2762 735 2806 sent
779 2753 976 2808 habere
1014 2768 1226 2807 causam
1275 2754 1541 2817 tristandi,
1590 2769 1748 2822 quam
1793 2752 2028 2820 lietandi,
2058 2754 2178 2808 ideo

612 2838 822 2876 causam
852 2826 1119 2887 prmmittit
1143 2826 1208 2877 ad
1238 2825 1384 2877 illud.
1426 2824 1585 2889 Quasi
1616 2825 1754 2877 dicat
1780 2844 1792 2876 :
1824 2824 1943 2877 Ideo
1965 2838 2032 2876 ex
2071 2832 2178 2877 tam

616 2894 987 2958 a-quojudicio
1014 2904 1102 2948 tuo
1124 2904 1310 2960 gentes
1352 2896 1549 2948 debent
1596 2896 1761 2947 laetari
1797 2905 1850 2949 et
1892 2897 2176 2958 exsultare,

611 2964 732 3027 quia
756 2969 810 3014 ιιι
830 2963 883 3014 in
906 2975 1057 3027 terra,
1086 2965 1137 3017 id
1162 2976 1263 3028 ρει,
1294 2966 1344 3016 in
1374 2966 1471 3016 liae
1495 2965 1597 3017 vita
1622 2974 1852 3026 terrena,
1881 2977 1999 3031 quae
2023 2964 2177 3031 plena

610 3033 882 3103 erroribus
910 3042 1011 3098 est,
1052 3036 1128 3088 sic
1172 3036 1352 3102 dirigis
1382 3042 1553 3103 gentes
1596 3044 1653 3087 ut
1677 3034 1955 3101 judicium,
1987 3048 2173 3100 quam-

612 3101 690 3173 vis
720 3115 952 3171 aequum,
983 3120 1086 3157 non
1117 3101 1361 3173 Oporteat
1385 3101 1482 3158 eas
1516 3106 1720 3157 timere.
1758 3106 1816 3155 Et
1840 3104 1959 3171 quia
1989 3115 2171 3171 gentes

609 3171 814 3243 directe
856 3173 963 3242 jam
1004 3171 1199 3228 in-lide
1244 3175 1598 3236 ambulantes,
1628 3174 1732 3243 jam
1763 3174 1898 3226 bona
1925 3188 2087 3242 opera
2119 3174 2172 3229 in

612 3242 829 3296 Christo
872 3245 1147 3307 facientes,
1193 3260 1286 3313 per
1333 3246 1432 3298 ltoc
1481 3242 1635 3298 mare
1675 3245 1938 3312 navigant,
1984 3253 2038 3296 et
2062 3260 2175 3298 ma-

613 3314 725 3364 rina
748 3327 882 3381 aqua
910 3329 1001 3380 per
1020 3316 1402 3368 minutissimas
1425 3317 1585 3369 rimas
1606 3324 1764 3383 atque
1787 3318 2096 3368 cavernulas
2118 3315 2172 3370 in

615 3384 786 3435 navim
818 3385 996 3446 intrat,
1029 3396 1082 3439 et
1120 3384 1379 3438 sentinam
1405 3383 1550 3451 facit,
1599 3400 1666 3439 ne
1712 3386 1890 3437 navim
1934 3385 2170 3452 impleat,

617 3469 682 3505 ne
733 3453 909 3506 navim
950 3456 1235 3522 opprimat,
1278 3457 1516 3524 quotidie
1551 3456 2019 3524 exhauriendaiest
2045 3469 2171 3509 sen-

618 3524 720 3576 tina
751 3525 863 3577 bmc
902 3526 1124 3597 orando,
1170 3528 1536 3597 eleemosynas
1568 3525 1829 3597 faciendo,
1855 3523 2169 3597 jejttnando,

612 3603 667 3644 et
707 3608 835 3658 puro
866 3593 1027 3647 etiam
1073 3597 1235 3647 corde
1280 3593 1542 3649 dicendo:
1580 3594 1789 3648 Dimitte
1826 3593 1969 3647 nobis
2008 3594 2173 3648 debita

610 3675 786 3714 nostra
823 3664 951 3716 sicut
979 3674 1024 3716 et
1049 3681 1159 3728 n08,
1195 3679 1241 3718 et
1274 3676 1397 3720 eiet.
1442 3666 1778 3732 Quapropter
1804 3667 2043 3733 egregius
2075 3668 2173 3722 iste

612 3744 792 3786 orator
829 3744 885 3787 et
924 3735 1406 3788 excellentissimus
1452 3736 1769 3803 pr:cdicator
1805 3744 1858 3786 et
1906 3741 2171 3802 hortator,

615 3815 833 3874 versum
870 3821 1025 3871 quem
1067 3806 1309 3873 superius
1355 3822 1451 3874 pro
1496 3808 1663 3874 prima
1706 3814 1760 3858 et
1793 3803 1994 3857 diflicili
2042 3820 2174 3860 cono

616 3870 851 3927 fessione
882 3870 1074 3941 posuit,
1109 3870 1202 3943 pro
1233 3875 1329 3928 hac
1355 3870 1708 3930 confessione
1747 3874 1997 3940 secunda,
2056 3892 2174 3941 qua:

613 3946 842 4014 pertinet
869 3948 932 3997 ad
962 3948 1321 4012 quotidianam
1368 3946 1692 4000 ablutionem
1742 3946 1954 4014 pedum,
1982 3947 2176 4013 repetit

611 4011 818 4066 dicens:
842 4011 1186 4081 Conﬁteantur
1212 4016 1299 4069 tibi
1330 4018 1525 4084 populi,
1555 4016 1706 4079 Deus,
1730 4011 1934 4070 Iudaici
1962 4033 1975 4079 ;
2006 4011 2171 4084 con/i-

612 4088 813 4154 teantur
854 4085 940 4136 tibi
982 4096 1139 4154 etiam
1173 4089 1348 4154 pepuli
1381 4103 1568 4139 omnes.
1600 4087 1877 4139 Etdebent
1905 4088 2172 4153 confiteri,

609 4150 732 4217 quia
768 4161 925 4225 terra,
958 4153 1007 4206 id
1037 4165 1114 4207 est
1151 4150 1257 4206 vita
1283 4166 1478 4220 nostra,
1504 4172 1620 4224 quae
1653 4158 1793 4222 prius
1824 4157 1974 4220 plena
2006 4150 2174 4225 spinis

612 4229 747 4294 erat,
775 4223 1072 4294 etgtribulos
1097 4225 1447 4290 germinabat,
1474 4226 1611 4277 dedit
1627 4226 1736 4292 jam
1759 4227 1982 4294 fructum
2004 4223 2170 4294 suum,

617 4290 668 4342 id
695 4302 798 4356 est,
829 4292 965 4346 bona
989 4308 1148 4361 opera
1181 4294 1304 4347 fecit
1336 4290 1663 4348 humiliando
1684 4311 1741 4349 se
1760 4290 1825 4348 et
1846 4290 2171 4351 conﬁtendo.

611 4363 778 4428 Quem
809 4363 1021 4430 quidem
1065 4362 1291 4417 fructmn
1322 4380 1426 4417 non
1466 4365 1717 4431 dedisset,
1766 4366 1866 4418 n'si
1906 4368 2175 4432 compluta

609 4446 639 4484 ιι
666 4433 893 4487 nubibus
926 4434 1027 4486 illis
1055 4443 1219 4496 esset,
1242 4433 1310 4487 de
1334 4436 1524 4502 quibus
1546 4435 1741 4489 dictum
1772 4448 1889 4488 est:
1917 4435 2174 4489 Mandabo

614 4501 834 4556 nubibus
864 4505 1007 4575 meis,
1041 4520 1102 4557 ne
1130 4508 1308 4570 pluunt
1350 4522 1499 4575 super
1545 4507 1851 4559 meretricem
1878 4507 2041 4558 illam.
2075 4507 2176 4561 Per

612 4587 645 4639 q
688 4587 747 4625 as
793 4574 960 4627 nubes
1003 4575 1258 4627 Dominus
1304 4586 1358 4627 et
1407 4574 1554 4629 tonat
1603 4578 1781 4638 minis,
1836 4586 1887 4628 et
1930 4586 2175 4631 coruscat

611 4642 899 4704 miraculis,
929 4652 984 4696 et
1010 4645 1262 4711 complnit
1307 4649 1499 4699 verbis.
1540 4647 1843 4699 Timeamus
1887 4662 2012 4713 ergo
2051 4662 2171 4701 eum

611 4724 706 4775 per
752 4713 867 4764 illas
906 4715 1072 4766 nubes
1104 4728 1368 4767 tonantem
1414 4718 1528 4769 sive
1569 4727 1961 4768 cotuscantem.
2020 4717 2175 4771 Exci—

612 4782 827 4853 piamns
862 4795 989 4850 ergo
1034 4785 1448 4851 compluentem,
1481 4796 1535 4838 et
1562 4795 1617 4837 ut
1658 4794 1793 4839 tvrra
1826 4799 2035 4853 semper
2064 4790 2174 4839 l‘rn-

610 4856 753 4924 ctum
795 4850 909 4924 det,
952 4853 1378 4924 ideobenedicat
1410 4871 1526 4919 nos,
1572 4856 1622 4908 id
1654 4866 1749 4924 est.
1790 4850 2171 4912 incrementum

609 4919 765 4971 nobis
794 4921 931 4974 Deus
952 4922 1039 4976 det
1070 4923 1242 4977 Pater.

634 5055 645 5066 _
678 4987 947 5066 Benedicut
975 4992 1232 5066 nos‘Detts
1252 5003 1438 5047 noster.
1467 4994 1517 5047 Id
1544 5004 1644 5053 est,
1665 4994 1827 5048 Filius
1857 4994 2022 5051 factus
2054 5012 2177 5063 par-

610 5061 774 5138 ticeps
803 5061 1123 5138 infirmitatis
1153 5074 1349 5138 nostrae
1370 5108 1384 5127 ,
1426 5074 1480 5117 ut
1508 5074 1560 5117 et
1601 5080 1699 5138 nos
1741 5068 1986 5119 ticremus
2015 5061 2176 5132 parti-

608 5131 755 5201 cipes
786 5132 969 5199 gloriae
997 5147 1126 5187 suae.
1159 5131 1430 5187 Benedicat
1461 5149 1548 5186 nos
1576 5136 1734 5188 etiam
1779 5138 1942 5197 Ueus,
1977 5137 2025 5188 id
2056 5148 2132 5188 est
2154 5178 2169 5201 ,

607 5197 838 5265 Spiritus
859 5212 1093 5268 sanctus,
1124 5218 1242 5256 cum
1269 5204 1419 5257 Patre
1444 5212 1498 5257 et
1529 5204 1659 5259 Filio
1687 5221 1818 5258 unus
1845 5205 2001 5258 Deus.
2032 5197 2176 5261 Solet

606 5270 765 5346 etiam
786 5271 889 5346 hoc
915 5273 993 5346 sic
1023 5274 1120 5346 dici
1154 5290 1168 5346 ς
1205 5271 1381 5339 Terra,
1417 5276 1466 5328 id
1508 5283 1610 5338 est,
1643 5291 1765 5329 caro
1792 5285 2175 5346 nostratvnrgo

607 5343 807 5394 scilicet
833 5339 1021 5407 Maria,
1044 5344 1182 5395 dedit
1211 5346 1429 5412 fructum
1456 5360 1619 5408 suum,
1644 5345 1765 5412 quia
1787 5356 1964 5412 genuit
1986 5339 2175 5397 Salva-

607 5416 775 5465 torem
806 5423 860 5465 et
888 5424 1127 5466 nostrum
1164 5424 1217 5468 et
1238 5430 1410 5469 suum.
1455 5412 1603 5468 Unde
1629 5416 1887 5466 benedicat
1915 5430 2007 5467 nos
2042 5413 2173 5467 Deus

611 5479 766 5535 l'atet'
796 5483 934 5535 illius
978 5487 1197 5538 fructus.
1244 5484 1529 5538 Benedteat
1577 5499 1672 5536 nos
1721 5483 1858 5536 Deus
1903 5496 2089 5547 noster,
2123 5486 2173 5539 ul

607 5561 710 5611 est.
738 5552 849 5619 ipse
881 5555 1101 5622 fructus.
1136 5552 1406 5607 Benedicat
1429 5570 1519 5607 nos
1548 5552 1706 5618 Deus,
1741 5554 1793 5607 id
1816 5564 1915 5618 est,
1945 5556 2175 5622 Spiritus

605 5629 839 5674 sanctus.
875 5620 940 5672 Et
969 5628 1019 5675 in
1052 5626 1149 5676 hac
1191 5626 1555 5679 benedictione
1594 5634 1814 5676 metuant
1856 5640 1967 5676 eum
1990 5620 2174 5677 omnes

606 5688 942 5769 ﬁnesterrte,
964 5697 1318 5769 metuentibus
1348 5710 1469 5747 eum
1498 5707 1663 5769 caste.
1697 5698 1843 5769 Quod
1879 5698 1944 5745 ita
1978 5697 2173 5749 factum

605 5767 710 5825 est,
734 5762 974 5830 implevit
997 5763 1136 5819 Deus
1166 5764 1320 5820 l'atct‘
1352 5773 1519 5819 totum
1551 5766 1732 5820 urbem
1766 5766 1912 5820 filiis
1943 5768 2052 5820 suis
2082 5778 2174 5820 co-

2289 512 2459 568 Unum
2506 514 2716 578 quidem
2757 514 2970 579 genuit,
3002 511 3094 564 sed
3128 527 3289 564 unum
3329 527 3447 567 esse
3490 511 3697 569 uoluit:
3726 520 3826 581 quis

2283 587 2480 640 multos
2505 583 2696 637 fratres
2725 582 2848 636 fecit
2874 582 2922 635 ei
2955 596 3060 635 non
3087 581 3371 649 gignendo,
3401 585 3494 637 sed
3524 585 3825 655 adoptando.

2731 695 2797 749 IN
2839 694 3158 749 PSALMUM
3200 694 3411 751 LXVII.

2516 805 2572 862 In
2608 807 2764 863 linem
2799 807 3029 876 psalmus
3057 806 3261 860 Cautici
3291 807 3393 876 ipsi
3426 809 3603 863 David.

2881 911 3259 951 ARGUMENTUN.

2348 992 2481 1047 Cum
2520 1004 2696 1045 arcam
2730 993 3032 1044 testamenti
3073 998 3191 1059 post
3234 989 3452 1044 crebras
3501 990 3826 1059 migrationes

2274 1064 2493 1117 tandem
2518 1061 2679 1115 David
2702 1062 2767 1114 ad
2796 1075 2854 1115 se
2874 1062 3056 1129 grandi
3079 1062 3447 1113 exsultationis
3462 1062 3664 1115 ambitu
3680 1072 3827 1116 trans-

2279 1134 2459 1195 ferret,
2489 1148 2704 1185 carmen
2757 1133 2856 1184 hoc
2884 1133 3102 1192 ceanit,
3126 1145 3433 1196 memorque
3464 1132 3674 1186 itineris
3715 1135 3829 1188 illius

2278 1214 2333 1258 et
2361 1204 2773 1256 transductionis
2812 1201 3080 1270 quondam
3120 1202 3171 1254 in
3202 1216 3404 1264 eremo,
3437 1202 3585 1266 quasi
3629 1217 3695 1256 ex
3724 1219 3827 1265 per-

2277 1288 2409 1328 Sona
2442 1273 2734 1340 principum
2782 1272 2919 1325 illius
2953 1273 3206 1339 temporis
3232 1273 3488 1336 psalmum
3526 1274 3823 1337 composuit.

2278 1343 2457 1411 Ipsum
2509 1356 2720 1412 versum
2767 1343 2818 1396 in
2864 1342 3037 1406 rapite
3084 1355 3305 1412 ponens,
3339 1356 3495 1406 quem
3543 1352 3593 1395 et
3641 1343 3828 1412 Moyses

2285 1410 2428 1476 tunc,
2460 1411 2665 1479 quoties
2688 1413 2737 1464 iu
2760 1412 2966 1481 signum
2993 1410 3337 1475 profectionis
3361 1426 3485 1463 arca
3514 1410 3827 1478 movebatur,

2278 1483 2568 1537 decantare
2610 1483 2837 1537 solebat.
2892 1482 3058 1535 Aliter
3106 1483 3359 1548 propheta
3406 1484 3827 1537 resurrectioqu

2278 1552 2473 1610 Christi
2501 1563 2554 1606 et
2585 1554 2911 1621 posteriores
2936 1550 3134 1619 glorias
3162 1552 3466 1605 annuntiat.

2890 1656 3246 1695 EXPLANATIO.

2352 1733 2520 1788 David
2544 1733 2821 1788 Dominum
2849 1734 3094 1803 designat,
3128 1748 3277 1803 quem
3297 1740 3343 1784 et
3362 1732 3489 1803 ﬁnis
3517 1734 3833 1799 pronuntiat,-

2208 1795 2259 1856 B
2285 1805 2466 1875 longus
2496 1807 2743 1872 psalmus,
2768 1811 2814 1855 et
2841 1795 3061 1873 quin'que
3079 1795 3496 1875 diapsalmalibus
3516 1795 3832 1871 primaint-is,

2283 1871 2509 1945 per'quaa
2536 1890 2629 1927 nos
2658 1871 3325 1945 divisionesimpressimus.
3343 1871 3497 1925 Totus
3519 1882 3693 1945 autem
3716 1876 3834 1942 psal-

2287 1943 2514 2014 snusper
2538 1946 2775 2014 mysticus
2804 1943 3161 1996 similitudines
3188 1943 3433 2014 loquitur,
3454 1944 3544 2011 qui
3566 1959 3835 1996 sacramen-

2280 2015 2345 2070 tis
2364 2012 2658 2084 euangelicis
2680 2013 2882 2083 plenus,
2906 2023 2952 2065 et
2976 2014 3287 2084 ascensionis
3306 2012 3491 2067 Christi
3515 2014 3834 2084 descriptione

2281 2080 2592 2139 monstratur
2616 2080 2722 2138 esse
2745 2085 3049 2149 praecipuus.
3076 2080 3251 2135 Primo
3272 2083 3500 2151 ingressu
3522 2082 3710 2150 psalmi
3735 2098 3835 2148 pro-

2280 2156 2433 2226 pheta
2461 2157 2580 2208 dicit
2606 2196 2634 2226 ,7
2658 2170 2772 2223 qua:
2811 2155 3030 2226 inimicis
3070 2152 3278 2226 Domini
3310 2154 3578 2226 accidant,
3620 2154 3701 2226 vel
3737 2168 3838 2226 quc

2281 2222 2515 2294 ﬁdelibus
2535 2226 2586 2277 in
2611 2222 2786 2290 futura
2808 2224 3123 2294 judicatione
3148 2224 3459 2294 contingant:
3493 2222 3730 2294 Secundo
3749 2223 3835 2275 sir-

2281 2291 2410 2349 tutes
2448 2295 2732 2363 signiﬁcat,
2776 2291 2902 2362 quas
2944 2293 3155 2346 contulit
3203 2294 3389 2363 populo
3425 2291 3747 2363 Judteorum,
3784 2307 3838 2345 ac

2280 2365 2463 2417 deinde
2491 2362 2613 2417 dicit
2653 2363 3077 2432 quemadmodum
3118 2379 3180 2414 ea:
3210 2362 3286 2415 liis
3312 2364 3520 2432 perfecit
3553 2362 3838 2416 Ecclesium.

2284 2434 2453 2488 Tertio
2486 2450 2573 2502 per
2597 2430 2781 2487 mantis
2807 2435 3019 2501 speciem
3048 2433 3277 2498 designat
3310 2430 3835 2502 Dominum§aleatoo

2277 2520 2402 2567 rem,
2435 2520 2835 2559 commemorans
2859 2519 2974 2571 qua:
3003 2503 3242 2570 beneficia
3269 2504 3557 2570 praestiterit
3585 2501 3839 2570 Ecclesia,

2278 2577 2485 2644 quando
2540 2591 2649 2627 eam
2706 2574 3086 2644 resurrectionis
3140 2588 3506 2644 sttwrgmunere
3558 2572 3839 2625 sublevavit.

2283 2642 2481 2711 Quarto
2509 2644 2829 2697 inimicorum
2864 2642 3072 2696 Domini
3096 2642 3381 2705 superbiam
3407 2646 3841 2709 conquassandant

2278 2729 2387 2768 esse
2408 2714 2728 2783 pronuntiat,
2759 2723 2805 2767 et
2835 2714 3181 2766 conversiones
3211 2722 3258 2764 et
3288 2715 3529 2781 martyrio
3556 2713 3617 2764 ab
3647 2722 3846 2783 utroque

2279 2782 2424 2845 sexu,
2456 2795 2501 2836 et
2538 2799 2601 2837 ea:
2641 2785 2869 2851 pessimis
2897 2784 3022 2835 dicit
3062 2799 3164 2835 esse
3192 2783 3442 2848 facienda,
3473 2799 3585 2834 cum
3611 2782 3847 2851 adventus

2285 2852 2487 2905 Domini
2518 2849 2705 2905 mundo
2737 2852 3285 2907 Saluatorisilluxerit.
3318 2852 3505 2915 Quinto
3527 2853 3647 2903 dicit
3677 2854 3728 2904 in
3755 2849 3841 2902 Ec-

2280 2924 2443 2976 clesiis
2474 2924 2747 2976 Dominum
2776 2923 2956 2976 debere
2986 2923 3229 2984 benedici,
3264 2924 3345 2973 ubi
3372 2923 3599 2989 Apostoli
3622 2934 3673 2974 et
3705 2920 3844 2973 Chri-

2280 3003 2386 3049 stus
2409 2994 2515 3062 ipse
2542 2995 2857 3060 praedicavit,
2888 2992 3179 3061 supplicans
3207 3001 3259 3062 ut
3283 2994 3416 3043 dona
3440 3008 3549 3057 qua:
3572 2993 3710 3044 dedit
3732 2991 3846 3056 ﬁde-

2283 3063 2411 3116 libus
2431 3060 2563 3125 ‘suis,
2596 3078 2893 3116 conservare
2914 3060 3172 3131 dignetur.
3209 3060 3378 3113 Monet
3409 3064 3562 3114 etiam
3590 3073 3642 3113 ut
3666 3063 3844 3114 veloci-

2198 3139 2244 3200 C
2277 3142 2351 3186 ter
2373 3135 2441 3186 ad
2466 3133 2739 3185 Dominum
2771 3134 2988 3197 veniant,
3020 3135 3104 3202 qui
3128 3134 3177 3184 in
3202 3131 3295 3183 hoc
3317 3133 3503 3183 mundo
3533 3143 3775 3194 tanquam
3798 3133 3843 3181 in

2277 3203 2507 3273 ngypto
2560 3214 2606 3255 et
2652 3201 2924 3267 Ethiopia
2971 3212 3365 3273 commorantur.
3416 3202 3572 3273 Sexto
3620 3203 3842 3273 ingressu

2273 3267 2648 3327 universitatem
2691 3280 2854 3326 monet
2880 3314 2894 3334 ,
2939 3283 2990 3325 ut
3029 3273 3217 3339 psallat
3251 3271 3466 3324 Domino
3515 3267 3742 3329 Christo,
3769 3267 3850 3332 qui

2263 3345 2375 3411 jam
2421 3345 2804 3397 resurrectionis
2849 3358 2954 3395 sine
3002 3344 3250 3395 miracula
3281 3345 3538 3412 patefecit,
3570 3355 3627 3395 ac
3672 3340 3850 3394 deinde

2271 3413 2522 3485 psalmum
2552 3412 2819 3467 Dominica
2848 3414 2998 3467 laude
3023 3414 3290 3465 conclusit.

2845 3518 3274 3561 COMMENTARIUS.

2347 3594 2603 3667 Exsurgat
2635 3596 2792 3660 Deus,
2821 3593 3246 3667 dissipentur._ln
3274 3594 3425 3667 ﬁnem
3456 3591 3696 3667 Psalmus
3723 3589 3858 3646 Catt-

2274 3668 2359 3721 tici
2388 3669 2487 3733 ipsi
2520 3663 2704 3721 David.
2741 3667 2862 3719 Haec
2893 3663 3053 3718 verba
3087 3665 3386 3719 referuntur
3414 3664 3464 3714 in
3500 3663 3661 3714 linem
3711 3672 3858 3715 tem-

2275 3753 2485 3806 porum,
2520 3738 2771 3792 attributa
2804 3736 2902 3803 ipsi
2938 3735 3123 3798 David,
3154 3748 3273 3803 quze
3303 3746 3427 3806 vere
3454 3740 3575 3785 sunt
3600 3733 3856 3806 i'salmus

2273 3802 2498 3863 Cantiei.
2551 3802 2835 3863 Canticum
2882 3817 3016 3860 teste
3048 3806 3108 3857 ll.
3151 3802 3447 3870 Augustino
3489 3802 3709 3869 pr0prie
3743 3804 3854 3853 laus

2274 3879 2358 3931 illa
2385 3879 2601 3941 dit-itur,
2632 3892 2751 3943 qua:
2781 3890 2874 3930 ore
2904 3876 3188 3943 profertur.
3233 3873 3469 3926 Psalmos
3498 3886 3619 3924 vero
3654 3872 3856 3943 modo:

2276 3948 2403 4001 latio
2432 3950 2521 4002 illa
2564 3940 2779 4009 dicitur,
2812 3940 2930 4013 quae
2966 3947 3017 3999 in
3058 3945 3260 3999 musico
3301 3944 3686 4002 instrumento,
3716 3940 3861 4008 quod

2275 4017 2584 4072 Ps:ilteriutn
2615 4026 2834 4071 vocatur
2864 4030 2956 4084 per
2998 4016 3205 4083 pulsum
3249 4028 3528 4067 nervorum
3560 4022 3607 4084 et
3641 4021 3852 4064 tactum

2273 4087 2558 4154 digitorum
2597 4082 2897 4141 coniicitur.
2942 4085 3211 4151 Accipitur
3250 4092 3425 4136 autem
3455 4082 3727 4154 canticu_m
3759 4094 3857 4154 pro

2274 4152 2466 4212 mentis
2497 4158 2861 4226 intelligentia.
2901 4156 3103 4210 scilicet
3130 4154 3379 4226 quoniam
3415 4154 3560 4226 bene
3583 4152 3774 4226 anima
3803 4153 3856 4203 in

2274 4240 2333 4297 se
2362 4229 2472 4297 agit
2497 4220 2693 4282 sancte
2715 4228 3018 4297 meditando
3041 4234 3094 4278 et
3134 4220 3595 4297 cogitandusQnia
3626 4220 3856 4284 dicitur,

2275 4295 2344 4349 Et
2366 4292 2605 4367 cogitatio
2634 4306 2809 4351 sancta
2848 4296 3064 4349 servabit
3093 4303 3159 4347 te.
3191 4292 3341 4367 Quod
3371 4292 3468 4344 soli
3515 4292 3619 4343 Deo
3661 4304 3861 4367 laetum

2274 4376 2374 4429 est,
2400 4361 2520 4435 qvuia
2565 4369 2681 4434 ipse
2720 4367 2868 4420 solus
2896 4366 3039 4420 videt
3063 4364 3414 4435 cogitationes
3441 4375 3670 4435 no5tras.
3710 4361 3864 4412 Psal—

2280 4432 2649 4507 mus’quoque
2676 4438 2939 4505 accipitur
2968 4450 3062 4507 pro
3091 4433 3340 4507 exteriori
3366 4432 3702 4507 Operatione,
3738 4442 3865 4507 qua:

2207 4488 2256 4547 Π
2281 4488 2537 4574 proximis
2551 4488 3092 4561 1etiam"i'tttiiirite'scit.
3141 4488 3417 4574 Quoniam?
3449 4517 3572 4574 vero
3602 4488 3723 4574 haec
3754 4488 3865 4551 duo

2277 4571 2687 4646 conjunguntur,
2721 4585 2778 4631 ut
2804 4576 3078 4630 Canticum
3110 4576 3373 4642 praecedat
3405 4571 3749 4646 intelligenda
3775 4579 3861 4622 est

2278 4641 2397 4699 talis
2422 4641 2698 4716 operatio,
2729 4656 2783 4700 et
2814 4648 2932 4699 talis
2961 4647 3094 4707 laus,
3114 4641 3238 4713 qua:
3292 4642 3516 4716 νει-ιιιιὲ
3552 4643 3635 4716 _ad
3687 4641 3866 4716 inter-

2278 4731 2397 4769 nam
2435 4710 2943 4784 aggratulationem,
2993 4710 3152 4768 velut
3187 4710 3419 4766 bicest.
3474 4710 3658 4763 Talem
3707 4714 3860 4762 enim

2278 4784 2529 4858 hymnum
2554 4787 2751 4851 dicere,
2781 4797 2836 4841 et
2862 4789 3071 4858 itacum
3103 4785 3209 4837 Deo
3237 4797 3334 4835 suo
3363 4784 3628 4858 insistere,
3661 4794 3859 4858 prope:

2275 4851 2354 4908 dit
2381 4872 2444 4911 ex
2488 4857 2670 4911 intima
2717 4856 3153 4927 aggratulatione,
3187 4858 3307 4920 quia
3355 4851 3525 4927 sancti
3571 4852 3639 4902 de
3688 4851 3862 4927 priori

2277 4927 2470 4994 populo
2512 4942 2605 4995 per
2642 4920 2884 4980 sanctum
2915 4925 3276 4993 pr0pbeticum
3312 4922 3663 4995 praeﬁdentes
3690 4920 3859 4971 Chri-

2274 4992 2415 5048 smm
2455 4992 2687 5049 futurum
2712 4999 2763 5051 in
2806 4992 2985 5057 carne,
3019 5004 3073 5050 et
3118 5008 3212 5059 pro
3249 4993 3401 5045 nobis
3449 4992 3778 5043 moriturum
3808 4994 3860 5041 et

2276 5077 2741 5131 resurrecturum,
2798 5080 3139 5119 ascensurum
3184 5072 3238 5117 et
3292 5062 3547 5127 Spiritum
3607 5068 3865 5131 unctum

2276 5134 2564 5189 missurum
2599 5154 2611 5187 :
2638 5146 2691 5188 et
2717 5128 2794 5189 sic
2825 5138 2995 5190 locum
3027 5145 3269 5187 sanctum
3305 5133 3416 5188 Dei.
3451 5132 3502 5182 id
3531 5139 3635 5191 est,
3666 5128 3867 5181 Bede.

2276 5210 2408 5259 siam
2430 5206 2852 5259 conStitnendam
2876 5206 3268 5273 aggratulautur
3287 5203 3355 5273 de
3378 5202 3469 5254 tati
3493 5199 3871 5273 institutione,

2275 5287 2327 5329 et
2355 5277 2430 5329 sic
2462 5276 2791 5345 hymnizaut.
2842 5268 3120 5341 Sié'aguut
3160 5288 3279 5327 cum
3332 5272 3557 5345 Domino
3736 5282 3875 5331 suo,

2274 5354 2330 5399 et
2360 5340 2632 5398 hortantes
2675 5361 2770 5399 nos
2820 5354 2877 5398 ut
2925 5340 3087 5397 etiam
3120 5358 3214 5397 nos
3259 5342 3381 5395 inde
3408 5340 3823 5408 apgratulemur
3859 5354 3877 5390 :

2274 5416 2396 5482 quia
2444 5418 2668 5480 pertinet
2719 5416 2783 5468 ad
2834 5415 3182 5467 salvationean
3226 5426 3482 5473 nostram,
3507 5420 3563 5461 ut
3591 5411 3883 5482 hymnum

2274 5480 2558 5549 dicamus,
2587 5496 2643 5538 ut
2692 5486 2902 5537 tandem
2948 5484 3014 5536 ad
3069 5497 3245 5537 veram
3289 5480 3790 5549 aggratulationem
3824 5487 3881 5531 et

2278 5554 2635 5608 laudationem
2661 5556 2777 5608 sine
2796 5554 2900 5607 fine
2930 5554 3318 5620 perveniamus.
3350 5550 3439 5604 Vel
3468 5551 3533 5615 si,
3552 5558 3611 5602 ut
3632 5550 3879 5620 quidam

2278 5627 2479 5687 volunt,
2509 5625 2575 5679 de
2607 5625 2778 5677 futura
2812 5619 3198 5676 resurrectione
3242 5624 3328 5675 hic
3362 5631 3583 5687 agatur,
3609 5619 3880 5672 dicemus

2276 5696 2398 5763 quia
2446 5697 2611 5749 sancti
2642 5696 2877 5762 praedicti
2909 5695 3242 5748 attendentes
3273 5692 3416 5745 illam
3446 5704 3628 5744 veram
3659 5702 3874 5742 resur-

2278 5763 2528 5822 rectionis
2567 5765 2789 5835 gloriam
2811 5802 2827 5834 ,
2854 5764 3132 5822 hortantur
3170 5778 3266 5820 nos
3296 5772 3354 5819 ut
3382 5775 3522 5817 nunc
3547 5766 3877 5822 cantemus,
3966 5772 3967 5835 ι
