4010 6190
291 431 398 491 853

965 432 1031 489 ΙΝ
1068 434 1488 493 PSALMORUM
1528 435 1784 495 LIBRUM
1828 437 2186 498 EKEGESIS.
2227 472 2294 483 -—
2336 441 2577 499 PSALM.
2630 444 2831 502 LXVII.

3438 447 3547 509 85-1»

278 566 357 609 est
384 555 472 631 lex_
500 553 612 620 illa,
643 554 763 631 quia
795 552 1037 631 in_firmos
1059 551 1461 631 fecit_m_inando
1484 568 1716 631 prunam,
1744 570 1847 631 non
1880 561 1927 619 Α
1953 556 2102 609 eritis
2138 572 2317 631 penna:
2343 558 2593 631 columba:
2629 561 2992 631 deargentatce.
3037 563 3182 621 Inter
3225 566 3323 624 bas
3358 579 3537 626 autem

275 626 511 693 juvando
538 625 785 695 gratiam.
836 623 915 677 Tu
943 640 1057 695 uero
1084 624 1339 693 perfecisti
1370 640 1482 677 eam
1511 623 1702 692 legem,
1729 628 1852 694 quia

276 698 421 763 quod
455 694 784 759 iijOSSiblle
812 703 927 748 erat
948 694 1047 764 legi
1079 695 1369 747 secundum
1400 708 1640 755 carnem,
1670 696 1721 748 id
1745 707 1851 761 est,

275 767 421 832 quod
448 781 550 819 non
583 775 792 832 poterat
824 763 1027 830 impleri
1051 764 1342 817 secundum
1370 763 1639 818 carnalem
1668 767 1855 821 obser-

278 846 535 898 van‘tlam,
570 835 736 889 feciSIi
768 847 824 889 ut
855 834 1011 889 facile
1037 834 1348 900 impleretur
1375 835 1665 888 secundum
1692 836 1854 904 spiri-

279 907 476 960 tualem
504 906 923 976 intelligentiam.
964 904 1055 958 Vel
1084 905 1152 957 ita
1180 904 1441 972 inﬁrmata
1469 916 1543 958 est
1572 905 1853 962 luereditas

277 983 369 1029 tua
418 991 513 1043 per
562 974 752 1045 legem,
807 974 950 1045 quia,
996 976 1246 1029 veniente
1303 976 1599 1041 mendacio,
1659 979 1850 1032 revixit

275 1057 581 1111 peccatum,
627 1054 681 1099 ει
710 1045 833 1111 quia
882 1061 976 1114 per
1006 1046 1175 1114 legem
1223 1059 1325 1099 nou
1357 1046 1453 1099 fuit
1481 1048 1560 1100 eis
1591 1045 1853 1114 justifica-

275 1116 372 1182 tio,
404 1117 498 1171 seti
530 1117 916 1184 prmvaricatio.
952 1117 1026 1169 Tu
1055 1132 1171 1169 vero
1200 1117 1457 1183 perfecisti
1476 1132 1585 1169 eam
1619 1117 1852 1173 Incredi-

274 1196 461 1252 tatem,
495 1188 641 1255 quia,
674 1185 976 1241 abundante
1003 1196 1237 1254 peccato,
1266 1196 1322 1240 et
1371 1186 1734 1255 multiplicatis
1767 1191 1849 1243 in-

276 1256 614 1311 firniitatibus
668 1271 885 1322 eorum,
943 1258 1409 1324 acceleraverunt,
1467 1259 1533 1310 ad
1582 1258 1849 1315 medicum

273 1327 672 1399 ingemuerunt,
714 1341 1002 1399 oraverunt
1033 1337 1108 1399 ut,
1151 1343 1217 1381 eo
1241 1326 1479 1395 juvatite,
1514 1327 1847 1399 impleretur,

271 1398 417 1466 quod
449 1398 749 1467 eojubente
776 1412 881 1467 non
913 1398 1249 1463 iinplebatur.

346 1465 606 1520 Animalia
636 1478 740 1521 tua.
774 1465 1071 1533 l’erfecisti,
1103 1470 1340 1537 inquam,
1370 1467 1762 1533 ltmreditatem,
1797 1481 1851 1526 et

270 1536 327 1591 in
357 1553 418 1592 ea
458 1539 770 1593 hzereditate
812 1538 1123 1592 ltabitabunt
1152 1536 1421 1603 animalia,
1456 1540 1505 1593 id
1536 1548 1639 1605 est,
1669 1543 1848 1595 ruino-

271 1622 365 1661 res
411 1608 614 1673 fideles,
646 1608 734 1676 qui
783 1610 958 1663 adhuc
1006 1610 1181 1663 alendi
1221 1617 1363 1662 sunt.
1396 1610 1675 1673 Animalia,
1702 1611 1845 1677 dico,

271 1689 383 1743 tua,
419 1695 521 1733 non
545 1679 782 1745 Sua,'tihi
805 1681 1033 1740 subdita.
1064 1696 1168 1732 non
1191 1680 1310 1743 sibi,
1339 1680 1500 1734 libera
1521 1685 1586 1732 ad
1613 1692 1663 1735 te
1684 1696 1847 1749 egen-

269 1751 367 1813 tia,
414 1765 517 1804 non
563 1750 629 1803 ad
677 1758 728 1803 te
758 1751 1095 1805 sufficientia.
1147 1750 1212 1803 Et
1243 1751 1361 1803 ideo
1408 1750 1476 1804 ibi
1520 1750 1841 1818 habitabant,

267 1821 394 1885 quia
427 1831 504 1878 tu.
541 1821 695 1885 Deus,
728 1822 946 1888 parasti,
980 1822 1031 1874 id
1069 1829 1170 1883 est,
1205 1827 1447 1888 paratum
1498 1820 1667 1874 fecisti
1710 1839 1844 1891 pau-

270 1891 486 1973 peri,_id
520 1900 621 1973 est,
655 1892 846 1973 cuique
889 1891 1114 1973 interi-us
1144 1905 1203 1973 se
1233 1891 1541 1972 pauperanti
1582 1894 1841 1973 et‘buini-
1876 1914 1921 1973 Β

269 1959 418 2015 lianti
466 1961 517 2014 in
549 1962 858 2016 haereditate
888 1963 999 2017 illa.
1044 1963 1109 2015 Et
1157 1961 1255 2015 hoc
1287 1976 1389 2014 non
1426 1961 1477 2014 in
1505 1963 1713 2017 meritis
1750 1978 1844 2019 eo-

266 2044 409 2096 rum,
434 2032 525 2084 sed
556 2032 607 2085 in
630 2032 921 2099 dulcedine,
955 2033 1004 2086 id
1037 2041 1139 2096 est,
1169 2033 1402 2087 bonitate
1432 2042 1540 2085 tua.

345 2101 590 2156 Dominus
630 2104 791 2156 dabit.
825 2104 1068 2158 Ostendit
1105 2118 1262 2172 quem
1294 2111 1605 2171 apparatum
1640 2104 1844 2173 fecerit,

263 2179 319 2224 et
345 2174 615 2227 convertit
643 2188 703 2227 se
732 2175 795 2226 ad
830 2188 946 2228 nos.
989 2175 1149 2240 Quasi
1188 2172 1368 2227 dicot:
1423 2173 1557 2227 Vere
1589 2172 1845 2234 Dominus

266 2252 510 2309 paratum
542 2244 662 2296 facit
691 2244 1013 2297 animalibus
1036 2245 1169 2307 suis,
1197 2244 1317 2309 quia
1354 2245 1551 2299 cibaria
1576 2245 1846 2304 ministrat

262 2312 344 2385 eis
376 2313 475 2385 hoc
518 2314 679 2367 modo
711 2332 725 2368 :
775 2316 895 2382 quia
931 2314 1178 2367 Dominus
1205 2314 1343 2366 dabit
1390 2314 1610 2380 verbum,
1645 2318 1694 2369 id
1738 2329 1837 2385 est,

262 2381 585 2454 doctrinam,
625 2400 727 2452 qua
758 2381 1005 2439 cibentur
1043 2385 1294 2437 animalia
1341 2398 1436 2438 sua
1484 2381 1844 2454 euangelizan;

262 2451 426 2527 tibus_
454 2455 504 2507 in
548 2451 732 2509 virtute
774 2456 954 2510 multa.
990 2454 1083 2509 Vel
1132 2456 1185 2507 in
1224 2451 1684 2527 Alortitudinetilla
1738 2474 1842 2527 qua

266 2524 455 2577 eduxit
501 2527 725 2595 vinctos,
779 2527 1000 2591 scilicet,
1045 2533 1104 2579 ut
1131 2524 1405 2595 ambulent
1447 2525 1609 2579 invia
1644 2524 1843 2595 prince-

261 2601 497 2656 piorum.
528 2594 621 2649 Vel
654 2595 703 2648 in
736 2596 895 2649 multa
926 2597 1127 2659 virtute,
1162 2594 1210 2647 id
1241 2605 1341 2659 est,
1376 2595 1425 2649 in
1460 2594 1653 2664 magna
1682 2600 1840 2653 mira-

258 2664 506 2718 colorum
535 2666 886 2729 exhibitione,
910 2665 1062 2735 juxta
1091 2664 1217 2719 illttd
1243 2681 1257 2716 :
1290 2664 1510 2718 Domino
1541 2680 1842 2732 coeperante

253 2741 308 2806 _et
338 2749 620 2788 sermonem
650 2734 984 2803 conﬁrmante
1006 2736 1328 2806 sequentibus
1354 2737 1535 2804 signis.
1564 2734 1837 2806 Dominus,

254 2799 501 2875 inquam,
533 2806 673 2859 dabit
712 2799 936 2871 verbum,
969 2799 1185 2875 quiest,
1222 2804 1330 2858 fieri:
1369 2799 1614 2859 virtutum
1642 2799 1836 2872 dilecti,

256 2872 311 2924 id
339 2884 442 2947 est,
475 2878 564 2944 qui
589 2877 831 2941 virtutes,
862 2877 913 2931 id
940 2872 1044 2943 εει,
1075 2890 1349 2944 prazcones
1376 2878 1493 2931 illos
1517 2876 1721 2943 dilecti,
1746 2880 1838 2947 qui

254 2954 383 3015 sunt
406 2946 514 3012 jam
548 2947 788 3011 virtutes,
820 2947 871 3000 id
903 2958 1003 3011 est,
1056 2949 1107 3000 iu
1139 2960 1421 3015 prteconau
1446 2956 1495 3000 ιο
1525 2950 1712 3011 fortes,
1753 2946 1839 3004 re-

249 3012 331 3081 git
363 3016 429 3068 ad
462 3016 581 3081 hoc,
615 3028 670 3071 ut
695 3019 798 3071 sint
830 3018 979 3072 tales.
1013 3018 1070 3070 Et
1100 3012 1282 3084 accipe
1322 3017 1568 3070 dilectum
1602 3019 1744 3071 illum
1771 3019 1839 3074 de

248 3098 366 3157 quo
397 3089 593 3140 dictum
623 3098 701 3143 est
731 3104 743 3141 :
780 3087 881 3141 Hic
903 3099 972 3142 est
998 3086 1163 3141 (".lius
1185 3102 1325 3140 meus
1356 3088 1587 3141 dilectus.
1627 3088 1834 3157 Dilecti,

248 3154 401 3218 dico,
443 3174 545 3210 non
578 3159 960 3226 cujuscunque,
986 3160 1077 3211 sed
1111 3156 1408 3223 specialiter
1441 3158 1616 3211 dilecti
1649 3169 1698 3212 et
1728 3154 1839 3214 eleé

249 3225 326 3300 eti
354 3227 578 3300 dividere
601 3228 731 3300 (pro
757 3228 820 3282 ad
843 3225 1207 3295 dividendum)
1232 3228 1394 3300 spolia
1415 3229 1599 3300 speciei
1627 3229 1834 3286 domus.

244 3292 436 3368 Spolia
479 3292 692 3367 proprie
723 3308 995 3363 vocantur,
1044 3314 1162 3368 qua:
1190 3292 1270 3351 ab
1302 3292 1453 3352 hoste
1482 3299 1835 3368 auferuntur;

246 3367 498 3431 speciosa
551 3384 675 3423 vero
720 3372 911 3427 donius
963 3367 1350 3434 (st’Ecclesia,
1410 3376 1466 3420 ut
1515 3369 1734 3424 habetur
1785 3372 1838 3424 in

250 3436 545 3507 lavaugelio
569 3455 581 3491 :
621 3437 749 3492 Cum
775 3440 924 3507 fortis
952 3450 1181 3491 armatus
1204 3438 1420 3490 custodit
1447 3440 1637 3491 atrium
1666 3456 1837 3505 suum,

243 3504 305 3557 in
338 3504 464 3573 pace
483 3518 600 3562 sunt
624 3504 793 3563 omnia
824 3524 938 3579 qua:
971 3509 1227 3578 possidet;
1255 3510 1297 3559 si
1321 3518 1489 3579 autem
1530 3508 1713 3579 fortior
1748 3504 1839 3564 illo

241 3580 612 3649 superveniens
645 3581 814 3634 vicerit
836 3577 987 3641 cum,
1021 3595 1165 3649 arma
1192 3580 1301 3649 ejus
1332 3577 1557 3645 auferet,
1586 3596 1635 3634 et
1674 3582 1839 3649 spolia

246 3647 547 3702 distribuet.
596 3650 743 3705 Sicut
789 3649 984 3705 factum
1015 3658 1115 3703 est.
1153 3647 1307 3702 venit
1347 3650 1574 3703 dilectus
1618 3647 1737 3713 iste,
1784 3651 1835 3705 id

245 3724 358 3782 est,
392 3719 639 3774 Christus
670 3722 720 3774 in
765 3721 982 3774 domum
1013 3719 1187 3785 fortis,
1220 3718 1269 3770 id
1301 3730 1400 3784 εηι,
1447 3721 1499 3772 in
1550 3721 1836 3776 humanum

242 3802 443 3856 genus,
477 3793 617 3858 quod
648 3791 1043 3845 inhabitabatur
1068 3807 1096 3842 a
1126 3789 1245 3843 forti
1288 3789 1501 3843 diabolo
1534 3806 1628 3858 per
1655 3792 1839 3845 incar-

248 3858 486 3930 nationis
515 3861 847 3929 mysterium,
879 3869 933 3915 et
963 3859 1160 3915 devicit
1194 3860 1386 3913 fortem
1428 3862 1599 3928 ipsum
1634 3876 1727 3930 per
1755 3863 1837 3916 lti-

244 3928 584 3985 carnationis
611 3932 1039 3986 Sacramentum.
1076 3930 1143 3985 Et
1175 3930 1335 3985 homo
1367 3928 1706 3985 humanitatis
1743 3948 1836 3988 ce-

244 4000 331 4067 pit
377 4016 521 4065 eum,
572 4005 693 4071 quia
741 4003 831 4057 ille
860 4003 1086 4057 credens
1127 4016 1249 4056 eum
1291 3999 1560 4071 hominem
1608 4011 1835 4070 tantum,

246 4087 472 4124 manum
506 4074 558 4127 in
587 4070 709 4127 cum
739 4072 901 4134 misit,
948 4074 999 4126 in
1029 4088 1133 4142 quo
1166 4073 1368 4125 nullum
1390 4070 1481 4139 jus
1510 4087 1665 4127 suum
1698 4075 1838 4129 inve-

246 4142 353 4208 nit,
382 4151 436 4195 et
460 4144 578 4197 ideo
605 4142 725 4212 jure
755 4142 981 4213 perdidit
1011 4144 1152 4211 illos,
1185 4143 1237 4196 in
1262 4155 1397 4210 quos
1421 4141 1508 4210 jus
1540 4143 1744 4199 habuit.
1772 4147 1837 4199 Et

242 4212 387 4266 ﬁlios
435 4212 769 4278 dillidcnlias,
806 4229 1030 4283 quorum
1079 4212 1393 4267 inlidelilate
1416 4213 1562 4281 prius
1593 4216 1837 4269 utebatur

244 4284 406 4337 fortis
439 4284 533 4339 ille
577 4284 643 4337 ad
696 4284 1022 4352 implendam
1072 4286 1399 4338 voluntatem
1440 4299 1613 4350 suam,
1658 4294 1713 4341 et
1742 4300 1838 4353 per

246 4368 397 4425 quos
423 4354 737 4425 propinabat
758 4355 877 4408 aliis
905 4354 1152 4423 poculum
1184 4353 1389 4407 mortis.
1420 4352 1577 4419 Vasa,
1606 4352 1832 4421 scilicet,

247 4425 341 4476 illa
375 4424 634 4479 Dominus
675 4425 723 4480 ei
748 4426 1016 4489 abstulit,
1049 4436 1103 4479 et
1133 4432 1471 4493 peccatorum
1521 4427 1836 4480 remissione

246 4500 565 4560 tuundavit,
620 4505 674 4550 et
730 4496 886 4549 donis
937 4496 1300 4565 spiritualibus
1347 4494 1728 4565 sanctificavit;
1781 4507 1835 4549 et

245 4567 447 4619 deinde
474 4567 654 4620 divisit
692 4581 752 4620 ea
791 4568 855 4619 ad
883 4563 1115 4635 speciem
1159 4566 1349 4618 domus
1377 4563 1512 4635 ejus,
1550 4564 1601 4618 id
1631 4576 1733 4631 est,
1766 4567 1830 4620 ad

1959 629 2385 703 constructiones
2433 629 2547 703 hinc
2602 629 2785 686 ultima
2826 642 2880 687 et
2911 635 3077 702 prima
3108 638 3355 695 meliores
3384 654 3532 703 sunt,

1959 705 2014 750 et
2056 697 2352 772 secundum
2397 714 2490 753 eas
2520 700 2704 755 beatus
2758 697 3103 772 Augustinus,
3133 717 3187 761 et
3235 711 3323 763 alii
3354 697 3529 767 sancti

1958 766 2295 842 potissimum
2330 768 2468 842 hunc
2499 785 2707 842 versum
2736 766 3027 842 exponunt.
3059 766 3210 842 Quod
3241 791 3420 835 autem
3447 766 3528 835 di?

1955 834 2449 917 citalnterhinedias
2470 841 2649 903 cleros,
2677 834 2865 917 Graeca
2885 834 3101 917 positio~
3115 859 3213 912 est,
3238 834 3359 917 quia
3386 834 3530 917 quod

1956 905 2178 962 Latinus
2207 907 2336 961 dicit
2374 908 2517 961 Inter
2557 926 2635 964 me
2668 923 2715 965 et
2756 923 2821 974 te,
2856 905 2957 968 hoc
2987 905 3210 971 Graicus
3230 905 3357 975 dicit
3388 905 3532 975 inter

1955 978 2178 1052 medium
2224 993 2394 1030 meum
2433 989 2480 1031 et
2528 990 2688 1034 tuum.
2723 982 2911 1036 Dicunt
2948 987 3160 1052 quidam
3193 987 3326 1043 duos
3356 990 3531 1048 clerus

1956 1046 2064 1101 duo
2081 1062 2213 1121 esse
2249 1057 2570 1121 testamenta
2594 1090 2608 1113 ,
2645 1061 2701 1104 ut
2750 1068 2840 1119 per
2872 1046 3010 1107 idem
3041 1057 3181 1121 quod
3214 1060 3443 1115 efficitur
3472 1046 3525 1117 id

1954 1117 2098 1187 quod
2122 1117 2339 1171 efficiat
2366 1120 2679 1184 accipiatur.
2712 1117 2813 1176 Per
2843 1117 3220 1181 testamentum
3249 1130 3392 1186 enim
3432 1131 3529 1185 da-

1956 1196 2041 1240 tur
2073 1187 2384 1263 lia-reditas,
2414 1197 2471 1242 et
2508 1190 2832 1263 clerouomia
2868 1191 3054 1263 Graece
3085 1197 3367 1253 litereditas
3395 1202 3528 1263 diei-

1956 1264 2061 1320 tur,
2089 1258 2440 1336 Clerouomos
2470 1274 2597 1336 vero
2615 1262 2821 1336 haeres.
2848 1262 3031 1317 Cieros
3059 1278 3235 1321 autem
3265 1278 3348 1323 est
3382 1260 3524 1336 sors,

1951 1341 2004 1380 et
2050 1342 2168 1380 sors
2209 1343 2305 1396 pro
2334 1329 2658 1411 hereditatis
2708 1343 2855 1411 parte
2898 1337 3172 1405 accipitur.
3202 1340 3350 1393 Unde
3390 1329 3531 1411 pm;

1950 1408 2163 1463 ceptum
2192 1407 2276 1475 est
2308 1413 2374 1452 ne
2413 1399 2610 1475 Levitis
2641 1399 2779 1475 inter
2811 1399 3263 1462 fratres'daretur
3304 1399 3444 1475 sors,
3473 1411 3526 1466 id

1932 1470 2052 1540 est,
2089 1484 2210 1535 pars
2259 1469 2603 1532 btereditatis,
2657 1474 2777 1540 quia
2807 1475 2875 1528 de
2921 1475 3143 1530 decimis
3164 1479 3387 1533 aliorum
3425 1469 3526 1536 da-

1952 1535 2148 1617 bebaut
2178 1540 2493 1617 sustentari.
2536 1535 2794 1617 Columba
2813 1554 2999 1617 autem
3030 1548 3111 1617 de,
3135 1561 3237 1617 qua
3267 1550 3350 1604 hic
3390 1535 3526 1606 dici—

1951 1615 2053 1680 tur,
2107 1616 2191 1662 est
2235 1609 2493 1680 Ecclesia,
2543 1610 2613 1666 de
2656 1629 2756 1680 qua
2810 1614 2862 1667 in
2914 1609 3167 1670 Canticis'
3195 1620 3526 1679 canticorum

1951 1675 2176 1761 b’abetur
2201 1696 2212 1729 :
2243 1677 2360 1732 Una
2388 1682 2649 1761 est__ani_ica_
2667 1675 3052 1761 mem-columba
3074 1703 3205 1753 mea,
3228 1701 3284 1743 et
3300 1675 3525 1761 reliqua.

1951 1746 2186 1824 Vocatur
2214 1758 2394 1803 autem
2448 1753 2685 1824 Ecclesia
2731 1754 2979 1808 columba
3012 1746 3230 1824 proiiter
3269 1746 3526 1816 ittnoden;

1952 1818 2097 1899 tiam,
2150 1826 2205 1899 et
2251 1828 2468 1899 propter
2507 1819 2842 1899 frequentem
2887 1818 3161 1899 gemitum,
3208 1838 3262 1884 et
3307 1842 3530 1899 propter

1952 1890 2117 1964 multa
2149 1888 2376 1964 siinilia._
2404 1892 2475 1964 Et
2506 1888 2623 1945 haec
2647 1888 2913 1959 columba,
2946 1896 2994 1948 id
3027 1908 3128 1959 est,
3150 1888 3424 1964 Ecclesia,
3444 1913 3529 1958 est

1949 1957 2319 2036 deargentata,
2365 1961 2415 2014 id
2465 1970 2570 2025 est,
2622 1963 2796 2036 nitore
2843 1957 3004 2019 divini
3046 1957 3242 2036 eloquii
3292 1957 3518 2027 erudita.

1950 2026 2116 2109 Cujus
2146 2044 2333 2109 penna:
2360 2041 2484 2109 sunt
2529 2033 2699 2109 sancti
2748 2026 3302 2109 pr.i'-diratores,'dicti
3335 2026 3526 2109 penna:

1949 2099 2157 2174 duabus
2186 2100 2254 2174 de
2283 2102 2493 2174 causis,
2525 2099 2760 2166 scilicet,
2781 2108 2901 2172 quia
2938 2115 2993 2159 et
3022 2099 3398 2174 praedicatione
3434 2127 3531 2167 eo-

1950 2181 2080 2245 ruur
2099 2170 2265 2237 gloria
2298 2172 2547 2245 Ecclesia
2575 2170 2912 2237 sublitna'tur,
2943 2186 2996 2228 et
3020 2170 3142 2245 quia
3168 2180 3264 2242 ipsi
3293 2183 3343 2234 in
3371 2182 3531 2236 altio-

1947 2251 2004 2290 ra
2033 2238 2327 2293 elevantur.
2369 2240 2519 2295 Unde
2545 2257 2681 2295 unus
2709 2259 2772 2297 ex
2800 2244 2879 2299 eis
2907 2238 3076 2299 dicit:
3112 2238 3233 2301 Siue
3252 2262 3416 2305 mente
3436 2269 3526 2307 es:-

1947 2307 2173 2361 cedimus
2220 2311 2348 2388 Deo,
2373 2320 2427 2365 et
2448 2320 2622 2388 tamen
2645 2317 2941 2388 compagini
2970 2317 3227 2371 Ecclesia:
3247 2332 3530 2388 quaiituin-

1950 2393 2163 2447 cunque
2190 2380 2507 2435 sublimetur
2532 2380 3011 2440 cohierenthude
3041 2389 3219 2441 subdit
3245 2380 3408 2445 {Sive
3436 2410 3526 2447 so-

1947 2446 2045 2499 brii
2080 2465 2256 2503 sumus
2275 2452 2431 2504 vobis.
2464 2452 2846 2506 Dormitionem
2870 2470 2996 2509 vero
3014 2456 3153 2511 Solet
3176 2458 3352 2513 divina
3377 2462 3525 2516 Scri-

1946 2528 2099 2585 ptura
2149 2535 2245 2586 pro
2298 2531 2468 2596 rnorte
2507 2523 2769 2596 accipere,
2818 2535 2875 2577 ut
2905 2526 3021 2580 ibi:
3073 2526 3183 2596 Ego
3223 2530 3439 2585 dormivi
3475 2542 3527 2587 et

1944 2601 2179 2641 somnum
2201 2591 2332 2658 cepi,
2359 2591 2574 2643 dormivi
2602 2596 2951 2648 conturbatus.
2985 2597 3039 2649 lu
3075 2591 3174 2651 hac
3193 2610 3370 2653 autem
3401 2616 3525 2656 sen-

1946 2660 2108 2735 tentia
2140 2658 2391 2735 dormitio
2416 2661 2728 2729 simpliciter
2760 2680 2855 2733 pro
2879 2665 3079 2735 quiete,
3114 2678 3169 2721 ut
3189 2672 3258 2722 sit
3286 2670 3524 2727 dormire

1943 2728 2074 2781 inter
2101 2731 2288 2783 medios
2318 2732 2501 2793 rleros,
2528 2728 2583 2784 id
2614 2742 2716 2798 est,
2755 2728 3262 2793 inter'duos'cleros
3286 2744 3525 2796 auctori-

1944 2798 2141 2878 tatibus
2185 2799 2411 2853 duorum
2460 2810 2899 2878 testamentorum
2951 2808 3311 2878 acquiescere,
3353 2813 3523 2867 et‘sic

1943 2867 2385 2945 documentorum
2431 2886 2614 2945 eorum
2661 2877 2965 2930 concordia:
3007 2867 3152 2944 dare,
3199 2867 3425 2945 scilicet,
3460 2890 3523 2938 ut

1940 2940 2390 3017 quando_aliquid
2419 2958 2482 2995 es
2515 2942 2596 3017 his
2637 2948 2901 3017 profertur
2929 2958 3021 3001 aut
3046 2940 3318 3017 probatur,
3346 2940 3525 3010 omnis

1939 3010 2212 3065 contentio
2244 3012 2462 3079 pacifica
2494 3010 2674 3080 quiete
2697 3016 2926 3069 finiatur.
2968 3021 3026 3071 Et
3046 3010 3129 3072 sic
3154 3010 3399 3075 videntur
3426 3025 3525 3076 ad-

1942 3081 2146 3157 moneri
2186 3084 2615 3157 evangelizautes
2660 3085 2854 3141 virtute
2899 3091 3081 3157 multa,
3133 3098 3259 3146 tunc
3301 3093 3380 3145 eis
3404 3092 3522 3149 dari

1938 3150 2157 3230 verbum
2202 3150 2461 3219 veritatis,
2515 3166 2571 3207 ut
2618 3158 2855 3223 perfecte
2891 3150 3094 3225 possint
3118 3163 3518 3230 revangehzare,

1943 3219 1985 3272 si
2018 3218 2245 3275 duorum
2278 3218 2723 3278 testamentorum
2754 3218 3041 3282 auctoritas
3082 3229 3149 3282 ab
3176 3232 3254 3283 eis
3267 3218 3401 3285 "non
3432 3218 3524 3289 re;

1866 3270 1911 3334 C
1946 3270 2723 3373 ῑίηέιὺᾇὶιῖὲῗιέἷἒξῖρῦἱέἵρξὶιῦἓ
2739 3270 3525 3373 εῇἆῖᾗόὶξᾶεᾶὧεῖἷαιὶὶζῖιῖὧ-

1946 3375 2064 3412 rum
2120 3362 2496 3433 praedicatione
2540 3362 2713 3433 gloria
2768 3366 3021 3422 Ecclesire
3065 3362 3523 3427 ειὼΙὶιηειυίκἘι

1942 3432 2223 3510 posteriora
2264 3434 2404 3510 dorsi
2440 3432 2569 3510 ejus
2591 3436 2853 3510 columba:
2892 3448 3048 3492 erunt
3075 3438 3128 3491 in
3157 3440 3354 3508 pallore
3378 3447 3521 3510 auri,

1944 3502 2237 3580 posteriora
2266 3502 2428 3557 dorsa
2459 3502 2576 3573 ejus
2606 3506 2941 3580 intransitive
2974 3502 3167 3576 accipe
3200 3512 3342 3565 illam
3386 3502 3523 3580 par-3

1943 3578 2048 3623 tem
2080 3570 2250 3648 dorsi,
2279 3588 2382 3641 qua
2413 3570 2563 3648 onus
2593 3575 2856 3648 subigitur
2886 3579 3039 3648 inter
3080 3570 3343 3648 scapulas,
3374 3570 3520 3637 scili-

1941 3649 2047 3721 cet,
2078 3653 2134 3695 ut
2159 3642 2379 3697 Graecus
2408 3644 2592 3721 habet,
2626 3642 2989 3721 ubi‘qucdain
3031 3642 3191 3716 aves,
3217 3660 3275 3705 ut
3299 3642 3514 3721 aquilze,

1943 3709 2115 3777 pullus
2165 3726 2293 3789 suos
2340 3717 2510 3768 Solent
2560 3709 2795 3785 portare.
2832 3720 2897 3770 Et
2939 3730 3025 3774 est
3067 3735 3128 3773 ea
3162 3709 3307 3789 regio
3350 3709 3518 3788 retro,

1939 3793 2060 3849 qua:
2104 3791 2187 3837 est
2230 3784 2370 3836 circa
2410 3802 2524 3857 cor,
2566 3784 2656 3840 ubi
2711 3788 2810 3842 ala:
2841 3789 3005 3857 figunt
3053 3784 3309 3846 radicem.
3366 3784 3517 3848 Unde

1941 3865 2036 3918 per
2069 3862 2365 3931 posteriora
2398 3856 2550 3931 Adursi
2599 3861 2699 3911 hoc
2729 3859 2902 3911 solum
2945 3869 3189 3931 notatur,
3219 3864 3342 3931 quia
3372 3863 3518 3917 subit

1939 3936 2093 3976 onus.
2129 3924 2193 3976 Et
2226 3939 2319 3990 per
2358 3928 2472 4001 alas
2508 3939 2774 4001 praecepta
2817 3930 3045 4001 geminat
3086 3924 3387 3996 charitatis,
3418 3948 3515 4001 per

1938 4005 2132 4071 aurum
2167 4008 2294 4047 vero
2328 3997 2613 4071 sapientia,
2635 3999 2699 4071 _id
2725 3997 2836 4063 est,
2858 4000 2981 4054 boni
3011 4017 3189 4056 mores
3211 3997 3516 4071 significan-

1941 4069 2046 4115 tur.
2096 4067 2225 4141 Quae
2272 4067 2534 4141 sapientia
2581 4068 2648 4122 ad
2698 4070 3095 4141 huc.perti_iiet,
3145 4082 3200 4125 ut
3246 4067 3516 4141 sapienter

1938 4146 2076 4211 o..us_
2113 4136 2387 4211 subeatur,
2429 4137 2479 4191 id
2516 4149 2618 4203 est,
2653 4136 2908 4194 subeatur
2951 4136 3088 4195 illud
3115 4136 3324 4197 tantum
3355 4157 3513 4211 oiius,

1936 4203 2467 4284 qnod_subeuudum_
2493 4211 2872 4284 eat,_sctlicet,
2914 4212 3095 4281 jugum
3127 4213 3344 4281 Christi,
3374 4203 3516 4284 quod

1939 4288 2049 4347 non
2076 4274 2350 4347 deprimit,
2374 4278 2471 4332 sed
2501 4280 2674 4347 erigit.
2702 4274 2880 4335 Pallor
2904 4274 3081 4337 autem
3112 4285 3230 4338 auri
3263 4274 3405 4338 viret:
3429 4297 3514 4340 est

1938 4344 2076 4417 auri,
2104 4346 2228 4414 quia
2258 4361 2445 4400 aurum
2472 4344 2711 4404 nati'vum
2738 4353 2899 4407 habet
2934 4356 3206 4417 ruborem,
3240 4366 3290 4406 et
3319 4355 3439 4408 ideo
3465 4357 3512 4410 si

1939 4414 2105 4492 pall-ir
2155 4418 2490 4492 eiaccedat,
2549 4436 2613 4474 es
2665 4422 2858 4476 rubore
2885 4432 2939 4477 et
2985 4414 3202 4492 pallore
3229 4423 3514 4480 coniicitur

1938 4488 2100 4538 viror.
2146 4488 2243 4563 Qui
2279 4492 2422 4563 viror
2468 4493 2712 4563 designat
2753 4488 3090 4559 cbaritatem,
3140 4509 3260 4561 qua:
3303 4510 3517 4563 semper

1937 4568 2109 4634 vrret,
2142 4558 2264 4634 quia
2309 4559 2376 4613 de
2422 4575 2483 4613 ea
2531 4558 2728 4634 dictum
2781 4572 2865 4617 est
2903 4579 2917 4615 :
2975 4558 3211 4618 Charitas
3254 4558 3517 4634 nunquam

248 4649 630 4690 ornamentum
670 4628 943 4700 Ecclesiae,
981 4637 1098 4706 quia
1130 4638 1259 4688 alios
1296 4628 1507 4703 quidem
1540 4636 1676 4688 dedit
1702 4628 1831 4703 apo-

1943 4628 2150 4679 excidit.
2203 4628 2303 4681 Per
2351 4645 2509 4698 quam
2551 4633 2866 4706 charitateiu
2916 4634 3017 4706 hoc
3056 4635 3313 4706 efficitur,
3362 4628 3417 4688 ut
3450 4644 3512 4706 et

242 4708 429 4771 stolas,
459 4708 588 4760 alios
616 4708 970 4777 evangelistas,
1000 4707 1127 4760 alios
1167 4708 1474 4775 prop/tetas,
1505 4708 1636 4759 alios
1662 4706 1835 4761 docto-

241 4794 329 4831 res
351 4787 395 4830 et
420 4787 671 4845 pastores,
702 4790 757 4832 et
788 4778 1010 4846 reliqua.

322 4846 386 4902 Si
423 4844 690 4902 dormiatis
729 4850 882 4902 inter.
905 4844 1112 4902 ‘Vcrsus
1143 4847 1243 4901 iste
1289 4844 1671 4916 multipliciter,
1717 4863 1830 4902 ma-

244 4927 417 4974 nente
451 4928 632 4973 tamen
656 4919 845 4973 eodem
878 4918 1171 4983 intellectu,
1198 4920 1544 4971 construitur.
1574 4917 1689 4972 Uno
1718 4919 1835 4987 qui—

238 4991 374 5044 deni
404 4991 563 5044 modo
592 4990 669 5043 sic
696 5006 707 5042 :
762 4988 1009 5041 Dominus
1048 4988 1185 5041 dabit
1213 4994 1418 5041 verbum
1446 4990 1837 5057 euangelizanti-

237 5060 371 5123 bus,‘
402 5061 575 5127 vobis,
603 5062 746 5124 dico,
780 5061 867 5129 qui
896 5058 1061 5128 spolia
1090 5070 1242 5129 entes
1269 5058 1569 5112 dividimiui
1600 5074 1693 5125 per
1717 5076 1835 5113 ma-

244 5132 651 5185 nilestationem
684 5128 934 5198 Spiritus,
970 5129 1033 5181 ad
1067 5128 1348 5183 utilitatem
1376 5129 1569 5197 speciei
1600 5130 1832 5185 domus:

236 5202 287 5255 si
321 5215 418 5256 vos
441 5202 709 5253 dormiatis
751 5201 879 5253 inter
900 5199 1115 5263 med.os,
1138 5211 1291 5269 entes
1317 5200 1563 5253 columba:
1585 5207 1837 5269 deargen-

237 5280 391 5325 (alte.
442 5272 486 5326 0
517 5285 610 5325 vos
640 5271 809 5340 spolia
840 5272 928 5340 qui
980 5268 1276 5323 dividiuiiiii
1325 5284 1419 5339 per
1451 5268 1837 5323 manifestatio-

238 5357 374 5396 lieni
396 5343 624 5408 Spiritus
655 5342 720 5394 ad
754 5342 1036 5395 utilitatem
1065 5340 1265 5409 speciei
1294 5341 1507 5404 domus,
1540 5340 1585 5393 si
1607 5343 1835 5394 dormia-

237 5415 313 5467 tis
346 5413 479 5465 inter
505 5414 697 5465 medios
726 5416 917 5477 clerus,
945 5423 1067 5465 tunc
1096 5426 1277 5482 pennae
1306 5414 1555 5466 columbae
1590 5414 1834 5482 deargene

236 5493 371 5538 tota:
416 5485 784 5536 dealbabuntur
835 5483 889 5535 in
937 5480 1173 5536 Selmbn.
1227 5480 1321 5535 Vel
1370 5482 1441 5536 ita
1469 5499 1484 5536 :
1517 5486 1560 5536 υ
1597 5498 1688 5535 vos
1743 5481 1833 5551 qui

234 5554 566 5616 dividituini,
601 5566 656 5609 et
685 5562 900 5617 caetera,
944 5554 985 5605 si
1039 5568 1132 5607 vos
1169 5562 1321 5607 entes
1368 5569 1547 5621 penna:
1589 5554 1836 5605 coluriist

233 5630 592 5693 deargentatw
623 5626 892 5677 dormiatis
913 5625 1044 5677 inter
1068 5626 1263 5676 medios
1285 5627 1466 5687 cleros,
1493 5626 1613 5676 dum
1635 5626 1833 5676 discer-

234 5706 320 5748 nit
366 5696 580 5748 coalestis
625 5711 770 5765 reges
824 5711 981 5763 super
1032 5709 1168 5758 eam,
1211 5705 1336 5748 tunc
1372 5693 1741 5749 dealbabuntur
1780 5696 1833 5747 in

233 5767 460 5821 διιιηοη
494 5767 562 5819 illi
593 5768 682 5836 qui
712 5766 1081 5821 remissionem
1107 5774 1447 5836 peccatorum
1483 5780 1576 5833 ter
1605 5766 1831 5834 gratiam

231 5846 588 5905 acceperunt.
613 5834 717 5890 *νει
760 5846 872 5891 ita:
916 5837 961 5890 υ
988 5849 1080 5888 vos
1115 5836 1205 5902 qui
1247 5834 1544 5890 dividimini
1572 5837 1637 5889 ad
1669 5851 1832 5889 orna-

235 5920 488 5963 ιιιεηιυιιι
535 5915 746 5977 domus,
808 5910 854 5963 si
909 5908 1175 5963 dormiatis
1215 5907 1346 5960 inter
1396 5908 1599 5979 medios
1643 5908 1826 5973 clerus,

1940 4707 2203 4773 przecepta
2247 4702 2796 4773 geuiniiechai-itatis
2845 4703 3001 4758 facile
3052 4705 3390 4773 impleantur.
3446 4703 3510 4760 Et

1939 4769 2057 4845 leve
2086 4781 2154 4822 sit
2181 4771 2507 4845 olitis,quod
2538 4773 2782 4826 subditur
2809 4790 2820 4825 :
2855 4774 2976 4840 quia
3001 4769 3143 4845 quod
3185 4775 3404 4828 difticile
3429 4787 3509 4832 et

1941 4842 2167 4915 tridenti,
2204 4842 2306 4893 hoc
2339 4843 2489 4915 facile
2519 4853 2603 4915 est
2634 4846 2855 4898 amanti.
2882 4846 2947 4897 Et
2970 4842 3250 4915 postquam
3280 4862 3368 4913 per
3389 4847 3508 4914 Spi-

1935 4912 2091 4962 ritum
2119 4922 2373 4984 sanctum,
2401 4913 2489 4981 qui
2524 4914 2677 4966 datus
2699 4925 2772 4968 est
2809 4916 2951 4968 nobis
2973 4912 3199 4969 rltaritas
3222 4912 3410 4984 diffusa
3433 4912 3507 4971 est

1936 4985 1988 5034 in
2014 4982 2249 5033 cordibus
2275 4989 2480 5056 nostris,
2510 4984 2739 5041 aniando
2767 4986 3059 5042 liberaliter
3086 4982 3334 5050 facimus,
3370 4987 3507 5056 quod

1937 5056 2084 5121 prius
2120 5050 2360 5106 tuneudo
2393 5050 2663 5109 serviliter
2696 5055 3045 5124 faciebamus,
3076 5068 3130 5112 et
3168 5063 3289 5112 tacti
3328 5050 3509 5111 suinus

1934 5124 2092 5176 amzci
2125 5126 2275 5196 recti.
2310 5124 2424 5178 Non
2452 5130 2593 5179 enim
2628 5142 2787 5181 verus
2814 5144 3018 5183 aulicus
3044 5131 3174 5184 recti
3212 5139 3317 5195 est,
3348 5144 3434 5196 qm
3463 5127 3508 5181 si

1936 5204 2117 5267 poSset
2151 5194 2289 5267 lteri,
2322 5196 2462 5263 (ιιιυύ
2494 5208 2699 5251 rectum
2744 5209 2845 5265 est,
2877 5203 3043 5256 nollet
3084 5201 3281 5267 jubcri.
3327 5194 3425 5251 “Est
3456 5208 3512 5252 et

1933 5265 2035 5317 alia
2065 5264 2347 5330 sententia,
2387 5267 2622 5339 scilicet,
2657 5280 2713 5322 ut
2740 5264 2837 5339 per
2861 5276 2995 5325 duos
3039 5264 3210 5324 «feros
3255 5283 3359 5321 non
3400 5268 3509 5321 duo

1939 5345 2275 5408 testamenta,
2306 5336 2401 5408 sed
2424 5338 2557 5391 duas
2603 5336 2942 5395 hmieditates
2969 5343 3020 5395 in
3053 5344 3179 5408 ipsis
3215 5340 3507 5407 promissas

1934 5406 2277 5475 accipiamus.
2313 5405 2518 5463 Veteris
2560 5418 2703 5464 enim
2754 5405 3387 5465 testaiuenti'hiereditas
3424 5418 3511 5462 est

1936 5485 2150 5530 terrena
2182 5478 2443 5544 felicitas;
2475 5482 2597 5533 novi
2631 5496 2755 5535 vero
2791 5490 2991 5534 acterna
3018 5480 3407 5534 immortalitas.
3443 5480 3510 5533 Et

1932 5548 2225 5621 accipietur
2257 5549 2341 5604 hic
2368 5551 2607 5606 dormire
2639 5568 2737 5621 pro
2767 5549 2922 5615 mori,
2956 5560 3011 5603 iit
3034 5551 3277 5621 superius
3303 5552 3503 5603 dictum

1933 5627 2034 5688 est,
2064 5626 2121 5671 ut
2152 5620 2221 5672 sit
2250 5621 2387 5673 inter
2416 5624 2550 5675 duos
2592 5620 2764 5677 clerus
2792 5620 3047 5688 dormire,
3080 5624 3156 5673 sic
3179 5620 3339 5673 vitam
3369 5622 3507 5675 inter

1933 5686 2067 5742 duas
2113 5689 2448 5746 haereditates
2494 5695 2666 5757 linire,
2697 5702 2755 5745 ut
2783 5708 2956 5760 neque
2999 5686 3246 5745 ardenter
3284 5701 3507 5760 appeta-

1932 5775 2053 5832 tnus
2083 5770 2372 5829 terrenam,
2416 5773 2470 5817 et
2512 5768 2773 5832 patienter
2809 5776 3183 5829 exspemetuus
3225 5775 3503 5817 mternatu.

1933 5830 2063 5885 bam
2094 5833 2183 5901 qui
2233 5830 2522 5902 prepterea'
2560 5833 2668 5888 Deo
2708 5835 2971 5900 serviunt,
3020 5833 3128 5889 imo
3158 5834 3368 5890 servire
3410 5849 3506 5885 uo-

1935 5902 2072 5971 lunt,
2116 5906 2243 5960 dum
2288 5908 2340 5961 iu
2370 5911 2468 5963 hac
2514 5909 2617 5962 vita
2648 5906 2957 5964 felicitatem
3002 5916 3265 5979 quaerunt,
3301 5907 3511 5959 abistis
