4010 6190
482 394 589 453 835

977 386 1177 447 BEDA“
1223 388 1675 445 VENERWILIS
1712 384 1861 442 (ΠΨ.
1909 383 2164 441 PARS".
2206 385 2396 441 SECT.
2442 383 2505 439 Il.
2546 413 2612 426 —
2653 380 2853 437 DUBIA
2898 380 2983 436 ET
3024 380 3294 437 SPUREA.

3628 376 3733 433 856

482 523 702 563 somniis
726 506 931 559 ablatus
977 511 1080 568 est,
1129 516 1225 556 nec
1260 502 1549 556 dormiunt.
1596 497 2049 554 lullanimantibus
2075 503 2122 558 Α
2155 498 2382 566 Spiritus
2402 507 2604 551 sanctus
2632 497 2942 561 superveniet
2970 495 3024 568 in
3072 503 3119 568 te
3141 535 3158 560 ,
3197 502 3243 547 et
3261 492 3437 568 _virtus
3480 491 3731 545 Altissimi

482 579 623 633 enim
654 574 1026 646 cupiditatibus
1050 570 1229 641 agitati
1270 574 1322 625 iu
1355 572 1457 646 llag
1481 572 1550 624 tia
1579 580 1632 646 et
1657 568 2051 646 facinora_pro—

483 638 770 717 pelluntur,
802 656 855 698 et
890 638 1109 717 prorsus
1155 656 1260 694 non
1289 638 1573 717 quiescunt
1602 638 2053 717 desiderando__ttt

481 708 780 783 acquirunt,
812 708 1096 768 metuendo
1137 726 1209 783 ue
1249 708 1489 783 perdant.
1530 711 1630 773 Qui
1668 720 1836 783 autem
1877 708 2050 783 audiet

482 778 580 851 me,
626 789 700 840 ait
738 784 1026 854 Sapientia,
1061 782 1253 835 habitat
1296 782 1348 834 in
1388 796 1497 847 spe,
1528 792 1574 834 et
1595 781 1812 854 quiescit
1838 778 1961 854 sine
1987 780 2051 831 ti-

482 849 640 909 more.
689 849 896 921 Optima
946 854 1091 906 enim
1140 866 1283 905 mors
1326 860 1430 915 est,
1482 858 1539 903 ut
1594 851 1643 904 in
1696 849 2045 921 cupiditatum

484 919 808 979 cohibitione
835 941 864 978 ι
888 923 1137 989 terrenis,
1161 931 1215 974 et
1240 923 1289 974 in
1318 936 1412 985 spe
1436 931 1651 974 aiternie
1679 919 2048 989 beatitudinis,

483 997 645 1048 homo
673 1012 840 1061 usque
870 996 921 1046 in
960 987 1130 1046 tinem'
1169 1004 1532 1058 perseverans,
1569 989 1726 1054 hujus
1765 991 1881 1061 vita:
1909 987 2047 1061 diem

481 1066 692 1119 claudat
715 1058 1035 1119 estremtim.
1068 1062 1135 1114 Et
1170 1064 1251 1114 sic
1279 1061 1533 1123 dormire,
1572 1061 1622 1112 id
1650 1068 1749 1123 est,
1786 1058 1944 1111 vitam
1992 1058 2050 1111 li-

486 1137 603 1190 nire
629 1137 765 1188 inter
787 1135 922 1189 duos
946 1134 1138 1194 cleros,
1178 1140 1232 1184 et
1258 1131 1303 1184 si
1333 1130 1563 1183 nondum
1595 1131 1644 1181 in
1678 1144 1754 1193 re,
1789 1140 1964 1181 tamen
1998 1130 2049 1182 in

479 1220 575 1273 spe
618 1215 834 1259 sternte
866 1201 1204 1256 beatitudinis
1235 1202 1491 1273 habitare,
1525 1214 1576 1253 et
1626 1212 1843 1273 interna:
1885 1199 2051 1273 lelici-

481 1270 606 1330 tatis
652 1277 943 1342 cupiditate
991 1273 1288 1342 quiescere.
1362 1270 1513 1325 Sicut
1561 1271 1702 1342 enim
1732 1271 2052 1342 ‘morieutes

478 1356 605 1401 sunt
653 1338 827 1412 penne
865 1338 1109 1396 columbae
1152 1344 1509 1412 deargentatte,
1558 1339 1679 1407 quia
1730 1338 1781 1392 in
1814 1352 2053 1412 resurre-

478 1411 659 1469 ctione
680 1418 948 1481 rapientur
975 1414 1183 1464 obviain
1213 1411 1427 1464 (ἔω-ἰδιο
1456 1413 1507 1462 in
1526 1424 1687 1481 aera,
1720 1418 1776 1462 et
1804 1411 1881 1461 sic
1904 1424 2052 1461 sem-

483 1502 577 1553 per
596 1501 717 1539 cum
747 1479 972 1537 Domino
1001 1492 1178 1535 erunt.
1211 1482 1313 1533 Aut
1341 1492 1485 1553 certe
1523 1479 1642 1533 ideo
1676 1489 1801 1532 sunt
1839 1493 2050 1553 penum,

484 1550 608 1624 quia
636 1564 834 1621 quanto
855 1554 1118 1613 securius,
1146 1561 1291 1603 tanto
1320 1551 1599 1624 sublimius
1627 1565 1719 1619 per
1741 1564 1834 1624 eos
1866 1550 2050 1624 Eccle-

478 1618 556 1679 sia
586 1618 884 1679 dimittatur
906 1659 923 1687 ,
969 1633 1023 1677 et
1063 1623 1211 1688 quasi
1248 1620 1569 1688 quibusdam
1598 1618 1784 1687 pennis
1815 1622 2051 1673 excelsa:

481 1696 647 1750 laudis
695 1696 969 1747 attollitur.
1007 1692 1071 1745 Et
1100 1707 1227 1745 vere
1273 1706 1337 1744 ex
1387 1705 1493 1758 quo
1548 1698 1789 1757 tempore
1818 1690 2050 1743 revelata

481 1777 563 1821 est
591 1764 890 1820 didereiilia
919 1764 1144 1839 duorum
1172 1761 1659 1839 'l'estamentoriim,
1687 1758 1855 1839 sancti
1884 1772 2047 1825 apos—

2155 564 2469 623 obumbrabit
2527 570 2635 632 tibi,
2684 569 2731 619 id
2782 572 2886 629 est,
2932 564 3367 619 obumbraculum
3397 573 3574 616 contra
3606 575 3729 615 car-

2158 642 2309 694 nales
2338 640 2799 705 concupi~ceutias
2827 634 2985 689 faciet
3018 635 3132 688 tibi.
3160 635 3310 701 Quod
3343 634 3619 705 verissime
3652 632 3729 705 sic

2156 710 2279 773 luit,
2315 711 2436 777 quia
2462 703 2572 774 ip‘sa
2600 724 2704 761 non
2729 705 3016 761 carnaliter
3045 704 3492 777 concupiscentia,
3538 705 3637 777 sed
3674 703 3737 777 li-

2154 771 2349 835 δειδιερ
2377 771 2643 834 credendo
2680 780 2959 831 Dominum
3005 774 3269 843 concepit.
3329 773 3465 827 Dixit
3506 771 3629 842 quia
3681 773 3733 825 in

2154 850 2362 905 Selmoa
2410 848 2799 911 dealbabuntur,
2851 856 2904 900 et
2951 844 3076 913 quid
3140 850 3208 900 sit
3257 845 3474 901 Selmon
3507 844 3734 910 expwnit

2152 921 2184 973 d
2208 938 2334 974 cens
2360 921 2481 988 quia
2508 932 2581 971 est
2617 935 2760 971 mons
2796 918 2908 972 Dei.
2951 914 3063 982 ille,
3105 916 3312 970 scilicet
3340 955 3353 975 .
3389 930 3500 967 mos
3526 917 3592 967 de
3624 928 3733 981 quo

2152 992 2347 1044 dictum
2380 1000 2459 1044 est
2492 1001 2506 1042 :
2541 988 2604 1040 Et
2650 990 2743 1040 erit
2781 990 2831 1039 in
2864 988 3143 1040 novissimis
3193 988 3365 1040 diebus
3412 992 3733 1054 purpuratus

2153 1077 2297 1115 mons
2325 1063 2505 1114 domus
2552 1058 2776 1111 Domini.
2816 1059 2880 1110 Et
2924 1057 3007 1111 hic
3037 1065 3119 1110 est
3148 1058 3281 1124 lapis
3311 1057 3376 1108 de
3408 1071 3583 1109 monte
3636 1070 3736 1109 ex-

2159 1133 2301 1184 cisus
2332 1132 2450 1186 sine
2481 1131 2720 1183 manibus
2750 1127 3234 1192 complectentium,
3274 1128 3324 1181 id
3352 1130 3453 1190 est,
3478 1125 3732 1181 Christus

2153 1203 2219 1255 de
2257 1201 2478 1254 .lutlaico
2510 1199 2702 1265 populo
2739 1210 2893 1251 natus
2921 1201 3039 1251 sine
3069 1200 3308 1251 manibus
3353 1200 3730 1265 complecteti-

2154 1273 2307 1324 tium.
2345 1272 2460 1336 Ipse
2490 1270 2610 1323 dico
2638 1269 2722 1338 qui
2755 1278 2836 1323 est
2858 1284 2999 1321 mons
3030 1268 3233 1338 pinguis
3262 1267 3325 1319 ad
3359 1269 3719 1321 corroboran-

2151 1343 2248 1393 dos
2290 1342 2573 1407 perfectos,
2615 1350 2669 1394 et
2716 1348 2797 1393 est
2846 1353 2989 1391 mons
3041 1340 3341 1408 coagulatus
3367 1377 3381 1399 ,
3412 1338 3728 1408 ministram

2154 1406 2358 1466 scilicet
2388 1411 2690 1477 coagulum,
2725 1409 2773 1462 id
2802 1419 2899 1472 est,
2926 1406 3180 1461 doctrina:
3211 1409 3292 1462 lac
3319 1408 3383 1460 ad
3412 1406 3729 1462 nutriendos

2154 1483 2420 1550 parvulos.
2458 1481 2573 1547 Ipse
2602 1495 2725 1533 vere
2756 1496 2902 1531 mons
2944 1478 3147 1550 pinguis
3177 1520 3219 1550 ,ί
3252 1478 3300 1531 id
3355 1487 3433 1531 est
3457 1517 3471 1541 ,
3531 1480 3730 1550 plenus

2154 1548 2403 1605 omnibus
2433 1551 2799 1617 sptritualibus
2830 1549 3007 1603 donis.
3046 1550 3105 1600 Et
3135 1549 3254 1615 quia
3284 1551 3421 1602 sicut
3462 1550 3513 1600 in
3545 1548 3730 1602 Evan-

2159 1623 2298 1689 gelio
2330 1624 2523 1691 leg’tur
2548 1663 2563 1686 ,
2604 1620 2695 1674 alii
2741 1620 2990 1691 dixerunt
3038 1618 3179 1691 hunc
3211 1628 3443 1691 montem
3475 1658 3489 1680 ,
3523 1617 3690 1691 idest
3714 1659 3730 1683 ,

2156 1688 2450 1756 Christum,
2476 1691 2734 1744 Joannem
2762 1690 3070 1755 Baptistam,
3096 1688 3181 1742 alii
3207 1689 3485 1753 Joannem,
3517 1688 3604 1743 alii
3633 1688 3732 1744 Je-

2155 1765 2399 1824 remiam,
2427 1762 2514 1815 alii
2546 1776 2705 1815 unum
2731 1776 2793 1813 ex
2829 1760 3134 1829 prophetis;
3160 1767 3343 1813 mouet
3372 1774 3468 1810 nos
3494 1766 3730 1827 prophe-

483 1838 574 1890 ιοΙί
614 1846 671 1890 et
717 1849 905 1913 omnes
931 1833 1085 1913 electi
1120 1831 1393 1894 hucusque
1422 1829 1500 1881 sic
1530 1829 1886 1893 dormierunt,
1906 1838 1967 1913 ¹υι
1997 1838 2052 1911 et
2084 1842 2129 1902 Β
2158 1834 2294 1885 ιὶιύε
2324 1835 2541 1913 Spiritus
2580 1847 2647 1912 ne
2676 1831 2811 1913 alios
2843 1838 3050 1883 montes
3081 1830 3200 1913 huic
3242 1829 3408 1909 monti
3438 1844 3725 1912 Compare-

483 1908 681 1961 terreni
715 1905 861 1971 regni
895 1902 1238 1969 cupiditatem
1263 1907 1705 1971 contemnerent,
1734 1908 1788 1951 et
1816 1898 2050 1971 caelestis

482 1976 630 2043 regni
662 1969 1044 2043 beatitudinem
1076 1972 1465 2043 desiderarent.
1622 1969 1741 2043 quia
1775 1980 1883 2043 tam
1913 1969 2051 2043 bene

485 2039 818 2102 dormierunt
841 2042 963 2100 ideo
989 2044 1069 2096 his
1099 2041 1285 2107 pennis
1314 2040 1499 2091 volitat
1529 2040 1786 2101 Ecclesia,
1805 2039 2051 2093 columba

482 2116 845 2184 deargentata,
898 2124 961 2184 et
982 2112 1228 2184 laudibus
1257 2109 1559 2184 extollitur,
1582 2110 1702 2177 quia
1734 2113 1830 2184 hac
1862 2112 2047 2184 eorum

480 2179 643 2249 lania:
675 2184 870 2251 posteri
900 2182 965 2235 ad
998 2183 1308 2235 imitandum
1349 2179 1558 2251 invitati
1586 2223 1599 2243 ,
1634 2184 1760 2231 dum
1790 2183 1868 2231 sic
1916 2180 2050 2251 dor-

484 2249 882 2322 niiunt,_pettn:e
912 2253 1177 2322 adduntur
1198 2291 1235 2322 ,ν
1262 2250 1454 2318 quibus
1502 2251 1733 2304 Ecclesia
1764 2249 2047 2322 rpraédice-

487 2335 571 2381 tur
621 2337 675 2381 et
700 2320 1065 2377 Vsnbltmetur.
1119 2320 1365 2374 Variatur
1395 2336 1605 2386 queque
1636 2321 1772 2387 qttod
1805 2323 2050 2387 sequitur

480 2396 534 2450 in
566 2397 663 2470 hac
692 2396 976 2470 sententia,
1001 2392 1243 2470 scilicet,
1272 2399 1320 2443 et
1335 2392 1622 2470 posteriora
1663 2390 1802 2442 dorsi
1838 2392 1972 2470 ejus
1996 2391 2049 2442 in

483 2468 684 2535 pallore
721 2465 858 2516 auri.
891 2463 987 2516 Per
1016 2464 1232 2535 dorsum
1260 2466 1402 2514 enim
1431 2461 1580 2535 labor
1623 2461 1899 2528 przcsentis
1928 2464 2049 2515 vita:

486 2531 812 2602 designatur,
840 2548 935 2601 per
961 2531 1257 2602 posteriora
1287 2544 1415 2582 vero
1444 2531 1561 2596 ejus
1586 2540 1688 2602 vita
1730 2543 1962 2597 sequens
1990 2543 2046 2602 et

485 2601 696 2659 merces
742 2602 934 2657 laboris
979 2601 1309 2668 intelligitur.
1342 2602 1473 2663 Quae
1502 2601 1784 2665 posteriora
1808 2612 1963 2653 eruat
1993 2601 2045 2654 in

481 2675 678 2745 pallore
705 2674 844 2737 auri,
875 2672 926 2726 id
951 2682 1051 2732 est,
1085 2671 1141 2745 in
1168 2679 1309 2745 tanta
1337 2670 1516 2722 laititia
1562 2679 1617 2724 et
1661 2672 1829 2745 gloria
1854 2708 1870 2735 ,
1929 2686 2047 2738 quas

484 2740 700 2799 omnem
748 2745 904 2797 aliam
955 2740 1171 2795 excellit
1199 2780 1214 2804 ,
1258 2740 1397 2793 sicut
1428 2755 1617 2792 aurum
1644 2741 1860 2793 excellit
1888 2755 2047 2795 omne

485 2816 782 2869 metallum.
807 2813 873 2865 Et
902 2809 980 2867 sic
1009 2827 1101 2879 per
1142 2811 1394 2880 pallorem
1425 2820 1478 2864 et
1507 2826 1695 2864 aurum
1726 2811 1862 2864 idem
1892 2824 2045 2864 n0ta-

490 2886 652 2938 bitur.
682 2885 738 2939 Si
768 2894 945 2936 autent
973 2884 1185 2935 diiersa
1215 2882 1387 2934 facere
1417 2884 1542 2934 velit
1572 2883 1640 2933 ita
1668 2880 1889 2935 dicens:
1921 2883 2047 2949 quia

483 2968 784 3023 quanquam
817 2966 1051 3023 pra-sctis
1079 2951 1199 3023 vita
1217 2965 1403 3004 eorum
1446 2953 1516 3023 sit
1560 2953 1613 3004 in
1641 2952 1843 3023 labore,
1871 2963 2047 3023 poste-

483 3020 627 3078 riora
648 3020 833 3075 tamen
859 3022 976 3090 ejus
1006 3030 1163 3075 erunt
1188 3020 1241 3074 in
1285 3035 1436 3083 auro,
1470 3021 1519 3073 id
1550 3029 1653 3088 est,
1688 3020 1739 3073 in
1773 3022 1919 3088 regio
1945 3021 2044 3077 de-

488 3110 636 3150 ουκ.
663 3098 866 3146 Aurum
895 3090 1038 3146 enim
1068 3094 1131 3143 ad
1157 3101 1529 3144 ornamentum
1562 3092 1764 3158 regium
1793 3091 2042 3159 pertinet,

2156 1919 2294 1966 mus,
2331 1900 2452 1969 quia
2488 1911 2542 1954 et
2570 1903 2611 1954 si
2643 1902 2730 1955 alii
2764 1911 2972 1954 montes
3003 1900 3265 1968 coagulati
3293 1910 3441 1966 sunt,
3471 1900 3593 1968 quia
3616 1914 3731 1955 nu-

2154 1976 2282 2026 trire
2312 1987 2502 2040 parvos
2539 1983 2776 2037 possunt,
2814 1972 2915 2040 hoc
2938 1985 3041 2022 non
3069 1980 3236 2024 estex
3271 1984 3329 2023 se
3356 2011 3371 2032 ,
3399 1971 3491 2023 sed
3522 1984 3591 2023 ex
3627 1971 3731 2024 huc

2152 2039 2355 2097 monte.
2390 2044 2454 2095 Et
2476 2041 2606 2095 dicit
2646 2043 2749 2094 ita;
2782 2039 2849 2094 Ut
2872 2040 2994 2109 quid
3024 2040 3355 2107 auspicamini
3386 2051 3577 2093 montes
3607 2055 3733 2093 coa-

2151 2113 2353 2181 gulntos
2390 2112 2508 2165 huic
2534 2114 2697 2164 titonti
2729 2111 3163 2178 comparabiles?
3192 2110 3385 2177 Utique
3406 2126 3525 2181 non
3558 2110 3728 2165 debe-

2154 2180 2239 2246 tis,
2275 2183 2395 2251 quia
2426 2197 2575 2251 mons
2599 2184 2698 2236 iete
2728 2182 2844 2234 talis
2876 2190 2979 2243 est,
3024 2182 3078 2233 in
3122 2196 3222 2249 quo
3272 2180 3730 2251 specialitcribcne

2153 2250 2399 2319 placitum
2444 2263 2514 2306 est
2553 2250 2693 2315 Deo,
2745 2266 3015 2319 nunquam
3073 2251 3212 2304 male
3257 2251 3537 2315 placitum.
3572 2250 3727 2317 Quod

2151 2322 2548 2390 beueplacituin
2573 2362 2589 2385 ,
2620 2323 2826 2376 scilicet
2855 2323 3085 2373 habitare
3116 2322 3207 2383 ita,
3239 2330 3294 2372 ut
3318 2322 3559 2388 perfecte
3585 2329 3732 2375 esaet

2151 2395 2204 2446 in
2258 2410 2335 2446 eo.
2372 2393 2426 2446 lii
2460 2408 2523 2446 eo
2555 2395 2717 2459 enim,
2752 2402 2807 2445 ut
2839 2393 3125 2460 Apostolus
3164 2392 3258 2454 ait,
3290 2390 3537 2443 habitabit
3567 2392 3733 2444 omnis

2149 2464 2414 2534 plenitudo
2442 2462 2722 2534 divinitatis
2749 2462 3116 2534 corporaliter,
3172 2462 3221 2513 id
3267 2470 3383 2524 est,
3430 2462 3637 2534 integre
3674 2470 3731 2517 et

2191 2534 2409 2590 leuarie.
2447 2535 2511 2586 Et
2537 2531 2657 2586 ideo
2697 2532 2819 2601 quia
2848 2532 3000 2596 dicit,
3032 2533 3153 2585 dico
3179 2546 3299 2585 eum
3329 2532 3638 2601 specialiter
3675 2535 3729 2586 in

2191 2550 2409 2590 tenarie.
2447 2550 2511 2586 ιι
2537 2550 2657 2586 ιαεο
2697 2550 2819 2601 Qllla
2848 2550 3000 2596 (llCll,
3032 2550 3153 2585 (11ρο
3179 2550 3299 2585 eum
3329 2550 3638 2597 SpﬂClalllr’r
3675 2550 3729 2586 ιη

2151 2550 2255 2658 lioc
2304 2612 2487 2658 monte
2540 2602 2801 2666 habitare,
2852 2601 2972 2669 quia
3024 2617 3118 2668 [per
3157 2602 3314 2655 istum
3361 2599 3617 2655 habitavit
3676 2601 3733 2657 in

2150 2675 2291 2729 aliis.
2318 2675 2447 2728 Nam
2474 2674 2575 2726 iSIe
2607 2673 2885 2735 Dominus,
2933 2672 2983 2725 id
3015 2684 3115 2737 est,
3149 2686 3301 2724 mons
3328 2672 3429 2726 iste
3457 2672 3730 2742 principa-

2151 2742 2273 2798 liter
2314 2743 2570 2798 habitavit
2608 2744 2659 2796 in
2708 2743 2828 2797 aliis
2873 2743 3177 2807 montibus,
3228 2743 3572 2809 perducendo
3637 2755 3733 2796 eos

2150 2813 2205 2895 in
2232 2830 2305 2938 Si?
2325 2816 2506 2879 linem,
2534 2823 2589 2867 et
2615 2828 2709 2883 per
2745 2815 2903 2867 istum
2927 2816 3088 2867 etiam
3120 2814 3257 2866 Deus
3287 2812 3444 2866 Pater
3473 2814 3735 2866 habitavit

2150 2898 2203 2938 tn
2236 2902 2247 2935 t
2296 2902 2357 2938 is.

2148 2882 2203 2939 in
2236 2885 2357 2939 illis.

2218 2954 2412 3009 Curras
2442 2952 2557 3008 Dei.
2604 2953 2728 3008 ideo
2766 2952 2925 3007 etiam
2967 2952 3103 3007 alios
3141 2959 3353 3007 montes
3393 2948 3519 3005 huic
3555 2951 3729 3007 monti

2148 3037 2460 3094 comparare
2490 3041 2593 3079 non
2626 3025 2853 3088 debetis,
2895 3024 3020 3091 quia
3053 3024 3139 3078 alii
3179 3033 3303 3076 sont
3346 3037 3537 3094 cumis
3572 3020 3728 3091 hujus

2150 3096 2239 3162 qui
2267 3092 2351 3150 est
2386 3098 2543 3148 Deus.
2601 3094 2677 3147 Illi
2733 3095 2872 3148 enim
2906 3103 3120 3161 portant
3162 3101 3215 3147 ut
3246 3108 3455 3159 currus,
3504 3092 3611 3147 iste
3639 3108 3731 3160 per

486 3168 607 3254 quia
636 3163 1005 3254 FIOI'OItl'BJll‘lth
1031 3160 1861 3254 {inutili}:itameruiit‘itinauro,
1904 3166 2041 3254 quod
2075 3192 2124 3254 ο
2153 3160 2541 3254 eoshpnrtatur
2566 3163 2678 3254 .adJ
2721 3160 2992 3254 ιιοιιιὶιιιιιι
3030 3163 3346 3254 hamulum,
3400 3164 3509 3245 qui.
3545 3178 3729 3254 currus

487 3232 541 3288 iu
574 3237 796 3304 pallore,
819 3233 867 3287 id
900 3243 1006 3300 est,
1037 3234 1090 3286 iu
1123 3233 1300 3285 vlrore
1322 3232 1435 3284 auri
1468 3274 1482 3299 ,
1513 3232 1612 3285 boc
1643 3239 1727 3286 est
1751 3269 1767 3297 ,
1800 3233 1851 3284 in
1879 3234 2050 3301 gloria

482 3305 824 3360 indelicienti.

557 3373 694 3428 Dum
719 3373 959 3427 discernit
986 3373 1197 3426 caelestis
1224 3388 1365 3442 reges
1389 3388 1541 3441 super
1568 3389 1696 3436 eam,
1718 3373 1846 3426 nive.
1870 3371 2053 3444 Erilis,

482 3444 697 3513 inquam
725 3484 739 3503 .
774 3460 951 3512 pennis
980 3445 1224 3496 columbae
1270 3448 1627 3512 deargentattz,
1689 3445 1790 3497 hoc
1842 3443 2049 3509 tandiu,

483 3516 605 3568 ditat
641 3514 853 3569 caelestis
894 3518 1142 3567 discernet
1180 3529 1321 3583 reges
1371 3530 1526 3579 super
1566 3528 1701 3580 eam,
1733 3513 1833 3566 hoc
1883 3528 2054 3580 quan-

484 3595 599 3639 tum
649 3587 715 3637 ad
748 3585 1096 3653 posteriorem
1141 3585 1487 3653 sententiam,
1530 3596 1784 3653 quantum
1818 3597 1944 3637 vero
1987 3584 2053 3638 ad

483 3660 715 3725 priorem
751 3652 1232 3725 rsiccontittuatur
1275 3670 1288 3704 :
1346 3652 1591 3705 Dominus
1647 3652 1796 3725 dabit
1851 3654 2053 3725 veritum

482 3723 635 3780 vobis
683 3725 773 3794 qui
828 3723 1122 3777 dividimini
1180 3738 1273 3791 per
1339 3723 1820 3777 manil‘estationem
1875 3724 2050 3791 Spiri-

487 3806 572 3850 tus
619 3797 687 3849 ad
727 3798 960 3864 speciem
1006 3795 1198 3847 donius
1227 3834 1242 3857 ,
1294 3796 1652 3864 sigdormiatis
1700 3795 1831 3845 inter
1857 3794 2052 3847 medias

486 3870 689 3930 cteros;
721 3863 969 3919 doiuiatis
990 3904 1007 3928 ,
1048 3865 1168 3917 dico
1191 3902 1205 3928 ,
1238 3863 1419 3916 tandiu
1446 3904 1459 3926 ,
1490 3864 1615 3916 dum
1648 3864 1884 3919 caelestis
1919 3865 2008 3918 ille
2032 3904 2047 3929 ,

487 3938 692 3989 scilicet
721 3975 738 3999 ,
770 3936 859 4003 qui
893 3937 1112 3988 veniens
1138 3936 1204 3988 de
1233 3936 1372 3987 ctelo
1402 3942 1485 3986 est
1512 3948 1673 4002 super
1715 3949 1924 4001 omnes,
1967 3938 2050 3990 vel

487 4006 577 4074 qui
632 4007 872 4058 ascendit
922 4020 1027 4056 non
1082 4005 1253 4057 solum
1302 4018 1461 4070 super
1499 4003 1799 4058 materiales
1838 4008 2043 4074 caelos,

491 4073 585 4127 sed
612 4082 667 4127 et
701 4089 862 4141 super
892 4088 1077 4127 omnes
1104 4076 1321 4127 ordines
1358 4074 1646 4141 angelicas,
1695 4075 1747 4127 id
1795 4086 1893 4137 est,
1923 4077 2046 4128 dum

484 4143 728 4199 Christus
755 4144 990 4194 discernit
1010 4157 1149 4209 reges
1168 4159 1319 4213 super
1349 4158 1458 4195 eam
1501 4143 1822 4198 columbam.
1874 4147 2046 4213 lteges

486 4214 678 4276 accipit
710 4226 978 4283 praecones
1007 4214 1269 4275 veritatis,
1298 4212 1369 4265 ita
1400 4226 1458 4266 se
1488 4223 1541 4266 et
1575 4213 1733 4283 alios,
1756 4212 2003 4283 regetites
2024 4252 2043 4283 ,

484 4296 542 4339 ut
572 4298 680 4337 non
711 4291 895 4351 regnet
932 4281 1043 4352 jam
1092 4284 1144 4352 iu
1189 4285 1270 4336 eis
1299 4294 1570 4350 peccatum
1601 4284 1665 4335 ad
1689 4281 2043 4338 obedientium

486 4351 942 4420 concupiscentiis
962 4351 1176 4416 carnis;
1205 4352 1303 4406 hos
1331 4366 1485 4421 reges
1505 4354 1774 4415 discernet
1801 4356 2041 4411 Christus

488 4438 651 4495 super
669 4426 969 4478 columbam
1004 4423 1320 4488 Ecclesiain,
1349 4424 1399 4475 id
1427 4431 1529 4495 est,
1569 4437 1729 4491 super
1754 4426 1889 4478 alios
1910 4432 2042 4479 dau-

488 4492 608 4549 do'a
683 4496 871 4558 stolas,
896 4494 1031 4549 alios
1052 4495 1402 4563 evangelistas
1425 4536 1441 4561 ,
1466 4492 1597 4547 alios
1626 4497 1724 4558 sic,
1755 4496 1889 4549 alios
1915 4511 2041 4550 vero

488 4566 585 4620 sic.
711 4580 779 4620 ue
804 4574 1078 4621 putaretur
1107 4565 1245 4621 quod
1276 4563 1331 4617 lii
1358 4578 1510 4621 restes
1539 4579 1604 4617 ex
1644 4579 1703 4617 se
1734 4568 1833 4619 hoc
1877 4570 2041 4621 habe-

485 4566 585 4620 sic.
616 4563 681 4621 Et
711 4580 779 4620 ue
804 4574 1078 4633 putaretur
1107 4565 1245 4632 quod
1276 4563 1331 4617 lii
1358 4578 1510 4633 reges
1539 4579 1604 4617 ex
1644 4579 1703 4617 se
1734 4568 1833 4619 hoc
1877 4570 2043 4621 habe-

490 4646 631 4701 rent,
676 4639 815 4703 quod
846 4636 925 4689 sic
954 4650 1013 4689 se
1040 4645 1304 4702 regerent,
1338 4634 1567 4688 ostendit
1597 4635 1737 4688 unde
1768 4636 1999 4689 habeant
2029 4674 2047 4701 ,

483 4708 707 4771 scilicet,
734 4720 804 4760 ex
835 4707 936 4759 hoc
965 4705 1089 4773 quia
1131 4703 1521 4770 dealbabumur,
1557 4706 1735 4772 idest,
1768 4706 2045 4759 remissio-

487 4791 609 4829 nem
642 4784 979 4843 peccatorum
1009 4777 1273 4843 accipient
1302 4815 1317 4839 ,
1347 4776 1732 4843 comparabiles
1763 4776 1866 4828 nivi
1900 4777 2045 4832 lacti.

487 4845 582 4899 \lel
608 4848 978 4898 dealbabuntur
1000 4847 1131 4912 nive,
1166 4848 1214 4898 id
1245 4854 1327 4899 est
1353 4885 1368 4908 ,
1404 4849 1693 4898 secundum
1726 4847 1920 4900 nivem.
1958 4846 2047 4900 Vel

486 4918 643 4985 positi
676 4918 727 4968 in
756 4920 875 4969 nive
897 4932 989 4984 per
1017 4916 1329 4978 candorem,
1357 4918 1507 4982 juxta
1541 4917 1669 4968 illud
1698 4934 1709 4967 :
1743 4915 1802 4969 Si
1857 4917 2049 4985 fuerint

483 4995 688 5057 peccata
709 4997 871 5038 uestra
891 4987 1045 5057 rubra
1071 4996 1125 5038 ut
1146 4986 1427 5057 coccinum,
1458 4988 1601 5054 quasi
1629 4988 1718 5039 nia:
1740 4990 2048 5040 dealbabun-

482 5056 585 5109 tur.
618 5056 684 5109 Et
719 5056 819 5109 hoc
846 5057 901 5107 in
932 5056 1138 5110 Selmon
1163 5094 1180 5120 ,
1214 5056 1262 5107 id
1302 5066 1404 5122 est,
1437 5071 1530 5124 per
1558 5058 1703 5109 illum
1732 5057 1821 5124 qui
1849 5059 2043 5111 intelli-

479 5130 622 5195 gitur
643 5141 737 5195 per
765 5126 1254 5192 Selmon._Selinon
1305 5134 1391 5179 est
1428 5140 1583 5180 mons
1632 5126 1928 5180 Palaestina:
1958 5142 2045 5182 re-

477 5200 671 5267 gionis,
725 5197 1207 5267 etinterpretatur
1261 5195 1460 5267 umbra.
1523 5196 1718 5252 Umbra
1759 5206 1937 5251 autem
1979 5213 2045 5252 ex

480 5264 688 5324 duabus
736 5266 900 5322 rebus
940 5270 997 5321 tit
1026 5306 1042 5332 ,
1073 5264 1299 5331 scilicet,
1329 5281 1396 5320 ex
1427 5265 1547 5322 luce
1576 5276 1630 5321 ct
1659 5268 2047 5323 interveniente

478 5354 725 5408 corpore.
768 5340 834 5392 Et
863 5339 986 5393 ideo
1016 5353 1112 5406 per
1134 5338 1375 5399 Selmon,
1426 5338 1477 5390 id
1514 5344 1599 5391 est
1624 5376 1640 5403 ,
1681 5350 1776 5408 per
1804 5338 2043 5392 umbram

477 5407 789 5479 designatur
831 5409 1080 5464 Christus
1108 5424 1173 5462 ex
1202 5407 1405 5461 duabus
1439 5410 1644 5479 naturis
1671 5407 1870 5461 unitus.
1920 5413 2040 5462 Sci-

475 5478 621 5545 licet,
655 5481 742 5534 illa
788 5496 908 5549 qua:
955 5481 1009 5533 in
1050 5479 1304 5549 principio
1335 5478 1476 5547 apud
1526 5478 1691 5531 Deum
1746 5488 1852 5530 erat
1894 5489 1948 5531 et
1994 5483 2045 5532 in

476 5565 639 5604 carne
669 5553 923 5604 humana.
952 5554 1054 5617 Qui
1080 5552 1330 5605 Christus
1352 5550 1791 5602 obumbraculum
1815 5587 1830 5613 ,
1861 5549 1913 5602 id
1939 5561 2041 5613 est,

476 5621 876 5690 delensaculum
930 5636 1024 5690 per
1065 5625 1292 5689 gratiam
1336 5619 1565 5688 Spiritus
1617 5620 1810 5683 sancti,
1840 5629 1896 5672 et
1925 5633 2045 5688 pro-

476 5689 768 5745 tectiouem
793 5689 1033 5759 corptiris
1061 5692 1167 5755 sui,
1201 5691 1323 5743 lacit
1351 5690 1598 5744 munibus
1641 5693 1693 5743 in
1727 5704 1786 5743 se
1815 5693 2043 5744 creden-

478 5758 623 5829 tibus
651 5763 721 5813 ab
748 5758 1293 5829 aestuincentivorum
1324 5771 1375 5812 et
1407 5761 1702 5814 carnalium
1754 5761 2043 5829 concupis-

472 5828 771 5885 cetitiarum
799 5866 816 5895 ,
842 5828 992 5897 juxta
1017 5829 1157 5898 quod
1191 5831 1437 5897 gloriosae
1468 5829 1655 5898 virgini
1680 5831 1882 5885 dictum
1915 5828 1998 5886 est
2028 5848 2042 5885 :

2158 3236 2426 3303 multiplex
2453 3242 2535 3288 est
2564 3234 2616 3289 itt
2645 3236 2813 3288 decem
2836 3233 3077 3289 millibus.
3115 3232 3154 3286 F
3160 3235 3343 3286 initum
3370 3248 3467 3301 pro
3496 3234 3727 3288 inﬁnito.

2158 3305 2359 3378 Currus
2410 3304 2510 3360 iste
2558 3305 2819 3378 accipitur
2871 3307 2919 3357 iii
2975 3306 3229 3378 omnibus
3279 3304 3731 3378 praedicatoribus

2156 3377 2293 3442 veri,
2324 3391 2353 3430 a
2385 3385 2623 3444 tempore
2671 3372 2853 3443 gratia:
2885 3388 3050 3443 usque
3098 3377 3149 3428 ia
3201 3372 3358 3444 linem
3402 3374 3589 3427 saeculi
3625 3390 3639 3426 :
3671 3382 3726 3429 et

2155 3446 2279 3501 ideo
2317 3443 2512 3509 subdit,
2555 3446 2693 3511 quod
2724 3461 2825 3498 non
2856 3454 3032 3499 tamen
3057 3454 3140 3500 est
3160 3444 3213 3498 in
3250 3443 3436 3499 decem
3468 3446 3725 3509 millibus,

2154 3516 2246 3569 sed
2275 3517 2433 3570 etiam
2463 3514 2607 3570 mille
2630 3515 2793 3568 millia
2826 3516 2876 3568 in
2899 3530 3057 3568 curru
3090 3516 3200 3569 illo.
3234 3515 3298 3568 Et
3323 3516 3367 3568 si
3397 3515 3723 3568 tristantiutn

2154 3586 2408 3646 exterius.
2441 3586 2565 3654 quia
2600 3585 2778 3638 multm
2820 3583 3189 3639 tribulationes
3216 3586 3506 3654 iustorum,
3540 3594 3721 3638 tamen

2154 3654 2445 3710 laetantium
2473 3656 2716 3709 interius.
2752 3655 2817 3708 Et
2842 3654 2984 3710 unde
3008 3655 3339 3709 laetantium?
3365 3656 3572 3708 scilicet
3599 3658 3725 3723 quia

2155 3724 2416 3781 Dominus
2460 3736 2544 3780 est
2596 3727 2645 3777 in
2682 3726 2781 3778 eis.
2833 3724 3113 3791 Quomodo
3166 3726 3217 3778 in
3258 3726 3370 3779 eis?
3418 3726 3629 3777 scilicet
3672 3727 3725 3779 in

2151 3793 2321 3862 Sinai,
2354 3798 2406 3851 id
2456 3807 2557 3861 est,
2600 3795 2652 3849 in
2689 3798 2941 3848 mandato
2994 3811 3097 3848 uoti
3140 3808 3479 3862 quocunque,
3523 3797 3617 3848 sed
3667 3798 3720 3848 iii

2149 3877 2340 3921 sancto
2374 3868 2644 3920 mandato.
2696 3865 2847 3920 Licet
2889 3865 3029 3919 enim
3064 3865 3300 3919 tristetur
3343 3864 3395 3917 in
3438 3866 3723 3933 portando,

2150 3941 2325 3991 tamen
2358 3936 2567 3990 laetatur
2595 3936 2648 3989 in
2680 3937 2932 3989 mandato
2961 3936 3297 4004 complendo.
3340 3936 3437 3998 Qui
3468 3936 3571 3989 ded
3598 3943 3617 3987 t
3642 3935 3723 3989 eis

2148 4007 2304 4072 velle,
2331 4009 2420 4060 dat
2442 4016 2495 4060 et
2518 4022 2614 4075 pro
2638 4007 2775 4060 bona
2806 4009 3077 4059 voluntate
3103 4009 3375 4075 perlicere.
3409 4005 3718 4075 Mandatum

2147 4079 2289 4129 enim
2315 4073 2558 4130 sanctum
2604 4085 2761 4130 vocat
2790 4077 2983 4143 legem,
3014 4076 3081 4130 de
3104 4073 3228 4143 ‘qua
3257 4076 3545 4143 Apostolus
3570 4092 3584 4126 :
3613 4073 3725 4127 Le:

2145 4147 2350 4213 quidem
2383 4157 2558 4200 sancta
2584 4154 2682 4212 est,
2707 4149 3005 4199 mandatum
3030 4156 3261 4200 sanctum
3300 4155 3347 4200 et
3372 4146 3594 4215 justum,
3632 4148 3723 4198 bo-

2145 4230 2284 4269 num.

2215 4287 2504 4341 Ascendisti
2547 4287 2605 4341 in
2644 4287 2824 4340 altum.
2877 4286 3019 4352 Ideo,
3045 4286 3281 4355 inquam,
3316 4287 3369 4339 in
3419 4299 3577 4339 curru
3630 4285 3723 4338 illo

2143 4368 2266 4410 sunt
2314 4358 2477 4411 millia
2521 4358 2836 4421 laetantium,
2880 4360 2967 4425 qui
3018 4360 3162 4425 prius
3206 4368 3356 4410 erant
3401 4357 3567 4408 millia
3607 4357 3725 4421 plo—

2144 4427 2377 4481 rantium
2412 4446 2424 4480 :
2456 4429 2576 4497 quia
2620 4430 2793 4495 cepisti
2833 4430 3196 4497 captivitatem,
3228 4428 3430 4480 scilicet
3462 4430 3541 4479 vel
3572 4441 3719 4497 mors

2150 4505 2257 4551 teut
2286 4513 2386 4566 qua
2427 4496 2619 4566 captivi
2651 4496 2982 4561 tenebamur,
3015 4508 3185 4551 morte
3215 4509 3301 4549 tua
3330 4498 3628 4564 captivasti,
3659 4496 3719 4551 id

2148 4578 2253 4638 est,
2286 4570 2616 4633 destruxisti,
2650 4568 2735 4622 vel
2768 4569 2944 4638 cepisti
2983 4570 3340 4637 captivitatem,
3385 4568 3443 4638 id
3483 4577 3586 4629 est,
3618 4580 3719 4619 nos

2150 4637 2392 4692 lieniines
2440 4640 2528 4706 qui
2575 4640 2720 4707 prius
2774 4636 3023 4704 captivati
3075 4653 3172 4706 per
3228 4636 3717 4705 praevaricationem

2148 4709 2277 4762 Adae
2306 4709 2407 4762 sub
2430 4708 2558 4776 jugo
2587 4709 2788 4777 peccati
2821 4718 2876 4761 et
2904 4708 3092 4761 mortis
3124 4707 3340 4772 luimus,
3373 4720 3426 4760 ei
3458 4710 3526 4758 ita
3550 4708 3717 4773 capti-

2150 4789 2289 4849 vitas
2318 4779 2516 4832 diaboli
2546 4794 2761 4849 eramus
2788 4794 2804 4831 :
2833 4793 2928 4832 nos
2976 4779 3189 4849 inquam
3241 4779 3427 4849 cepisti
3478 4778 3717 4829 haeredi-

2151 4848 2311 4901 tatem
2339 4859 2502 4915 tuam,
2538 4851 2659 4915 quia
2688 4848 2926 4917 principe
2971 4848 3062 4901 illo
3092 4849 3321 4913 devicto,
3356 4848 3493 4900 lelici
3540 4858 3594 4900 et
3640 4850 3715 4901 li-

2149 4918 2277 4973 bera
2314 4921 2621 4987 captivitate
2667 4933 2762 4971 nos
2800 4918 3099 4986 eaptivasti,
3132 4918 3334 4971 scilicet
3366 4928 3420 4970 ut
3450 4921 3538 4986 qui
3572 4923 3718 4985 prius

2149 4990 2292 5041 servi
2333 5003 2545 5042 eramus
2576 4987 2796 5056 peccati,
2837 5001 2890 5043 et
2930 4987 3349 5056 liherijustitiai,
3379 4988 3523 5041 servi
3566 5002 3715 5042 esse-

2147 5072 2269 5112 mus
2294 5057 2542 5126 justitiic,
2574 5058 2782 5111 liberati
2820 5074 2848 5111 a
2882 5069 3116 5126 peccato.
3150 5059 3218 5112 Et
3244 5059 3321 5112 sic
3354 5057 3634 5111 ascendisti
3663 5061 3716 5110 in

2147 5128 2333 5194 altum,
2365 5130 2569 5182 scnlicet
2612 5129 2677 5181 ad
2717 5130 2995 5183 dexteram
3028 5130 3220 5191 Patris,
3270 5128 3361 5182 ubi
3408 5144 3509 5182 nos
3544 5139 3715 5182 tecum

2147 5199 2441 5253 consedete
2474 5200 2667 5264 tecisti,
2690 5208 2743 5252 et
2772 5199 2895 5253 inde
2919 5199 3057 5252 dona
3082 5199 3376 5267 spiritualia
3404 5198 3711 5259 hoiuinibus

2150 5268 2364 5335 misisti,
2396 5268 2449 5321 in
2473 5270 2662 5337 quibus
2688 5268 2810 5336 quia
2839 5278 2891 5321 tu
2915 5282 3036 5323 eras
3060 5270 3202 5337 velut
3226 5272 3276 5322 in
3303 5268 3559 5323 membris
3588 5270 3710 5332 tuis,

2148 5340 2335 5392 eadem
2364 5338 2503 5393 dona
2530 5355 2647 5407 qua:
2677 5339 2873 5391 dedisti
2902 5336 3175 5406 accepisti.
3216 5338 3313 5392 Est
3337 5340 3581 5407 quadam
3612 5339 3709 5395 alia

2147 5410 2433 5474 sententia,
2467 5424 2583 5478 quae
2611 5407 2677 5461 ad
2708 5408 2845 5462 hanc
2880 5410 3201 5462 sententiam
3235 5410 3444 5477 plenius
3479 5409 3710 5473 accedit,

2147 5478 2350 5533 scilicet
2378 5495 2392 5532 :
2429 5479 2579 5532 Dedit
2606 5480 2743 5532 dona
2775 5480 3100 5545 hominibus,
3127 5494 3243 5545 qua:
3274 5494 3450 5534 tamen
3484 5480 3537 5533 in
3569 5480 3711 5532 nulla

2150 5550 2494 5603 translatione
2523 5548 2768 5604 habetur.
2812 5547 2917 5603 Sed
2948 5560 3004 5602 ut
3030 5552 3105 5603 ait
3142 5552 3330 5603 beatus
3360 5550 3708 5618 Augustinus,

2149 5624 2325 5686 posuit
2351 5635 2469 5673 eam
2500 5636 2562 5673 ex
2584 5635 2687 5673 sua
2717 5621 3032 5673 auctoritate
3060 5619 3366 5688 Apostolus.
3419 5622 3602 5674 Potest
3630 5629 3711 5671 ta-

2148 5704 2269 5743 men
2299 5691 2611 5758 simpliciter
2636 5689 2714 5743 sic
2735 5691 2859 5755 dici,
2886 5690 3133 5757 Accepisti
3162 5689 3298 5743 dona
3326 5692 3378 5743 in
3401 5690 3711 5749 hominibus.

2148 5774 2254 5813 non
2279 5761 2379 5813 alia
2405 5762 2472 5814 ab
2497 5760 2644 5829 ipsis,
2668 5759 2762 5815 sed
2789 5764 2930 5829 ipsos
2955 5761 3216 5815 homines.
3246 5762 3311 5814 Et
3336 5773 3459 5815 tunc
3484 5776 3716 5828 sequens

2151 5845 2332 5886 versus
2378 5831 2482 5887 erit
2530 5834 2789 5899 ostensio,
2837 5846 2973 5900 quos
3023 5832 3309 5901 acceperit,
3352 5832 3559 5887 scilicet
3610 5846 3723 5885 nou
