4010 6190
506 316 613 372 8ιὸ

970 311 1174 363 ΒευΑς
1220 307 1665 363 VENERABILIS
1706 308 1855 362 OPP.
1902 307 2063 364 PARS

2169 348 2178 361 .
2220 309 2413 365 SECT.
2458 312 2521 366 ll.
2561 340 2630 353 —
2672 308 2877 367 DUBlA
2918 308 3002 364 ΕΤ
3041 310 3312 368 SPURIA.

3655 315 3755 370 δα

501 432 780 484 Canticum
808 446 819 481 ε
850 428 969 495 quia
999 433 1121 478 sunt
1152 425 1200 478 in
1234 424 1334 478 hoc
1366 426 1568 489 psalmo
1594 424 1752 477 verba
1790 437 2068 495 egpressa,
2103 426 2147 480 A
2179 420 2278 474 tias
2326 423 2620 478 divinitatis
2667 439 2821 488 meae,
2868 424 2964 479 sed
3017 424 3241 479 formam
3292 429 3615 494 paupertatis
3658 429 3750 483 htt-

504 518 625 571 qua:
664 501 716 553 in
750 491 993 566 passione
1030 512 1149 571 eius
1187 495 1617 571 suntncompleta
1642 535 1657 557 ,
1692 503 1769 558 u',
1808 491 2068 571 Dedernnt

501 563 556 627 in
598 563 764 626 escam
810 583 971 621 meam
1014 566 1101 631 fel.
1131 575 1183 618 et
1214 565 1423 618 similia.
1462 565 1525 616 Et
1564 563 1809 616 dicuntur
1858 578 1950 630 pro
1990 563 2070 615 his

502 644 589 711 qui
615 638 1069 711 commutabunmr.
1093 635 1447 711 Commutatio
1470 634 1571 711 alia
1602 637 1650 711 i_n
1679 635 1932 711 deterius,
1966 636 2067 711 alia

504 704 555 767 in
608 711 820 766 melius.
849 708 1015 762 Adam
1059 706 1202 759 enim
1247 714 1302 759 et
1349 705 1453 758 Eva
1501 708 1549 757 in
1592 704 1830 759 deterius
1879 708 2065 756 mutati

502 793 664 835 sunt:
696 780 784 843 qui
816 794 940 832 vero
968 793 1035 831 ex
1062 778 1225 829 Adam
1255 786 1308 830 et
1341 777 1448 828 Eva
1475 775 1687 828 Christo
1710 775 2063 837 colueserunt,

504 854 556 905 in
588 852 777 906 melius
807 850 991 901 mutati
1040 858 1184 901 sum.
1220 847 1284 899 Et
1312 848 1782 899 commutationem
1828 845 1878 897 iit
1918 846 2067 899 dete-

502 922 613 976 rius
643 921 892 988 iniquitas
922 918 1063 988 fecit,
1094 917 1563 988 commutationem
1596 930 1723 969 vero
1752 914 1803 967 in
1852 914 2062 988 melius,

500 993 698 1047 Christi
738 986 1100 1043 misericordia
1137 990 1401 1052 praestitit.
1435 987 1601 1051 Hujus
1637 986 2069 1038 commutatioms

502 1064 553 1115 in
584 1062 773 1115 melius
818 1074 974 1112 causa
1008 1069 1091 1110 est
1121 1068 1175 1109 et
1222 1059 1330 1123 ipsa
1364 1059 1559 1123 passio.
1594 1057 1644 1109 id
1678 1065 1779 1117 est,
1816 1055 2068 1109 transitus

498 1133 739 1187 Christi:
771 1129 892 1196 quia
925 1130 1023 1181 nisi
1077 1129 1169 1179 ille
1221 1129 1497 1180 transisset
1536 1130 1627 1194 qui
1679 1126 1977 1190 descendit,
2012 1138 2069 1179 ut

502 1217 601 1256 nos
643 1203 893 1255 liberaret
933 1196 1013 1252 v'el
1063 1198 1389 1261 sublevaret,
1442 1197 1586 1250 nullo
1636 1198 1793 1248 modo
1837 1212 1932 1248 nos
1976 1198 2065 1264 qui

499 1273 892 1331 decideramus,
919 1269 1147 1321 transire
1172 1282 1469 1331 possemus.
1499 1267 1582 1320 Fit
1611 1277 1785 1321 :mtent
1816 1266 2066 1320 transitus

500 1345 603 1397 iSte
633 1346 698 1395 de
738 1341 934 1393 mundo
966 1341 1031 1391 ad
1059 1339 1275 1402 (mlum,
1308 1339 1376 1389 de
1418 1347 1626 1390 terrena
1666 1339 1767 1389 vita
1810 1338 1872 1387 ad
1902 1338 2062 1391 coite-

499 1422 659 1471 stem.
690 1414 756 1466 de
787 1412 996 1463 mortali
1027 1411 1091 1461 ad
1127 1409 1503 1471 immortalem,
1535 1406 1601 1460 de
1629 1406 1958 1473 corruptibili
1998 1408 2063 1461 ad

505 1481 991 1551 incorruptibilem,
1033 1480 1100 1532 de
1148 1481 1325 1551 latiore
1375 1479 1438 1530 ad
1488 1490 1743 1551 teternam
1800 1476 2059 1551 requiem.

495 1548 734 1606 Causam
760 1565 886 1617 ergo
929 1550 1359 1605 commutationis
1393 1559 1613 1611 nostrae,
1648 1548 1697 1600 id
1748 1558 1850 1609 est,
1898 1550 2062 1613 ipsam

498 1622 697 1677 Christi
750 1622 1086 1691 passionem,
1141 1629 1483 1683 nostramque
1530 1618 1582 1671 itt
1634 1618 2064 1671 tribulationibus

497 1708 683 1747 vocem
716 1695 765 1746 in
800 1692 900 1744 hoc
928 1691 1115 1758 psalmi
1145 1701 1396 1741 contextu
1445 1692 1740 1752 audiamus,
1774 1702 2063 1754 cognosca-

501 1777 639 1827 mus,
672 1757 1122 1833 ingemisc’amus:
1154 1768 1207 1810 et
1236 1757 1520 1822 audiendo,
1562 1759 1948 1833 Cognoscendo,
1983 1759 2063 1833 in-

496 1827 848 1902 gemiscenda
881 1839 1293 1902 commutamur,
1327 1828 1864 1902 et_cont_mutati_cnm
1892 1827 2066 1891 capite

500 1896 684 1957 noswo
714 1902 972 1960 dicamus,
1008 1900 1220 1952 Salvum
1250 1913 1329 1951 me
1369 1898 1451 1966 fac
1496 1896 1653 1950 Deus.
1701 1898 1949 1950 llortatur
1975 1914 2067 1951 att-

500 1985 604 2026 tem
639 1988 737 2027 nus
786 1981 945 2038 caput
984 1971 1034 2022 in
1082 1970 1184 2023 hoc
1216 1968 1441 2033 psalmo,
1484 1977 1538 2020 ut
1580 1983 1673 2033 per
1715 1968 1831 2033 ejus
1864 1971 2068 2034 passio-

498 2059 620 2096 nem
646 2054 701 2098 et
727 2041 1029 2095 mercedem
1060 2040 1401 2093 attendamus
1441 2050 1674 2091 nostram
1707 2053 1916 2105 quoque
1950 2054 2066 2106 pas-

501 2114 707 2168 sionem
735 2121 790 2167 et
821 2109 1146 2174 mercedem,
1176 2118 1229 2163 et
1258 2110 1334 2165 sic
1360 2110 1764 2175 compatiamur,
1791 2119 1845 2161 ut
1872 2119 1924 2160 et
1954 2110 2068 2172 glo-

497 2185 791 2238 ri‘licemur.
834 2182 889 2234 Si
939 2183 1080 2234 enim
1128 2181 1501 2246 contpatimur,
1542 2186 1596 2231 et
1639 2178 2066 2247 congloriﬁcahi-

498 2270 633 2308 mur.
667 2254 731 2307 Et
758 2261 875 2305 orat
904 2252 983 2305 sic
1025 2267 1119 2318 pro
1150 2264 1208 2305 se
1250 2260 1303 2304 et
1333 2265 1428 2318 pro
1460 2250 1714 2303 membris
1742 2249 1855 2303 suis
1881 2266 1892 2299 :
1927 2247 2067 2302 Deus

498 2324 653 2379 Pater
676 2325 872 2377 salvum
905 2339 981 2374 me
1015 2326 1118 2391 fac,
1163 2321 1496 2391 restituendo
1528 2334 1612 2391 me
1658 2319 2062 2391 immortalitati.

502 2395 692 2449 Salvos
731 2393 811 2447 fac
848 2403 902 2447 et
934 2388 1103 2456 meos,
1152 2407 1290 2444 nunc
1334 2390 1544 2444 interim
1595 2388 1832 2442 interiori
1878 2404 2067 2443 resur-

498 2469 755 2529 rectione,
783 2476 1058 2532 quousque
1085 2463 1245 2516 etiam
1272 2460 1545 2532 exteriori.
1570 2459 1630 2514 Et
1655 2474 1874 2512 necesse
1900 2471 1981 2513 est
2011 2469 2066 2513 ιιι

499 2536 676 2588 salvos
697 2530 999 2596 nos—facias,
1023 2532 1272 2600 quoniam
1304 2545 1451 2593 aquw
1476 2530 1789 2600 intraverunt
1820 2546 1973 2600 usque
1998 2533 2064 2583 ad

492 2605 721 2657 animam
749 2618 930 2656 meam.
963 2598 1128 2664 Aquae
1156 2601 1402 2653 dicuntur
1431 2601 1513 2651 hic
1546 2601 1711 2652 turba:
1740 2598 1942 2653 Judaici
1973 2616 2065 2667 po-

496 2675 629 2742 puli,
673 2684 930 2740 quantum
973 2673 1037 2724 ad
1085 2672 1255 2738 ipsum
1302 2678 1460 2742 caput
1489 2686 1501 2722 :
1535 2678 1790 2737 quantum
1832 2685 1959 2723 vero
1999 2670 2064 2723 ad

498 2741 757 2809 nemhra,
787 2744 1036 2796 dicuntur
1064 2756 1213 2806 aqua!
1263 2741 1422 2793 etiam
1471 2742 1771 2806 quicunque
1817 2755 2065 2807 persecu-

497 2822 641 2868 tores
670 2814 939 2867 Iﬁcclesize.
970 2812 1118 2877 Quod
1146 2819 1321 2864 autem
1353 2811 1498 2870 dicit,
1535 2808 1861 2877 Intraverunt
1890 2826 2059 2880 aquw,

496 2884 560 2937 ad
602 2882 1003 2937 similitudinem
1047 2883 1246 2934 dictum
1274 2891 1373 2933 est.
1407 2881 1559 2935 Sicut
1588 2882 1729 2933 enim
1760 2896 1896 2948 aqua
1943 2897 2065 2946 pan-

496 2954 640 3007 latitn
690 2955 880 3014 intrat,
912 2953 1081 3004 donec
1115 2952 1288 3003 navim
1336 2952 1642 3018 suhntergat
1678 2961 1730 3002 et
1782 2951 2056 3003 involvat:

494 3023 573 3076 sic
615 3023 714 3089 ipsi
744 3020 910 3075 .Ittda'i
946 3022 1195 3088 paulatim
1225 3021 1554 3073 involventes
1598 3036 1655 3073 se
1700 3020 1881 3073 latenti
1913 3022 2059 3083 ndin,

493 3092 689 3147 deinde
737 3092 1017 3145 consilium
1069 3090 1297 3144 ineumlo
1343 3104 1463 3143 cum
1514 3090 1796 3157 diScipulo,
1846 3092 2059 3143 tandem

493 3137 959 3217 etvia'iiivmanileste
980 3162 1355 3230 oppugnando,
1383 3175 1434 3215 et
1456 3175 1615 3226 super
1635 3137 1755 3212 eum
1780 3137 2060 3214 clamando
2086 3137 2131 3198 ο

492 3231 746 3302 Cruci/iga
768 3249 900 3298 eum,
925 3233 1261 3293 intraverunt,
1295 3231 1343 3284 id
1368 3240 1468 3291 est,
1496 3230 1881 3302 prmialuerunt
1908 3247 2065 3301 usque

499 3305 566 3354 nd
612 3301 837 3357 animam
882 3318 984 3356 non
1034 3302 1364 3365 imitandam,
1406 3303 1498 3353 sed
1549 3301 1962 3369 demergendam
2012 3311 2065 3354 et

496 3373 874 3428 destruendam
907 3389 1091 3426 eorum
1126 3374 1517 3442 reputationent
1544 3387 1556 3423 :
1588 3372 1665 3425 sic
1700 3382 1755 3425 et
1793 3373 1859 3424 de
1896 3387 2065 3426 ntem-

493 3443 604 3498 bris
633 3459 731 3497 suo
760 3444 918 3497 modo
943 3444 1109 3496 dices.
1191 3440 1200 3442 ’
1489 3440 1495 3446 ’

593 3511 800 3581 Inﬁaus
845 3530 956 3566 sum
1003 3513 1056 3564 in
1111 3512 1257 3567 limo.
1304 3512 1425 3566 Iden
1474 3526 1624 3578 aqua:
1674 3512 2065 3577 prtevaluerunt

502 3584 668 3650 mihi,
710 3585 832 3653 quia
860 3599 959 3651 ego
988 3598 1101 3635 sum
1129 3583 1317 3649 inﬁxus
1344 3585 1395 3634 in
1433 3581 1690 3653 profundo
1722 3583 1863 3634 limo.
1896 3582 2064 3653 llomo

497 3654 666 3707 factus
697 3652 737 3706 ai
758 3654 866 3707 Deo
902 3656 967 3705 de
1000 3654 1143 3714 limo,
1176 3670 1269 3719 per
1302 3652 1786 3717 prtevartcationetn
1816 3667 1941 3706 vero
1990 3652 2065 3705 la-

495 3734 613 3778 ctus
637 3735 717 3777 est
751 3723 1044 3790 profundus
1072 3724 1248 3776 limus.
1280 3723 1578 3776 [’rol'undus
1605 3723 1819 3789 quidem
1849 3731 2065 3789 propter

497 3795 817 3862 multiplices
866 3808 1051 3862 pcenas
1104 3795 1323 3860 pet-cati.
1376 3794 1429 3847 ltt
1479 3795 1579 3845 hoc
1627 3794 1754 3845 limo
1801 3792 2064 3861 profundo

494 3863 692 3917 inlixus
724 3866 837 3932 ipse
881 3865 994 3927 luit,
1027 3864 1146 3930 quia
1182 3863 1466 3917 hutnanam
1514 3871 1756 3916 naturam
1804 3865 2060 3928 suscepit.

498 3936 560 3986 lit
591 3935 711 3987 ideo
738 3934 867 3987 dicit
893 3951 906 3986 :
939 3933 1142 4001 Inﬁxus
1168 3950 1279 3986 sum
1308 3934 1360 3985 in
1390 3935 1510 3985 lima
1547 3934 1822 4002 profundo.
1853 3933 1915 3986 Et
1947 3935 2065 3985 ideo

497 4019 603 4056 non
638 4015 721 4057 est
760 4005 887 4056 mihi
921 4004 1239 4066 substantia,
1269 4006 1317 4055 id
1347 4014 1450 4065 est,
1484 4004 1829 4056 subsidentia
1862 4004 2061 4070 aliqua,

496 4085 553 4125 ut
579 4087 671 4141 per
700 4088 785 4127 me
820 4075 1013 4140 possim
1045 4073 1320 4127 demersus
1347 4076 1413 4127 ab
1446 4073 1596 4140 aquis
1620 4075 1721 4128 illis
1746 4074 2062 4137 subsistere,

497 4144 595 4195 nisi
623 4153 678 4196 tu
717 4142 1004 4197 resuscites
1031 4157 1138 4194 me.

576 4210 699 4265 Veni
724 4214 775 4264 in
806 4211 1126 4265 altitudinem
1158 4212 1332 4264 utaris.
1358 4212 1559 4280 Iit/imus
1585 4228 1720 4278 sum,
1752 4212 1981 4280 inquam,
2012 4213 2063 4266 in

498 4284 757 4352 profundo
780 4284 921 4347 limo,
946 4292 998 4335 et
1030 4282 1129 4333 hoc
1158 4297 1260 4352 non
1293 4298 1358 4335 ex
1381 4285 1551 4349 aliqua
1581 4283 1916 4345 necessitate,
1941 4285 2065 4352 quia

494 4351 733 4419 ego’veni
777 4368 840 4407 ex
874 4353 1085 4420 propria
1112 4351 1401 4419 voluntate,
1444 4369 1545 4406 non
1578 4368 1645 4407 ex
1686 4351 1980 4418 coactione,
2014 4356 2065 4405 in

495 4425 817 4477 altitudinem
866 4424 1053 4487 maris,
1108 4422 1157 4473 id
1204 4429 1316 4488 est,
1369 4424 1630 4492 assumpsi
1684 4424 2061 4477 humanitatem

2098 1787 2145 1850 Β

2180 507 2373 545 mante.
2410 494 2714 546 Stthstantia
2747 496 2887 548 enim
2925 511 3021 562 pro
3067 496 3264 548 divitiis
3297 497 3418 562 poni
3464 498 3619 550 solet.
3670 501 3725 552 Di

2175 562 2317 614 vitim
2348 567 2493 616 enim
2522 574 2647 616 sunt
2678 567 2727 618 in
2775 565 2894 634 hoc,
2922 565 3043 634 quia
3075 582 3178 618 non
3216 568 3449 630 rapinam
3476 569 3753 624 arbitratus

2172 642 2246 685 est
2272 650 2326 685 se
2355 652 2461 687 esse
2488 638 2733 696 wqualem
2762 633 2891 699 Deo,
2916 633 2997 687 cui
3033 650 3159 689 vere
3191 636 3429 702 temtalis,
3455 649 3750 692 i-ozeternns

2176 714 2228 754 et
2258 705 2730 758 consubstantialis
2755 706 3048 760 secundum
3083 705 3314 759 Verbum
3334 717 3437 761 est.
3470 707 3754 775 Paupertas

2173 788 2298 825 vero
2326 778 2444 843 ejus
2482 778 2529 827 in
2568 776 2667 828 hoc
2707 775 2820 837 luit,
2850 775 2974 843 quia
3005 793 3057 828 sc
3098 776 3263 841 ipsum
3300 777 3604 837 exinanivit,
3652 782 3752 841 lor-

2172 859 2305 895 mam
2333 846 2459 897 ηενυὶ
2486 846 2762 909 accipiens,
2791 846 2969 899 habitu
2996 848 3224 899 inventus
3252 857 3328 899 est
3365 856 3416 898 ut
3446 848 3615 901 homo.
3642 850 3749 913 Qua

2177 925 2486 987 paupertate
2510 916 2669 987 dives,
2695 917 2810 979 l'uit,
2842 921 2963 984 quia
2999 932 3095 969 nos
3137 917 3318 970 multis
3349 917 3541 969 divitiis
3574 924 3747 987 reple.

2172 983 2267 1036 vit.
2296 985 2426 1037 Cum
2469 987 2611 1039 enim
2642 986 2790 1040 dives
2818 983 2981 1052 esset,
3018 1001 3112 1053 pro
3155 987 3307 1041 nobis
3342 1002 3535 1053 pauper
3579 983 3749 1043 laetus

2170 1063 2270 1118 cst,
2306 1066 2359 1106 ut
2406 1071 2500 1106 nos
2532 1067 2841 1124 paupertate
2880 1072 2972 1109 sua
3006 1058 3217 1111 ditaret.
3257 1056 3349 1110 Vel
3381 1060 3569 1110 aliter:
3609 1058 3743 1112 Sun.

2169 1126 2363 1177 stantia
2398 1126 2595 1179 dicitur
2621 1126 2875 1195 quidquid
2906 1142 2934 1180 a
2967 1126 3077 1181 Deo
3105 1136 3343 1181 creatum
3375 1137 3475 1191 est,
3502 1137 3551 1178 et
3588 1130 3748 1181 homo

2169 1206 2385 1248 Creatus
2414 1211 2443 1247 a
2476 1196 2585 1250 Deo
2629 1206 2685 1249 ut
2727 1197 3046 1259 subsuntia,
3083 1196 3136 1251 id
3168 1207 3271 1263 est,
3297 1208 3357 1251 ut
3387 1214 3451 1249 eo
3480 1197 3641 1264 digna
3674 1216 3752 1251 es-

2169 1274 2272 1318 set.
2310 1267 2441 1318 Etsi
2488 1282 2551 1320 ea
2600 1268 2893 1320 substantia
2927 1269 3248 1331 mansisset,
3294 1284 3449 1332 quam
3481 1268 3619 1321 Deus
3664 1288 3749 1329 ee-

2172 1336 2317 1395 uuit,
2359 1337 2550 1390 inlixus
2584 1353 2687 1389 non
2720 1351 2882 1392 esset.
2926 1338 3029 1392 Sed
3083 1337 3246 1391 homo
3297 1337 3474 1405 lapsus
3520 1351 3603 1391 est
3659 1356 3748 1403 per

2172 1406 2528 1471 iniquitatem,
2577 1422 2693 1471 quae
2746 1409 2997 1474 iniquitas
3044 1426 3148 1461 non
3201 1417 3283 1461 est
3331 1418 3593 1470 creatura,
3629 1426 3745 1477 quia

2172 1492 2274 1526 non
2320 1485 2402 1531 est
2454 1488 2664 1540 natura,
2697 1494 2854 1543 quam
2894 1479 3032 1533 Deus
3082 1478 3305 1548 creavit,
3335 1479 3425 1531 sed
3477 1482 3749 1548 conrupta.

2171 1554 2393 1609 natur-.e,
2421 1563 2580 1615 quam
2616 1548 2728 1616 ipse
2757 1551 2917 1603 homo
2948 1550 3000 1603 in
3033 1564 3093 1603 se
3126 1547 3269 1602 fecit.
3299 1550 3379 1600 Ab
3406 1548 3611 1601 Adamn
3647 1547 3752 1601 ’ini-

2168 1618 2344 1683 quitas
2371 1619 2535 1679 venit,
2566 1628 2622 1672 et
2654 1634 2755 1672 non
2789 1630 2869 1672 est
2899 1619 3221 1675 substantia.
3254 1619 3376 1685 quia
3400 1634 3502 1671 non
3533 1629 3620 1672 est
3651 1621 3751 1673 ini-

2169 1689 2345 1752 quitas
2385 1702 2412 1739 a
2448 1688 2556 1741 Deo
2586 1688 2742 1742 facta.
2778 1689 2905 1743 Nam
2940 1705 3045 1742 non
3090 1700 3170 1741 est
3216 1687 3374 1751 facta,
3403 1689 3523 1757 quia
3563 1691 3747 1743 omnia

2171 1769 2269 1823 per
2301 1757 2472 1821 ipsum
2504 1756 2637 1812 facta
2663 1768 2806 1822 sunt,
2837 1771 2889 1812 et
2919 1758 3096 1812 omnis
3126 1769 3368 1811 creatura
3394 1756 3429 1811 α
3450 1759 3552 1812 Deo
3584 1758 3743 1813 facta.

2174 1826 2381 1880 Laudat
2410 1843 2533 1883 eum
2568 1844 2673 1882 nntt
2705 1831 2847 1896 quod
2877 1845 3093 1883 sensum
3128 1828 3321 1882 habeat
3353 1828 3619 1893 laudandi,
3655 1833 3745 1883 sed

2170 1901 2292 1963 quia
2344 1900 2621 1952 materiam
2669 1901 2869 1967 praebet
2898 1899 3166 1952 laudandi.
3199 1898 3409 1952 Nullum
3457 1908 3637 1952 autem
3677 1902 3750 1954 vi-

2172 1971 2302 2019 tium
2351 1969 2574 2021 materia
2626 1979 2709 2023 est
2758 1969 3003 2024 laudandi
3054 1969 3240 2032 Deum,
3272 1982 3437 2035 quare
3496 1969 3748 2037 iniquitas

2176 2051 2279 2090 non
2325 2050 2407 2091 est
2436 2049 2707 2105 creatura,
2738 2049 2793 2092 et
2826 2041 2944 2093 ideo
2972 2040 3117 2098 dicit.
3148 2037 3352 2105 In/ixus
3382 2054 3491 2090 sum
3528 2044 3579 2091 in
3628 2042 3749 2093 lima

2169 2107 2450 2175 profundi;
2494 2120 2547 2163 et
2578 2111 2677 2163 hoc
2727 2107 2865 2175 ideo,
2897 2113 3017 2177 quia
3064 2125 3164 2163 ttou
3208 2119 3291 2163 est
3329 2109 3648 2170 Substantia,
3699 2113 3747 2163 id

2167 2187 2269 2242 est,
2303 2183 2425 2246 quia
2459 2195 2560 2233 non
2606 2181 2781 2233 inveni
2828 2183 2880 2233 in
2929 2181 3144 2233 ltomine
3189 2180 3536 2233 substantiam
3584 2196 3743 2246 quam

2171 2246 2423 2304 feceram.
2465 2248 2587 2302 Veni
2617 2251 2669 2303 in
2695 2252 3017 2303 altitudinem
3058 2251 3232 2304 maris.
3273 2248 3470 2303 lnlixus
3496 2264 3638 2316 sum,
3670 2252 3748 2303 in-

2166 2333 2358 2386 quant,
2409 2320 2502 2373 sed
2558 2336 2660 2372 non
2715 2336 2781 2375 ex
2832 2323 3004 2389 aliqua
3064 2322 3413 2379 necessitate,
3464 2323 3588 2388 quia
3640 2336 3742 2377 ezo

2167 2396 2361 2454 Sponte
2392 2392 2505 2442 veni
2532 2391 2585 2442 in
2630 2392 2951 2445 altitudinem
2985 2394 3161 2455 maris,
3198 2389 3247 2444 id
3278 2400 3381 2453 est,
3416 2390 3465 2442 in
3497 2392 3631 2443 hanc
3662 2394 3740 2444 vi-

2171 2465 2276 2510 tam
2325 2461 2704 2514 amarieantem
2757 2476 2938 2528 pinnas
2984 2463 3206 2527 peceati,
3257 2462 3324 2513 ita
3370 2471 3542 2513 tamen
3589 2470 3647 2513 ut
3695 2462 3745 2515 in

2167 2529 2275 2581 alto
2302 2530 2433 2582 mari
2463 2545 2661 2595 essem,
2695 2533 2742 2585 id
2773 2542 2875 2595 est,
2907 2531 2959 2585 itt
2990 2546 3057 2583 eo
3102 2532 3219 2585 loc.»
3251 2530 3339 2598 qui
3380 2529 3556 2583 minus
3591 2544 3739 2585 com-

2167 2610 2496 2664 moveretur,
2527 2601 2730 2654 scilicet
2759 2612 2813 2654 ut
2841 2611 2896 2656 et
2933 2603 2977 2654 si
3010 2615 3380 2655 commoverer
3413 2602 3584 2667 pinnis
3616 2616 3739 2665 pec-

2168 2670 2295 2731 cati,
2330 2684 2433 2723 non
2470 2680 2644 2724 tamen
2688 2686 2854 2739 usque
2894 2675 2995 2724 huc
3025 2674 3226 2739 sumpsi
3262 2684 3559 2737 peccatum.
3590 2671 3743 2725 Mare

2163 2743 2306 2790 enim
2336 2750 2392 2792 et
2420 2742 2594 2794 omnis
2625 2742 2783 2795 etiam
2832 2756 2989 2810 aqua,
3025 2742 3076 2794 itt
3107 2758 3207 2810 qua
3252 2751 3399 2807 parte
3441 2744 3599 2795 altior
3628 2757 3735 2805 est,

2166 2814 2340 2862 minus
2377 2821 2765 2867 commovetur.
2802 2812 2891 2866 Vel
2944 2813 3057 2865 veni
3093 2813 3147 2865 in
3187 2811 3512 2864 altitudinem
3558 2813 3741 2877 maris,

2166 2876 2371 2951 idest,
2419 2881 2559 2934 inter
2591 2880 2734 2945 illos,
2762 2883 2852 2951 qui
2904 2884 3136 2937 maxime
3164 2883 3517 2935 amaricantes
3563 2876 3741 2945 enim,

2163 2948 2365 3003 scilicet
2413 2952 2548 3004 inter
2596 2948 2829 3005 Jttdteos.
2884 2954 2945 3005 Et
3000 2953 3119 3006 ideo
3172 2961 3465 3020 tempestas,
3512 2952 3563 3005 id
3612 2962 3733 3016 est,

2164 3020 2513 3090 contradicdo
2576 3029 2631 3075 et
2703 3021 2852 3076 furor
2918 3022 3060 3075 illius
3135 3023 3310 3090 populi
3386 3038 3489 3075 non
3554 3024 3730 3076 solum

2165 3088 2351 3142 mersit
2395 3105 2502 3153 ttte,
2555 3105 2678 3145 cum
2727 3108 2889 3160 super
2943 3108 3027 3146 me
3080 3088 3146 3146 ut'
3186 3090 3561 3161 crucdigerer,
3609 3096 3733 3146 cla-

2171 3168 2426 3279 mqrent:
2466 3161 2560 3215 Sed
2607 3164 2764 3217 etiam
2812 3163 3050 3216 demersit
3093 3179 3171 3216 me
3212 3168 3367 3225 adeo,
3420 3172 3476 3216 ut
3522 3178 3605 3216 me
3652 3180 3745 3217 se-

2173 3243 2235 3279 ne
2261 3242 2421 3279 ll‘BlIl.

2171 3242 2421 3297 penrent.

2238 3299 2490 3354 Laborat-i
2519 3302 2765 3365 clamans,
2789 3319 2978 3356 rauca.
3003 3302 3105 3373 Ipsi
3133 3303 3347 3372 quidem
3372 3303 3749 3357 demerserunt

2168 3384 2273 3442 me,
2302 3386 2401 3438 ego
2432 3387 2559 3426 vero
2607 3376 2785 3426 monui
2835 3391 2927 3427 eos
2956 3374 3022 3428 de
3066 3376 3299 3442 ipsorum
3340 3374 3531 3437 salute,
3564 3382 3617 3427 ct
3662 3375 3743 3426 sic

2167 3440 2392 3493 laboravi
2421 3442 2651 3495 clamans
2686 3445 2753 3496 ad
2801 3459 2916 3507 eos,
2948 3440 3216 3511 quomodo
3244 3443 3493 3498 clamavit
3535 3444 3621 3497 ille
3671 3446 3743 3497 de

2166 3524 2273 3583 quo
2303 3511 2500 3565 dictum
2544 3522 2625 3566 est
2667 3514 2807 3581 quod
2847 3515 2956 3567 'non
2993 3513 3266 3583 respondit
3294 3515 3372 3567 eis
3402 3514 3637 3569 verbum.
3680 3520 3749 3567 tt

2168 3580 2235 3633 de
2263 3595 2368 3647 quo
2396 3582 2577 3646 Isaias,
2609 3580 2756 3636 Sicut
2791 3583 2909 3638 ovis
2956 3584 3023 3637 ad
3053 3580 3377 3640 occisionem
3405 3584 3590 3637 ductus
3635 3594 3744 3646 est,

2167 3661 2220 3724 et
2248 3652 2371 3704 dum
2417 3653 2487 3704 ita
2533 3663 2870 3717 tractaretur,
2916 3672 3019 3708 non
3062 3656 3272 3724 aperuit
3300 3669 3360 3708 os
3410 3668 3581 3707 suum.
3627 3654 3745 3709 Sed

2169 3720 2291 3773 ilt'el
2333 3739 2382 3773 tn
2417 3724 2664 3786 passione
2692 3739 2796 3777 non
2826 3720 3110 3789 clamaret,
3138 3729 3282 3793 prius
3314 3732 3487 3777 tamen
3532 3724 3745 3776 clama-

2168 3792 2241 3842 vit
2272 3795 2493 3844 multutn
2525 3795 2749 3848 ditens:
2785 3794 2876 3847 Va:
2907 3798 3118 3860 mundo,
3141 3792 3195 3848 et
3221 3813 3232 3847 :
3255 3794 3341 3847 Vae
3368 3796 3514 3847 vobis
3542 3803 3744 3846 serum:

2166 3869 2215 3913 et
2250 3861 2519 3924 Pitﬂl‘lSiI’i,
2564 3865 2648 3930 qui
2683 3865 2887 3918 habetis
2934 3866 3111 3920 claves
3158 3865 3451 3931 sapientie,
3499 3877 3592 3915 nec
3632 3880 3741 3916 νυς

2166 3930 2396 3996 intratis,
2431 3948 2527 3986 nec
2548 3937 2681 3987 alios
2711 3936 2909 3987 intrare
2940 3930 3266 4001 permittitis,
3297 3942 3352 3986 et
3394 3936 3548 3986 multa
3580 3934 3741 3987 talia.

2168 4001 2232 4052 Et
2269 4000 2387 4054 ideo
2431 4004 2601 4058 dicit:
2644 4004 2894 4058 Laboravi
2935 4000 3181 4057 Clamant.
3212 4006 3315 4058 Sed
3362 4015 3529 4056 tamen
3555 4004 3744 4070 (quani

2168 4073 2327 4138 dicat)
2361 4071 2493 4124 nihil
2531 4076 2723 4136 prol'eci
2754 4093 2765 4126 :
2799 4076 2918 4142 quia
2950 4076 3126 4143 fauces
3166 4090 3309 4138 metu,
3345 4076 3393 4127 id
3438 4084 3539 4136 est,
3574 4088 3745 4129 rores

2167 4156 2298 4194 mea:
2339 4158 2509 4195 rauca:
2548 4144 2697 4209 facta:
2736 4155 2877 4206 sunt,
2912 4157 3165 4213 quantum
3197 4150 3262 4198 ad
3293 4145 3536 4198 etrectum
3566 4161 3577 4194 :
3612 4148 3743 4207 quia

2166 4213 2306 4265 sicut
2331 4227 2432 4264 vox
2464 4215 2685 4278 alicujus
2717 4214 2861 4269 rauci
2891 4216 3109 4268 confusa
3133 4225 3238 4277 est,
3267 4225 3320 4268 et
3350 4230 3452 4267 tmn
3485 4214 3741 4267 auditur:

2168 4283 2235 4334 ita
2284 4283 2443 4335 verba
2474 4298 2591 4336 mea
2624 4286 2690 4338 ab
2719 4301 2795 4337 ets
2830 4302 2933 4337 non
2964 4286 3392 4351 intelligebantur
3420 4299 3516 4337 nec
3548 4284 3729 4337 audie

2168 4351 2378 4405 bantur.
2414 4356 2472 4405 Et
2519 4354 2765 4407 ntntirunt
2807 4355 2852 4408 si
2882 4356 3204 4408 adversariis
3232 4354 3412 4408 faucis
3449 4370 3578 4406 meae
3604 4371 3738 4407 rau-

2166 4433 2411 4485 cuerunt,
2439 4424 2557 4494 quia
2590 4426 2724 4477 oculi
2754 4428 2871 4489 mei,
2909 4426 2957 4477 id
2987 4437 3087 4487 εει,
3134 4425 3208 4478 illi
3254 4428 3340 4494 qui
3379 4426 3501 4477 mihi
3545 4423 3743 4477 adlue-

492 4494 598 4563 alte
626 4503 840 4563 propter
872 4507 1053 4561 patrias
1085 4496 1282 4563 peccati
1313 4489 1711 4547 amaricantem.
1746 4494 1883 4546 Idem
1916 4494 2058 4546 enim
2099 4489 2143 4544 D
2169 4494 2373 4553 rehant,
2405 4489 2464 4546 et
2499 4493 2550 4545 in
2599 4510 2822 4561 corpore
2855 4510 2973 4548 meo
3001 4496 3141 4549 ουιιΙί
3174 4489 3349 4558 erant,
3388 4495 3435 4547 id
3466 4505 3562 4553 est,
3596 4510 3743 4561 apu-

492 4562 546 4618 in
578 4561 675 4617 hac
705 4561 787 4619 est
815 4564 971 4617 limus
1020 4561 1330 4631 profundus,
1365 4576 1417 4618 et
1449 4563 1609 4617 maris
1647 4564 1889 4617 altitudo.
1925 4565 2056 4615 l’os-

492 4642 619 4688 sunt
652 4644 707 4688 et
734 4635 891 4688 aliter
924 4635 972 4687 hi
1001 4641 1106 4687 duo
1135 4647 1324 4686 versus
1372 4649 1474 4684 non
1509 4635 1795 4700 incongrue
1838 4633 2053 4700 exponi.

494 4705 654 4770 Quasi
685 4704 822 4758 dicat
849 4721 863 4756 :
895 4701 1095 4771 Inﬁxua
1134 4718 1247 4755 sum
1289 4706 1341 4755 in
1380 4704 1501 4755 limo
1531 4704 1805 4773 profundi,
1852 4704 1901 4755 id
1942 4713 2053 4768 est,

500 4783 637 4829 terra
685 4774 874 4828 tradita
925 4784 1006 4826 est
1051 4774 1103 4827 in
1155 4788 1343 4826 manus
1392 4784 1749 4839 peccatorum.
1795 4773 1963 4826 Homo
2002 4784 2058 4825 ut

495 4845 838 4910 praediximus
886 4845 1051 4898 lactus
1091 4851 1174 4898 est
1212 4843 1278 4896 de
1310 4844 1457 4904 limo,
1488 4845 1579 4897 sed
1612 4860 1706 4912 per
1737 4843 2055 4909 praevarica-

499 4916 698 4967 tionem
744 4912 1049 4983 factusest
1098 4912 1390 4979 profundus
1424 4914 1602 4967 limus.
1634 4913 1885 4983 Quisquis
1932 4928 2057 4967 vero

496 4994 693 5050 praeter
732 4982 1007 5050 originalia
1042 4992 1253 5048 peccata
1302 4985 1565 5051 immergit
1609 4998 1668 5037 se
1710 4986 1759 5036 in
1788 4982 2053 5046 ’actualia,

497 5063 694 5120 quanto
736 5052 884 5121 plura
926 5052 1239 5115 committit,
1279 5060 1424 5105 tanto
1473 5052 1868 5118 profundiorem
1918 5054 1949 5104 lt
1976 5069 2057 5106 .nc

498 5124 680 5176 limum
706 5122 897 5177 reddit.
925 5123 1072 5175 llunc
1101 5126 1282 5175 limum
1318 5124 1711 5187 pitur-thelllelll
1735 5128 1798 5175 ad
1829 5124 2055 5189 aliquam

496 5194 846 5262 iniquitatem,
877 5194 921 5245 si
950 5208 1069 5259 quis
1108 5195 1416 5262 contemnit,
1452 5194 1635 5246 limum
1676 5208 1828 5245 suum
1870 5208 2055 5245 aurum

503 5260 656 5329 iacit,
687 5265 808 5330 quia
857 5264 1068 5316 tandem
1116 5260 1168 5313 itt
1216 5266 1486 5316 (mlestem
1537 5262 1773 5315 habitum
1826 5272 2057 5315 mutatus

497 5337 716 5399 aqualis
761 5333 819 5386 lit
865 5334 1068 5402 angelis
1114 5331 1227 5384 Dei.
1262 5333 1316 5385 ln
1368 5334 1469 5385 hoc
1517 5331 1644 5385 limo
1689 5333 1953 5400 prol’undo
1985 5334 2059 5385 in-

496 5404 638 5457 tixus
664 5412 745 5458 est
771 5404 1036 5465 Christus,
1061 5402 1181 5470 quia
1212 5408 1487 5470 corruptio
1519 5412 1722 5455 natura:
1752 5418 1857 5455 non
1886 5406 2055 5455 solum

497 5490 591 5540 per
638 5475 933 5540 originalia,
982 5474 1073 5527 sed
1129 5473 1287 5526 etiam
1339 5488 1435 5540 per
1489 5474 1712 5525 actualia
1759 5472 1856 5526 fuit
1900 5488 2057 5527 causa

494 5558 660 5609 quare
689 5544 879 5596 intixus
910 5544 1023 5595 fuit.
1057 5542 1122 5595 Et
1149 5544 1270 5596 ideo
1296 5542 1426 5596 dicit
1454 5559 1464 5593 :
1493 5540 1693 5609 Inﬁxae
1718 5559 1831 5595 sum
1858 5545 1909 5595 in
1935 5542 2057 5595 limo

497 5612 762 5680 profundi,
796 5614 845 5665 id
878 5623 979 5677 est,
1014 5612 1143 5666 haesi
1175 5615 1267 5673 ibi,
1298 5612 1421 5681 quia
1453 5626 1639 5678 captus
1690 5627 1829 5677 sum,
1863 5628 2052 5675 t-zesus,

497 5682 819 5746 llagellatus,
864 5683 1172 5735 cruciﬁxus.
1222 5685 1287 5736 Et
1337 5685 1439 5736 hoc
1483 5684 1623 5747 ideo,
1653 5686 1774 5751 quia
1822 5700 1926 5736 non
1976 5694 2053 5737 est

496 5751 789 5804 substantia
820 5753 873 5804 itt
905 5768 1010 5816 me,
1042 5754 1091 5806 id
1120 5763 1220 5818 est,
1255 5754 1379 5823 quia
1426 5768 1530 5808 non
1569 5755 1774 5808 ostendi
1816 5754 1894 5809 eis
1923 5753 2061 5810 divi-

2160 4564 2280 4615 stoli
2313 4563 2620 4631 defecerunt.
2657 4570 2721 4617 tt
2762 4566 2833 4617 illi
2864 4568 2970 4617 duo
2997 4566 3084 4633 qui
3115 4565 3237 4618 dum
3266 4566 3404 4619 oculi
3432 4579 3617 4617 eorum
3650 4575 3740 4619 te-

2162 4642 2417 4686 nerentur
2448 4635 2499 4686 in
2529 4635 2632 4698 via,
2657 4651 2722 4687 tte
2751 4652 2870 4687 eum
2902 4648 3272 4701 agnoscerent,
3298 4636 3545 4687 dixerunt
3575 4654 3587 4689 :
3616 4633 3741 4688 Nos

2159 4703 2486 4769 sperabantur
2504 4705 2637 4776 quod
2660 4706 2766 4776 ipse
2788 4707 3138 4774 redempturus
3166 4714 3273 4759 erat
3302 4705 3487 4759 Israel.
3514 4704 3581 4758 Et
3611 4706 3744 4759 ideo

2159 4776 2484 4844 deiecerunt,
2518 4774 2643 4825 dum
2680 4774 2834 4838 spero
2864 4778 2916 4828 in
2949 4788 2999 4829 te
3029 4776 3207 4839 Deum,
3242 4776 3293 4828 id
3334 4791 3439 4841 est,
3464 4790 3583 4844 quia
3617 4779 3743 4829 nul-

2162 4842 2270 4894 lutn
2320 4844 2629 4895 miraculum
2682 4848 2801 4903 lcet,
2838 4848 3034 4898 nullam
3090 4847 3379 4912 potentiam
3425 4842 3598 4899 meant
3638 4863 3739 4897 os-

2163 4914 2300 4965 tendi
2329 4928 2343 4963 :
2373 4915 2465 4964 sed
2518 4922 2716 4966 tantum
2750 4931 2899 4983 spem
2941 4930 3113 4969 meam
3142 4917 3194 4969 in
3228 4926 3280 4969 te
3325 4917 3433 4969 Deo
3464 4916 3583 4980 lixt,
3624 4932 3741 4968 non

2159 4985 2228 5034 de
2276 4996 2436 5053 eruere
2484 4983 2879 5053 descendendo,
2910 4987 3003 5039 sed
3048 4999 3098 5039 te
3146 5000 3600 5039 remuneratorem
3630 5003 3739 5040 ex—

2158 5052 2469 5125 spectando.
2489 5052 2685 5125 Al'ouest
2712 5057 2868 5107 etiam
2903 5055 3203 5125 Defeccrunt
3236 5058 3374 5108 oculi
3404 5058 3499 5109 mei
3526 5057 3745 5119 simpli-

2159 5124 2292 5175 citer
2320 5137 2441 5174 esse
2466 5123 2755 5192 descriptio
2786 5123 2993 5179 mortis.
3019 5129 3176 5190 Quasi
3205 5126 3350 5178 dicat
3376 5144 3386 5178 :
3415 5128 3525 5180 Non
3556 5131 3737 5178 solum

2162 5191 2341 5264 lances
2374 5205 2713 5257 raucuerunt,
2748 5195 2840 5249 sed
2872 5197 3029 5248 etiam
3058 5197 3191 5247 oculi
3212 5196 3309 5248 mei
3329 5198 3637 5264 defecerunt,
3677 5196 3735 5247 id

2160 5272 2260 5324 est,
2302 5263 2353 5315 itt
2397 5271 2620 5315 mortem
2651 5266 2804 5317 datus
2833 5281 2971 5319 sum.
3007 5265 3061 5318 In
3094 5275 3262 5318 morte
3289 5263 3431 5319 enim
3464 5270 3604 5319 Oculi
3633 5268 3745 5317 «te-

2161 5334 2360 5385 ticinnt.
2398 5333 2459 5384 Et
2487 5333 2606 5387 ideo
2635 5336 2966 5402 deiecerunt,
2995 5337 3119 5388 dum
3160 5351 3307 5405 spero
3351 5338 3403 5388 in
3450 5336 3556 5389 Deo
3593 5352 3736 5398 meo,

2161 5412 2212 5455 ut
2249 5418 2410 5463 pnus.

2233 5472 2561 5544 Multiplicati
2613 5485 2751 5527 sunt.
2801 5475 2935 5539 Quia
2982 5477 3157 5544 fauces
3205 5491 3330 5528 mea:
3373 5491 3541 5528 ruunt
3577 5474 3746 5541 [ιιι-ιω

2160 5553 2293 5602 sunt,
2325 5543 2444 5595 ideo
2469 5544 2552 5615 illi
2582 5546 2665 5610 qui
2687 5550 2903 5598 aderunt
2930 5562 3004 5599 me
3030 5548 3206 5615 gratis,
3236 5546 3287 5599 id
3315 5559 3415 5610 est,
3440 5547 3553 5599 sine
3582 5549 3742 5597 οιηιιὶ

2160 5626 2343 5675 causa,
2373 5613 2697 5677 multiplicati
2742 5626 2860 5668 sunt
2906 5628 2961 5669 et
2991 5613 3045 5669 in
3082 5632 3194 5677 suis
3232 5627 3283 5668 et
3314 5616 3364 5668 itt
3400 5616 3533 5669 meis
3560 5657 3573 5667 .
3602 5617 3748 5681 quia

2161 5696 2298 5735 unus
2326 5686 2483 5735 etiam
2530 5686 2598 5737 de
2641 5686 2921 5753 duodecnn
2962 5692 3185 5740 acceSsit
3212 5686 3289 5739 eis
3324 5702 3480 5753 super
3510 5686 3754 5751 capillos

2158 5754 2336 5823 capitis
2371 5755 2489 5817 mei,
2518 5756 2569 5807 id
2602 5766 2701 5822 est,
2729 5752 2923 5810 intiniti
2966 5756 3089 5812 lacti
3120 5768 3262 5812 sunt.
3311 5757 3542 5812 Ftuitum
3579 5760 3754 5814 enim
