4010 6190
552 360 661 413 *817

563 476 875 537 minoribus.
924 478 1009 530 Vel
1040 479 1212 539 aliter,
1248 478 1345 541 Qui
1374 479 1610 532 sedebant
1647 480 1697 531 iu
1737 491 1901 545 porta.
1940 476 1989 530 id
2020 483 2121 533 est.

560 554 748 609 εει-ἣκει
779 559 832 603 et
860 549 1123 617 pbarisa-i,
1153 549 1239 616 qui
1279 550 1453 602 claves
1476 550 1712 602 scientire
1745 550 2032 608 habebant,
2067 552 2118 617 οι

563 627 615 679 itt
644 614 874 676 scientia
910 619 1037 685 legis
1084 628 1139 670 et
1172 614 1580 684 prophetarum,
1624 636 1737 684 qure
1766 629 1913 685 porta
1943 629 2016 670 CSl
2054 614 2117 666 ad

566 694 839 750 veritatem
884 687 983 740 sibi
1028 687 1458 753 acquiesrebant,
1508 689 1601 740 Sf‘ti
1654 699 1825 740 tamen
1875 702 1969 740 nec
2018 685 2116 752 ipsi

564 762 849 819 intrabant,
873 771 971 811 nec
996 756 1129 808 alios
1151 757 1349 811 intrare
1379 758 1773 824 permittebant.
1806 759 1987 819 Tales,
2034 759 2116 808 in-

470 854 475 857 ‘
562 848 743 899 quam,
778 838 927 881 erant
961 829 1044 899 qui
1068 826 1409 899 loquebantur
1439 829 1702 879 adversum
1729 843 1823 879 me.
1876 826 1949 899 Et
1990 842 2121 899 pra;-

559 894 702 957 tcrea
733 914 913 951 omnes
943 898 1029 961 qui
1059 894 1287 947 bibebant
1308 897 1479 949 vinum
1502 937 1515 959 ,
1549 898 1755 950 scilicet
1784 897 2005 958 erroris,
2043 896 2122 947 vi-

561 988 683 1025 mnn
717 968 1025 1031 impietatis.
1059 964 1153 1019 Vel
1197 965 1374 1018 vinum
1409 976 1630 1020 terrenae
1653 967 1980 1034 cupiditatis,
2013 967 2120 1019 sci-

561 1044 681 1098 licet
706 1037 946 1093 inebriati
969 1050 1152 1088 amore
1180 1035 1345 1088 lociet
1370 1038 1558 1100 gentis.
1581 1036 1662 1099 lli,
1680 1037 1910 1104 inquam,
1935 1050 2121 1088 omnes

559 1108 915 1181 psallebuutin
950 1122 1044 1168 me,
1075 1104 1123 1181 id
1148 1107 1531 1181 est,_psalm_u_m
1556 1114 1616 1181 et
1642 1107 1957 1181 cantilenam
1989 1105 2123 1181 l‘ece-

561 1173 680 1237 rant
704 1178 805 1232 sibi
835 1178 899 1229 de.
932 1190 1035 1229 me.
1083 1173 1170 1227 Vel
1204 1176 1354 1227 aliter
1388 1193 1398 1227 :
1427 1176 1525 1240 Illi,
1556 1177 1792 1244 inquam,
1827 1176 2119 1243 loqueban-

561 1265 647 1306 tur
676 1258 855 1304 contra
881 1260 982 1298 me.
1017 1244 1114 1309 Qui
1142 1259 1268 1298 vero
1299 1244 1548 1299 bibebant
1577 1248 1756 1299 vinum
1788 1246 1968 1299 calicis
1993 1246 2119 1305 mei.

560 1324 610 1375 id
642 1331 746 1383 est,
773 1319 861 1386 qui
891 1314 1235 1386 attendebant
1266 1315 1596 1386 dulcedinem
1630 1317 1857 1370 futuram
1889 1315 1955 1367 de
1987 1331 2115 1383 pas-

555 1392 710 1446 sione
730 1384 864 1449 mea,
882 1386 1014 1438 sicut
1034 1384 1199 1437 sancti
1215 1385 1440 1451 apostoli
1463 1394 1516 1438 et
1533 1395 1730 1441 sanctae
1756 1386 2027 1449 mulieres,
2046 1387 2119 1437 illi

556 1461 855 1532 ‘hﬂiiebﬂlll
885 1456 935 1508 in
967 1469 1073 1532 uie,
1103 1452 1154 1506 id
1182 1463 1285 1515 est,
1306 1455 1689 1532 gaudebanlde
1714 1456 1945 1532 potentia
1980 1471 2118 1532 mea.

633 1532 740 1601 Ego
762 1542 876 1581 t‘ero
906 1525 1187 1601 orationem
1213 1540 1396 1601 meam.
1432 1523 1631 1601 Inimici
1664 1526 1877 1601 quidem
1908 1526 2118 1601 deride-

558 1593 826 1660 bant'me,
868 1611 959 1664 ego
998 1593 1215 1645 Domine
1245 1594 1414 1664 Pater
1460 1594 1566 1647 ludi
1611 1612 1705 1661 pro
1734 1597 1812 1649 eis
1840 1597 2121 1649 orationem

552 1690 715 1726 meant
735 1669 801 1721 ad
828 1677 874 1719 te
900 1663 1078 1717 dicens
1109 1681 1122 1715 :
1159 1664 1201 1715 υ
1232 1663 1368 1716 Deus
1395 1680 1534 1717 nunc
1556 1673 1751 1731 tempus
1779 1674 1860 1719 est
1885 1665 2120 1733 beneplu-

560 1745 648 1797 citi
673 1740 745 1794 tui
773 1736 1044 1805 implendi,
1078 1742 1136 1786 ut
1163 1734 1406 1805 perﬁcies
1436 1736 1635 1805 scilicet
1677 1736 1872 1788 mundo
1895 1740 2116 1801 gratiam

556 1803 866 1866 visitationis
899 1815 1037 1857 tum:
1071 1815 1122 1856 et
1162 1803 1262 1855 hoc
1290 1803 1340 1854 in
1387 1804 1715 1858 multitudine
1761 1806 2119 1859 misericordia:

555 1894 675 1944 tute,
708 1881 758 1933 id
808 1884 907 1940 est,
942 1875 992 1927 in
1039 1883 1124 1925 tua
1169 1873 1443 1944 multiplici
1496 1877 1878 1938 misericordia,
1908 1877 2026 1942 quia
2058 1876 2111 1929 in

558 1943 708 2005 nobis
758 1944 1029 2011 multiplex
1078 1952 1161 1996 est
1207 1943 1438 1996 miseria.
1492 1945 1553 1997 Et
1607 1945 1728 2011 quia
1773 1956 1980 2013 tempus
2011 1955 2111 2009 est,

553 2022 674 2076 ideo
698 2019 915 2073 Domine
944 2013 1131 2067 exaudi
1160 2027 1238 2064 me
1260 2013 1312 2064 in
1332 2015 1534 2066 veritate
1567 2015 1745 2067 salutis
1776 2025 1895 2077 tute,
1932 2015 1980 2067 id
2012 2028 2112 2079 est,

552 2092 729 2146 dando
761 2101 936 2141 veram
968 2082 1308 2137 salvationem
1344 2083 1470 2135 mihi
1514 2095 1565 2136 et
1596 2085 1730 2138 meis
1760 2101 1788 2137 a
1815 2098 1863 2138 te
1888 2089 2115 2151 promis-

556 2175 693 2216 sam.
741 2158 947 2211 Veritas
993 2154 1133 2207 enim
1177 2152 1483 2220 accipienda
1512 2163 1592 2206 est
1641 2155 1691 2207 in
1741 2154 2109 2222 promissione,

547 2225 912 2287 misericordia
941 2238 1064 2278 vero
1092 2224 1142 2275 in
1169 2232 1502 2289 peccatorum
1532 2226 1863 2280 remissione.

623 2300 778 2369 Eripe
823 2312 904 2350 me
945 2294 1007 2347 de
1056 2293 1205 2369 lu_to._
1233 2295 1299 2346 lta
1330 2294 1449 2369 dico
1471 2296 1657 2369 exaudi
1690 2311 1794 2359 me,
1838 2306 1894 2349 ut
1921 2297 2114 2368 eripias

541 2388 656 2436 τηρ,
704 2364 754 2424 i'd
778 2377 881 2435 est,
913 2378 1059 2419 meos
1092 2366 1157 2417 de
1194 2364 1322 2429 luto,
1358 2364 1407 2416 id
1439 2374 1552 2428 est,
1584 2366 1651 2419 de
1679 2369 1950 2422 consortio
1981 2364 2115 2423 luto-

552 2457 753 2502 Surum,
795 2438 846 2490 id
884 2446 988 2499 est,
1025 2444 1379 2502 peccatorum,
1415 2436 1483 2486 ita
1517 2442 1571 2488 ιιι
1600 2436 1643 2487 si
1684 2436 1955 2491 eobrerent
1991 2454 2110 2493 cor-

553 2527 702 2579 pore,
731 2516 1053 2579 nontamen
1086 2504 1369 2579 inligantur
1399 2513 1596 2569 mente,
1632 2506 1683 2579 id
1720 2515 1823 2579 est,
1856 2516 1959 2560 n‘on
1983 2523 2112 2562 con-

555 2574 784 2635 sentiant
813 2576 912 2630 eis.
948 2574 1013 2628 Et
1041 2574 1271 2644 qualiter
1302 2583 1450 2639 roget
1476 2587 1567 2644 eos
1597 2574 1751 2643 eripi,
1783 2580 2001 2644 exponit
2029 2580 2098 2631 di-

551 2665 677 2705 cens
708 2668 720 2702 :
755 2646 933 2702 Libera
957 2659 1057 2706 me,
1080 2643 1129 2695 id
1160 2651 1260 2705 est,
1304 2657 1451 2696 meos
1476 2643 1539 2694 ab
1562 2645 1641 2696 his
1668 2646 1754 2711 qui
1779 2647 1994 2701 oderunt
2015 2665 2110 2703 me.

553 2721 617 2774 Et
644 2722 744 2774 ltoc
774 2718 867 2781 ita,
892 2724 950 2769 ut
997 2715 1194 2786 liberes
1225 2726 1316 2786 eos
1364 2713 1425 2766 de
1462 2714 1733 2782 profundis
1761 2732 2028 2786 aquarum,
2062 2718 2111 2773 id

551 2800 654 2857 est,
705 2793 772 2843 de
819 2786 1076 2855 profunda
1130 2782 1402 2857 iniquitate
1454 2782 2028 2857 po_pulorum,’scilicet
2059 2797 2115 2843 ιιι

551 2853 656 2914 non
694 2853 1093 2913 conlormentur
1143 2853 1249 2906 illis
1301 2855 1357 2923 in,
1409 2853 1768 2919 profunditate
1820 2857 2113 2923 iniquitatis

544 2946 682 2984 sum.
731 2929 796 2982 Et
825 2927 1128 2991 exsequitur
1161 2924 1296 2976 lianc
1331 2922 1717 2979 liberationem.
1740 2922 2065 2991 Quasidicat
2094 2945 2111 2983 ι

542 3003 636 3053 Sic
668 3014 796 3066 rogt)
824 2995 1034 3049 liberari
1067 3007 1211 3066 meos
1239 2992 1597 3066 deprofundis
1625 3011 1875 3064 aquarum
1907 3007 1964 3050 ut
1990 3009 2113 3051 tent-

540 3064 753 3136 pestas,—
780 3067 832 3120 id
877 3073 978 3136 est,
1007 3064 1203 3117 seditio
1227 3071 1278 3136 et
1310 3064 1451 3136 furor
1485 3064 1649 3131 iniqui
1693 3069 1868 3133 p0pnli
1902 3084 2002 3121 non
2024 3069 2116 3122 de—

544 3132 734 3211 mergat
763 3154 858 3211 me,
892 3135 939 3211 id
964 3143 1065 3196 est,
1097 3148 1200 3211 non
1226 3132 1489 3211 deprimat
1510 3148 1676 3211 tuens,
1705 3132 2115 3211 utconsentiant

544 3204 781 3264 eiszut
808 3209 851 3260 si
883 3204 1216 3275 demerserit.
1251 3217 1353 3255 non
1383 3204 1644 3257 absorbent
1672 3221 1749 3257 me
1770 3208 2112 3275 profundunt,

549 3284 597 3332 id
626 3289 728 3344 est,
773 3277 984 3330 interim
1032 3288 1136 3326 non
1170 3274 1544 3341 demerguntur
1573 3276 1699 3344 mei,
1735 3287 1787 3328 ut
1820 3282 2032 3332 veniant
2060 3274 2113 3333 in

541 3342 867 3419 profundum
921 3344 1066 3419 illud,
1100 3347 1300 3419 dequo
1325 3343 1522 3397 dictum
1559 3360 1572 3395 :
1627 3342 1867 3400 Peccator
1890 3365 2005 3401 cum
2033 3364 2115 3403 ve-

545 3415 675 3475 nerit
704 3423 757 3472 in
782 3416 1089 3488 profundum
1110 3415 1345 3488 vitiorum
1367 3454 1380 3477 ,
1413 3422 1713 3469 contemnet.
1745 3422 1850 3470 Aut
1877 3420 1921 3473 si
1951 3434 2116 3473 vene—

551 3495 654 3545 ,ιηιι
701 3490 751 3543 in
782 3484 1141 3553 ’prul'undum,
1186 3484 1372 3557 Saltem
1420 3499 1550 3557 non_
1579 3497 1761 3555 urgeat
1811 3503 1971 3557 super
2020 3504 2114 3543 eos

556 3573 739 3629 puteus
785 3558 876 3611 ille
925 3570 985 3606 os
1025 3570 1177 3629 suum
1209 3553 1478 3629 claudere.
1522 3553 1672 3621 Quod
1704 3558 1767 3609 ad
1792 3553 2113 3629 similitudi-

552 3624 671 3684 nem
700 3630 897 3683 dietum
928 3635 1026 3679 est.
1061 3624 1231 3692 Super
1260 3624 1403 3676 illum
1435 3639 1576 3695 enim
1605 3669 1617 3689 ,
1652 3628 1802 3693 quasi
1836 3639 2024 3695 puteus
2051 3643 2112 3683 os

550 3716 705 3754 unum
729 3696 927 3751 claudit
954 3736 968 3754 ,
999 3696 1148 3756 cujus
1179 3709 1238 3746 os
1284 3693 1608 3760 profunditas
1639 3693 1885 3750 vitiorum
1918 3714 1947 3750 a
1979 3714 2111 3752 con-

551 3773 784 3824 les~ione
803 3765 1021 3827 claudit,
1051 3762 1181 3817 etin
1214 3764 1307 3817 illo
1338 3779 1439 3816 non
1473 3775 1557 3817 est
1581 3779 1704 3831 spes
1735 3767 2013 3821 redeundi.
2053 3768 2107 3823 Si

545 3843 666 3909 quis
695 3854 823 3892 vero
870 3835 1169 3909 positusuin
1202 3835 1460 3909 prolundo
1492 3836 1775 3909 resipiscit,
1821 3849 1875 3891 et
1919 3843 2113 3893 clamat

548 3903 642 3978 pro
672 3909 899 3978 peccatis
922 3908 1033 3957 suis
1062 3905 1266 3967 dicens,
1304 3905 1532 3967 Peccavi,
1564 3903 1797 3978 Domine,
1826 3911 2062 3962 miserere
2092 3925 2111 3962 :

550 3973 711 4047 Super
744 3979 887 4029 illum
921 3987 1108 4047 puteus
1136 3989 1197 4027 os
1228 3991 1387 4047 suum
1413 3989 1516 4028 non
1546 3973 1761 4047 claudit,
1797 3983 1915 4045 quia
1942 3990 2026 4032 est
2046 3982 2112 4033 de

549 4044 654 4102 illis
680 4049 747 4100 de
774 4046 1190 4117 quibusdictum
1220 4054 1323 4109 est,
1361 4045 1435 4095 De
1459 4044 1729 4113 profundis
1750 4044 1985 4117 clamaui,
2006 4063 2107 4104 etc.

554 4121 616 4175 Et
673 4119 789 4171 ideo
838 4116 1091 4168 Dominus
1136 4130 1228 4169 eos
1274 4116 1477 4187 educit.
1529 4116 1650 4169 Illos
1696 4135 1823 4172 vero
1874 4116 2110 4187 quinon

547 4190 867 4243 conﬁtentur
899 4194 1112 4252 peccata
1144 4198 1259 4247 sna,
1289 4186 1600 4246 defendunt,
1629 4203 1732 4240 non
1766 4186 1962 4245 educit.
1996 4191 2110 4246 Non

547 4262 633 4315 est'
659 4261 799 4314 enim
846 4256 1111 4316 liberator,
1139 4254 1234 4328 ubi
1266 4263 1315 4328 tu
1344 4270 1403 4306 es
1442 4255 1692 4310 defensor
1725 4276 1736 4310 :
1776 4262 1849 4311 sis
1898 4276 2025 4328 ergo
2057 4273 2109 4315 tu

551 4345 671 4383 tuus
715 4335 1007 4387 accusator,
1052 4332 1108 4376 ut
1137 4324 1226 4376 ille
1256 4326 1499 4391 dignetur
1528 4341 1645 4379 esse
1676 4341 1793 4382 tuus
1834 4324 2106 4384 liberator.

548 4399 752 4454 Exaudi
793 4414 890 4469 me,
938 4392 1172 4469 Domine,
1217 4402 1274 4446 ut
1318 4409 1418 4445 non
1445 4407 1630 4469 urgeat
1670 4414 1723 4449 os
1752 4415 1899 4451 suum
1929 4410 2112 4469 puteus

545 4486 698 4538 super
725 4482 831 4529 me;
862 4468 1000 4538 ideo,
1036 4464 1577 4538 Domine,_e:t:audinte
1602 4475 1654 4519 et
1678 4483 1843 4529 meos,
1875 4464 2112 4538 quoniam

549 4534 756 4606 tempus
779 4546 857 4589 est
892 4537 1012 4602 quia
1045 4534 1632 4607 praecessittribulatio,
1666 4548 1719 4589 et
1749 4534 1994 4607 ideojam
2026 4542 2109 4594 be--

546 4603 719 4679 nigria.
735 4609 783 4662 id
806 4617 904 4668 est,
925 4606 1101 4679 suavis
1120 4612 1171 4657 et
1195 4603 1362 4679 dulcis
1382 4617 1461 4679 est
1478 4607 1820 4679 misericordia
1839 4603 1941 4661 tua.
1962 4611 2111 4666 Sicut

547 4674 691 4734 enim
722 4678 891 4745 plnvia
924 4675 1195 4745 dulcisest
1215 4675 1265 4727 in
1288 4674 1545 4745 siccitate,
1575 4678 1640 4728 ita
1667 4679 2027 4733 misericordia
2056 4682 2104 4735 in

551 4743 905 4801 tribulatione.
951 4743 1111 4810 Quasi
1157 4744 1298 4796 dicat
1350 4763 1359 4795 :
1408 4743 1696 4797 Dilicrebas
1741 4751 2010 4814 exaudire,
2053 4762 2107 4805 ut

546 4820 699 4871 dulce
722 4825 862 4870 esset
888 4830 1005 4868 cum
1035 4815 1358 4866 subvenires.
1386 4815 1487 4866 Sed
1502 4816 1610 4880 jam
1642 4817 1810 4871 dulcis
1839 4832 1919 4871 est
1951 4836 2107 4872 mise-

548 4888 772 4940 ricnrdia
798 4896 903 4945 tua,
929 4894 978 4935 et
1008 4882 1129 4936 ideo
1150 4885 1402 4937 exaudire
1426 4899 1526 4936 non
1556 4886 1793 4942 (biferas.
1824 4890 1937 4941 Jam
1962 4893 2103 4944 enim

548 4958 811 5011 tribulatio
842 4953 1078 5023 pervenit
1104 4952 1168 5004 ad
1194 4962 1394 5006 certum
1437 4955 1649 5007 modum
1688 4958 2026 5022 calamitatis,
2053 4972 2106 5014 et

548 5028 668 5079 ideo
697 5026 832 5093 adsit
862 5023 1222 5093 misericordia
1254 5033 1362 5085 tua,
1398 5033 1453 5075 ut
1496 5025 1741 5078 exhibeat
1772 5041 1906 5093 0an
1956 5030 2074 5081 boni

544 5098 688 5150 tatis.
718 5092 960 5159 Benigno,
992 5091 1229 5160 inquam,
1259 5095 1386 5144 mihi
1415 5103 1468 5146 et
1495 5095 1627 5148 meis
1664 5108 1738 5148 est
1764 5091 2110 5151 miscricordia

546 5183 660 5230 tua,
691 5175 763 5234 et,
785 5165 978 5234 ideotu
1008 5161 1096 5228 qui
1128 5163 1287 5234 prius
1311 5161 1595 5231 despexisti
1629 5178 1841 5234 propter
1872 5171 2108 5221 multiiu-

548 5241 723 5290 dinem
755 5233 1111 5299 iniquitatum,
1151 5230 1345 5297 respice
1375 5230 1513 5285 nunc
1552 5244 1604 5284 et
1642 5230 1788 5288 meos
1831 5246 2107 5291 secundum

544 5305 914 5358 multitudinem
942 5301 1318 5373 miserationum
1339 5310 1561 5373 tuarum.
1587 5304 1648 5357 Et
1671 5306 1758 5372 qui
1783 5320 1930 5373 prius
1950 5323 2099 5361 aver-

546 5376 650 5429 tisti
686 5386 733 5428 te
764 5390 790 5425 a
824 5375 1009 5425 liberto
1038 5378 1091 5424 et
1118 5370 1368 5443 superbo,
1397 5371 1554 5424 modo
1587 5370 1901 5427 non‘avértas
1925 5380 2105 5443 [aciem

542 5454 683 5497 tuam
705 5460 735 5495 a
761 5458 917 5511 puero
945 5453 1048 5511 tuo.
1082 5440 1132 5493 id
1173 5449 1274 5505 est,
1317 5456 1344 5491 a
1377 5456 1462 5493 me
1507 5450 1564 5496 et
1607 5456 1636 5494 a
1660 5445 1790 5497 meis
1820 5440 2107 5502 humilibus

540 5513 709 5567 servis
760 5509 884 5565 tuis.
939 5509 1147 5563 Exaudi
1174 5524 1272 5582 me,
1309 5520 1362 5563 et
1405 5525 1552 5564 meus
1591 5514 1844 5582 velociter,
1903 5516 1955 5568 id
1997 5530 2100 5582 est,

549 5583 790 5643 indilate,
827 5583 1065 5647 quoniam
1118 5580 1332 5632 tribulor
1377 5594 1497 5648 ego,
1542 5581 1859 5637 tribulantur
1891 5594 1943 5638 et
1979 5580 2101 5641 mei.

544 5652 697 5717 Quod
723 5658 804 5703 est
832 5652 1009 5703 dicere
1032 5668 1046 5703 ;
1077 5650 1198 5723 Ideo
1226 5665 1293 5703 ne
1318 5649 1529 5723 dili‘eras
1549 5651 1821 5717 exaudire,
1854 5658 1973 5721 quia
1994 5659 2100 5723 jam

547 5723 817 5791 praeessit
861 5723 912 5770 in
952 5734 1043 5791 me
1064 5729 1117 5772 et
1138 5721 1213 5791 _in
1252 5722 1384 5791 meis
1425 5722 1712 5786 tribulatio,
1744 5740 1862 5791 qua:
1894 5721 2017 5778 fecit
2051 5740 2104 5781 nt

544 5798 691 5857 grata
718 5787 783 5839 sit
813 5788 1103 5843 evanditio.
1134 5789 1197 5841 Et
1224 5790 1450 5857 qualiter
1474 5792 1711 5847 exaudiri
1747 5787 1917 5863 roget,
1947 5811 2101 5852 exse-

1024 363 1227 417 BEDAS
1273 363 1717 419 VENERABILIS
1755 364 1905 419 OPP.
1949 358 2127 416 PARS
2166 357 2226 412 ll.
2269 357 2461 416 SECl‘.
2507 360 2566 415 ll.
2610 390 2677 404 ο·-
2715 362 2916 416 DllBlA
2959 362 3045 416 ET
3083 363 3345 418 SPURIA.

3687 368 3779 424 8‘8

2154 473 2201 533 Α
2231 475 2410 539 quitur
2439 478 2622 532 dicens
2654 498 2664 531 :
2702 477 2914 531 Intende
2961 480 3148 533 anima:
3191 497 3332 537 mea.
3361 481 3411 535 id
3444 492 3544 547 est,
3598 487 3781 542 anima:

2226 563 2484 614 meorum,
2520 560 2565 601 et
2594 550 2754 602 libera
2780 565 2889 601 eam
2915 549 3121 603 occulta
3154 550 3484 606 liberatione.
3522 555 3643 607 Dote
3665 571 3780 610 sunt

2226 619 2598 670 trilmlationcs
2625 619 2889 688 justorum
2942 636 2955 670 :
3009 635 3109 671 nna
3140 622 3371 682 occulta,
3401 633 3453 675 et
3484 624 3581 676 alia
3619 630 3777 680 mani-

2224 689 2375 741 festa.
2407 687 2706 741 06(‘llilaiil
2737 704 2830 754 per
2861 689 3192 742 inimicorum
3220 694 3651 753 excmcationem,
3678 712 3777 749 ma-

2226 758 2410 832 nifesta
2442 773 2570 832 vero
2599 769 2814 832 propter
2841 761 3270 832 conversionem.
3301 761 3434 814 Tres
3463 763 3602 832 e_nim
3636 769 3773 832 pueri

2223 827 2290 881 dc
2321 827 2530 880 camino
2556 828 2693 895 ignis
2740 826 3013 879 manifeste
3044 838 3165 881 sunt
3195 829 3425 883 liberati.
3474 830 3533 885 Et
3578 826 3679 887 luic
3713 836 3777 888 fa—

2224 908 2363 949 ctum
2394 907 2475 949 est
2504 908 2719 963 propter
2746 895 3255 962 Nabuchodonosor,
3289 902 3377 965 qui
3410 912 3584 966 postea
3616 906 3779 957 credi.

2224 968 2302 1027 dit
2331 977 2383 1018 et
2409 967 2683 1018 confessus
2715 975 2815 1018 est.
2858 966 3071 1030 Septem
3105 982 3232 1020 vero
3266 969 3550 1024 Macbabaai
3580 977 3780 1027 occulte

2225 1046 2355 1110 sunt
2402 1037 2604 1099 erepti,
2653 1046 2707 1110 et
2749 1036 3105 1110 lioe_propter
3146 1038 3464 1110 Antiochum
3508 1053 3778 1110 tyrannum

2225 1109 2390 1172 magis
2421 1107 2814 1158 exemeandum.
2851 1104 2926 1159 De
2971 1106 3067 1158 hac
3109 1117 3329 1174 utraque
3362 1104 3680 1167 liberatione
3703 1116 3781 1169 ltic

2223 1177 2412 1241 agitur,
2466 1177 2526 1228 Et
2549 1176 2667 1228 ideo
2700 1185 2973 1246 postquam
3008 1176 3160 1237 dixit,
3188 1177 3401 1230 Intende
3421 1181 3605 1232 animae
3639 1199 3778 1246 metr,

2224 1257 2269 1297 et
2300 1246 2455 1298 libera
2485 1262 2615 1309 eam,
2654 1245 2789 1310 quod
2840 1244 3069 1308 pertinet
3118 1247 3180 1296 ad
3222 1249 3484 1300 occultam
3515 1244 3780 1305 liberabo?

2227 1332 2393 1387 nem};
2424 1315 2602 1368 subdit
2640 1314 2705 1367 de
2734 1313 3009 1387 manileSta
3057 1315 3266 1377 dicens,
3300 1315 3461 1384 Eripe
3504 1337 3579 1372 me
3629 1335 3781 1387 caput

2227 1386 2505 1438 inanil'este
2548 1382 2940 1447 resuscitando,
2973 1399 3058 1437 me
3088 1386 3292 1439 scilicet
3326 1399 3379 1439 et
3400 1382 3554 1442 meos
3577 1430 3593 1453 ,
3624 1382 3777 1444 etiam

2225 1454 2501 1509 manifeste
2551 1456 2698 1523 eripe
2747 1463 2949 1521 propter
2998 1454 3228 1507 inimicos
3276 1472 3409 1509 meos
3447 1469 3498 1511 et
3547 1475 3778 1515 meorum

2223 1524 2632 1579 convertendos.
2690 1523 2751 1575 Et
2799 1523 2918 1576 ideo
2946 1523 3065 1574 dico
3098 1535 3146 1575 nt
3177 1527 3373 1592 eripias
3406 1543 3488 1581 me
3514 1540 3565 1581 et
3613 1547 3778 1591 meos,

2224 1612 2275 1649 ei
2323 1595 2605 1648 manifeste
2660 1602 2874 1659 propter
2934 1593 3193 1657 inimicos,
3253 1606 3311 1649 ut
3366 1608 3778 1654 convertantur:

2222 1667 2345 1734 quia
2379 1674 2433 1717 tu
2456 1666 2542 1739 qni
2574 1663 2747 1739 omnia
2779 1666 2915 1739 nosti
2963 1664 3284 1729 cognitione,
3338 1669 3430 1739 sed
3465 1684 3562 1721 nun
3596 1671 3779 1739 dig-ia-

2228 1733 2391 1801 tione,
2414 1736 2511 1787 scis
2535 1749 2631 1801 per
2658 1733 3014 1797 dignationem
3045 1744 3297 1801 quantum
3330 1733 3713 1803 imprOpcrimn,
3732 1753 3782 1793 et

2150 1816 2193 1876 Β
2223 1815 2472 1881 quantam
2492 1804 2848 1881 confusionem
2869 1812 2921 1854 et
2949 1806 3301 1881 reverentiam
3336 1810 3588 1881 patiamur
3610 1826 3710 1877 ego
3732 1824 3780 1863 et

2222 1874 2323 1937 [itei
2374 1877 2439 1927 ab
2492 1874 2739 1926 inimicis.
2800 1874 2905 1946 Ego
2952 1876 3090 1926 ettiln
3140 1878 3311 1946 patior
3360 1874 3674 1946 iittproperiﬁ
3718 1884 3777 1933 ad

2220 1961 2462 2015 magnam
2496 1958 2732 2015 meorum
2767 1943 3087 2015 utilitatem,
3147 1945 3251 1998 mei
3284 1961 3488 2013 quoque
3521 1943 3781 2014 patiuntur

2219 2012 2564 2085 improperia,
2608 2012 2669 2085 id,
2699 2018 2801 2079 est,
2832 2013 2894 2064 ad
2930 2012 3307 2085 proximorum
3334 2012 3772 2077 exhortationem.

2221 2082 2426 2145 lii—ideo
2456 2097 2507 2138 tu
2539 2084 2627 2152 qni
2647 2082 2867 2154 ignoras
2905 2083 3155 2154 quidquid
3186 2087 3412 2154 maligne
3442 2085 3515 2149 fit,
3546 2105 3651 2141 non
3695 2106 3778 2141 co-

2222 2161 2477 2228 gnitione,
2503 2149 2594 2209 sed
2628 2152 2948 2228 dignatione,
2971 2149 3090 2228 suis
3106 2156 3213 2228 hoc
3231 2149 3333 2228 per
3350 2156 3775 2225 indignationem.

2216 2221 2595 2301 improperium
2641 2221 2887 2301 estquod
2935 2221 3115 2301 objicit
3148 2225 3410 2301 inimicus.
3431 2221 3651 2301 infuit
3683 2230 3775 2301 im-

2216 2292 2522 2371 properium
2552 2295 2603 2347 in
2633 2293 2828 2371 capite,
2853 2292 3274 2371 quoddiuernnt
3294 2297 3341 2348 ei
3374 2314 3385 2347 :
3418 2295 3482 2351 In
3503 2297 3777 2371 Beelzebub

2216 2362 2447 2443 principe
2488 2363 2859 2443 dwmoniorum
2888 2362 3026 2441 eiicil
3056 2363 3327 2429 darmonia,
3357 2370 3671 2443 _et_similia,
3726 2372 3775 2421 1η

2222 2433 2479 2495 membris
2510 2450 2638 2487 vero
2668 2433 3044 2502 improperium
3084 2443 3200 2486 erat
3229 2437 3367 2501 quod
3405 2438 3653 2492 dixerunt
3677 2443 3772 2502 eis,

2216 2512 2339 2580 quia
2369 2506 2712 2580 crediderunt
2756 2502 2807 2580 in
2857 2501 3183 2580 cruciﬁxum,
3219 2514 3272 2580 et
3313 2506 3364 2558 in
3412 2520 3695 2577 mortuum,
3726 2523 3779 2563 et

2216 2573 2432 2635 similia.
2487 2575 2637 2629 Unde
2683 2573 2896 2643 quidam
2959 2587 3021 2623 ex
3070 2573 3149 2625 eis
3195 2576 3369 2629 sciens
3434 2580 3605 2643 potius
3678 2573 3775 2634 sibi

2216 2652 2445 2719 gloriam
2474 2660 2613 2719 esse,
2649 2657 2805 2719 quam
2851 2642 3207 2719 ignominiam,
3250 2646 3391 2719 dixit
3426 2642 3443 2699 ἑ
3477 2648 3607 2701 Mihi
3647 2652 3779 2703 absit

2215 2712 2427 2792 gloriari
2448 2716 2547 2792 nisi
2568 2716 2620 2765 in
2651 2712 2868 2764 Domino
2893 2721 3063 2792 nostra
3086 2712 3209 2765 Iesu
3232 2714 3465 2792 _(.'Itristo,
3498 2726 3598 2792 etc.

2289 2786 2542 2845 conlusio
2572 2798 2700 2838 vero
2729 2794 2808 2835 est
2838 2784 2995 2853 culpa
3034 2785 3343 2838 remordens
3370 2789 3775 2853 conscientiam,

2217 2861 2357 2930 quod
2414 2857 2560 2911 nullo
2599 2852 2759 2908 modo
2791 2853 2857 2930 _in
2883 2852 3055 2930 capite
3085 2868 3211 2930 vere
3248 2856 3413 2930 accipi
3445 2870 3638 2926 potest,
3674 2852 3776 2913 nisi

2218 2922 2313 2999 per
2335 2930 2545 2999 illorum
2578 2922 2995 2999 reputationem._
3021 2922 3414 2999 ln_qt_tibusdam
3448 2922 3575 2980 vero
3602 2922 3774 2984 mem-

2217 2991 2354 3065 bris,
2386 3007 2444 3053 ut
2492 2998 2544 3050 itt
2596 2992 2937 3066 credentibus
2964 2991 3031 3045 de
3068 2992 3266 3048 Judaeis
3313 3011 3440 3051 vere
3482 2999 3621 3051 iuit:
3654 3005 3775 3066 quia

2219 3063 2404 3125 eorum
2437 3080 2563 3121 vere
2605 3063 3005 3117 remordebatur
3040 3067 3388 3129 conscientia,
3418 3083 3540 3121 cum
3570 3063 3778 3123 diceba-

2123 3167 2185 3227 -ε
2220 3150 2307 3227 tur
2328 3143 2406 3195 eis
2439 3134 2603 3227 :‘quia
2644 3132 3337 3227 crederent-it:eum-quem
3380 3140 3774 3227 crucitixerunt.

2244 3202 2539 3265 teverenti'a
2568 3215 2745 3273 autem
2776 3210 2877 3273 est,
2907 3216 3026 3273 quae
3071 3202 3190 3255 facit
3232 3209 3513 3273 ingenuam
3545 3207 3776 3262 frontem

2214 3284 2374 3335 etiam
2404 3279 2472 3332 de
2505 3274 2618 3329 falsi
2650 3271 3215 3345 criminis‘objectione
3260 3271 3594 3331 erubescere.
3624 3280 3779 3345 Quod

2214 3353 2338 3405 item
2362 3350 2414 3403 in
2433 3348 2607 3414 capite
2633 3359 2735 3395 non
2763 3343 2874 3416 iuit.
2899 3341 3038 3416 Nihil
3062 3341 3346 3416 enimieum
3364 3348 3592 3409 erubuit,
3609 3341 3705 3416 qui
3728 3361 3781 3401 ut

2215 3422 2338 3476 talia
2367 3413 2638 3486 pateretur
2664 3413 2848 3486 venit;
2868 3413 2967 3486 sed
3000 3419 3172 3486 tamen
3200 3415 3296 3480 ipsi
3320 3416 3442 3470 talia
3470 3413 3783 3484 objccérunt

2212 3492 2282 3556 ei,
2306 3482 2424 3560 qua:
2440 3489 2484 3542 si
2509 3486 2597 3539 alii
2624 3484 2782 3535 etiam
2814 3482 2945 3532 falso
2969 3482 3343 3560 objiceretttnr,
3369 3482 3549 3560 essent
3567 3488 3781 3560 rubori.

2286 3555 2349 3613 n3
2373 3565 2641 3626 conspectu
2673 3562 2758 3604 tuo
2792 3561 2909 3626 sunt
2939 3566 3111 3605 omnes
3138 3555 3222 3621 qui
3251 3556 3493 3608 tribulant
3523 3573 3612 3608 me.
3655 3559 3782 3611 Ideo

2212 3633 2343 3685 dicit
2370 3641 2422 3681 te
2450 3621 2587 3680 scire
2618 3621 2992 3689 improperium
3015 3637 3208 3686 meum,
3233 3627 3355 3693 quia
3387 3643 3554 3680 omnes
3572 3630 3663 3694 qui
3689 3631 3786 3681 tri-

2213 3702 2391 3754 bulant
2436 3713 2515 3749 me
2558 3696 2610 3747 in
2656 3702 2923 3758 conspectu
2957 3703 3065 3756 tuo,
3100 3694 3147 3744 id
3183 3706 3281 3758 est,
3313 3696 3483 3749 omnis
3509 3698 3788 3750 tribulatio

2214 3787 2333 3825 mea
2366 3765 2608 3833 procedit
2629 3779 2690 3814 ex
2722 3762 3078 3835 diSpositione
3105 3776 3213 3826 tua,
3244 3779 3341 3818 nec
3364 3781 3460 3834 ego
3485 3767 3786 3835 subterfugi

2212 3856 2331 3893 eam
2364 3857 2378 3893 ς
2409 3836 2531 3905 quia
2563 3851 2649 3887 cor
2678 3847 2863 3905 meum,
2910 3833 2959 3883 id
3002 3843 3104 3905 est,
3135 3835 3321 3905 anima
3352 3833 3469 3889 mea
3496 3833 3789 3904 expectati—tt

2210 3902 2596 3980 intpropérium,
2628 3904 2750 3980 quia
2782 3902 3105 3980 et_pr;evi_tlit
3131 3903 3278 3980 illud,
3319 3918 3373 3980 et
3407 3902 3696 3980 premnt;
3732 3920 3788 3961 et

2214 3971 2523 4041 ut'veniiet,
2553 3973 2783 4042 pertulit.
2821 3971 3067 4042 Praevidit
3091 3974 3287 4040 quippe
3318 3975 3441 4027 illud
3469 3992 3582 4027 cum
3610 3978 3721 4028 disi
3745 3980 3786 4028 i-

2216 4052 2350 4119 pttlis
2370 4050 2531 4103 dixit:
2556 4044 2686 4097 Ecce
2702 4041 3019 4119 ascendimus
3033 4042 3421 4119 J_erosolymam,
3441 4059 3482 4097 et
3498 4044 3673 4119 Filius
3692 4048 3791 4098 hu-

2214 4112 2362 4174 ininis
2391 4123 2637 4180 tradetur,
2670 4124 2772 4168 etc.
2805 4112 2975 4165 Nollet
3004 4114 3164 4165 etiam
3195 4119 3358 4179 nasci,
3383 4118 3425 4168 si
3456 4116 3615 4167 nollet
3650 4130 3788 4183 pall.

2212 4193 2345 4258 Quia
2375 4192 2492 4243 ideo
2521 4188 2626 4240 duo
2654 4200 2771 4253 quae
2806 4197 3121 4258 noveramus
3152 4186 3365 4251 accipit,
3395 4186 3599 4258 scilicet
3631 4190 3787 4239 nasci

2212 4254 2266 4315 e't
2294 4261 2449 4325 mori,
2483 4266 2540 4311 ut
2564 4257 2774 4310 tertium
2799 4254 2937 4319 quod
2971 4268 3075 4325 non
3101 4268 3435 4317 noveramus,
3466 4255 3513 4306 id
3543 4266 3646 4318 est,
3700 4274 3793 4311 re-

2212 4322 2596 4386 surrecuonem
2627 4338 2677 4379 et
2706 4333 2957 4378 aeternam
2992 4322 3154 4375 vitam
3181 4325 3570 4379 demonstraret
3597 4329 3785 4383 nobis.

2214 4399 2559 4466 Exspectavit,
2576 4398 2910 4466 inquam,_cor
2930 4408 3095 4466 meum
3117 4393 3492 4462 imprOperium,
3507 4406 3560 4446 et
3579 4411 3642 4448 ex
3654 4412 3789 4462 spe-

2214 4462 2373 4524 ctavit
2420 4462 2696 4527 miseriam,
2729 4464 2940 4517 scilicet
2984 4474 3039 4514 ut
3082 4462 3367 4517 inleientes
3400 4468 3787 4532 improtierium

2218 4544 2660 4608 recognoscerent
2704 4534 2755 4608 i_n_
2782 4548 2841 4586 se
2871 4534 3163 4608 miseriam,
3187 4546 3236 4586 et
3264 4535 3563 4608 invenirent
3606 4538 3661 4588 in
3698 4554 3792 4592 me

2217 4602 2657 4663 miseiicordiam.
2710 4603 2775 4654 Et
2804 4602 3022 4654 sustinui
3047 4604 3205 4654 etiam
3231 4606 3316 4666 qui
3341 4606 3407 4658 de
3436 4606 3529 4658 ltac
3561 4612 3788 4661 miseria

2215 4680 2386 4743 simul,
2432 4677 2482 4730 id
2527 4688 2608 4729 eSt
2661 4688 2866 4747 urceum
2907 4674 3309 4747 contristantur,
3356 4688 3401 4726 et
3436 4679 3657 4742 nonfuit
3693 4681 3789 4745 qui

2213 4750 2635 4803 contristaretur.
2682 4744 2881 4795 Tristes
2918 4744 3059 4795 enim
3110 4754 3261 4795 erant
3309 4747 3475 4798 sancti
3523 4744 3785 4813 apostoli,

2217 4822 2393 4872 tristes
2436 4826 2589 4870 erant
2630 4822 2682 4866 et
2710 4822 2906 4866 sanctze
2935 4814 3183 4865 mulieres
3228 4828 3347 4868 eum
3394 4825 3625 4879 secitze;
3688 4822 3793 4873 sed

2216 4894 2314 4941 ltoc
2366 4903 2459 4954 pro
2499 4885 2694 4938 carnali
2738 4883 3038 4954 adiectione,
3089 4884 3292 4938 scilicet
3346 4888 3463 4952 quia
3520 4889 3793 4942 tinniebant,

2216 4952 2437 5025 perdere
2478 4969 2628 5023 spem
2671 4963 2725 5006 et
2753 4952 3020 5025 solatium,
3046 4954 3183 5025 quod
3226 4956 3276 5007 in
3325 4954 3441 5021 ipso
3490 4954 3786 5011 habebunt.

2211 5022 2367 5082 Solus
2397 5022 2573 5079 autem
2619 5024 2872 5077 Dominus
2916 5022 3064 5089 quasi
3110 5022 3177 5076 de
3225 5028 3513 5088 republica,
3566 5029 3615 5077 iu
3675 5043 3790 5093 est,

2212 5101 2274 5151 de
2322 5095 2849 5167 cotutnutt_i_miserta
2897 5093 3168 5167 hominum
3209 5096 3533 5159 trisutbatur,
3561 5096 3628 5148 de
3678 5116 3791 5167 qua

2212 5168 2371 5220 vellet
2394 5176 2449 5218 ut
2475 5164 2623 5217 multi
2653 5178 2831 5217 secum
2854 5163 3313 5229 contriStarentur,
3335 5177 3389 5219 et
3416 5163 3793 5221 contristando

2212 5240 2552 5303 prolicerent,
2575 5244 2624 5288 et
2652 5236 2728 5285 sic
2749 5250 2866 5286 eum
2892 5231 3310 5287 consolarentur.
3336 5236 3604 5288 l‘rolectus
3630 5245 3793 5290 enim

2208 5308 2537 5360 subditorum
2555 5318 2605 5356 et
2631 5305 3030 5362 tnedendorum,
3046 5305 3289 5373 solatium
3310 5320 3554 5373 ntagnum
3574 5318 3655 5360 est
3676 5328 3799 5361 itte-

2208 5380 2451 5430 dicorum
2478 5385 2531 5427 et
2562 5378 2895 5440 prwlatorum
2932 5392 2943 5425 :
2970 5372 3060 5425 sed
3080 5376 3252 5427 nullus
3277 5372 3501 5439 erat’qui
3534 5380 3643 5427 haec
3703 5392 3798 5429 at-

2210 5449 2471 5508 tenderct.
2490 5456 2544 5498 et
2559 5445 2675 5498 ideo
2688 5444 2817 5497 dicit
2832 5461 2843 5495 :
2861 5443 3098 5498 Sustinui
3112 5445 3199 5509 qui
3208 5446 3361 5497 simul
3372 5449 3805 5512 contristantur,

2208 5527 2253 5570 et
2276 5533 2372 5568 non
2399 5515 2495 5584 fuit
2518 5530 2537 5567 :
2557 5526 2602 5566 et
2624 5515 2711 5584 qui
2737 5519 3085 5566 consolaretur
3110 5525 3269 5566 etnon
3292 5517 3480 5567 inveni.
3510 5514 3574 5567 Et
3600 5520 3673 5568 sic
3701 5522 3805 5567 ἀει-

2208 5591 2389 5639 derunt
2412 5586 2481 5652 [el
2510 5586 2559 5637 in
2583 5600 2745 5655 escam
2769 5600 2949 5647 meum,
2982 5587 3121 5651 quod
3152 5585 3413 5638 dederunt
3442 5602 3546 5640 non
3576 5602 3807 5655 escam,

2207 5659 2300 5709 sed
2332 5658 2504 5724 potius
2534 5667 2644 5724 erat
2669 5654 2786 5722 (sic)
2810 5671 2820 5705 :
2866 5655 2956 5706 sed
2984 5657 3228 5707 tamenin
3257 5670 3433 5708 escam
3456 5659 3632 5709 datum
3660 5654 3808 5713 fusi.

2208 5723 2654 5792 Acreperatenim
2678 5725 2928 5777 Dominus
2953 5740 3149 5785 escam,
3179 5728 3297 5792 quia
3325 5725 3520 5777 l‘nsrlta
3550 5743 3674 5779 cum
3711 5733 3819 5782 dt-

2207 5798 2419 5864 scipulis
2436 5796 2544 5847 suis
2563 5794 2813 5861 comedit,
2835 5796 2884 5848 in
2904 5808 3004 5863 qua
3020 5807 3410 5850 sacramentum
3429 5812 3568 5865 Corp.
3596 5812 3673 5848 iis
3715 5806 3815 5855 sui
