4010 6190
238 380 346 437 849

955 378 1017 433 ΙΝ
1059 374 1480 433 PSALMORUM
1520 373 1777 430 LIBRUM
1819 370 2542 429 EXEGESIS.—PSALM.
2589 373 2819 429 LXVI".

3398 376 3511 432 850

241 493 730 549 commendaverat.
764 492 934 553 Super
962 491 1100 544 hanc
1129 489 1341 543 dulcem
1371 501 1547 541 escam
1580 484 1823 557 unitatis,
1859 488 1901 541 Λ
1933 493 2046 548 est,
2077 485 2248 557 gravis
2278 485 2507 541 vindicta
2538 495 2623 539 tua
2652 527 2667 551 ,
2697 486 3199 553 comprehenderem
3220 500 3503 557 quantum-

244 566 456 620 scilicet
503 562 743 629 corporis
772 560 966 613 Christi
1016 570 1070 613 et
1116 558 1394 612 charitatis
1419 556 1639 629 Christi,
1670 569 1826 629 quam

242 637 406 691 etiam
456 626 794 687 commendat
845 632 1130 694 Apostolus
1158 630 1344 682 dicens
1392 644 1407 682 :
1461 626 1609 681 Unus
1661 627 1829 690 panis,

246 723 405 758 unum
432 721 614 765 corpus
645 719 735 756 nos
764 717 945 775 omnes
971 701 1029 775 in
1059 699 1261 775 Christo
1289 714 1483 751 sumus.
1536 698 1831 775 Iniecerunt

245 775 419 829 Jut-ln‘i
448 776 667 827 l'ellitnm
698 786 901 839 potum.
934 770 985 823 id
1011 780 1113 833 est,
1145 770 1508 839 seipsosquos
1537 766 1831 839 ahgunitate

246 848 492 911 corporis
542 845 659 909 ejus
701 837 1131 916 discerpserunt.
1194 841 1255 892 Et
1307 838 1479 892 adhuc
1530 837 1832 916 quicunque

248 908 515 981 dissipant
562 916 830 986 unitatem
868 921 920 964 et
967 912 1311 986 _charitalem,
1356 918 1410 986 et
1465 908 1834 986 contradicunt

256 975 591 1043 Evangelicm
621 985 871 1043 veritati,
897 981 979 1034 vel
1025 983 1113 1047 qui
1146 982 1287 1035 male
1321 978 1546 1031 vivendo
1568 975 1833 1029 scandali-

252 1067 376 1110 zant
410 1054 727 1117 Ecclesiam,
775 1067 937 1117 super
976 1051 1120 1104 illam
1167 1066 1346 1105 escam
1394 1048 1615 1102 follitum
1652 1056 1831 1110 potum

255 1127 560 1197 propinant.
591 1124 698 1178 Sed
729 1124 853 1191 quid
873 1122 936 1197 _lit
964 1122 1078 1175 eis?
1107 1121 1246 1175 idem
1277 1120 1481 1174 scilicet
1500 1117 1833 1197 ‘quodutunc

255 1187 513 1249 Dominus
537 1195 687 1258 t'ecit,
715 1187 926 1261 quando
952 1207 1072 1245 cum
1112 1200 1404 1261 gustasset,
1428 1189 1598 1243 noluit
1627 1187 1827 1261 bibere.

252 1266 313 1320 In
344 1282 448 1338 quo
478 1258 885 1338 Sacrameittum
932 1265 1032 1338 hoc
1063 1258 1379 1338 designavit,
1398 1261 1551 1338 _quia_
1574 1258 1706 1338 tales
1734 1272 1831 1338 gu-

250 1328 429 1389 standi
458 1335 680 1408 quidem
703 1345 847 1398 sunt,
881 1342 935 1387 et
984 1328 1325 1408 ferendignon
1361 1329 1612 1408 bibendo.
1645 1328 1694 1380 id
1727 1336 1828 1408 est,

252 1422 362 1460 non
394 1401 515 1459 sunt
562 1405 713 1459 nobis
761 1403 1155 1471 incorporandi.
1184 1401 1465 1464 Dederunt,
1499 1401 1734 1467 inquam,
1782 1401 1837 1449 in

251 1493 426 1530 escam
449 1493 615 1529 meam
642 1477 730 1545 fel,
750 1486 808 1549 _et
855 1476 907 1527 in
935 1474 1020 1527 siti
1046 1490 1158 1527 mea
1189 1480 1485 1549 potat'erunt
1535 1486 1613 1549 nte
1646 1480 1789 1549 aceto
1816 1482 1835 1519 :

252 1548 378 1614 quia
403 1563 520 1600 cum
553 1542 651 1615 ego
681 1546 880 1599 sitirem
907 1558 1100 1599 eurum
1126 1544 1435 1615 novitatem,
1463 1542 1560 1615 ipsi
1590 1542 1837 1607 propina—

256 1613 454 1671 verunt
497 1613 626 1670 milii
678 1617 923 1673 acerbam
974 1623 1315 1669 vetustatem.
1368 1613 1435 1665 Et
1482 1614 1595 1664 haec
1640 1625 1834 1670 mensa,

256 1687 313 1739 id
337 1698 436 1750 est,
484 1688 603 1761 talis
631 1686 955 1761 praeparatio
977 1700 1177 1739 mensae
1204 1699 1378 1738 eorum
1419 1682 1506 1747 ﬁat
1551 1682 1626 1761 eis
1658 1678 1835 1761 inla-

254 1774 461 1822 queum,
511 1756 565 1810 id
610 1752 713 1821 est,
748 1752 1224 1825 impedimentum,
1269 1769 1374 1808 non
1406 1752 1836 1825 expedimentum

1931 570 2140 629 cunque
2162 555 2451 622 dispersos,
2484 557 2710 621 scilicet,
2742 567 2800 610 ut
2827 558 3021 626 ubique
3047 555 3368 629 contemptui
3401 562 3503 617 ha-

1934 626 2173 677 beantnr.

2008 694 2124 747 Fiat
2151 695 2418 749 habitatio.
2464 697 2623 762 Quasi
2669 698 2811 750 dirat
2844 715 2858 754 :
2892 699 2964 752 Ita
3006 699 3124 753 dico
3174 700 3508 755 utel'l'undas

1932 764 2064 839 iram
2097 774 2239 839 tuam
2271 780 2431 832 super
2460 784 2551 821 eos
2576 806 2591 827 ,
2626 767 2952 839 utihabitatio
2983 785 3178 835 eorum,
3210 772 3390 839 idest,
3421 789 3509 827 ct-

1932 835 2078 912 vitas.
2119 837 2243 903 illa,
2293 853 2449 912 quam
2500 839 2643 912 prius
2692 838 3157 912 inltahitaveruut,
3208 853 3261 897 et
3313 835 3507 912 in'qua

1934 906 2171 959 maxime
2199 909 2484 961 smviernnt
2508 948 2525 974 ,
2558 909 2876 974 ﬁat-deserta
2905 906 3159 977 quantum
3192 914 3256 965 ad
3288 929 3379 966 eos
3405 906 3437 975 ς’
3461 924 3519 966 et

1934 993 2034 1028 non
2058 977 2123 1029 sit
2149 978 2234 1043 qui
2260 977 2506 1030 inhabitet
2531 1019 2546 1042 ,
2581 980 2629 1031 id
2669 989 2745 1032 est
2773 1021 2786 1039 ,
2819 982 2906 1047 qtti
2933 993 3247 1048 perseveret
3272 985 3323 1035 in
3346 986 3513 1036 taber-

1934 1048 2132 1119 naculis
2163 1064 2339 1119 eorum
2365 1088 2380 1111 ,
2426 1048 2475 1101 id
2508 1057 2588 1101 est
2619 1049 2875 1103 institutis
2898 1055 2960 1103 ad
2996 1059 3202 1119 tempus
3231 1054 3308 1108 eis
3348 1055 3508 1110 datis.

1934 1117 2086 1181 Quod
2110 1119 2175 1169 ita
2209 1117 2399 1171 factum
2431 1126 2530 1182 est,
2557 1120 2673 1185 quia
2698 1120 2953 1173 etcivitas
2973 1117 3155 1175 eorum
3180 1123 3247 1177 ab
3278 1126 3356 1177 eis
3382 1139 3511 1177 eva-

1936 1196 2086 1241 cuata
2114 1197 2212 1250 est,
2243 1204 2340 1242 nec
2362 1201 2441 1242 est
2462 1189 2598 1242 inter
2617 1205 2712 1243 eos
2729 1191 2813 1257 qui
2840 1191 3073 1246 insututrt
3100 1194 3284 1257 legalia
3308 1206 3507 1251 servet.

2012 1257 2264 1321 Quoniam
2304 1275 2449 1326 quem
2497 1270 2551 1311 tu
2579 1261 2888 1329 percussisti.
2918 1262 3078 1327 Quasi
3118 1264 3297 1319 dicat:
3325 1265 3513 1319 Merito

1939 1328 2245 1401 iram‘tuam
2295 1346 2459 1397 super
2489 1328 2585 1401 eos
2625 1331 2866 1384 ell'undes
2890 1374 2905 1396 ,
2951 1334 3069 1401 quia
3115 1337 3365 1400 persecuti
3392 1346 3517 1389 sunt»

1899 1411 1916 1432 ι
1939 1398 2301 1473 tribulatione,
2329 1400 2502 1473 quoad
2528 1410 2832 1465 potuerunt,
2860 1398 3004 1455 illum
3034 1398 3180 1464 quem
3214 1415 3267 1457 tu
3307 1423 3515 1473 percus-

1936 1470 2044 1521 sisti
2069 1507 2083 1527 .
2113 1468 2165 1522 id
2187 1480 2288 1532 est,
2324 1468 2428 1525 me.
2457 1471 2721 1527 Percussit
2755 1472 3007 1525 Dominus
3036 1475 3087 1526 in
3118 1477 3284 1528 Adam
3307 1468 3370 1530 vet
3402 1477 3518 1531 Eva-

1939 1554 2100 1613 omue
2131 1541 2635 1613 humanumigenus
2675 1544 3011 1597 mortalitatis
3051 1554 3102 1598 et
3142 1547 3512 1613 passibilitatis

1938 1610 2155 1687 vulnere
2186 1651 2219 1687 ,Δ
2252 1626 2372 1687 cum
2420 1612 2614 1687 dixit:
2663 1613 2729 1665 In
2776 1630 3077 1687 quacunque
3136 1610 3215 1668 die
3258 1618 3321 1669 de
3368 1617 3511 1687 ligno

1939 1682 2160 1752 scientia:
2203 1681 2317 1734 boni
2358 1691 2403 1734 et
2446 1682 2567 1734 mali
2604 1684 2923 1752 gustaveritis
2947 1724 2961 1747 ,
2994 1681 3165 1739 morte
3202 1681 3511 1741 moriemini.

1946 1751 2021 1804 De
2050 1753 2150 1821 hoc
2179 1766 2432 1817 percusso
2453 1751 2695 1805 Christus
2715 1768 2927 1807 carnem
2958 1758 3182 1821 accepit,
3207 1769 3258 1811 et
3285 1759 3404 1811 ideo
3432 1758 3514 1809 di-

255 1820 600 1894 cnmmipsis.
635 1828 686 1881 id
714 1820 989 1899 gest,7‘ipsis
1027 1820 1327 1880 sitientibus
1352 1838 1507 1899 eam,
1534 1831 1585 1874 et
1617 1835 1720 1873 nou
1752 1821 1831 1899 iu-
1870 1840 1913 1899 Β
1944 1823 2015 1875 cit
2049 1841 2060 1875 :
2092 1820 2349 1899 Persecuti
2384 1833 2502 1874 sunt
2528 1840 2673 1886 quem
2699 1835 2752 1876 tu
2784 1820 3174 1899 percnssistiiel
3194 1845 3344 1893 super
3367 1829 3517 1881 dolo-

259 1891 654 1972 telligentibus.
689 1891 847 1972 Quod
880 1891 1021 1951 enim
1053 1910 1234 1972 coram
1278 1903 1381 1957 est,
1421 1893 1633 1945 videtur
1663 1900 1725 1972 et
1757 1891 1836 1942 iu-

257 1969 529 2031 lelligilur.
557 1969 701 2022 Multi
726 1979 952 2023 noscunt
985 1968 1240 2021 malitiam
1265 1980 1413 2019 suam
1441 1972 1495 2017 et
1519 1968 1831 2029 nequitiam,

254 2038 359 2092 sed
392 2050 566 2093 tamen
598 2040 946 2109 pertinaciter
971 2039 1022 2093 in
1048 2054 1112 2093 ea
1136 2036 1598 2109 perseverant._l£t
1631 2033 1682 2084 hi
1713 2046 1834 2109 per-

260 2110 468 2162 niciose
496 2111 545 2161 in
573 2102 797 2183 _seitisos
824 2120 1016 2183 agunt,
1048 2102 1170 2183 quia
1194 2107 1300 2183 vivi
1345 2104 1397 2183 _in
1438 2104 1701 2183 inferuun‘t
1724 2102 1837 2183 Ale-

254 2182 539 2232 scendunt.
572 2170 730 2233 Tales
751 2181 835 2234 isti
857 2170 1098 2234 crant'de
1117 2178 1308 2246 quibus
1344 2176 1427 2226 hic
1448 2174 1643 2246 dicitur
1670 2191 1681 2224 :
1718 2170 1836 2224 Fiat

253 2265 439 2324 eorum
467 2266 641 2324 mensa
670 2251 721 2324 _in
756 2252 988 2324 laqueum
1014 2244 1148 2314 ipsis
1170 2263 1263 2324 ens
1286 2259 1464 2324 coram
1487 2285 1501 2305 ,
1526 2256 1579 2297 et
1604 2244 1834 2324 ltocnou

255 2319 480 2394 iniuste,
524 2320 616 2373 sed
661 2321 716 2373 in
759 2313 1239 2394 retribtitionem,_id
1274 2327 1378 2376 est,
1414 2315 1574 2394 iuste,
1608 2313 1834 2394 scilicet,

253 2382 980 2463 quiaﬁpromerueruntnEt
1031 2382 1222 2463 liat‘_in
1266 2387 1591 2463 scandalum,
1642 2382 1693 2435 id
1731 2392 1833 2463 est,

259 2455 728 2535 in_oll'ensionem,_
756 2462 840 2516 vel
882 2460 1012 2531 ipsis
1055 2459 1254 2514 eisdem
1283 2455 1394 2527 qui,
1424 2466 1633 2535 quamq
1668 2455 1833 2535 magis

258 2529 495 2605 scientes
532 2533 585 2586 in
628 2523 769 2605 man
794 2523 1155 2605 perseverant,
1182 2523 1326 2605 tanto
1357 2523 1524 2605 magis
1555 2523 1806 2605 oﬂ'ettduu

258 2609 369 2653 tur.
405 2600 498 2654 Vel
543 2603 771 2670 posteris
794 2593 925 2669 suis,
967 2602 1158 2668 quibus
1190 2600 1289 2652 hoc
1316 2593 1599 2670 petierunt,
1647 2593 1837 2648 dicen-

258 2678 347 2743 tes
375 2685 392 2723 :
422 2667 648 2743 Sanguis
676 2676 787 2736 eius
827 2667 995 2742 super
1030 2688 1146 2743 nos
1167 2679 1240 2743 et_
1259 2684 1411 2743 super
1437 2667 1584 2733 ﬁlios“
1612 2674 1833 2743 nostrost

260 2740 379 2792 Non
423 2736 598 2794 tamen
638 2744 776 2811 quod
818 2736 1050 2796 abfuerit
1100 2741 1179 2795 eis
1230 2736 1343 2811 haec
1369 2736 1717 2811 _imprecatio,
1744 2736 1837 2789 sed

261 2810 506 2865 imitatio.
541 2812 633 2867 Vel
656 2807 820 2867 aliter
853 2830 864 2864 :
898 2813 1079 2867 Mensa
1108 2825 1301 2873 eorum,
1336 2807 1387 2862 id
1410 2818 1510 2872 est,
1554 2815 1839 2873 utrumque

264 2892 666 2943 tesmmentum,
692 2882 833 2951 quod
861 2883 1221 2950 principaliter
1249 2878 1347 2951 fuit
1374 2880 1449 2951 eis
1485 2878 1836 2951 propositum,

263 2960 320 3002 ιιι
350 2951 425 3028 ibi
453 2956 597 3007 velut
621 2954 672 3006 in
695 2947 881 3028 incnsa
895 2947 1261 3028 reﬁcerentur,
1281 2949 1371 3028 ﬁat
1397 2949 1548 3028 eis_in
1578 2947 1835 3028 laqueata.

262 3022 518 3099 quoniam
562 3024 867 3099 irretientur
899 3038 1079 3099 coram
1113 3022 1260 3099 ipsis,
1289 3016 1536 3099 subandit
1566 3018 1839 3099 proposita

306 3094 540 3158 eutihus,
583 3095 809 3159 scilicet,
834 3088 1165 3147 adducantur
1193 3091 1245 3143 itt
1292 3088 1705 3151 attnulatiouem,
1759 3088 1838 3141 γί-

306 3109 540 3158 ciuiuus,
583 3109 1165 3159 scurce1,aauucantur
1194 3109 1245 3143 ιιι
1292 3109 1705 3151 animiauonem,
1759 3109 1838 3141 u-

266 3109 457 3215 dentes
501 3168 724 3231 gratiam
773 3165 872 3217 sibi
908 3163 1052 3229 prius
1083 3162 1315 3215 oblatam
1333 3172 1691 3231 _communeut
1718 3170 1841 3231 gen-

268 3234 409 3285 tibus
462 3228 675 3289 l‘a'ctatn.
725 3235 875 3299 Quod
914 3228 976 3286 lit
1018 3234 1065 3285 ei
1115 3231 1180 3285 ad
1222 3228 1612 3299 confusionem,
1642 3237 1696 3281 ct
1742 3228 1841 3280 hoc

270 3319 375 3354 non
410 3303 626 3372 injuste,
659 3298 826 3358 sed’in
854 3303 1253 3361 retributionem,
1281 3300 1329 3372 id
1352 3309 1453 3363 est,
1478 3298 1655 3372 juste;
1681 3307 1726 3372 et
1746 3302 1844 3372 _tiat

262 3373 427 3426 etiam
460 3366 547 3428 eis
592 3366 646 3427 in
673 3375 996 3433 scandalum,
1047 3382 1105 3427 ut
1154 3366 1597 3438 prazdictum’est.
1633 3367 1713 3420 Ad
1745 3366 1845 3422 hoc

263 3458 480 3513 quoque
507 3445 836 3499 obscurentur
875 3445 1008 3498 oculi
1050 3459 1224 3497 eorum
1255 3456 1316 3493 ne
1342 3440 1567 3513 uideant,
1596 3448 1702 3493 etc.
1737 3438 1841 3513 Ρο-

267 3507 465 3583 ᾠειέι
512 3517 819 3583 prazcedens
865 3529 1048 3568 Versus
1090 3513 1141 3566 in
1188 3514 1328 3565 bono
1356 3511 1456 3578 legi
1502 3513 1603 3561 hoc
1632 3507 1839 3561 modo:

270 3582 834 3658 Dederunt,_inqnam,
876 3585 997 3637 mihi
1027 3584 1096 3652 fel
1134 3586 1186 3635 in
1225 3596 1423 3658 escam,
1470 3591 1515 3631 et
1548 3589 1845 3658 potauerunt

264 3669 346 3705 me
367 3665 526 3707 aceto.
561 3655 629 3709 Et
659 3650 778 3709 talis
806 3670 980 3708 mensa
1001 3650 1193 3715 eorum,
1224 3651 1275 3704 id
1304 3661 1405 3713 est,
1440 3661 1620 3717 parata
1650 3650 1717 3704 ab
1742 3650 1840 3713 eis,

267 3723 363 3787 ﬁat
391 3725 443 3777 in
488 3724 721 3792 laqueum
751 3741 921 3778 coram
945 3726 1091 3792 ipsis,
1120 3723 1171 3777 id
1197 3729 1301 3792 est,
1337 3722 1388 3773 in
1428 3726 1720 3792 conspectu
1753 3735 1846 3792 co-

271 3809 390 3869 rum
423 3790 824 3869 recognoscant,
874 3790 1282 3869 scilicet,._qnod
1334 3804 1514 3869 Inensa
1548 3790 1635 3843 illa
1668 3790 1724 3841 lit
1763 3790 1843 3869 eis

266 3863 485 3931 laqueus
516 3861 879 3929 confusionis;
906 3876 950 3918 et
977 3866 1065 3917 ﬁat
1093 3866 1171 3917 eis
1195 3864 1245 3914 in
1269 3861 1672 3923 retributionem,
1701 3861 1844 3911 scili-

265 3944 375 3993 cet,
425 3947 479 3987 ut
511 3951 629 4004 qua:
673 3938 965 4001 patiuntur,
1014 3950 1071 3987 se
1099 3940 1312 4002 propter
1346 3932 1487 3984 illam
1514 3931 1619 3999 pati
1651 3931 1845 4004 intelli:

268 4011 435 4071 gent;
469 3997 635 4072 et'ﬁat
665 3997 810 4058 eisin
856 3997 1436 4066 scandala-nt,'scilicet,
1470 3997 1527 4053 ut
1575 4015 1669 4069 per
1714 3997 1843 4051 illud

272 4076 438 4127 Demn
462 4077 857 4129 scandalizasse
885 4084 1265 4140 recognoscant
1290 4115 1304 4137 ,
1337 4082 1393 4125 et
1421 4072 1499 4125 sic
1526 4080 1843 4124 convertan-

266 4157 355 4197 tur
382 4155 435 4197 et
476 4146 789 4210 pteniteant.
822 4147 1024 4211 Quibus
1056 4161 1181 4198 vero
1224 4160 1327 4196 non
1379 4146 1467 4195 Iiet
1500 4143 1619 4202 hoc,
1667 4157 1843 4193 eorum

262 4213 409 4266 oculi
429 4217 759 4269 obscurentur
790 4232 851 4269 ne
879 4217 1101 4269 videant.
1128 4215 1286 4281 Quasi
1310 4213 1453 4267 dicat
1484 4230 1496 4263 :
1528 4213 1658 4276 Quia
1688 4213 1845 4264 nimis

264 4286 417 4351 prius
463 4294 793 4354 aperuerunt
817 4288 1002 4340 oculos
1031 4302 1181 4348 suos,
1213 4293 1271 4337 ut
1317 4284 1553 4337 viderent
1588 4281 1729 4354 quod
1767 4284 1844 4354 vi-

264 4351 513 4408 dendum
545 4372 649 4408 non
680 4365 795 4410 erat
823 4396 837 4419 ,
868 4355 1109 4419 scilicet,
1141 4356 1366 4423 qualiter
1397 4355 1572 4405 ottmia
1606 4353 1743 4423 dicta
1776 4351 1843 4404 de

262 4424 481 4479 Christo
510 4426 563 4479 in
603 4427 718 4494 lege
754 4436 807 4479 et
835 4426 1109 4493 praphetis
1141 4420 1510 4489 perverterent
1532 4462 1548 4487 ,
1581 4420 1702 4475 ideo
1736 4439 1839 4475 nou

262 4497 598 4549 obscurentur
624 4497 755 4550 oculi
773 4512 1033 4559 eorum,ne
1058 4494 1256 4549 videant
1277 4494 1415 4561 quod
1428 4504 1511 4545 est
1532 4495 1839 4557 videndum,

1940 1909 2047 1965 rent
2072 1892 2336 1965 vulnerum
2367 1909 2591 1965 m'orum
2616 1935 2631 1958 ,
2663 1904 2717 1948 et
2745 1909 2904 1961 super
2941 1894 3205 1949 tristitiam
3229 1914 3386 1965 quam
3414 1913 3515 1965 ego

1942 1964 2096 2015 halmi
2147 1964 2215 2015 de
2257 1963 2603 2027 vulneribus,
2656 1965 2703 2015 id
2736 1975 2854 2028 est,
2898 1966 2962 2017 de
3012 1963 3509 2032 peccatis—meorum

1938 2033 2291 2097 addiderunt,
2333 2032 2452 2099 quia
2497 2043 2721 2087 mortem
2755 2035 2881 2087 mihi
2912 2038 3363 2092 acceleraverunt.
3401 2041 3512 2091 Ali-

1941 2114 2021 2157 ter
2064 2121 2077 2157 :
2122 2104 2291 2170 Super
2335 2104 2561 2174 dolorem
2608 2104 2874 2158 vulnerum
2926 2123 3153 2160 meorum
3212 2124 3511 2174 servorum,

1942 2175 2318 2242 prophetat-un
2369 2173 2611 2238 scilicet,
2674 2176 2817 2239 prius
2865 2177 2929 2229 ad
2976 2180 3182 2232 vineam
3229 2173 3513 2232 missorum

1940 2246 2272 2306 addiderunt,
2323 2245 2441 2313 quia
2495 2260 2581 2300 me
2630 2246 2792 2299 lilium
2840 2246 3238 2303 interfecerunt.
3290 2251 3457 2304 Aliter
3499 2267 3511 2301 ε

1942 2314 2111 2379 Super
2137 2315 2364 2367 dolorem
2392 2314 2657 2368 vulnerum
2688 2333 2910 2369 meorum
2952 2318 3002 2370 in
3043 2335 3125 2371 me
3158 2321 3272 2384 ipso
3296 2320 3514 2372 addide-

1939 2398 2074 2451 runt,
2108 2385 2188 2437 vel
2231 2385 2589 2450 mendacium,
2619 2402 2723 2452 quo
2753 2390 3195 2442 resurrectionem
3226 2405 3397 2442 meam
3421 2405 3518 2442 ne-

1940 2472 2068 2523 gare
2100 2457 2397 2509 voluerunt.
2440 2456 2526 2509 Vel
2553 2457 2883 2521 addiderunt,
2909 2459 3027 2523 quia
3052 2475 3237 2511 titanas
3264 2461 3423 2514 etiam
3453 2459 3513 2514 in

1941 2526 2207 2596 apostolos
2230 2537 2282 2596 et
2313 2525 2364 2578 in
2390 2525 2639 2579 familiam
2668 2543 2841 2580 meam
2868 2530 3187 2594 iniecerunt.

2013 2596 2228 2666 Appone
2245 2595 2580 2666 iniquitatem.
2606 2597 2764 2661 Quasi
2792 2599 2933 2652 dicat
2966 2616 2977 2650 :
3016 2599 3131 2666 Ipse
3155 2611 3208 2653 et
3228 2615 3288 2654 se
3319 2607 3521 2653 malum

1943 2668 2100 2722 modo
2132 2665 2473 2720 addiderunt.
2522 2667 2587 2720 Et
2618 2677 2670 2719 tu
2698 2708 2714 2729 ,
2750 2668 2971 2721 Domine
2994 2710 3009 2731 ,
3036 2665 3258 2736 appone,
3292 2686 3396 2723 non
3417 2685 3514 2724 ex-

1940 2738 2191 2793 caecando
2216 2777 2232 2802 ,
2270 2736 2365 2790 sed
2406 2751 2510 2790 non
2536 2738 2786 2808 _juvando
2814 2756 2966 2803 super
2996 2740 3311 2808 iniquitatem
3341 2756 3519 2793 eorum

1940 2811 2094 2861 aliam
2145 2808 2482 2875 iniquitatem.
2535 2806 2791 2876 [iniquitas
2846 2806 3091 2878 specialis
3142 2826 3327 2864 eorum
3384 2820 3510 2875 est,

1941 2878 2081 2948 quod
2132 2892 2305 2946 neque
2360 2879 2643 2931 attendunt
2694 2879 2951 2948 justitiam
3005 2880 3281 2940 hominis,
3340 2896 3514 2948 neque

1941 2958 2198 3036 quauttnu
2229 2956 2502 3030 peccatum
2546 2951 2609 3003 sit
2648 2948 2845 3036 justum
2890 2951 3154 3005 hominem
3185 2950 3513 3005 interﬁcere.

1943 3017 2115 3086 Super
2143 3019 2280 3070 hanc
2308 3017 2637 3085 iniquitatem
2675 3021 2775 3073 alia
2806 3033 3103 3088 apponatur
3127 3064 3140 3085 ,
3174 3032 3230 3072 ut
3258 3038 3361 3074 non
3397 3037 3512 3075 mo-

1943 3090 2011 3142 do
2038 3089 2239 3157 justum
2273 3088 2541 3142 hominem
2575 3090 2896 3145 interﬁciant
2919 3132 2934 3156 ,
2980 3092 3074 3146 sed
3103 3099 3158 3145 et
3190 3092 3378 3148 Deum.
3413 3091 3509 3145 Vel

1944 3175 2145 3230 appone
2173 3160 2672 3230 iniquitatemisuper
2702 3163 3049 3229 iniquitatem,
3085 3163 3133 3214 id
3166 3174 3248 3215 est
3274 3204 3288 3228 ,
3320 3162 3545 3230 iniquis

1947 3229 2188 3298 patribus
2234 3230 2447 3297 iniquos
2493 3229 2631 3284 ﬁlios
2660 3232 2980 3297 superadde.
3016 3232 3105 3285 Vel
3134 3248 3294 3296 super
3323 3231 3521 3299 iniqui-

1948 3310 2108 3353 tatem
2139 3299 2205 3353 de
2235 3311 2409 3353 morte
2439 3315 2554 3352 mea
2583 3315 2791 3368 appone
2817 3302 2971 3354 aliam
3013 3302 3376 3369 iniquitatem,
3410 3303 3519 3354 sci-

1948 3370 2090 3433 licet,
2120 3379 2178 3423 ut
2217 3371 2267 3423 in
2301 3370 2673 3424 incredulitate
2715 3380 3094 3439 perseverent,
3127 3380 3173 3425 et
3205 3373 3280 3425 sic
3310 3387 3411 3423 non
3440 3372 3522 3425 in-

1946 3450 2110 3503 trent,
2152 3440 2203 3493 id
2234 3450 2347 3505 cst,
2389 3455 2492 3493 non
2523 3442 2705 3493 vivant
2743 3443 2793 3494 in
2837 3442 2934 3495 hac
2960 3442 3086 3507 vita,
3119 3457 3238 3510 quae
3268 3441 3519 3496 introitus

1944 3519 2027 3581 est
2051 3511 2115 3562 ad
2138 3526 2423 3572 supernam
2446 3526 2461 3573 ;
2487 3511 2540 3581 in
2560 3512 2816 3581 justitiam
2844 3522 3009 3578 tuam,
3052 3514 3102 3567 id
3128 3522 3231 3575 est,
3264 3512 3314 3565 iu
3342 3512 3524 3580 operi-

1946 3580 2362 3647 busjustilicatis
2394 3580 2515 3635 lidei
2543 3593 2666 3633 tunc.

2022 3649 2298 3704 Deleantur
2326 3651 2387 3704 de
2408 3651 2537 3705 libro
2558 3653 2847 3707 viventium.
2882 3653 3020 3719 Non,
3050 3654 3288 3721 inquam,
3316 3654 3519 3707 intrent

1946 3720 1998 3775 iu
2024 3721 2248 3791 justitia,
2295 3724 2388 3776 sed
2441 3726 2612 3789 potius
2655 3727 2919 3777 deleantur
2960 3727 3023 3777 de
3057 3726 3185 3776 libro
3218 3720 3515 3778 uiuentium.

1944 3792 2059 3846 Non
2090 3791 2209 3845 ideo
2236 3791 2364 3845 dicit
2393 3793 2460 3846 de
2501 3794 2635 3846 libro
2658 3833 2675 3858 ,
2707 3802 2763 3846 ut
2786 3795 2893 3848 illic
2922 3795 3114 3860 aliquis
3140 3796 3270 3848 liber
3302 3804 3390 3858 sit,
3425 3794 3519 3848 sed

1944 3864 2012 3915 ab
2043 3862 2271 3915 humana
2304 3863 2654 3917 similitudine
2685 3874 2915 3917 tractum
2949 3874 3053 3919 est.
3090 3864 3240 3932 Apud
3275 3867 3518 3918 homines

1944 3932 2109 4000 enim,
2141 3933 2260 3998 quia
2294 3932 2463 3987 labilis
2485 3934 2755 3986 memoria:
2783 3944 2941 3997 sunt,
2973 3941 3333 3990 necessu-ium
3358 3943 3440 3986 est
3463 3945 3527 3987 ut.

1949 4003 2068 4056 libri
2096 4004 2423 4063 habeantur,
2465 4004 2657 4067 quibus
2686 4020 2836 4058 meus
2866 4007 3095 4058 humana
3127 4005 3519 4059 recordationis

1945 4087 2046 4140 ope
2092 4074 2418 4125 sublevetur.
2472 4074 2568 4127 Hic
2601 4090 2722 4125 vero
2751 4076 2931 4129 divina
2983 4092 3133 4128 mens
3164 4075 3296 4129 liber
3326 4076 3521 4142 accipi-

1948 4155 2034 4197 tur
2058 4183 2072 4205 ,
2120 4143 2204 4195 cui
2239 4142 2367 4195 nihil
2405 4147 2731 4210 praetr-ritum
2773 4147 2990 4211 excidit,
3026 4162 3123 4200 nec
3148 4146 3347 4214 aliquid
3379 4146 3520 4199 luto.-

1947 4229 2062 4266 rum
2095 4228 2289 4265 novum
2333 4215 2427 4277 ﬁt,
2466 4214 2561 4267 sed
2591 4216 2766 4267 oninia
2809 4218 3212 4282 praesentialiter
3237 4216 3394 4270 simul
3425 4232 3517 4268 as-

1948 4285 2094 4351 picit.
2124 4287 2185 4337 la't
2206 4293 2287 4336 est
2307 4284 2485 4337 dicere
2506 4302 2517 4335 :
2544 4283 2820 4338 Deleantur
2839 4304 2975 4341 nunc
2997 4290 3059 4340 de
3082 4287 3208 4339 libro
3225 4286 3513 4345 viventium,

1947 4356 1995 4408 id
2021 4364 2120 4420 est,
2154 4354 2492 4407 manifestum
2516 4356 2572 4409 in
2601 4360 2847 4423 praesenti
2871 4374 3054 4410 eorum
3084 4357 3364 4409 iulidelitas
3400 4358 3524 4409 facit

1946 4425 2085 4493 quod
2113 4440 2141 4477 a
2170 4424 2426 4480 memoria
2472 4424 2524 4477 in
2556 4441 2655 4492 qua
2691 4430 2919 4480 maxime
2960 4442 3020 4481 se
3064 4429 3260 4492 positos
3292 4435 3478 4493 putant
3504 4465 3518 4485 ,

1949 4494 2247 4548 exciderint
2275 4512 2376 4546 non
2401 4496 2705 4563 cognitione
2729 4536 2743 4559 ,
2778 4499 2868 4551 sed
2898 4498 3225 4564 dignatione.
3254 4495 3318 4547 Et
3352 4498 3406 4548 in
3438 4496 3518 4550 ittv

266 4565 476 4619 scilicet
518 4583 583 4620 ne
612 4582 800 4619 novam
831 4552 1057 4634 gratiam
1095 4552 1407 4644 intelligant.
1454 4563 1518 4614 Et
1543 4571 1601 4615 ιιι
1633 4580 1733 4615 non
1762 4552 1841 4644 vi;
1874 4552 1919 4607 ι)
1951 4573 2066 4644 _turo
2089 4552 2496 4644 nonscribatttu?
2516 4552 2839 4644 cutnjustﬁis,
2864 4568 2911 4620 id
2936 4552 3036 4644 list,
3072 4581 3175 4618 non
3204 4567 3521 4644 participant.

261 4635 449 4699 deant,
482 4637 708 4702 incurva,
738 4636 979 4702 Domine,
1009 4652 1203 4705 semper
1232 4636 1441 4687 dorsum
1469 4648 1667 4705 eorum,
1697 4635 1843 4705 ειιιιιέ

265 4716 378 4771 cet,
405 4722 675 4772 nunquam
708 4707 774 4760 ad
804 4709 1079 4775 superiora
1106 4703 1414 4773 erigantur;
1460 4705 1551 4757 sed
1581 4703 1700 4770 quia
1745 4703 1842 4769 ipsi

268 4791 332 4828 se
374 4778 427 4828 iu
477 4788 685 4831 terrena
733 4787 1109 4837 curvaverunt,
1157 4776 1275 4843 quia
1310 4777 1484 4827 locum
1531 4784 1583 4826 et
1630 4783 1841 4841 gentem

267 4857 674 4914 pmposuerunt
698 4847 1039 4909 innocentia},
1070 4847 1210 4909 ideo,
1244 4844 1486 4907 Domine,
1513 4858 1724 4909 semper
1751 4860 1842 4898 eos

267 4919 388 4984 plus
436 4927 488 4969 et
532 4919 646 4983 plus
692 4920 927 4971 incurva.
981 4918 1199 4970 lucurva
1251 4915 1461 4982 quidem
1520 4931 1621 4966 non
1670 4930 1842 4967 exeat:—

261 4986 461 5047 cando,
512 4986 609 5039 sed
641 5003 742 5040 non
769 4987 1035 5056 iuvando:
1089 5002 1192 5040 non
1226 4985 1567 5047 vulnerando,
1612 4987 1705 5037 sed
1739 5000 1841 5056 non

260 5056 526 5111 sanando.
563 5055 843 5111 Incurvare
887 5060 1027 5110 enim
1062 5056 1153 5111 Dei
1183 5072 1286 5109 non
1320 5056 1372 5107 in
1404 5056 1539 5108 male
1579 5055 1840 5119 faciendo,

260 5126 360 5180 sed
393 5128 441 5178 in
475 5142 577 5179 non
603 5129 983 5182 subveniendo.

340 5194 568 5262 Eﬂ'unde
597 5214 750 5266 super
778 5215 861 5250 eos
889 5200 1037 5251 iram.
1067 5197 1225 5262 Quasi
1254 5197 1394 5250 dicat
1429 5213 1443 5249 :
1480 5198 1679 5250 Praeter
1710 5197 1845 5250 hanc

266 5269 538 5319 persultant
574 5270 855 5320 vindictam
890 5268 1153 5335 amplilica
1183 5281 1343 5335 super
1369 5280 1460 5319 eos
1503 5268 1633 5319 iram
1678 5274 1839 5330 tuam,

267 5336 519 5403 Domine,
552 5354 643 5405 per
673 5340 991 5392 exteriorem
1020 5341 1177 5391 etiam
1213 5339 1524 5390 vmdictam.
1557 5336 1690 5402 Quid
1715 5351 1844 5405 ergo

266 5406 466 5473 profuit
498 5408 714 5474 Caiphae
743 5450 757 5472 ,
790 5410 927 5476 quod
961 5409 1090 5461 dixit
1130 5425 1144 5461 :
1179 5408 1239 5461 Si
1278 5408 1575 5460 dimittimus
1605 5422 1719 5458 eum
1747 5412 1839 5470 sic,

265 5477 465 5528 venient
492 5478 710 5531 Romani
740 5521 754 5544 ,
780 5490 825 5530 et
854 5479 1029 5532 tollent
1059 5491 1285 5532 nostrum
1316 5480 1503 5540 locum,
1533 5486 1579 5531 et
1604 5479 1844 5545 gentem?

271 5546 420 5598 Nihil
453 5547 651 5615 utique.
685 5548 799 5601 Non
828 5551 970 5602 enint
1010 5565 1129 5603 cum
1156 5550 1506 5609 dimiserunt,
1540 5547 1649 5600 imo
1679 5546 1843 5600 inter-

266 5618 551 5681 l‘ecerunt,
592 5629 642 5672 et
686 5630 861 5671 tamen
897 5619 1118 5674 Romani
1161 5627 1457 5682 venerunt,
1489 5626 1545 5670 et
1592 5618 1759 5669 locum
1791 5626 1844 5670 et

264 5695 482 5754 gentem
511 5704 697 5741 eorum
731 5688 1127 5743 destruxerunt.
1169 5692 1230 5741 ιιι
1256 5688 1376 5743 ideo
1404 5688 1536 5740 dicit
1576 5702 1684 5739 non
1717 5688 1840 5741 odio

268 5762 638 5827 imprecantis,
668 5758 761 5813 sed
792 5760 1118 5827 preescientia
1147 5758 1509 5826 pr0phetantis
1545 5775 1555 5807 :
1589 5755 1836 5822 ldlfundc,

268 5826 494 5882 Domine
518 5866 532 5893 ,
583 5845 732 5899 super
760 5846 840 5884 eos
870 5831 999 5885 itaut
1029 5840 1165 5883 tuam
1198 5868 1221 5895 ,,
1243 5838 1287 5883 et
1319 5830 1463 5899 furor
1492 5828 1581 5882 ira:
1609 5836 1707 5880 tua:
1733 5868 1747 5895 ,
1792 5831 1840 5883 id

1951 4634 2326 4687 beatitudinem
2368 4650 2487 4687 cum
2523 4634 2699 4702 justis.
2742 4633 2842 4700 Qui
2874 4638 3015 4690 enim
3066 4652 3169 4688 non
3204 4636 3523 4703 participant

1951 4706 2035 4757 hic
2071 4705 2192 4768 lide,
2227 4721 2331 4757 non
2364 4704 2755 4771 partit-ipabunt
2781 4707 2885 4757 illic
2914 4707 3258 4760 beatitudine.

2022 4775 2133 4843 Ego
2163 4792 2274 4827 sum
2318 4792 2530 4843 panper.
2568 4775 2677 4828 Illic
2700 4814 2715 4838 ,
2750 4776 2965 4843 inquam
2992 4814 3006 4839 ,
3050 4793 3154 4829 nou
3198 4777 3521 4839 scribentur,

1946 4859 2045 4911 ego
2076 4855 2249 4897 autem
2290 4859 2341 4897 et
2374 4846 2478 4897 mei
2509 4844 2804 4898 scribemur
2825 4885 2839 4910 ,
2886 4847 3008 4916 quia
3039 4864 3134 4915 ego
3169 4848 3218 4899 in
3260 4865 3344 4899 me
3373 4858 3427 4900 et
3470 4852 3520 4900 in

1952 4920 2083 4969 mets
2109 4932 2221 4968 sum
2258 4931 2486 4983 pauper,
2535 4916 2585 4968 id
2634 4925 2715 4968 est
2743 4957 2756 4978 ,
2792 4917 2918 4969 mihi
2968 4918 3097 4970 nihil
3129 4919 3444 4983 attribueus,
3477 4929 3524 4970 et

1946 5003 2063 5039 sum
2111 4986 2284 5038 dolens
2312 5001 2409 5053 ego
2436 4986 2646 5052 quidem
2680 5000 2777 5052 pro
2808 5002 2961 5040 meis.
2992 4988 3151 5042 Juxta
3181 4987 3335 5054 quod
3355 4989 3515 5041 Isaias

1946 5057 2014 5109 de
2045 5058 2160 5125 ipso
2189 5057 2263 5108 ait
2294 5071 2309 5108 :
2346 5056 2445 5122 Qui
2470 5072 2564 5126 pro
2604 5059 2745 5108 nobis
2772 5057 2951 5111 dolens
2981 5060 3270 5112 vulneratus
3298 5069 3373 5111 est
3405 5076 3523 5123 pro-

1947 5137 2057 5196 pter
2104 5128 2397 5196 iniquitates
2456 5137 2676 5179 nostras.
2731 5128 2829 5181 Mei
2885 5139 3063 5183 autem
3112 5137 3238 5183 sunt
3281 5129 3523 5181 dolentes

1948 5213 2045 5264 pro
2068 5199 2281 5252 miseria
2313 5214 2420 5249 sua:
2450 5200 2788 5252 mortalitatis
2812 5210 2864 5253 et
2889 5200 3273 5262 passibilitatis.
3311 5200 3371 5251 Et
3398 5203 3520 5265 quia

1946 5282 2056 5318 sum
2084 5279 2339 5334 pauperet
2370 5270 2544 5320 dolens
2570 5310 2605 5334 ,γ
2624 5268 2760 5333 ideo,
2791 5286 2822 5323 ο
2856 5270 2993 5324 Deus
3018 5309 3034 5332 ,
3067 5284 3188 5323 vera
3217 5269 3357 5321 salus
3387 5278 3479 5321 tua
3502 5309 3516 5329 ,

1946 5338 2259 5390 aeternitatis
2279 5378 2293 5399 ,
2322 5339 2523 5390 scilicet
2548 5381 2562 5404 ,
2603 5352 2654 5391 et
2682 5340 3121 5407 impassibilitatis
3148 5383 3158 5397 .
3193 5339 3413 5405 suscepit
3438 5356 3515 5389 me

1946 5416 1998 5478 et
2028 5422 2173 5460 meos
2191 5408 2300 5475 jam
2330 5408 2680 5475 dispositione
2700 5450 2714 5472 ,
2747 5423 2800 5463 et
2828 5411 3084 5478 suscipiet
3115 5416 3164 5460 in
3192 5420 3261 5461 te.
3299 5411 3359 5461 Et
3392 5421 3521 5463 tunc

1947 5476 2165 5529 Ludubo
2197 5488 2250 5530 et
2289 5477 2338 5530 iu
2380 5495 2464 5532 me
2495 5488 2548 5530 et
2579 5480 2631 5530 in
2666 5482 2799 5534 uicis
2830 5476 3011 5533 nomen
3046 5479 3136 5533 Dei
3162 5495 3274 5531 cum
3297 5481 3521 5542 cantico,

1946 5547 1995 5619 id
2026 5558 2284 5619 est,rcum
2315 5550 2492 5619 laetitia
2518 5548 2634 5603 sine
2665 5550 2873 5602 tristitia
2896 5590 2910 5613 ,
2947 5562 2991 5601 et
3032 5550 3372 5619 magniﬁcabo
3399 5564 3520 5602 eum

1945 5618 1998 5669 in
2027 5618 2179 5670 laude
2203 5658 2218 5680 ,
2253 5618 2302 5671 id
2334 5628 2436 5679 est,
2471 5618 2695 5673 laudabo
2728 5623 2899 5688 ipsum
2939 5620 3102 5673 Deum
3126 5618 3194 5673 in
3235 5619 3514 5689 magnilica

1946 5690 2133 5755 laude,
2169 5690 2217 5741 id
2264 5699 2382 5753 est,
2427 5704 2478 5742 ιιι
2520 5704 2645 5744 vera
2692 5700 2747 5743 et
2788 5689 3111 5744 iudeticieuti
3155 5691 3329 5744 laude.
3365 5691 3513 5744 Beati

1944 5758 2083 5824 enim
2111 5761 2196 5827 qui
2227 5757 2464 5812 habitant
2496 5758 2549 5813 in
2585 5759 2744 5814 domo
2770 5770 2856 5813 tua
2878 5800 2893 5823 ,
2930 5762 3171 5823 Domine,
3204 5760 3256 5813 iu
3286 5764 3525 5824 saecula,

1943 5826 2183 5896 scilicet,
2217 5830 2504 5886 laudabunt
2544 5840 2614 5885 te.
2650 5829 2830 5887 Potest
2875 5847 3084 5904 quoque
3112 5832 3162 5886 in
3194 5830 3273 5887 his
3303 5832 3531 5887 duobus.
3568 5826 3574 5841 ‘
