4010 6190
320 334 425 389 355

1057 327 1118 380 IN
1157 325 1573 380 PSALMORUM
1617 323 1868 379 LIBRUM
1915 322 2268 379 EXEGESIS.
2301 353 2370 366 —
2407 324 2647 380 PSALM.
2691 321 2848 380 ωιίι.

3466 315 3567 369 854

319 466 423 504 non
477 449 819 509 accelerare,
867 443 993 497 ideo
1031 441 1161 495 dicit
1204 458 1215 492 :
1260 438 1473 493 Festina
1517 441 1583 492 ad
1631 438 1887 506 adjuvan-
1917 434 1964 490 A
1998 444 2150 509 natos
2177 449 2319 509 esse,
2360 443 2415 489 et
2451 446 2776 509 cognoscent
2813 450 2871 491 se
2918 450 3137 506 egenos,
3189 445 3241 490 et
3294 437 3560 491 medicum

317 523 440 576 dum
468 536 568 572 me.

391 612 784 682 Confundantnr
813 618 856 682 et
885 616 1223 682 revereantur.
1251 605 1636 682 Doletsanctus
1658 602 1740 653 vir
1772 600 1889 682 ani-_

319 701 460 738 mam
490 671 638 735 suam
669 680 831 746 qua'ri
863 695 890 731 a
925 678 1078 730 malis
1102 717 1117 739 ,
1157 691 1258 729 non
1301 673 1391 746 ad“
1413 671 1722 746 imitandum
1753 673 1890 746 ,_sed

317 758 386 808 ad
418 740 859 822 opprimendum;
891 759 949 822 et
973 748 1093 822 ideo
1114 755 1230 796 orat
1256 753 1312 796 et
1341 742 1468 796 dicit
1499 760 1511 793 :
1551 740 1889 822 gerula-udam

320 840 404 879 tur
428 811 854 879 e't'revereantur.
891 819 990 873 Ubi
1031 832 1163 884 ergo
1199 813 1682 884 prtcceotmnillud
1717 811 1892 884 Evan-_

317 896 444 956 aelii
474 893 662 960 :Orate
691 906 784 953 pro
807 882 1215 960 persequentibus
1243 893 1290 937 et
1319 882 1748 960 calumniantibus
1768 882 1894 960 vos?

321 952 383 1018 Et
418 967 542 1020 item
586 980 598 1015 :
630 952 844 1032 Di’ligit'e
867 952 1100 1032 inimicos
1130 966 1345 1032 vestros,
1388 953 1663 1032 benefacite
1699 952 1770 1032 eis
1803 952 1892 1031 qui

317 1038 537 1090 oderunt
578 1031 701 1086 vos?
730 1025 828 1101 Ubi
854 1028 1020 1101 etiam
1045 1025 1348 1101 exemplum
1378 1025 1450 1090 pii
1486 1025 1724 1101 magistri
1750 1060 1773 1101 ,θ
1799 1025 1887 1101 qui

320 1108 506 1160 docuit
533 1119 637 1156 non
671 1100 844 1154 solum
873 1096 1119 1150 inimicos
1141 1094 1360 1158 diligere
1383 1131 1400 1156 ,
1432 1092 1526 1147 sed
1558 1100 1612 1145 et
1635 1107 1730 1154 pro
1763 1092 1892 1156 ipsis

322 1190 482 1230 orare
508 1215 523 1235 .
567 1172 750 1226 (licens
790 1183 888 1232 pro
925 1165 1366 1231 persequentibus
1397 1163 1518 1235 suis
1548 1161 1601 1215 in
1635 1161 1744 1235 ip-a
1765 1176 1893 1235 pas-

319 1250 473 1300 sione
510 1231 534 1296 -ε
575 1241 760 1305 Pater,
794 1231 1002 1309 ignosce
1037 1237 1145 1309 illis
1168 1277 1183 1301 ,
1220 1235 1344 1309 _quia
1387 1233 1614 1309 nesciunt
1649 1231 1773 1309 quid
1795 1232 1894 1309 _fa-

319 1316 510 1371 riunt?
541 1314 653 1366 Non
680 1301 884 1382 utique
926 1306 1174 1382 dissentit
1218 1307 1319 1358 iste
1361 1303 1430 1354 ab
1462 1301 1582 1382 illo,
1628 1301 1754 1382 quia
1792 1301 1893 1355 hoc

320 1396 464 1452 orat,
515 1395 570 1436 ut
617 1381 690 1435 illi
739 1372 1021 1452 qniprius
1058 1383 1274 1452 sanctos
1308 1387 1440 1452 suos
1469 1372 1889 1452 incarcerabant,

322 1443 682 1522 ﬂagellabant,
714 1443 992 1522 necabam,
1023 1446 1163 1522 unde
1189 1443 1643 1513 gloriﬁcabantur,
1672 1443 1894 1522 confun-

319 1513 515 1579 dantur
541 1565 556 1586 ,
588 1523 639 1574 id
667 1513 796 1592 est.
836 1516 1179 1592 conl‘usibiles
1209 1530 1269 1569 se
1295 1522 1695 1592 recognoscant,
1726 1522 1776 1565 et
1816 1513 1895 1565 sic

319 1583 683 1656 "vereantur,
718 1591 768 1644 id
799 1597 919 1656 est,
957 1587 1346 1656 extimescant,
1389 1592 1443 1636 et
1481 1583 1757 1656 nobiscum
1804 1596 1895 1648 ρει

319 1678 472 1722 ctera
504 1652 746 1717 tundunt.
785 1652 966 1712 Talem
1005 1655 1146 1711 enim
1190 1654 1474 1708 vindictam
1511 1652 1619 1722 jam
1670 1665 1893 1718 accepe-

323 1721 451 1790 runt
477 1733 643 1789 sancti
670 1733 736 1785 ab
760 1729 989 1783 inimicis
1021 1727 1154 1791 suis,
1182 1727 1304 1794 quia
1345 1723 1536 1777 Paulus
1568 1721 1655 1774 ille
1683 1723 1770 1790 qui
1802 1735 1891 1794 ac-

320 1815 538 1874 ceperat
567 1803 768 1856 litteras
799 1816 830 1855 a
870 1792 1212 1874 principibus
1227 1794 1588 1874 sacerdotum,
1619 1801 1677 1844 ut
1706 1792 1889 1874 ἣξει-ιιι

326 1861 665 1933 Damascum,
693 1881 745 1924 et
774 1861 1119 1938 quoscunque
1164 1864 1307 1918 viros
1330 1863 1653 1938 Christianae
1681 1861 1892 1927 religio-

325 1949 407 1999 nis
438 1945 726 2006 inveniret,
753 1933 960 2013 vinctos
985 1939 1304 2013 perduceret
1329 1935 1380 1988 in
1407 1933 1725 2013 Jerusalem,
1755 1947 1888 2013 voce

321 2017 503 2071 divina
534 2029 660 2068 vere
687 2003 861 2064 audita
895 2011 948 2064 in
971 2003 1075 2074 via,
1110 2006 1389 2062 confessus
1418 2013 1501 2057 est
1526 2003 1592 2074 de
1620 2003 1897 2074 conscien-

328 2089 398 2140 tia
429 2102 521 2138 sua
543 2126 561 2153 ,
603 2094 654 2137 et
686 2082 948 2153 reveritus
977 2072 1226 2153 deitanta
1270 2072 1628 2153 immodestia.
1678 2072 1744 2125 Et
1778 2087 1898 2153 pro-

328 2167 526 2210 stratus
546 2144 628 2208 est
650 2153 717 2206 ab
738 2149 1117 2214 obediendum,
1138 2145 1227 2214 qui
1243 2146 1386 2215 prius
1406 2144 1896 2215 inﬂammatusl'ue-

325 2234 410 2280 rat
449 2229 510 2278 ad
554 2212 1316 2291 persequendum._Vertantur
1342 2227 1655 2291 retrorsum.
1685 2212 1781 2291 _Hic
1794 2212 1894 2291 _di-

324 2283 823 2363 stinguit-tempora
870 2287 1224 2363 tribulationis
1253 2294 1306 2340 et
1348 2284 1728 2363 persecutionis
1793 2283 1893 2337 Ec-

325 2353 524 2421 clesiae.
553 2353 710 2418 Prius
734 2362 877 2434 enim
912 2361 1011 2434 fuit
1034 2359 1263 2434 impetus
1294 2353 1752 2434 persequentium,
1784 2369 1900 2434 m2-

329 2436 400 2490 do
447 2435 706 2489 remansit
755 2424 1128 2486 malevolentia
1182 2435 1383 2480 tantum
1433 2424 1803 2490 cogitantium.
1835 2424 1901 2478 Et

331 2522 427 2576 pro
451 2507 563 2559 iSIis
592 2512 744 2576 rogat
767 2542 780 2561 .
815 2503 986 2567 utqui
1021 2499 1166 2576 prius
1209 2496 1517 2576 praecedere
1544 2494 1814 2576 vnlebant,
1846 2503 1901 2576 et

330 2565 449 2629 esse
481 2565 737 2639 magist'ri,
770 2565 1059 2626 avertantur
1073 2569 1188 2644 1_ila
1221 2575 1277 2620 ut
1304 2568 1730 2644 sintlretrorsum,
1758 2565 1901 2644 sicut

328 2649 416 2700 ille
445 2647 540 2698 fuit
568 2636 650 2698 cui
679 2655 760 2698 est
788 2644 991 2696 dictum
1025 2659 1036 2692 :
1073 2639 1214 2693 Vade
1236 2647 1388 2702 retro,
1412 2637 1656 2690 Satanas.
1685 2636 1902 2689 Scilicet

329 2734 434 2771 non
468 2715 770 2777 praecedant
796 2724 847 2765 ut
881 2725 1066 2776 pravas
1089 2710 1201 2762 vias
1224 2723 1350 2761 suas
1380 2707 1605 2760 duci-ant
1630 2747 1647 2777 ,
1683 2707 1776 2760 sed
1811 2722 1898 2777 re-

326 2796 410 2842 tro
437 2774 562 2847 sint,
608 2797 661 2837 ut
685 2785 849 2836 bonas
882 2774 1112 2834 discant.
1153 2779 1252 2842 Illi,
1284 2779 1430 2842 dico,
1457 2779 1542 2844 qui
1567 2774 1744 2828 volunt
1771 2775 1901 2830 mihi

327 2859 486 2917 mala,
529 2857 578 2908 id
624 2865 724 2916 est,
773 2858 859 2917 qui
905 2853 1042 2906 male
1084 2855 1267 2905 vivunt
1307 2850 1358 2902 in
1390 2855 1570 2901 tuente
1598 2862 1714 2912 sua,
1754 2856 1808 2900 et
1848 2849 1901 2900 itt

329 2928 536 2982 luxuria
563 2925 804 2979 nutriunt
830 2924 990 2976 corda
1026 2938 1142 2975 sua.

397 3019 696 3070 Avertantur
718 3014 906 3066 statim.
937 3010 1072 3076 Quia
1113 3009 1311 3079 duplex
1342 3017 1424 3079 est
1455 3008 1764 3079 perseeutig
1797 3006 1896 3063 Ec-

327 3086 500 3141 clesia:
531 3104 541 3137 :
572 3085 672 3138 alia
704 3083 908 3136 scilicet
929 3076 1310 3144 violenta,'alia
1340 3076 1698 3132 fraudulenta.
1726 3077 1893 3132 Frau-

328 3155 544 3209 dulenta
576 3169 702 3207 vero
734 3153 864 3205 till‘tS
891 3159 1070 3218 Partes
1099 3150 1278 3211 habet,
1324 3148 1756 3202 malevolentiam
1791 3149 1892 3218 sci-

327 3225 455 3279 licet
483 3233 538 3277 et
560 3217 941 3284 adulationem,
975 3236 1020 3273 ei
1055 3235 1195 3288 saepe
1221 3220 1341 3287 plus
1373 3225 1528 3272 nocet
1556 3217 1734 3285 lingua
1759 3217 1888 3272 adu-

328 3295 513 3348 lator-is
542 3307 698 3362 quam
744 3305 930 3344 manus
958 3290 1313 3362 persecutoris
1345 3307 1354 3340 :
1393 3289 1532 3362 ideo
1555 3304 1648 3354 pro
1699 3288 1780 3342 his
1813 3288 1894 3342 di-

326 3365 424 3426 cit,
453 3357 752 3415 Avertantur
777 3357 976 3425 statim,
1023 3359 1073 3412 id
1106 3369 1207 3419 est,
1230 3357 1345 3411 sine
1391 3357 1535 3410 omni
1586 3372 1735 3410 mora
1780 3374 1897 3411 eru-

327 3434 578 3488 bescentes
607 3431 673 3483 de
703 3430 940 3496 nequitia
983 3443 1100 3484 sua.
1146 3429 1219 3480 illi
1244 3429 1334 3496 qui
1359 3428 1532 3478 dii-unt
1555 3428 1698 3490 mihi,
1724 3427 1890 3496 Euge,

328 3519 475 3574 euge,
525 3502 574 3574 id
606 3507 709 3574 est,
739 3495 829 3574 qui
858 3514 944 3574 me
975 3499 1279 3574 laudant__ut
1307 3495 1600 3574 decipiant.
1621 3497 1767 3574 _Nam
1799 3495 1897 3574 cur

332 3566 418 3625 me
446 3571 700 3625 laudant?
723 3566 897 3638 potius
929 3567 1147 3638 laudent
1170 3566 1378 3638 illum,a
1409 3579 1517 3638 quo
1547 3566 1719 3638 habeo
1741 3566 1896 3638 quid:

333 3642 457 3710 quid
490 3641 611 3694 boni
635 3634 825 3693 habeo.
861 3638 997 3710 Dicit
1026 3637 1318 3710 Sapientia,
1347 3636 1471 3710 quia
1501 3634 1750 3710 probatio
1778 3635 1896 3710 auri

333 3704 388 3765 et
412 3711 614 3775 argenti
647 3710 780 3776 ignis
813 3726 824 3760 :
855 3704 1110 3776 probatio
1133 3704 1551 3776 autemviriest
1581 3719 1642 3757 os
1673 3706 1894 3776 laudan-

337 3783 467 3835 tium
496 3773 638 3834 eum.
668 3773 738 3833 ‘Si
771 3773 909 3832 eniin
949 3792 1052 3829 non
1093 3779 1236 3830 cedit
1262 3773 1679 3837 atlntationi'us,
1715 3774 1759 3826 si
1790 3790 1896 3828 non

333 3852 620 3919 acquiescit
651 3848 937 3919 blanditiis.
987 3846 1225 3919 perfecte
1255 3853 1509 3919 e_\coct_tis
1536 3852 1621 3919 est
1651 3845 1772 3910 igne
1806 3845 1899 3919 tri-

333 3911 640 3974 bulationis.
678 3920 739 3971 Et
765 3917 840 3971 sic
863 3911 1033 3971 bonus
1061 3917 1164 3968 erit
1188 3923 1242 3967 et
1285 3915 1534 3967 introitus
1554 3911 1670 3979 ejus
1691 3921 1746 3965 et
1771 3913 1898 3967 exi-

334 4000 420 4044 tus
446 3989 582 4057 ejus.
622 3986 781 4041 Justa
803 3985 946 4054 quod
978 3986 1267 4057 Apostolus
1295 3984 1423 4057 dicit
1448 4000 1465 4057 _:
1495 3981 1688 4057 Fidelis
1741 3982 1898 4057 Deus,

334 4062 420 4126 qui
462 4051 562 4112 non
603 4061 794 4126 patitur
822 4051 928 4126 ’νοις
968 4054 1149 4126 tentari
1199 4070 1356 4114 supra
1402 4053 1463 4126 ill
1498 4051 1654 4126 quod
1689 4055 1897 4119 potestis

335 4122 486 4196 (ecce
517 4122 657 4182 intro
681 4128 808 4194 tus),
839 4124 926 4177 sed
973 4124 1120 4196 faciet
1151 4139 1264 4175 cum
1291 4123 1570 4196 tentatione
1590 4122 1741 4196 etiam
1772 4139 1900 4196 pro-

344 4192 568 4259 ventum,
599 4208 651 4249 ut
697 4192 898 4264 possitis
928 4194 1171 4246 sustinere
1203 4202 1352 4261 (ecce
1381 4193 1600 4264 exitus).
1649 4192 1902 4264 introitus

338 4271 481 4321 enim
513 4277 594 4323 est
625 4260 837 4328 tentari,
870 4266 1043 4318 exitus
1082 4278 1187 4316 non
1216 4265 1406 4316 cedere
1434 4278 1447 4324 ;
1482 4261 1584 4316 hoc
1612 4260 1733 4314 oleo
1759 4262 1902 4332 adu-

339 4339 552 4393 lationis
577 4337 765 4391 volunt
805 4334 1040 4390 hmretici
1088 4332 1404 4401 impinguari
1435 4342 1616 4401 caput,
1637 4346 1817 4396 suum,
1847 4341 1902 4385 ut

343 4408 590 4471 Donatus,
615 4409 702 4472 qui
727 4404 999 4471 discipulis
1028 4406 1137 4457 suis
1163 4399 1349 4456 audire
1370 4399 1558 4465 voluit,
1591 4399 1710 4454 Duce
1734 4405 1861 4454 bone
1883 4444 1898 4465 ,

2003 505 2164 558 fuisse
2193 505 2290 557 sibi
2308 507 2702 560 necessarium.

2069 573 2180 644 Ego
2208 590 2320 627 vero
2361 591 2544 642 egenus
2582 587 2630 628 et
2669 593 2858 642 pauper
2877 593 3009 630 sum.
3033 574 3186 630 illud.
3220 574 3457 641 inquam,
3481 577 3564 627 di-

1995 655 2141 715 cant,
2167 645 2234 697 de
2267 645 2510 708 Domino,
2541 647 2640 700 hoc
2666 663 2792 700 vero
2814 647 2954 700 dicat
2981 647 3204 715 quisque
3222 646 3288 697 de
3312 662 3369 698 se
3401 646 3550 710 ipso:

1997 713 2110 782 Ego
2139 731 2250 767 sum
2302 731 2516 784 egenus.
2548 716 2598 768 id
2649 727 2751 780 est,
2811 713 3053 784 indigens
3105 716 3279 768 alieno
3335 717 3559 776 auxilio.

1994 787 2114 853 quia
2147 784 2299 838 video
2325 785 2482 837 etiam
2514 785 2684 852 legem
2717 788 2767 839 in
2799 786 3055 840 membris
3085 786 3214 838 meis
3249 799 3557 852 repugnan-

1997 865 2100 908 tem
2133 855 2229 919 legi
2255 855 2450 907 mentis
2481 871 2634 910 meze.
2686 855 2747 908 Et
2782 871 2896 908 sum
2944 870 3154 922 pauper.
3201 855 3249 908 id
3291 863 3396 916 est,
3429 869 3561 908 esu-

1999 924 2140 976 riens
2162 933 2217 976 et
2244 925 2450 985 sitiens,
2480 935 2535 978 et
2565 926 2690 979 mihi
2722 926 2895 979 adhuc
2942 925 3307 988 iusul‘liciens;
3345 935 3400 977 et
3441 925 3562 977 ide—i

1997 1003 2050 1047 tu
2083 993 2240 1055 Deus,
2267 995 2356 1063 qui
2379 995 2524 1047 Solus
2555 1006 2726 1061 potes,
2749 996 2937 1064 adjuva
2982 1011 3079 1059 me,
3113 1006 3167 1048 et
3210 995 3279 1046 ita
3310 994 3436 1047 dico
3465 1000 3564 1046 att--

1986 1064 2116 1133 juva
2166 1079 2262 1126 me,
2316 1065 2524 1117 scilicet
2547 1076 2663 1118 esto
2701 1067 2911 1134 adjutor
2956 1082 3128 1128 meus,
3159 1073 3345 1118 contra
3390 1069 3578 1128 legem

2003 1134 2324 1186 contrariam
2351 1135 2400 1186 in
2428 1136 2681 1188 membris
2700 1137 2832 1190 meis
2861 1145 3245 1205 repugnantem
3277 1135 3380 1205 legi
3402 1151 3569 1205 men-

1999 1205 2064 1256 tis
2094 1218 2246 1263 meae.
2293 1213 2343 1256 et
2365 1205 2604 1258 liberator
2631 1221 2769 1260 meus
2821 1207 2886 1260 de
2926 1203 3342 1270 implicamentis
3400 1203 3565 1271 hujus

1996 1273 2196 1328 saeculi.
2247 1273 2311 1326 Et
2339 1285 2397 1327 ut
2421 1275 2496 1328 sis
2521 1275 2731 1343 adjutor
2759 1284 2815 1330 et
2846 1276 3118 1341 liberator,
3147 1273 3293 1336 ideo,
3323 1273 3566 1338 Domine,

1996 1359 2060 1396 ne
2087 1345 2322 1410 moreris,
2355 1343 2407 1397 id
2435 1354 2537 1408 est,
2570 1347 2652 1399 l’ac
2683 1346 2808 1399 mihi
2853 1360 2957 1398 non
3017 1345 3231 1412 longum
3265 1344 3432 1397 videri
3463 1361 3570 1398 cx-

1995 1425 2238 1485 spectare
2285 1413 2609 1481 promissum
2652 1425 2796 1469 tuum
2837 1414 3136 1485 praemium,
3191 1416 3312 1482 quia
3362 1415 3405 1485 si
3459 1429 3567 1468 non

2000 1483 2239 1553 habuero
2272 1485 2629 1549 tolerantiam,
2661 1499 2754 1538 ero
2778 1483 2970 1540 similis
3001 1484 3102 1536 illis
3126 1485 3210 1553 qui
3264 1485 3315 1536 in
3347 1484 3569 1553 deserto

1995 1551 2326 1620 defecerunt,
2386 1561 2441 1607 et
2485 1554 2760 1610 redierunt
2805 1563 2981 1609 mente
3027 1551 3231 1618 videre,
3285 1569 3404 1622 qua:
3449 1552 3562 1622 jam

1995 1627 2276 1677 exiverant
2320 1637 2569 1690 corpore.
2622 1625 2690 1678 Et
2715 1640 2809 1679 ero
2839 1626 3120 1678 immemor
3166 1625 3240 1678 tui
3285 1624 3564 1678 dicentis:

1998 1692 2306 1747 Mementote
2351 1695 2526 1746 uxoris
2558 1693 2675 1758 Lot,
2725 1710 2843 1762 qua:
2886 1709 3100 1764 egressa
3123 1695 3192 1748 de
3229 1694 3480 1748 Sodomis
3513 1694 3575 1749 in.

1928 1780 1971 1839 Β
1996 1765 2079 1839 via
2109 1765 2299 1839 defecit
2329 1779 2344 1816 :
2376 1766 2467 1817 sed
2496 1774 2693 1839 mutata
2737 1765 2788 1818 in
2819 1773 3049 1818 statuam
3076 1764 3203 1839 salis
3229 1774 3301 1839 _ut
3327 1773 3379 1839 te
3396 1779 3555 1839 Acon-

1996 1837 2128 1898 diat,
2170 1833 2376 1888 scilicet
2410 1843 2464 1886 ut
2517 1842 2569 1886 te
2597 1836 2805 1896 doceat,
2835 1849 2903 1888 ne
2930 1843 2986 1888 et
3015 1843 3068 1886 tu
3099 1833 3150 1886 in
3192 1832 3279 1886 via
3318 1833 3560 1895 deliciae,

1997 1906 2089 1960 sed
2115 1918 2330 1971 semper
2357 1906 2420 1956 ad
2454 1903 2676 1971 patriam
2709 1905 2973 1957 intendas.
3033 1904 3096 1957 Et
3125 1903 3170 1957 si
3199 1918 3397 1956 morum
3429 1905 3565 1971 fece-

1999 1977 2064 2027 rit
2087 1984 2324 2041 exspecta
2358 1989 2492 2036 eum,
2515 1974 2636 2042 quia
2664 1975 2867 2027 veniens
2896 1973 3081 2036 veniet,
3112 1983 3161 2026 et
3197 1989 3298 2026 non
3327 1974 3573 2028 tardabit.

2009 2045 2171 2098 Nemo
2201 2044 2333 2095 enim
2361 2045 2557 2096 mittens
2599 2060 2808 2097 manum
2835 2045 2904 2097 ad
2931 2053 3188 2110 aratrum,
3219 2054 3266 2097 et
3292 2045 3578 2112 respiciens

1998 2124 2152 2180 retro,
2176 2123 2324 2178 aptus
2365 2115 2457 2166 erit
2485 2129 2640 2183 regno
2675 2114 2787 2167 Dei.

2073 2185 2129 2240 Si
2161 2193 2336 2237 autem
2377 2181 2609 2251 psalmus
2645 2183 2746 2238 iste
2783 2183 2836 2236 in
2876 2198 3011 2239 voce
3039 2181 3229 2249 capitis
3260 2192 3316 2236 ut
3350 2183 3568 2253 quidam

2005 2256 2212 2319 volunt,
2243 2253 2465 2320 legatur.
2516 2266 2640 2306 tunc
2669 2253 2849 2308 biduo
2880 2269 3066 2308 versus
3091 2255 3163 2307 ita
3190 2263 3557 2322 exponentur.

2001 2324 2164 2391 Quasi
2213 2324 2351 2377 dicat
2384 2341 2396 2377 :
2433 2321 2722 2391 Exsultent,
2755 2325 2992 2392 inquam,
3023 2333 3071 2376 et
3121 2321 3352 2376 (tutentur
3397 2339 3572 2392 omnes

1998 2401 2278 2464 quiereutes
2313 2403 2378 2454 te,
2419 2403 2465 2446 et
2487 2395 2661 2447 dicant
2692 2410 2710 2448 :
2743 2391 2959 2465 Semper
3004 2393 3363 2465 magni/icetur
3392 2391 3574 2446 Domi-

1999 2481 2114 2518 nus.
2148 2465 2215 2519 Ut
2262 2465 2587 2533 autem.mei
2624 2465 2746 2518 talia
2794 2464 3056 2528 dicerent,
3097 2464 3216 2532 ego
3237 2467 3403 2533 factus
3455 2480 3568 2517 sum

2002 2549 2127 2588 vere
2149 2549 2363 2605 egenus,
2381 2543 2427 2586 et
2452 2548 2585 2605 vere
2605 2550 2821 2602 pauper,
2851 2541 2914 2588 ut
2937 2534 3183 2605 exemplo
3231 2535 3365 2588 meis
3407 2546 3523 2587 sum
3554 2550 3570 2596 ;

2001 2615 2052 2659 et
2083 2602 2224 2668 ideo,
2274 2620 2303 2657 ο
2333 2603 2488 2669 Deus,
2517 2603 2709 2673 adjuva
2730 2620 2829 2666 me,
2875 2612 2931 2658 et
2958 2605 3030 2658 ita
3073 2602 3264 2673 adjuua
3313 2619 3416 2667 me,
3456 2613 3576 2658 esto

1999 2674 2204 2729 scilicet
2233 2674 2440 2743 adjutor
2480 2691 2620 2728 meus
2658 2673 2711 2726 in
2745 2674 3065 2742 perﬁciendo
3090 2673 3478 2743 obedientiam,
3513 2682 3560 2727 et

2001 2746 2243 2799 liberator
2269 2741 2412 2798 meus
2440 2745 2508 2798 ab
2536 2741 2783 2798 inimicis.
2819 2744 2883 2798 Et
2923 2745 3064 2809 ideo,
3097 2741 3334 2805 Domine,
3369 2759 3432 2796 ne
3458 2759 3575 2797 mo.

2000 2818 2151 2876 reris.
2197 2815 2249 2869 id
2297 2825 2398 2879 est,
2433 2831 2499 2867 nc
2535 2813 2749 2868 dilieras
2801 2830 2972 2868 meam
3029 2813 3477 2870 resurrectionem
3511 2816 3568 2870 in

2003 2900 2340 2940 communem
2371 2884 2608 2940 omnium
2639 2886 3109 2940 resurrectimiem.

2495 3016 2556 3070 IN
2585 3016 2913 3074 PSALMUM
2933 3017 3098 3073 LXX.

1921 3119 1969 3184 C
2072 3128 2315 3184 Psalmus
2356 3129 2520 3184 David
2549 3129 2776 3184 ﬁliorum
2807 3129 3045 3185 Jonadab
3065 3137 3119 3184 et
3142 3131 3376 3199 priorum
3401 3131 3573 3200 capti-

1999 3214 2210 3255 verum.

2601 3284 2978 3325 ARGUNENTUII.

2068 3358 2314 3414 Praedicit
2349 3374 2408 3415 ea
2430 3374 2549 3429 qua:
2583 3371 2698 3415 erat
2727 3361 2948 3428 populus
2976 3362 3026 3414 in
3059 3360 3333 3430 Babylone
3375 3374 3558 3426 passu.

1996 3444 2108 3490 rus.
2146 3439 2202 3484 et
2232 3431 2344 3484 haec
2375 3431 2438 3482 ad
2478 3431 2908 3486 emendationem
2936 3438 3182 3493 ventura,
3215 3431 3372 3486 simul
3402 3432 3562 3485 etiam

1999 3499 2227 3554 reditum
2262 3500 2600 3568 promittens.
2639 3501 2827 3565 Aliter,
2854 3515 2954 3555 vox
2994 3500 3193 3555 Christi
3227 3501 3294 3555 ad
3324 3501 3559 3556 Patrem.

2605 3629 2960 3670 EXPLANATIO.

2066 3704 2324 3760 Jeremias
2366 3704 2623 3774 propheta
2652 3705 2820 3760 refert
2847 3705 3086 3760 Jonadab
3124 3705 3286 3759 fuisse
3333 3705 3424 3758 Dei
3465 3722 3558 3760 sa-

1997 3775 2294 3839 cerdotem,
2337 3775 2424 3844 qui
2456 3775 2578 3830 ﬁliis
2607 3777 2718 3829 suis
2751 3778 3062 3844 princeperit
3105 3791 3209 3828 nou
3255 3777 3438 3829 bibere
3471 3777 3557 3830 vi-

2001 3861 2149 3912 num,
2191 3859 2364 3912 neque
2394 3846 2446 3897 in
2475 3845 2740 3910 domibus,
2792 3848 2887 3900 sed
2930 3847 2984 3898 in
3017 3845 3256 3899 tentoriis
3287 3845 3556 3907 habitare,

1999 3929 2199 3980 eosque
2244 3929 2486 3982 magnam
2529 3915 2847 3969 obedientize
2887 3913 3045 3983 hujus
3084 3913 3222 3978 apud
3269 3915 3557 3970 Dominum

1999 3985 2218 4051 gratiam
2249 3986 2590 4052 comperisse,
2624 3988 2710 4052 qui
2743 4001 2881 4039 nunc
2914 3999 3008 4052 pro
3033 3983 3276 4038 ﬁdelibus
3305 4000 3369 4038 ac
3393 3984 3561 4039 dero.

2006 4054 2070 4107 tis
2101 4065 2382 4121 ponuntur.
2415 4053 2561 4109 Unde
2584 4061 2638 4107 et
2664 4054 2902 4108 JOnadab
2934 4057 3313 4121 interpretatur
3351 4054 3563 4109 Domini

2001 4135 2349 4190 spontaneus,
2397 4123 2487 4190 qui
2526 4124 2703 4177 dicere
2745 4135 2915 4190 potest
2949 4141 2962 4176 :
2996 4121 3308 4178 Voluiitarie
3363 4128 3566 4179 sacrm-

2001 4193 2429 4262 cabotibi.Cum
2478 4195 2666 4262 quibus
2695 4207 2750 4248 et
2792 4195 2999 4262 priores
3047 4194 3240 4261 cap'ivi
3286 4195 3444 4248 simul
3491 4197 3566 4247 lu-

2005 4277 2217 4332 crymas
2258 4261 2505 4324 fundunt,
2538 4262 2589 4316 id
2616 4275 2717 4328 est,
2748 4261 2839 4332 qui
2871 4267 3017 4331 prius
3053 4265 3330 4330 captivari,
3379 4274 3558 4332 postea

2007 4334 2193 4386 redimi
2238 4343 2564 4390 meruerunt.
2595 4334 2684 4401 qui
2717 4335 2985 4403 peccando
3019 4336 3230 4402 Captivi,
3263 4335 3562 4403 sedqpoeni-

2007 4403 2186 4474 tendo
2216 4403 2476 4474 redempti
2525 4404 2690 4467 aiunt,
2719 4401 2801 4456 'Et
2835 4405 2904 4458 de
2930 4401 3124 4474 abysso
3171 4415 3340 4474 terra:
3368 4401 3560 4458 iterum

337 4480 444 4530 dua;
474 4470 732 4544 prwclare,
775 4484 830 4528 et
871 4470 1090 4544 Similia.
1141 4474 1252 4544 llle__
1277 4486 1404 4544 vero
1424 4474 1599 4524 oleum
1632 4473 1744 4544 _hoc
1793 4488 1899 4544 non
1930 4470 1981 4531 D
2008 4471 2261 4524 reduxisti
2290 4487 2394 4526 me.
2442 4471 2795 4544 lqtroducitur
2846 4470 3067 4544 persona
3111 4473 3410 4544 generalis,
3431 4487 3550 4544 que

340 4540 580 4612 appetiit,
611 4547 701 4615 qui
726 4544 859 4600 dixit
887 4562 899 4596 :
932 4543 1180 4615 Nunquid
1213 4540 1414 4615 Paulus
1446 4558 1536 4615 p_ro
1561 4542 1697 4615 vobis
1735 4543 1905 4615 crucif

337 4619 497 4721 ﬁxus,
526 4611 643 4671 est?
683 4617 783 4670 Aut
835 4615 1064 4682 nunquid
1110 4613 1162 4664 in
1205 4613 1405 4664 nomine
1466 4611 1616 4663 Pauli
1660 4611 1911 4681 baptisati

311 4704 320 4713 '
337 4701 484 4740 881182

411 4775 678 4829 Exsultent
699 4783 745 4827 et
767 4774 1018 4827 (tutentur.
1033 4771 1371 4833 Avertantur,
1388 4769 1624 4838 inquam,
1641 4770 1715 4823 illi
1739 4779 1794 4823 et
1811 4771 1906 4837 illi,

340 4856 396 4902 et
410 4845 515 4900 illis
531 4844 767 4899 adversis
789 4841 1042 4897 exsultent
1062 4843 1313 4902 exterius,
1335 4853 1380 4893 et
1401 4841 1638 4892 [celentur
1657 4843 1905 4909 interius,

345 4917 396 4969 id
436 4927 536 4979 est,
587 4909 896 4983 p'lenariam
925 4911 1157 4983 laetitiam
1207 4909 1458 4972 habeant,
1507 4909 1706 4983 fundati
1751 4912 1802 4962 in
1832 4921 1902 4977 te,

342 5000 446 5038 non
471 4979 850 5053 praesumentes
869 4982 936 5036 de
966 4979 1123 5053 se,Aid
1152 4990 1255 5053 est,
1287 4996 1457 5033 omnes
1485 4981 1571 5042 qui
1608 4990 1910 5053 qua'ruutte

343 5049 490 5123 prius
517 5061 848 5124 quaerentem
897 5066 977 5124 se.
1019 5049 1132 5104 Non
1172 5051 1410 5124 enitnte
1439 5059 1758 5124 quiererent.
1799 5049 1905 5124 nisi

345 5118 644 5192 gratia-tua
697 5121 950 5192 praeventi
1005 5130 1202 5192 essent.
1258 5119 1553 5192 Veteliam
1585 5119 1653 5192 de
1701 5118 1905 5172 eisdem

346 5189 518 5259 potest
559 5192 662 5246 dici
712 5191 828 5245 sic:
862 5191 1060 5244 Omnes
1102 5189 1177 5243 illi
1213 5190 1385 5242 aversi
1427 5197 1482 5242 et
1522 5189 1907 5242 erubescentes

343 5262 594 5316 exsultent
620 5271 668 5314 et
697 5262 928 5316 {celentur
970 5262 1022 5313 in
1059 5269 1124 5322 te,
1170 5259 1256 5328 qui
1295 5267 1527 5326 quaerunt
1565 5271 1613 5312 te
1660 5274 1901 5327 quaeren-

345 5341 452 5385 tem
481 5347 558 5396 se,
598 5339 652 5385 et
697 5331 826 5384 nihil
855 5331 953 5384 sibi
994 5329 1282 5391 ascribunt,
1323 5328 1417 5382 sed
1463 5329 1638 5380 dicunt
1677 5345 1896 5394 semper,

344 5403 700 5470 magni/iretur
747 5400 1015 5470 Dominus,
1061 5410 1327 5470 nunquam
1366 5412 1572 5451 servus.
1622 5397 1901 5470 Errantem

345 5466 578 5537 vocavit,
597 5470 946 5539 uiagnificetur
977 5469 1251 5539 Dominus_;
1277 5477 1608 5536 peccatorem
1637 5466 1901 5539 justilica-

345 5541 440 5605 vit,
481 5537 829 5610 magniﬁcetttr
870 5537 1152 5610 Dominus.
1204 5537 1557 5610 Justil’icatum
1608 5537 1899 5610 coronavit,

348 5605 702 5692 ιιιᾳριιὶβὲειιιν
731 5608 994 5662 Dominus.
1036 5609 1165 5692 Hoc,
1199 5609 1433 5692 inqua-in,
1467 5607 1648 5659 dicant
1687 5605 1761 5659 illi
1812 5607 1902 5692 qui

349 5676 568 5749 diligunt
598 5679 818 5733 salutare
844 5691 996 5749 tuum
1028 5715 1045 5742 ,
1074 5678 1256 5749 idest,
1287 5679 1604 5749 salvatorem
1635 5687 1801 5728 tuum.
1835 5676 1902 5728 Et

349 5746 654 5820 quicunque
676 5763 799 5804 vere
825 5748 1045 5816 diligunt
1070 5747 1420 5810 salvatorem,
1462 5746 1687 5816 diligunt
1717 5761 1774 5799 se
1805 5763 1896 5798 sa-

2023 4551 2360 4607 peceatoruui
2392 4542 2694 4605 captivitate
2719 4543 2935 4596 liberata
2964 4542 3155 4598 divinis
3184 4541 3445 4598 mandatis
3473 4542 3564 4595 ad-

2019 4610 2274 4671 literebat,
2324 4611 2614 4677 prtedicaus
2645 4612 2795 4666 nobis
2818 4613 3010 4664 Christi
3057 4611 3261 4665 Domini
3305 4613 3568 4666 eximiam.

2015 4681 2350 4744 charitatem,
2379 4695 2497 4747 qua:
2526 4680 2684 4733 nullis
2714 4681 2911 4733 meritis
2937 4681 3356 4745 praecedentibus
3394 4683 3560 4746 gratis

2015 4763 2229 4815 semper
2277 4751 2614 4818 impenditur.
2657 4750 2782 4804 Haec
2811 4751 2863 4801 in
2897 4753 3061 4817 prima
3108 4761 3254 4817 parte
3283 4751 3470 4818 psalmi
3496 4753 3564 4805 ab

2018 4820 2262 4872 humanis
2309 4819 2671 4886 iniquitatibus
2716 4818 2915 4887 jugiter
2942 4835 3002 4874 se
3032 4821 3161 4886 petit
3204 4823 3397 4874 debere
3429 4822 3561 4875 libe-

2015 4892 2141 4955 rari,
2165 4899 2221 4942 ut
2245 4889 2465 4942 Domino
2509 4890 2707 4957 gratias
2739 4887 2938 4944 referre
2975 4900 3257 4943 mereatur.
3313 4891 3560 4945 Set-unde

2013 4958 2130 5011 loco
2159 4959 2419 5025 supplicat
2442 4974 2507 5012 ne
2532 4963 2581 5011 in
2609 4967 2881 5012 senectute
2918 4957 3034 5026 ejus
3079 4959 3354 5014 beneﬁciis
3386 4961 3560 5026 prive-

2013 5037 2115 5091 tur,
2147 5027 2298 5097 cujus
2326 5028 2523 5081 auxilio
2553 5027 2606 5080 in
2641 5027 2916 5096 juventute
2951 5037 3183 5097 protecta
3230 5039 3332 5084 est.
3373 5031 3553 5086 Tertio

2013 5097 2128 5150 loco
2151 5096 2290 5151 dona
2317 5097 2431 5164 ejus
2475 5112 2828 5164 enumerans,
2877 5096 3067 5170 iugiter
3110 5115 3170 5155 se
3210 5115 3371 5170 agere
3404 5099 3556 5170 polli-

2007 5175 2173 5221 cetur.

2581 5251 3003 5292 COMHENTARIUS.

2079 5325 2145 5379 In
2188 5335 2254 5389 te,
2304 5324 2538 5397 Domine,
2576 5329 2793 5397 speravi.
2836 5328 2894 5382 lu
2927 5331 3172 5382 ouinibus
3201 5329 3393 5382 divinis
3422 5328 3567 5384 Scri-

2008 5397 2174 5465 ptnris
2218 5395 2617 5451 commendatur
2657 5398 2808 5452 nobis
2839 5399 3068 5466 gratuita
3098 5400 3265 5463 gratis
3296 5397 3412 5462 Dei,
3444 5413 3564 5466 quas

2003 5467 2166 5532 gratis
2218 5481 2316 5518 nos
2365 5467 2572 5522 liberat.
2609 5467 2754 5520 llanc
2787 5466 3131 5520 commendat
3173 5466 3476 5530 Apostolus,
3511 5478 3565 5519 et

2005 5535 2124 5604 ideo
2149 5535 2338 5588 meruit
2364 5535 2563 5590 habere
2590 5536 2830 5589 inimicos
2857 5536 3094 5598 Judaaos,
3125 5537 3192 5590 de
3222 5537 3394 5590 littera
3427 5535 3572 5604 legis.

2003 5616 2057 5657 et
2081 5602 2147 5656 de
2180 5605 2374 5669 iustitia
2401 5621 2494 5658 sua
2528 5614 2931 5672 praesumentes.
2981 5603 3102 5657 ll.cc
3132 5606 3295 5658 etiam
3327 5602 3574 5658 maxime-

2003 5673 2405 5733 Commendatur
2434 5675 2584 5729 nobis
2611 5677 2660 5728 in
2692 5677 2792 5727 hoc
2820 5675 3044 5740 psalmo.
3071 5674 3192 5729 ideo
3225 5683 3282 5727 ut
3310 5682 3415 5727 tota
3439 5689 3563 5741 spes

2004 5751 2183 5797 nostra
2213 5745 2286 5798 sit
2309 5743 2361 5796 in
2393 5743 2529 5812 ipso,
2560 5744 2688 5798 nihil
2711 5745 2851 5812 quod
2883 5744 2946 5800 de
2973 5745 3124 5798 nobis
3156 5744 3304 5812 quasi
3350 5745 3415 5797 dc
3442 5758 3566 5812 pro—-
