4010 6190
420 310 523 365 εδει

885 316 1087 371 ΒΕΟΛΞ
1131 317 1573 374 VENERADlLlS
1619 318 1768 374 OPP.
1810 318 1985 374 PARS
2019 315 2087 371 ll.
2132 315 2325 375 SECT.
2369 318 2430 375 ll.

2516 350 2540 360 -
2579 320 2779 378 DUBM
2825 323 2910 376 ET
2948 321 3219 380 SPCRlA.
3564 325 3676 380 85⁵5

429 430 557 499 priis
598 431 799 485 viribus
844 446 1263 506 praesumamus,
1302 446 1368 506 ne
1411 441 1651 506 nostrum
1683 432 1939 506 iacientes
1967 470 1983 491 .
2020 435 2063 489 Α
2093 444 2209 481 rum
2258 429 2494 506 Jonadab
2540 432 2918 506 obedientiam,
2953 433 3132 488 laudat
3178 449 3318 506 eam,
3362 444 3415 489 et
3445 436 3524 491 sic
3565 453 3667 506 per

420 501 559 567 quod
585 501 650 553 ab
673 503 788 570 ipso
813 513 911 564 est,
932 512 982 554 et
1004 502 1143 557 ouod
1167 503 1465 563 accepimus
1482 504 1804 556 amittamus.
1821 502 1915 570 an
1942 516 1984 555 vs

420 573 604 635 psalmi
638 573 819 624 titulus
846 581 927 624 est
960 590 972 625 :
1002 571 1066 625 In
1090 573 1239 637 [imm
1268 572 1505 625 Patr/mus
1528 574 1625 640 ipsi
1653 573 1815 625 David
1844 572 1981 639 ﬁlio-

414 658 529 694 rum
566 642 823 701 Jonadab,
867 652 915 693 et
942 660 1113 693 eorum
1144 645 1230 711 qui
1259 644 1410 711 primi
1452 645 1637 701 captivi
1673 644 1811 697 ducti
1844 652 1982 696 sunt.

418 711 831 765 Commendatur
861 713 1011 763 nobis
1057 729 1117 764 ex
1165 714 1443 779 prophetia
1487 714 1731 767 .leremi:e
1765 716 1861 767 iste
1889 714 1983 766 Jo-

422 784 619 853 nadah,
666 783 790 853 quia
836 785 1084 836 sacerdos
1120 782 1209 836 Dei
1258 784 1394 835 fuit:
1446 786 1530 846 qni
1572 785 1816 853 prmct-pit
1861 785 1983 837 liliis

425 851 531 901 suis
566 868 631 903 ne
663 852 904 905 liiherei-t
936 853 1134 908 vinum.
1168 870 1265 905 nec
1296 855 1345 907 in
1376 854 1620 907 domibus
1659 851 1979 911 residerent.

425 921 517 973 sed
558 920 855 975 habitarent
889 925 937 975 in
970 924 1347 977 tabernaculis.
1378 926 1536 990 Quasi
1563 926 1700 979 dicat
1730 944 1743 979 ε
1779 942 1981 991 prame-

428 1005 572 1049 ptum
598 992 667 1045 illi
691 993 975 1055 diligenter
996 1004 1373 1054 servaverunt,
1399 1006 1445 1047 et
1480 994 1599 1047 ideo
1628 1013 1651 1043 τι
1688 996 1794 1048 Deo
1820 996 1981 1048 liene-

416 1062 520 1133 dici
552 1074 896 1118 meruerunt:
942 1081 1043 1117 non
1076 1066 1216 1133 quod
1264 1066 1512 1117 Dominus
1544 1068 1878 1133 praecepisset
1915 1083 1980 1118 ne

414 1131 597 1204 vinum
630 1132 890 1195 biberent,
925 1135 1019 1187 sed
1073 1131 1194 1204 quia
1234 1137 1485 1197 prmcepit
1516 1145 1573 1188 ιιι
1617 1131 1979 1196 lilii‘patrihu;

412 1201 463 1252 in
516 1202 741 1255 Domino
789 1201 1103 1259 ohedirentI
1139 1204 1311 1271 Quare
1366 1207 1438 1258 illi
1497 1216 1761 1273 prmcepto
1817 1208 1981 1272 patris

412 1282 661 1338 tanquam
690 1275 732 1326 si
761 1274 961 1328 domini
1006 1290 1208 1337 essent,
1260 1276 1599 1339 obed'eruot,
1644 1286 1697 1329 et
1743 1278 1859 1328 ideo
1889 1276 1983 1330 be-

412 1343 585 1396 nedici
638 1358 959 1399 meruerunt.
1020 1346 1173 1400 Unde
1230 1363 1323 1410 per
1373 1346 1559 1398 horum
1615 1346 1974 1400 obedientiam

415 1412 686 1478 redarguit
719 1418 976 1483 prepheta
1009 1417 1096 1470 ille
1137 1417 1407 1471 Israelitici
1449 1416 1627 1485 pepuli
1663 1417 1978 1470 iuohedien-

410 1484 559 1545 tiam,
596 1493 844 1547 tanquam
873 1503 901 1539 τι
934 1487 1123 1541 minori
1156 1488 1338 1541 dicens
1365 1505 1376 1539 :
1409 1490 1539 1551 Quia
1570 1488 1613 1539 si
1641 1488 1723 1539 isti
1758 1488 1977 1541 obedie-

410 1563 533 1605 runt
565 1568 829 1621 [ir-arrepto
869 1559 1051 1623 patris.
1100 1559 1268 1611 multo
1309 1561 1473 1620 magis
1510 1559 1707 1612 debent
1737 1559 1809 1611 illi
1852 1558 1982 1610 obc-

411 1624 525 1694 dire
559 1628 836 1694 tira‘ceptis
861 1629 1153 1682 Creatoris.
1186 1628 1318 1681 Cum
1344 1630 1483 1681 enim
1517 1629 1763 1694 expediat
1792 1631 1983 1681 animte

408 1692 628 1748 obedire
648 1692 754 1749 Deo
777 1711 893 1757 suo,
912 1700 1159 1764 expediat
1180 1700 1289 1751 lilio
1306 1699 1523 1751 obedire
1556 1692 1707 1761 patri.
1726 1713 1879 1751 servo
1894 1702 1983 1750 do-

410 1763 575 1835 mino,
620 1768 768 1820 uxori
796 1763 992 1821 marito
1019 1785 1033 1822 :
1060 1784 1236 1821 nonne
1260 1771 1424 1821 multo
1449 1770 1612 1832 magis
1650 1769 1859 1835 expedit
1888 1770 1982 1820 ho-

408 1834 538 1886 mini
568 1836 784 1890 obedire
820 1838 925 1890 Deo
955 1839 1182 1892 creatrri
1207 1840 1336 1890 suo?
1369 1839 1559 1905 Utique
1584 1839 1661 1892 sic
1692 1846 1790 1890 est.
1816 1836 1990 1903 Quare

410 1905 532 1971 quia
564 1905 634 1957 illi
663 1906 952 1966 lsraelitici,
984 1911 1181 1963 scilicet
1203 1926 1304 1961 non
1328 1911 1834 1971 obtempernvorttnt
1861 1926 1991 1971 prm-

411 1976 580 2049 ceptis
614 1976 851 2037 Domini,
879 1978 994 2032 ideo
1027 1989 1333 2033 meruerunt
1374 1981 1422 2031 in
1470 1978 1811 2049 Babyloniam
1864 1994 1991 2043 mp-

410 2044 585 2105 tivari,
630 2051 766 2113 quod
810 2049 1051 2115 prmdixit
1100 2050 1178 2102 eis
1222 2054 1475 2116 propheta
1518 2044 1721 2109 dici-ns,
1755 2059 1811 2099 ut
1859 2066 1991 2108 prro-

410 2127 594 2176 parcnt
637 2132 695 2169 se
737 2118 804 2171 ad
837 2120 1239 2185 captivitatem:
1273 2122 1390 2181 quia
1444 2135 1547 2170 non
1609 2127 1789 2177 iosset
1840 2121 1993 2175 aléter

412 2197 531 2255 esse
578 2187 703 2253 qttin
751 2191 1144 2255 captivarentur
1207 2192 1291 2255 qui
1343 2189 1708 2243 inohedientes
1766 2189 1990 2244 Domino

416 2253 523 2326 Deo
552 2272 648 2309 suo
678 2253 1015 2317 essriterunt.
1048 2270 1102 2313 et
1130 2253 1248 2313 ideo
1276 2261 1467 2313 dicitur
1499 2264 1547 2313 in
1590 2259 1742 2312 titulo
1764 2259 1989 2326 ﬁliorum

406 2325 662 2397 :IORIUItlb,
692 2340 738 2380 et
768 2346 938 2382 eorum
969 2333 1053 2395 qui
1080 2332 1226 2397 primi
1250 2332 1434 2392 captivi
1465 2332 1603 2383 ducti
1632 2340 1766 2382 sunt.
1813 2332 1874 2383 Ει
1899 2347 1990 2396 per

408 2394 625 2449 istorum
668 2400 1022 2453 olietlieotimt
1063 2394 1268 2463 culpata
1306 2412 1387 2453 est
1432 2403 1638 2453 illorum
1679 2394 1989 2454 inobediett-

408 2466 516 2518 tia:
550 2478 601 2520 et
646 2484 749 2522 non
788 2471 957 2523 solum
1010 2472 1218 2524 illorum
1269 2471 1650 2534 inobedieutia,
1687 2471 1779 2523 sed
1821 2472 1983 2525 etiam

412 2538 589 2589 omnis
643 2537 998 2593 inohedientia
1042 2542 1201 2594 etiam
1249 2548 1535 2606 primorum
1566 2548 1841 2608 parentum
1874 2543 1986 2595 Cul-

410 2616 563 2669 patur
589 2622 681 2671 per
733 2610 917 2661 horum
961 2610 1347 2665 obedientiam.
1390 2609 1682 2677 Captivitas
1728 2610 1868 2661 enim
1922 2610 1974 2663 in

410 2677 574 2728 Adam
622 2678 755 2731 etin
808 2680 909 2730 Eva
952 2680 1246 2748 designata,
1291 2695 1385 2748 per
1412 2680 1635 2733 istorum
1680 2682 1974 2747 primorum

405 2748 766 2817 captiv'tatem
814 2748 947 2803 facta
980 2761 1061 2803 est
1105 2766 1197 2816 per
1247 2751 1700 2811 inohcdientiam;
1751 2749 1849 2803 sub
1877 2767 1977 2817 qua

406 2816 714 2890 captivitate
738 2821 913 2874 adhuc
952 2830 1217 2883 tenemur,
1261 2820 1380 2890 quia
1411 2831 1467 2875 et
1506 2822 1548 2875 si
1574 2821 1682 2885 jam
1714 2835 1807 2886 spe
1839 2816 1971 2875 lilieo

403 2885 505 2938 rati
542 2903 746 2955 sumus,
780 2908 883 2944 ιιοιι
909 2901 1083 2945 tamen
1116 2894 1165 2944 in
1194 2907 1253 2945 re
1280 2885 1297 2943 Ξ
1328 2892 1447 2958 quia
1480 2893 1651 2943 adhuc
1690 2885 1974 2958 exspuem-

406 2968 524 3030 mus
554 2959 971 3026 redemptionem
999 2962 1237 3030 corporis
1270 2964 1457 3014 ttOStri.
1490 2960 1657 3025 Huius
1684 2962 1974 3027 captivita-

404 3025 471 3077 tis
502 3025 1057 3096 metninitApostolus
1096 3025 1281 3085 dicens
1319 3047 1334 3085 :
1367 3030 1696 3083 Condelector
1738 3025 1841 3096 tegi
1875 3031 1971 3085 Dei

399 3099 676 3151 secundum
702 3102 990 3153 interiorem
1027 3101 1305 3163 hominem,
1334 3103 1477 3154 video
1508 3112 1673 3153 autent
1714 3101 1867 3152 aliam
1893 3103 1969 3154 le-

401 3181 511 3230 gem
527 3168 587 3241 in
616 3173 851 3223 membris
878 3173 999 3224 meis
1021 3144 1387 3238 repugnanlem
1421 3171 1521 3241 legi
1553 3172 1733 3224 mentis
1758 3187 1899 3232 nicto,
1924 3183 1970 3224 et
1999 3144 2045 3203 C

400 3237 654 3312 captivum
694 3257 772 3292 me
792 3242 1117 3295 deducentem
1156 3243 1207 3294 in
1247 3243 1408 3312 legem
1442 3237 1634 3312 peccati
1678 3254 1723 3293 ct
1767 3243 1966 3297 mortis.

401 3305 679 3380 Quomodo
724 3320 901 3365 autem
930 3328 1022 3379 per
1052 3312 1173 3380 quid
1205 3313 1270 3363 de
1297 3305 1416 3364 'hac
1442 3305 1759 3378 captivitate
1791 3323 1969 3376 posset

399 3377 590 3450 aliquis
620 3378 855 3450 liberari,
908 3377 1297 3447 subsequenter
1319 3384 1432 3450 ipse
1462 3377 1750 3447 Apostotns
1791 3382 1971 3435 deter-

399 3446 565 3500 minat
613 3449 793 3503 dicens
829 3446 850 3503 :7
879 3446 1296 3522 Infelixﬂtomo,
1341 3446 1460 3520 quis
1505 3446 1583 3504 me
1630 3452 1863 3522 liberabit
1908 3457 1969 3506 de

395 3523 807 3593 c_orpore_mortis
837 3520 1033 3593 hujus?
1062 3520 1243 3576 Gratia
1275 3520 1365 3575 Dei
1392 3539 1482 3587 per
1507 3522 1686 3575 Jcsum
1708 3521 1967 3575 Christum

395 3586 537 3661 data.
591 3590 655 3644 Et
694 3593 812 3659 quia
847 3586 957 3645 sola
1000 3593 1167 3661 gratia
1202 3586 1398 3659 potest
1422 3608 1517 3645 nos
1562 3593 1627 3645 de
1656 3594 1968 3659 captivitate

400 3657 623 3725 liberare
652 3700 666 3723 ,
713 3657 873 3715 'ideo
940 3657 1217 3725 tantopere
1288 3662 1692 3716 commendatur
1727 3657 1796 3716 lin
1868 3664 1968 3716 hoc

401 3723 630 3791 Psalmo,
664 3742 717 3781 ut
756 3732 885 3785 nihil
918 3734 983 3786 de
1013 3723 1165 3785 nobis
1214 3747 1619 3797 praesumamus,
1650 3748 1714 3784 ne
1744 3742 1799 3784 et
1826 3736 1964 3800 quod

395 3800 698 3865 accepimus
729 3802 1055 3857 amittamus.
1090 3803 1472 3870 Interpretatur
1500 3813 1677 3854 autem
1701 3802 1960 3867 Jonadah,

394 3878 719 3941 spontaneus
744 3871 857 3925 Dei.
888 3875 976 3927 llle
1001 3888 1127 3926 vero
1155 3882 1240 3927 est
1269 3884 1596 3938 Spontaneus
1617 3872 1730 3933 Dei.
1764 3873 1831 3927 de
1860 3891 1966 3941 quo

397 3937 596 4011 dictum
618 3952 720 4011 est
754 3960 764 3994 :
805 3942 1096 3997 Voluntaria
1119 3937 1421 4011 sacrificabo
1449 3943 1555 4006 tibi,
1587 3950 1642 3996 et
1664 3937 1888 4004 similia,
1917 3946 1964 3997 td

396 4017 483 4082 est
503 4010 766 4064 Christus.
822 4013 986 4082 Hujus
1020 4014 1109 4067 lilii
1144 4010 1268 4068 sunt
1296 4015 1587 4067 imitatores
1619 4012 1757 4081 ejus,
1786 4015 1835 4065 id
1861 4026 1962 4077 est,

400 4078 697 4143 quicunque
722 4096 849 4146 pura
879 4078 934 4136 εἰ
956 4084 1118 4137 libera
1148 4094 1324 4137 mente
1344 4086 1581 4136 serviunt
1611 4078 1735 4135 Deo.
1765 4084 1964 4149 Quibus

397 4150 652 4212 princepit
682 4166 748 4201 ne
779 4152 1020 4206 biberent
1065 4155 1266 4216 vinum,
1312 4155 1361 4206 id
1395 4165 1497 4217 ρει,
1540 4170 1604 4205 ne
1637 4154 1967 4207 inebriaren-

397 4230 480 4267 tur
523 4217 874 4274 delectatione
903 4232 1128 4276 terrena:
1202 4223 1489 4275 fclicitatis.
1548 4222 1697 4277 Unde
1752 4226 1962 4288 quitiam

391 4288 717 4363 ostcntlituse
745 4306 849 4363 non
900 4293 1212 4345 inebriatum
1244 4293 1427 4345 (licens
1458 4309 1641 4345 eorum
1670 4309 1790 4363 qua:
1822 4304 1965 4347 retro

393 4368 517 4410 ~uut
547 4358 766 4431 oblitus,
822 4362 874 4414 in
907 4377 966 4413 ea
998 4378 1116 4430 quae
1146 4372 1270 4414 ante
1307 4372 1429 4415 sunt
1452 4358 1717 4427 extentus,
1750 4376 1965 4431 semper

400 4429 748 4482 intentionem
779 4445 975 4500 sequor
1003 4434 1067 4484 ad
1102 4434 1328 4499 palmam
1374 4448 1619 4501 Snpvrna:
1646 4429 1960 4494 vocationis,

2090 501 2705 571 contrariumvitnperat
2748 504 3039 564 primorum
3070 505 3426 571 captivorum,
3470 519 3521 560 et
3552 501 3677 561 om-

2092 585 2211 642 nem
2233 570 2676 642 rinobedientiam.
2729 573 2939 626 Ponttnt
2981 589 3108 626 vero
3146 576 3357 642 quidam
3412 570 3673 631 auctores

2090 641 2572 715 sitttpli_riter_li_ttnc
2594 645 2816 715 titulum
2843 646 2913 715 ita
2948 661 2958 695 :
2999 641 3239 697 Psalmus
3274 649 3374 699 iste
3414 658 3497 700 est
3521 648 3667 715 ﬁlio--

2088 725 2201 761 rum
2246 708 2506 773 Ionadab,
2557 712 2603 763 id
2641 723 2742 780 e~t,
2783 714 3089 768 attribuitur
3134 717 3382 769 omnibus
3432 708 3563 773 Vere
3616 729 3677 770 et

2089 781 2325 844 perfecte
2352 781 2727 837 obedientibus
2758 802 2768 832 τ
2795 795 2842 837 et
2867 802 2967 836 non
2993 786 3167 837 solum
3201 799 3280 839 ρει
3304 788 3537 849 illorum,
3568 791 3671 843 sed

2086 850 2242 904 etiam
2288 853 2516 903 omnium
2560 855 2645 916 qui
2686 854 2839 920 primi
2879 856 3069 916 captivi
3107 856 3248 907 ducti
3292 865 3429 920 sunt,
3467 860 3517 911 id
3559 869 3669 919 est,

2085 922 2323 972 omnium
2378 936 2435 971 se
2466 926 2703 989 captivos
2740 926 2788 977 in
2843 925 3010 977 Adam
3044 927 3456 989 attendcutiutn,
3499 938 3554 981 et
3586 930 3669 983 sic

2089 1006 2194 1064 per
2225 990 2363 1064 lilios
2415 991 2658 1064 .lonadah
2688 1005 2742 1049 et
2781 1010 2875 1062 per
2923 996 3122 1064 primos
3146 998 3388 1059 captivus
3446 1000 3668 1053 eosdem

2088 1062 2399 1128 accipimus.
2434 1063 2599 1115 Aliter
2628 1067 2768 1117 enim
2800 1082 2902 1117 non
2925 1062 3119 1129 ‘pOSset
3147 1069 3389 1133 psalmus
3418 1069 3519 1121 iste
3546 1086 3671 1123 esse.

2087 1133 2445 1206 captivorum.
2499 1143 2551 1184 ιιι
2586 1135 2681 1206 ipsi
2712 1137 2764 1206 in
2797 1151 2862 1188 eo
2888 1146 3127 1206 agerent.
3176 1139 3668 1204 Quomodocunque

2088 1212 2266 1278 autem
2294 1202 2550 1278 varietur,
2584 1205 2721 1278 istud
2759 1202 2944 1278 ratum'
2982 1216 3213 1278 maneat,
3245 1209 3385 1275 quod
3420 1202 3667 1278 quisquis

2088 1271 2172 1324 hic
2204 1272 2465 1345 loquitur.
2510 1276 2735 1341 gratiam
2758 1277 2923 1345 gratis
2964 1291 3060 1330 nos
3107 1271 3661 1345 liberantem'per'to-

2087 1349 2201 1414 tum
2257 1342 2396 1414 hunc
2453 1345 2714 1414 psalmum
2763 1342 3069 1414 syllabatim
3127 1348 3234 1402 lere
3292 1342 3652 1404 commendat.

2089 1411 2239 1483 Unde
2265 1414 2343 1464 sic
2374 1412 2572 1476 incipit.
2608 1414 2769 1480 Quasi
2798 1411 2972 1469 dicat:
3002 1416 3241 1481 Domine,
3275 1419 3441 1471 Adam
3471 1434 3654 1483 spera-

2090 1482 2167 1533 vit
2190 1483 2239 1534 in
2272 1498 2349 1545 se,
2382 1492 2435 1535 et
2465 1483 2585 1536 ideo
2625 1486 2877 1559 confusus
2904 1496 2985 1539 est
3027 1492 3349 1541 :eternahtcr
3386 1507 3397 1540 :
3432 1482 3531 1559 ego
3558 1504 3652 1541 art-

2087 1561 2191 1604 tem
2225 1568 2328 1625 non
2371 1558 2608 1625 sperorin
2641 1571 2756 1617 me,
2783 1557 2878 1610 sed
2923 1568 2975 1609 et
3005 1572 3163 1622 spero
3199 1575 3336 1613 nunc
3365 1569 3418 1611 et
3446 1557 3658 1625 semper

2086 1624 2283 1688 sperari
2314 1624 2365 1676 in
2412 1636 2477 1695 te.
2509 1624 2557 1675 id
2604 1635 2707 1690 est,
2744 1627 2793 1678 in
2832 1629 3000 1695 gratia
3037 1637 3123 1681 tua
3162 1638 3325 1695 grats
3378 1630 3660 1689 liberante.

2086 1703 2137 1744 et
2192 1695 2307 1746 ideo
2354 1694 2453 1747 etsi
2493 1696 2787 1749 conlttndar
2855 1700 2918 1750 ad
2982 1694 3189 1760 tempus
3239 1714 3301 1751 ex
3350 1702 3659 1762 captivitate

2096 1762 2243 1837 Adae,
2278 1763 2325 1814 id
2354 1776 2457 1831 est,
2480 1769 2745 1837 expositis
2771 1770 2993 1835 peccati,
3017 1784 3116 1820 non
3143 1773 3431 1837 confundor
3480 1779 3657 1822 tamen

2098 1832 2148 1881 in
2173 1842 2418 1887 (sternunt
2440 1836 2749 1889 confusione
2772 1832 2959 1905 eunte,
2985 1838 3036 1891 itl
3066 1847 3170 1903 est,
3206 1832 3309 1891 non
3365 1840 3664 1893 confundar

2097 1907 2454 1973 aiternaliter:
2490 1914 2542 1958 ct
2574 1916 2628 1958 ιιι
2658 1909 2707 1959 in
2739 1917 2992 1961 Mernum
3027 1923 3129 1961 non
3158 1909 3484 1971 conlunilar,
3516 1910 3658 1973 ideo,

2097 1970 2341 2044 Domine,
2372 1977 2531 2028 libera
2559 1994 2636 2029 me
2659 1993 2819 2044 nunc,
2850 1994 2915 2031 nc
2941 1978 3181 2033 deﬁciant
3215 1981 3264 2032 in
3291 1970 3658 2042 tribulatione,

2096 2042 2146 2118 in
2181 2051 2269 2118 tua
2291 2049 2529 2115 justitia,
2587 2048 2633 2099 id
2672 2059 2772 2111 est,
2805 2042 2956 2117 quod
3016 2064 3119 2102 non
3161 2066 3278 2103 sum
3327 2054 3391 2104 de
3436 2052 3539 2103 illis
3568 2054 3657 2118 qui

2091 2112 2348 2175 jttStitiain
2378 2132 2524 2169 suam
2574 2127 2808 2172 statuere
2835 2112 3048 2183 'volunt,
3092 2131 3146 2173 et
3171 2121 3390 2186 justitite
3419 2132 3519 2173 tute
3552 2112 3656 2173 non

2092 2197 2211 2257 esse
2240 2188 2484 2257 subjecti;
2515 2189 2606 2240 sed
2639 2200 2823 2255 satago
2862 2192 2911 2241 in
2937 2199 3021 2242 tua
3060 2189 3263 2256 iustitia
3293 2193 3655 2257 exsequenda.

2093 2264 2146 2306 et
2177 2254 2243 2308 de
2268 2256 2352 2308 illa
2380 2268 2580 2311 tantum
2614 2274 2897 2326 praesumo,
2948 2254 3144 2313 nonde
3175 2278 3312 2313 nr-a.
3348 2260 3413 2313 Et
3442 2254 3651 2313 tandem

2093 2326 2327 2391 perfecte
2370 2330 2528 2389 eripe,
2557 2335 2611 2380 et
2638 2338 2693 2380 ιιι
2725 2330 2936 2382 tandem
2966 2330 3181 2393 eripias,
3213 2331 3407 2383 inclina
3436 2346 3573 2383 nun:-
3599 2343 3656 2382 ut

2090 2395 2229 2446 altus
2269 2398 2333 2448 ad
2380 2399 2655 2455 lmmilem.
2709 2400 2945 2453 medicos
2987 2403 3051 2452 ad
3084 2412 3427 2471 a'grotantetn
3477 2416 3654 2452 aurem

2090 2476 2228 2516 tuam
2253 2468 2323 2520 ad
2372 2486 2471 2532 me,
2511 2480 2557 2519 et
2585 2471 2725 2521 sa’va
2757 2488 2853 2529 me,
2907 2471 2954 2521 id
2998 2480 3100 2537 cst,
3141 2468 3376 2539 Ῑιιδιὶιίυιι
3429 2486 3512 2523 me
3562 2487 3654 2534 per

2089 2537 2333 2603 gratiam,
2363 2546 2447 2606 qui
2483 2555 2585 2590 non
2656 2550 2892 2608 poteram
2930 2542 3122 2594 salvari
3150 2537 3261 2609 per
3289 2557 3459 2594 meam
3504 2541 3655 2604 justi-

2091 2608 2235 2678 tiam.
2270 2610 2331 2660 Et
2381 2620 2656 2675 postquam
2704 2610 3075 2678 jttStilicaveris
3125 2608 3230 2673 me,
3277 2623 3380 2663 esto
3435 2612 3557 2663 mihi
3598 2612 3655 2662 in

2086 2674 2253 2728 Deun
2308 2674 2461 2745 prater
2480 2674 2661 2741 tarem,
2698 2674 2746 2733 id
2791 2691 2892 2744 est,
2944 2684 3017 2734 sis
3051 2683 3175 2733 mihi
3209 2683 3344 2734 Dens
3385 2691 3655 2742 protei-tor

2087 2758 2139 2799 et
2168 2749 2407 2817 clypeos,
2441 2768 2505 2802 ne
2552 2752 2862 2817 perveniant
2899 2753 2962 2803 ad
3012 2768 3097 2805 me
3129 2752 3228 2804 tela
3258 2753 3479 2805 inimici.
3516 2754 3575 2803 Et
3606 2752 3653 2805 si

2086 2821 2440 2884 perVenerint,
2477 2831 2530 2871 ut
2558 2836 2663 2873 non
2691 2832 2937 2885 noceant,
2964 2824 3039 2875 sis
3062 2824 3188 2874 mihi
3221 2823 3367 2875 locus
3391 2824 3651 2875 munitus.

2080 2885 2134 2940 Si
2167 2893 2306 2940 enim
2340 2893 2588 2944 excelsus
2627 2894 2774 2945 locus
2816 2893 2865 2944 in
2909 2903 3045 2945 terra
3079 2892 3203 2945 facit
3227 2908 3347 2945 esse
3378 2908 3653 2955 securum,

2081 2971 2137 3009 ut
2168 2958 2258 3012 ille
2287 2976 2509 3013 secutus
2536 2962 2650 3023 fuit,
2681 2965 2766 3029 qui
2801 2964 2852 3014 in
2884 2963 3138 3016 altissima
3172 2964 3384 3029 specula
3424 2966 3649 3029 positus,

2082 3044 2255 3097 regem
2306 3043 2714 3097 praetereuntem
2764 3048 2883 3085 cum
2934 3042 3045 3086 toto
3093 3033 3328 3085 exercitu
3373 3048 3474 3087 Suo
3524 3048 3653 3085 con-

2080 3101 2295 3171 tempsit
2323 3118 2335 3164 ;
2372 3104 2475 3153 ιιιιιΙ
2506 3118 2538 3155 o
2579 3104 2743 3169 magis
2766 3103 2815 3156 in
2852 3104 2959 3157 Deo
3002 3106 3252 3171 positum,
3279 3106 3365 3170 qui
3397 3104 3515 3156 fecit
3541 3117 3653 3155 etB-

2076 3170 2266 3241 lutnet
2299 3180 2515 3237 terram,
2550 3172 2676 3226 facit
2700 3188 2819 3227 esse
2849 3170 3116 3227 seenrum.
3143 3175 3536 3241 Ideo,inquam,
3570 3187 3649 3223 sis

2079 3240 2205 3292 mihi
2263 3241 2395 3292 Deus
2427 3253 2717 3308 protector,
2752 3254 2808 3296 et
2858 3245 3006 3300 locus
3059 3245 3315 3307 munitus,
3357 3240 3409 3296 ut
3444 3245 3495 3297 in
3546 3245 3653 3296 line

2073 3324 2198 3362 vere
2223 3312 2416 3362 salvum
2439 3315 2599 3378 [arias
2630 3331 2726 3367 me.

2148 3380 2399 3445 Quoniam
2429 3385 2828 3450 ﬁrmamentum.
2850 3385 2973 3438 Ideo
2984 3386 3105 3441 dico
3121 3398 3174 3440 ut
3192 3396 3245 3439 tu
3265 3386 3334 3437 ~is
3358 3384 3483 3439 mihi
3502 3387 3653 3439 locus

2073 3451 2329 3522 munitus,
2362 3456 2608 3519 quoniam
2642 3466 2695 3506 tu
2724 3472 2775 3507 es
2811 3455 3190 3521 ﬁrmamentum
3227 3474 3393 3509 meum
3416 3498 3431 3521 ,
3476 3470 3570 3522 per
3598 3466 3655 3510 te

2071 3521 2212 3593 enim
2237 3530 2290 3573 et
2320 3539 2380 3575 es
2404 3531 2454 3576 te
2482 3524 2721 3591 estquod
2744 3537 2925 3578 contra
2957 3528 3278 3581 tentationes
3305 3521 3510 3593 aliquas
3529 3540 3649 3579 sum

2073 3590 2258 3643 lirmns
2292 3608 2403 3664 Lex
2435 3609 2520 3645 me
2550 3590 2677 3647 vero
2704 3610 2827 3647 sum
2865 3597 3131 3664 inlirmus,
3159 3607 3205 3649 ct
3229 3607 3281 3649 tu
3308 3613 3368 3650 es
3395 3590 3652 3664 refugium

2075 3676 2265 3735 meum1
2300 3662 2425 3728 Ριιεί
2450 3666 2594 3716 enim
2627 3665 2692 3717 ab
2717 3665 2870 3729 irato,
2899 3669 3092 3735 fugiam
3119 3662 3189 3719 ad
3222 3662 3523 3734 plaetdum.‘
3546 3667 3649 3719 Fu-

2071 3732 2221 3805 giens
2244 3731 2410 3784 l'acltts
2435 3749 2551 3785 sum
2577 3736 2817 3787 inlirmus
2833 3776 2848 3799 ,
2876 3731 3140 3805 refugiens
3160 3731 3253 3791 ero
3275 3741 3645 3790 conﬁrmatus.

2143 3800 2278 3877 Deus
2308 3819 2469 3877 meus,
2494 3805 2629 3872 eripe
2669 3822 2765 3858 me.
2821 3800 3084 3861 l‘lactcnus
3126 3811 3233 3877 egit
3263 3822 3358 3875 pro
3397 3808 3652 3860 inlesum)

2074 3869 2494 3943 hello,_scilicet
2535 3869 2675 3941 quod
2732 3881 2961 3943 patimur
2989 3882 3056 3931 ah
3090 3869 3545 3937 home-interiori,
3593 3879 3646 3927 id

2071 3950 2174 4017 est,
2203 3957 2230 4017 a
2259 3941 2375 4017 lege
2405 3946 2669 4017 contraria
2701 3941 2752 3997 in
2785 3949 3004 4000 nostris.
3041 3948 3103 4001 Et
3133 3950 3252 4017 quia
3281 3951 3431 4001 timet
3465 3966 3529 3999 ue
3555 3949 3643 3999 ille

2071 4012 2293 4065 interior
2337 4014 2505 4066 hostis
2557 4017 2857 4069 concitatus
2889 4022 2958 4070 ab
2984 4012 3258 4072 exteriore
3288 4018 3479 4071 smvior
3530 4019 3642 4079 liat,

2071 4080 2189 4133 ideo
2218 4085 2377 4134 etiam
2429 4099 2523 4151 pio
2570 4088 2818 4139 exteriori
2871 4100 2989 4141 orat
3040 4090 3222 4143 dicens
3257 4089 3435 4143 :Ueus
3484 4105 3646 4153 mens,

2070 4154 2205 4220 eripe
2245 4153 2432 4224 mede
2468 4171 2619 4206 manu
2660 4168 3000 4223 prteritorum,
3048 4160 3100 4212 id
3147 4170 3250 4218 est,
3276 4160 3343 4213 de
3388 4169 3645 4224 poti-state

2073 4233 2303 4297 peccati,
2342 4222 2392 4297 id
2437 4235 2517 4297 est
2569 4222 2737 4279 hostis
2781 4230 3083 4297 exterioris,
3146 4231 3347 4283 scilicet
3390 4222 3461 4282 ne
3514 4229 3641 4281 insi-

2068 4292 2264 4343 diando
2292 4293 2571 4359 iniquitate
2612 4300 2955 4361 persuadeat,
3010 4292 3080 4352 ne
3109 4302 3378 4353 suaviendo
3416 4300 3480 4350 ad
3515 4314 3641 4351 cono

2072 4363 2376 4438 settsipneni
2410 4366 2686 4430 perducat.
2737 4367 2801 4419 Et
2831 4370 3022 4438 accipit
3054 4371 3138 4424 hic
3172 4380 3505 4436 peccatorem
3545 4384 3638 4437 pro

2071 4432 2756 4508 quolibet__transgressore
2806 4448 2909 4491 tam
2938 4432 3150 4508 scriptae
3173 4432 3321 4506 legis
3349 4456 3508 4506 quam
3547 4432 3641 4491 ita-

393 4506 445 4545 ιιι
475 4502 729 4566 praecepit
758 4502 838 4554 eis
860 4493 931 4577 ne
957 4503 1007 4577 in
1040 4493 1284 4555 domibus
1314 4493 1632 4577 residerent,
1677 4504 1725 4555 id
1757 4514 1858 4565 est,
1893 4493 1957 4577 ne
1993 4493 2042 4551 ἰ)
2070 4493 2275 4577 titralis.
2324 4503 2472 4557 Unde
2498 4493 2791 4577 subdividit
2831 4510 2977 4561 illum
3000 4493 3182 4565 dicens
3216 4493 3323 4563 tulit
3364 4493 3514 4577 eripe
3561 4526 3643 4561 me

393 4575 639 4627 putarent
679 4584 738 4624 se
784 4572 870 4626 hic
913 4572 1112 4627 habere
1161 4585 1462 4625 manentem
1515 4575 1804 4636 civitatem,
1862 4576 1953 4627 sed

391 4641 620 4711 loturam
652 4656 862 4709 semper
893 4643 1243 4709 inquirerent.
1288 4645 1549 4711 Prmccpit
1575 4659 1787 4711 quoque
1820 4658 1874 4695 ιιι
1905 4647 1955 4697 in

393 4706 1068 4780 tabernaculis—habitent,
1130 4714 1178 4764 id
1228 4723 1328 4775 est,
1387 4723 1444 4767 ut
1473 4706 1774 4780 intelligant
1825 4716 1955 4768 nihil

388 4778 531 4852 aliud
560 4794 679 4852 esse
703 4785 835 4852 hanc
871 4783 1029 4835 vitam
1060 4783 1164 4835 nisi
1210 4784 1475 4845 militiam,
1519 4794 1572 4835 et
1612 4778 1827 4851 semper
1867 4800 1958 4852 pa-

390 4848 487 4898 rati
542 4849 649 4904 sint
705 4850 960 4903 dimicare
1006 4861 1187 4904 contra
1231 4855 1409 4907 hostes
1457 4848 1956 4920 periculosissimus.

386 4920 620 4991 Quorum
666 4920 920 4991 Statiliam
947 4923 1189 4974 meminit
1240 4925 1523 4991 Apostolus
1568 4924 1751 4977 (Πρέπις
1787 4941 1796 4973 :
1836 4924 1955 4977 Non

385 4997 458 5037 est
489 4989 629 5039 nobis
654 4988 951 5061 colluctatio
972 4994 1217 5045 adversus
1248 4988 1451 5044 carnem
1472 5001 1519 5045 et
1556 4996 1875 5061 "inquinent,
1907 4996 1954 5047 id

388 5070 490 5115 est,
522 5062 776 5110 adversus
806 5060 1039 5115 visibiles
1080 5061 1280 5124 hostes,
1307 5066 1393 5115 sed
1425 5060 1671 5116 «adversus
1702 5066 1957 5127 principes

385 5136 428 5177 et
457 5136 743 5191 potestates,
776 5132 1010 5182 adversus
1059 5134 1232 5182 mundi
1262 5143 1473 5184 rectores
1504 5136 1819 5185 tenebrarum
1865 5135 1955 5184 lm-

386 5212 495 5246 rnm
533 5208 709 5269 contra
744 5200 1035 5263 spiritualia
1063 5204 1301 5269 nequitia:
1328 5204 1379 5255 in
1415 5202 1714 5255 rwlistibns.
1751 5205 1956 5256 'l‘itulus

386 5281 458 5318 sic
482 5268 798 5332 exponitur:
828 5271 951 5322 Iltec
979 5268 1143 5322 verba
1172 5272 1475 5324 referuntur
1524 5274 1574 5325 in
1610 5275 1766 5325 linem
1809 5285 1949 5324 teni-

387 5352 595 5402 porum,
627 5354 745 5406 quae
774 5348 898 5391 sunt
947 5343 1180 5407 psalmus
1205 5346 1493 5395 attributus
1528 5350 1621 5410 ipsi
1657 5345 1841 5403 David,
1872 5344 1953 5397 vel

385 5411 677 5477 prophetas,
728 5414 807 5461 vel
857 5411 1077 5463 cuilibet
1137 5414 1369 5477 periecte
1415 5427 1461 5463 et
1500 5429 1622 5465 vere
1661 5413 1951 5469 obedienti.

379 5476 467 5551 qui
516 5488 640 5551 sunt
681 5479 921 5532 l’salmus
974 5476 1199 5547 ﬁliorum
1238 5481 1506 5551 Jonadab,
1558 5492 1605 5534 et
1652 5498 1823 5534 eorum
1871 5486 1956 5551 qui

381 5547 533 5618 primi
578 5550 760 5611 captivi
801 5551 940 5601 ducti
970 5560 1085 5602 sunt
1115 5566 1132 5602 .'
1158 5550 1277 5618 quia
1309 5563 1363 5603 et
1390 5555 1728 5605 t'Ollllltelltlal
1769 5547 1954 5606 eorum

379 5615 737 5686 obedientiam
768 5656 782 5674 ,
838 5630 889 5669 et
937 5615 1200 5686 vituperat
1242 5622 1461 5673 istorum
1509 5622 1946 5675 inohedientiam.

392 5683 487 5735 Per
517 5685 780 5759 hoc‘entm
809 5689 926 5752 quia
959 5683 1175 5739 sani-tus
1200 5694 1276 5741 vir
1296 5695 1381 5755 qui
1419 5694 1503 5743 hic
1533 5693 1780 5759 loquitur,
1814 5708 1952 5744 unus

378 5764 471 5822 per
501 5770 556 5805 se
589 5755 703 5805 sive
752 5772 884 5809 unus
927 5759 976 5809 in
1017 5760 1199 5810 multis
1246 5755 1676 5827 repraesentatio
1722 5778 1779 5815 se
1824 5763 1955 5815 lilio-

2066 4573 2312 4648 de_ma_nn
2334 4576 2550 4648 agentis
2574 4588 2749 4628 contra
2788 4578 2947 4648 legem
2975 4584 3255 4648 scriptam,
3299 4592 3346 4633 et
3374 4573 3460 4634 dei
3484 4595 3638 4632 manu

2065 4642 2352 4719 cujuslibet
2392 4645 2589 4719 iniqui,‘
2628 4648 2677 4698 id
2725 4642 2856 4713 eSt,'
2881 4651 2999 4703 sine
3052 4642 3250 4717 scripta
3298 4652 3415 4719 lege
3463 4654 3673 4717 iniqua.

2064 4714 2291 4777 agentis,
2329 4729 2421 4781 per
2450 4714 2591 4783 quod
2625 4725 3071 4787 transgressorem
3104 4714 3374 4775 naturalis
3397 4723 3526 4789 legis
3551 4714 3640 4773 ac-

2062 4796 2199 4849 c.pe.

2133 4853 2389 4913 Quoniam
2430 4866 2483 4906 tu
2517 4870 2570 4907 es
2595 4858 2863 4923 patientia.
2915 4860 3035 4913 Ideo
3073 4861 3195 4914 dico
3232 4872 3285 4914 ut
3335 4872 3388 4914 ιιι
3432 4877 3514 4912 me
3539 4860 3645 4911 «τι-

2062 4922 2199 5000 pias,
2230 4925 2473 5000 quoniam
2503 4936 2575 5000 tu,
2621 4926 2859 4990 Domine,
2882 4946 2933 4983 es
2961 4932 3204 5000 patientia
3249 4950 3383 4996 mea,
3410 4935 3457 4983 id
3482 4940 3584 4990 est,
3613 4945 3641 4979 a

2063 5000 2114 5044 te
2153 4994 2253 5044 hoc
2284 4995 2399 5046 solo
2443 4995 2631 5059 habeo,
2676 5000 2815 5064 quod
2858 4994 3040 5069 aliquo
3071 5004 3229 5056 modo
3278 4994 3485 5070 patiens
3524 5016 3641 5052 sum

2059 5074 2243 5140 eontra
2279 5074 2611 5140 peccatorem
2644 5071 2726 5120 vel
2756 5070 3016 5136 iniquum.
3071 5073 3134 5126 Et
3166 5073 3287 5126 ideo
3319 5087 3412 5140 per
3442 5084 3493 5124 te
3520 5087 3641 5124 sunt

2062 5132 2288 5207 patiens,
2316 5138 2434 5199 quia
2466 5146 2518 5185 tu
2551 5134 2768 5190 Domine
2793 5132 2990 5206 es'tpes
3020 5158 3131 5195 mea
3170 5160 3202 5195 α
3224 5132 3480 5207 iuventute
3504 5158 3641 5205 mea,

2062 5201 2112 5253 id
2139 5211 2239 5280 est,
2273 5218 2337 5255 ex
2379 5219 2483 5271 quo
2529 5207 2810 5280 innovatus
2841 5201 2976 5278 crepi
3006 5201 3232 5280 sperare
3267 5216 3432 5266 inte:
3464 5225 3515 5265 et
3555 5201 3643 5263 ar;

2061 5274 2216 5349 utasti
2248 5286 2338 5326 me
2365 5287 2552 5349 contra
2583 5278 2873 5343 diabolum,
2905 5274 2961 5334 ut
2989 5274 3052 5335 ιη’
3074 5288 3347 5349 procinctu
3372 5287 3641 5336 exercitus

2067 5342 2138 5394 lui
2169 5354 2409 5398 armatus
2457 5346 2581 5410 lide,
2612 5363 2727 5413 spe,
2780 5342 3097 5417 exterisque
3134 5354 3290 5406 donis
3328 5354 3639 5406 dimicarent

2064 5420 2245 5483 contra
2299 5416 2477 5467 hostes
2526 5418 2829 5483 spit'ituales
2868 5431 2922 5475 et
2966 5416 3277 5476 invisibiles.
3328 5424 3391 5475 Et
3419 5439 3524 5475 non
3552 5437 3641 5476 so-

2065 5482 2172 5559 lum
2203 5498 2230 5533 a
2257 5484 2535 5551 juventute
2558 5482 2619 5539 es
2649 5502 2797 5556 spes,
2827 5493 2919 5544 sed
2944 5494 3103 5545 etiam
3132 5496 3467 5559 con/irmiitus
3498 5509 3633 5554 sum,

2064 5550 2113 5628 id
2145 5562 2228 5603 est
2259 5550 2741 5621 eontirntatimiein,
2772 5550 2967 5627 quanta
3020 5562 3188 5628 potuit
3231 5550 3441 5627 'liaberi,
3477 5550 3636 5617 habui

2062 5622 2113 5671 in
2147 5631 2191 5671 te
2221 5635 2453 5703 (ξπ-ἰαιννο
2489 5628 2683 5703 matris
2706 5622 2866 5703 mea},
2902 5632 2965 5703 ιιι
2982 5622 3095 5695 est,
3124 5648 3201 5703 ex
3249 5649 3354 5701 quo
3402 5622 3633 5703 primum

2062 5694 2498 5769 cwptAinl'nrmari
2547 5697 2597 5748 in
2632 5694 2887 5754 institutis
2932 5702 3204 5766 Ecclesite,
3249 5694 3302 5755 et
3330 5694 3529 5769 es'quo
3558 5702 3630 5758 lui

2063 5762 2341 5829 egrediens
2372 5768 2431 5817 de
2460 5778 2621 5819 centre
2655 5772 2827 5822 matris
2857 5788 3010 5837 mete,
3066 5774 3113 5824 id
3146 5762 3247 5839 est,
3282 5790 3341 5826 ex
3372 5762 3477 5841 quo
3515 5788 3639 5842 per-
