4010 6190
454 353 562 412 859
920 343 1116 402 ΒΕῡίΕ
1160 347 1608 402 VENERABILIS
1647 346 1796 400 OPP.
1840 337 2012 398 PARS

2159 337 2347 394 SECT.
2391 342 2453 398 ll.
2491 373 2558 384 —
2601 343 2800 400 DUBlA
2847 345 2933 399 ET
2971 345 3241 402 SPURIA.
3603 344 3710 397 860

457 482 623 522 meum
649 465 966 516 anmmtiabit
985 459 1245 528 justitiam
1274 465 1575 521 essetnam,
1603 467 1651 511 et
1686 472 1790 528 non
1816 470 2014 516 meam,
2047 447 2095 506 Α
2123 457 2435 522 generationi
2459 458 2597 508 omni
2619 474 2730 522 ante
2750 468 2960 511 ventura
2983 467 3074 510 est.
3097 457 3228 528 Quia
3256 456 3498 524 prawidit
3525 457 3700 526 Spiri-

460 537 698 606 quonium
747 527 1230 606 ego_non_cogn_o_vi
1279 529 1655 606 litteraturam,
1696 527 2023 606 _i_d_e‘st,.nou

464 594 728 673 praesumo
756 594 1033 673 institit-ari
1061 594 1127 673 de
1148 598 1322 673 littera
1353 599 1505 663 legis,
1530 597 1766 673 sirutilli
1806 594 2024 673 faciunt,

463 667 550 744 qui
580 674 678 728 soli
717 673 904 723 litteras
936 671 1066 744 legis
1096 669 1345 744 insistunt
1370 705 1387 732 ,
1415 676 1524 744 et_a
1558 667 1724 737 gratia
1758 667 2024 744 resiliunt,

465 736 567 798 non
597 742 932 796 attendentes
963 739 1151 791 litterae
1191 738 1322 806 legis
1355 736 1580 802 gratiam
1636 753 1757 790 csse
1785 736 1847 786 ad
1879 737 2030 790 victi—

465 831 627 875 mam,
655 821 710 866 et.
755 810 1111 863 necessariam
1142 822 1262 861 esse
1311 809 1532 877 gratiam
1585 806 1920 872 adjuvantis,
1975 815 2031 860 ut

465 884 748 949 impleatur
775 889 1094 947 prteceptum
1125 879 1380 949 iubentis,
1405 880 1524 949 quia
1553 877 1596 949 si
1630 893 1722 949 per
1751 886 1800 929 le
1831 892 2032 949 pr;rsit-_

468 947 662 1009 tuendo
691 954 755 1004 de
788 953 984 1003 virtute
1015 958 1100 1001 tua
1123 948 1343 1013 incipias
1383 959 1436 1000 et
1486 947 1734 1008 delicias.
1786 947 1889 999 erit
1938 947 2030 1000 libi

467 1027 548 1078 lex
575 1024 745 1076 littera
771 1021 1014 1088 puniens,
1050 1035 1154 1071 non
1184 1019 1418 1070 salvans.
1451 1018 1555 1070 Lev
1587 1019 1725 1069 cnim
1758 1018 1874 1088 sine
1904 1032 2031 1084 gra-

469 1096 538 1147 tia
567 1102 651 1148 est
680 1087 850 1145 littera
876 1090 1126 1142 occidens
1150 1130 1164 1151 ,
1209 1097 1264 1140 et
1307 1089 1444 1138 valet
1491 1097 1691 1138 tantum
1718 1087 1780 1138 ad
1813 1089 2035 1138 convin-

467 1165 690 1219 Cendam
724 1161 1053 1228 iniquitatem
1083 1199 1098 1222 ,
1151 1174 1253 1210 non
1286 1158 1349 1209 ad
1378 1157 1604 1209 dandam
1639 1157 1882 1210 salutem.
1914 1157 2034 1209 Non

468 1234 696 1299 cognovi,
732 1227 943 1295 inquam
973 1273 986 1291 ,
1016 1231 1461 1299 litteraturam,th
1490 1228 1607 1279 ideo
1657 1243 1759 1279 non
1811 1227 2033 1299 introibo

469 1293 662 1357 amotio
680 1293 783 1355 non
808 1293 858 1352 in
886 1301 1115 1361 potentia
1138 1299 1294 1364 legis,
1312 1298 1404 1350 sed
1431 1298 1482 1348 in
1505 1299 1778 1364 potentiam
1804 1295 2030 1360 Domini,

473 1375 522 1426 id
545 1385 646 1435 est,
677 1371 946 1425 instituam
989 1370 1182 1421 amodo
1212 1382 1392 1420 vivere
1435 1383 1535 1418 non
1578 1367 1869 1420 secundum
1900 1368 2038 1420 litte-

470 1459 584 1498 ram
637 1444 765 1511 legis
812 1443 1156 1511 impotentem
1211 1438 1544 1511 iustiﬁcam,
1597 1437 1690 1489 scd
1747 1437 2076 1511 secundum.

472 1507 702 1578 gratiam
730 1510 936 1566 Domini
980 1519 1250 1574 potentem
1295 1507 1621 1578 justiiicare,
1656 1519 1707 1559 et
1736 1508 1832 1569 sic,
1866 1523 1894 1558 o
1932 1507 2038 1558 Do—

473 1577 628 1644 mine.
651 1581 961 1635 uterum-abor
977 1579 1310 1650 justititetua:
1326 1579 1506 1650 soiius,
1526 1577 1576 1650 id
1596 1586 1696 1650 est,
1719 1578 1768 1650 in
1787 1578 2037 1650 memoria

473 1668 686 1718 semper
714 1652 917 1705 habebo
957 1645 1096 1716 quod
1138 1649 1343 1718 iustitia
1383 1647 1688 1716 justiﬁcalio
1711 1647 1779 1698 sit
1802 1655 1919 1718 tua.
1953 1645 2039 1714 qui

481 1739 584 1777 non
597 1717 808 1776 meritis
825 1721 1141 1787 supplicium
1166 1717 1472 1787 reddidisti,
1495 1718 1585 1771 sed
1605 1719 1822 1780 gratiam
1845 1717 2033 1787 imper-

2136 536 2219 577 tus
2245 535 2458 578 sanctus
2487 527 2745 592 quosdam
2780 529 3061 581 hzereticos
3091 527 3320 589 loturos,
3348 529 3435 591 qui
3465 529 3706 581 afﬁrma-

2132 605 2268 653 rent,
2293 607 2347 649 et
2373 599 2722 662 sequentibus
2752 599 2862 651 suis
2882 597 3265 656 persuaderent
3283 608 3482 651 statum
3509 600 3700 652 Eccle-

2132 665 2224 717 site
2249 668 2392 718 bri-vi
2417 669 2746 720 duraturtru.
2783 669 3066 734 Redarguit
3110 668 3229 721 illos
3255 683 3348 731 per
3379 669 3701 733 prophetam

2132 737 2537 802 teqttipollenter
2564 738 2815 804 dicendo,
2851 739 3140 791 Eccle~iam
3165 739 3396 806 quandiu
3427 740 3708 806 generatio

2135 806 2233 878 erit
2267 822 2368 859 non
2398 809 2717 861 defuturam.
2749 808 2814 861 Et
2835 809 2913 863 sic
2937 809 3119 863 iideles
3148 819 3414 874 premunt,
3442 825 3508 863 ne
3531 825 3708 878 quan-

2135 877 2308 942 doque
2333 879 2524 930 talibus
2547 879 2790 930 credant.

2210 946 2499 1000 Potentiam
2525 958 2682 1000 (unm.
2716 949 2940 1015 Exponit
2969 947 3106 1015 quod
3139 947 3415 1001 brachium
3447 949 3702 1009 accipiat.

2136 1017 2293 1082 Quasi
2324 1018 2463 1071 dicat
2514 1036 2525 1070 :
2583 1017 2700 1071 Non
2729 1020 3048 1086 derelinquas
3093 1034 3202 1081 me,
3249 1020 3484 1083 inquam,
3541 1019 3704 1072 άοιιρε

2136 1090 2427 1140 annuntiem
2452 1088 2712 1141 brachium
2741 1097 2904 1151 luunt,
2935 1089 3158 1146 Scilicet.
3192 1089 3364 1141 donec
3389 1092 3702 1143 annnntiem

2135 1158 2410 1226 potentiam
2437 1169 2597 1229 tuam,
2631 1159 2680 1210 id
2709 1167 2824 1229 est.
2863 1161 3087 1229 gratiam
3120 1168 3260 1210 ttmu
3291 1157 3568 1212 facientem
3603 1177 3704 1212 nos

2141 1237 2387 1294 potenti-3
2417 1228 2481 1282 ad
2512 1228 2882 1282 resistendum
2918 1229 3418 1299 tetttationi_btts._Et
3446 1231 3703 1299 justitiam

2138 1308 2298 1354 tuam.
2329 1299 2379 1352 id
2406 1308 2510 1362 est,
2543 1299 2785 1352 eamdem
2817 1300 3036 1361 gratiam
3070 1314 3166 1351 nos
3186 1297 3590 1366 jttstiiicantem.
3638 1300 3708 1352 Et

2139 1368 2213 1419 sic
2245 1369 2383 1420 idem
2415 1379 2535 1421 sunt
2568 1368 2799 1435 potentia
2848 1378 2900 1422 et
2925 1368 3154 1433 jusrilia.
3186 1369 3238 1420 Si
3269 1383 3397 1420 vero
3417 1367 3704 1421 Cassiodo-

2139 1453 2255 1489 rum
2288 1454 2591 1501 sequamur,
2620 1438 2983 1492 diversilicare
3011 1453 3069 1492 (δτι
3118 1452 3420 1504 possumus,
3467 1439 3700 1504 scilicet,

2141 1517 2196 1558 ut
2229 1510 2518 1574 potentiam
2551 1510 2870 1576 accipiamus
2901 1510 2949 1560 in
2982 1507 3102 1560 mod
3127 1526 3138 1556 I
3163 1508 3523 1572 jtlslilit'amio,
3544 1509 3700 1577 justi—

2143 1577 2268 1630 tiam
2317 1593 2443 1629 vero
2472 1580 2684 1633 tandem
2719 1579 2768 1630 in
2803 1579 3178 1631 dimerneudo.
3213 1579 3567 1643 Annuutinbo,
3625 1583 3708 1633 in-

2139 1663 2295 1714 quam
2319 1689 2333 1707 ,
2367 1649 2642 1718 potentiam
2671 1659 2810 1700 tuam
2841 1659 2886 1701 et
2908 1649 3162 1718 justitiam
3185 1658 3360 1706 tuam:
3398 1664 3519 1715 ego,
3563 1651 3709 1712 dico.

2147 1717 2373 1788 tendens
2398 1734 2554 1782 usque
2587 1719 2654 1771 ad
2675 1717 2923 1771 altissima
2947 1720 3202 1788 magnulia
3226 1759 3241 1778 ,
3284 1718 3332 1770 id
3359 1729 3442 1771 est
3468 1760 3483 1780 ,
3535 1734 3701 1786 usque

477 1794 606 1858 tisti,
634 1806 687 1844 ιιι
716 1794 794 1846 sol
823 1786 985 1842 ustui
1014 1792 1100 1848 sit,
1134 1799 1311 1841 etnon
1337 1786 1498 1858 servi,
1531 1787 1616 1848 qui
1659 1786 1828 1854 legem
1870 1786 2038 1837 dedit.
2074 1794 2118 1852 Β
2146 1787 2196 1838 iu
2242 1791 2647 1854 supercm'estes
2691 1799 2961 1841 creaturas
3012 1786 3294 1858 altissimus
3327 1829 3338 1842 .
3392 1789 3710 1852 indignitate

476 1864 538 1916 Si
577 1857 709 1914 enim
735 1902 750 1924 ,
793 1872 850 1913 ut
886 1861 959 1912 ait
999 1858 1284 1925 Apostolus
1306 1902 1318 1918 ,
1362 1857 1482 1908 data
1522 1865 1646 1907 esset
1677 1859 1759 1908 lea:
1781 1871 1893 1923 qua:
1924 1872 2043 1922 pos-

477 1944 550 1986 set
587 1935 845 1997 vivificaris
868 1969 882 1988 .
919 1947 1029 1982 vere
1054 1944 1118 1979 ea:
1153 1926 1261 1995 lege
1289 1927 1648 1997 rssetjustitta.
1682 1926 1782 1997 Sed
1813 1928 1911 1979 hoc
1941 1944 2040 1977 non

487 2012 588 2065 est,
615 1996 734 2069 quia
761 2000 1005 2054 conclusit
1029 1998 1197 2069 omnia
1221 1997 1547 2069 sub‘peccato
1579 1996 1863 2064 Scriptura.

553 2065 687 2126 Deus
727 2070 943 2124 docuisti
974 2085 1072 2122 me.
1117 2067 1272 2132 Quasi
1305 2066 1481 2118 dicat:
1517 2065 1618 2119 hoc
1647 2079 1702 2117 ut
1751 2081 2039 2118 memorem

471 2141 694 2208 iustitia:
723 2154 824 2193 tum
864 2139 994 2204 soli,
1028 2137 1242 2190 docuisti
1275 2153 1352 2188 me
1399 2146 1450 2208 tu
1494 2133 1634 2208 Deus
1680 2152 1741 2188 ea:
1775 2137 2042 2204 jurentute

475 2205 606 2277 mea,
632 2213 682 2266 id
711 2223 812 2276 εει,
844 2225 910 2262 ex
941 2224 1044 2274 quo
1075 2221 1368 2260 conversus
1387 2205 1451 2257 ad
1477 2207 1978 2277 teinnovatussum
2009 2223 2036 2258 a

477 2293 548 2346 te,
581 2275 669 2350 qui
694 2275 861 2335 factus
889 2295 1004 2333 smn
1032 2293 1059 2350 a
1089 2288 1161 2332 te.
1214 2278 1275 2330 Et
1326 2276 1590 2350 quomodo
1637 2275 2039 2350 d_ocuisli?_llnc

475 2345 656 2415 motio,
683 2353 917 2413 scilicet,
969 2348 1087 2415 quia
1140 2361 1239 2412 ego
1268 2346 1548 2399 attendens
1601 2348 1830 2413 priorem
1878 2345 2036 2398 vitam

473 2439 672 2488 meam,
701 2424 856 2476 video
903 2419 1030 2486 quid
1073 2417 1304 2488 debeant
1327 2417 1473 2480 mini,
1509 2417 1713 2488 etquid
1741 2418 2038 2488 acceperim

479 2510 574 2556 pro
612 2485 675 2545 eo
721 2493 860 2554 quod
891 2485 1182 2544 debebatur
1213 2487 1364 2540 mihi.
1416 2485 1711 2556 Debebatur
1739 2487 2038 2556 mihienim

478 2579 665 2630 paena,
698 2574 753 2616 et
796 2562 915 2611 data
946 2570 1029 2611 est
1055 2557 1190 2630 mihi
1211 2559 1410 2625 gratia;
1461 2555 1755 2630 debebatur
1798 2555 2041 2630 t_nihi_ge_-

480 2624 652 2686 lvenua
677 2673 692 2696 ,
724 2641 777 2684 et
811 2632 930 2682 data
955 2636 1037 2680 est
1067 2627 1193 2680 mihi
1221 2624 1343 2693 Spes
1370 2637 1581 2678 aeternae
1613 2625 1752 2677 vitaz.
1789 2624 2037 2692 Docuisti,

479 2695 716 2768 inquam,
746 2707 1110 2770 exjuventute,
1137 2709 1179 2748 et
1195 2713 1367 2770 usque
1395 2711 1526 2747 nunc
1552 2699 1709 2770 etiam
1739 2695 1900 2770 dores
1923 2713 2037 2770 nte,

477 2765 598 2839 quia
625 2765 797 2825 adlmc
821 2765 959 2837 regis
987 2783 1094 2832 me,
1117 2769 1204 2835 qui
1239 2767 1401 2839 invia
1435 2766 1658 2833 posuiSIi
1691 2782 1796 2819 me.
1832 2765 1895 2816 Et
1922 2765 2041 2820 ideo

477 2837 633 2909 usque
659 2860 792 2895 nunc
819 2839 1099 2903 pronuntio
1127 2837 1381 2909 mirabilia
1413 2847 1497 2909 tua
1517 2881 1530 2902 ,
1563 2848 1615 2889 et
1664 2852 1880 2909 semper
1924 2852 2044 2902 pro-

479 2906 720 2964 nuntiabo
745 2929 806 2963 ea
822 2920 1003 2962 sancte
1026 2908 1352 2973 meditando,
1371 2917 1416 2959 et
1441 2908 1574 2958 bene
1593 2906 1863 2971 operando
1885 2923 2041 2968 usque

479 2987 530 3034 in
553 2994 806 3034 senectam
849 2990 895 3033 et
917 2979 1106 3032 senium
1138 2977 1395 3030 benedice
1431 2975 1707 3029 mirabilia.
1742 2977 1870 3042 Qu:e
1901 2979 2040 3029 enim

480 3052 678 3118 majora
712 3051 974 3105 mirabilia
1002 3063 1157 3113 quam
1191 3059 1428 3118 utor-tuos
1452 3047 1744 3118 suscitare?
1796 3047 1850 3100 Si
1900 3047 2038 3098 enim

481 3116 676 3174 mortui
703 3137 805 3174 non
835 3133 1098 3181 essemus,
1147 3132 1253 3169 non
1302 3116 1501 3169 dii-cret
1532 3116 1683 3167 nobis
1733 3118 2037 3179 Apostolus,

481 3193 672 3260 Surge,
701 3192 788 3261 qui
815 3191 1028 3250 dormis,
1059 3197 1107 3241 et
1141 3203 1357 3261 exsurge
1379 3204 1408 3237 a
1436 3189 1670 3244 mortuis,
1699 3197 1742 3261 et
1763 3187 2044 3261 iliuminn-

480 3263 546 3314 bit
571 3258 618 3314 te
657 3258 807 3316 Deus.
858 3264 1055 3312 Umnes
1085 3258 1225 3312 enim
1278 3269 1582 3322 peccatores
1611 3267 1665 3310 et
1693 3258 1736 3309 si
1774 3259 1872 3308 vivi
1923 3269 2045 3308 sunt

482 3334 741 3393 exterius,
773 3332 963 3385 mortui
1009 3341 1183 3381 tamen
1234 3327 1476 3380 interius.
1524 3327 1582 3379 Et
1611 3343 1802 3394 corpus
1833 3329 2045 3394 quando

483 3403 879 3465 resuscitator,
940 3398 1140 3452 mundo
1193 3398 1466 3456 redditur;
1522 3398 1696 3450 anima
1749 3413 1876 3451 vero
1942 3400 2043 3452 Sibi

485 3473 744 3526 redditur,
802 3471 1010 3537 Corpus
1061 3483 1275 3538 quoque
1320 3469 1631 3520 suscitatam
1665 3477 1838 3535 potest
1867 3469 2045 3524 vivere

483 3542 598 3595 sine
626 3546 946 3596 suscitatore
968 3555 1086 3604 suo,
1120 3541 1294 3592 anima
1325 3546 1498 3590 autem
1549 3555 1652 3590 non
1698 3548 1893 3604 potest,
1923 3540 2043 3608 quia

481 3628 604 3665 cum
636 3615 740 3665 sint
772 3616 890 3665 dote
919 3613 1071 3671 vitte,
1104 3625 1204 3661 una
1234 3610 1472 3670 corporis
1496 3649 1510 3668 .
1539 3611 1702 3660 altera
1731 3610 1942 3668 animo.
1973 3611 2044 3662 si-

484 3691 573 3735 cut
598 3698 791 3750 corpus
823 3681 1003 3750 nequit
1024 3682 1198 3734 vivere
1226 3681 1342 3733 sine
1370 3680 1558 3750 gratia,
1579 3679 1646 3730 ita
1665 3681 1840 3731 anima
1865 3681 2045 3748 nequit

487 3754 666 3805 vivere
695 3749 812 3806 Sine
839 3749 1002 3814 gratia
1030 3766 1125 3819 per
1149 3761 1304 3810 quam
1338 3749 1705 3802 resuscitator.
1740 3751 1800 3802 Et
1819 3750 1938 3805 ideo
1963 3751 2044 3802 di-

486 3822 756 3890 cit,usque
793 3838 930 3875 mmc
958 3823 1115 3873 etiam
1145 3821 1304 3874 doces
1337 3835 1420 3871 me
1447 3858 1460 3880 ,
1516 3821 1637 3886 quia
1688 3819 1833 3873 nullo
1888 3824 2046 3874 modo

485 3892 662 3945 anima
690 3894 787 3946 sibi
807 3894 1009 3946 reddita
1035 3893 1150 3945 sine
1166 3890 1424 3960 regimine
1446 3893 1629 3959 gratia:
1651 3902 1828 3953 posset
1846 3891 2042 3944 vivere.

489 3963 553 4013 Et
585 3972 756 4025 ptilesl
786 3961 968 4016 referri
999 3961 1139 4030 quod
1172 3963 1257 4015 hic
1287 3961 1479 4014 dicitur
1507 3960 1573 4015 ad
1606 3976 2038 4030 unumquemque

489 4033 802 4096 perlecmm,
832 4044 878 4084 et
906 4033 983 4086 sic
1006 4048 1097 4096 per
1119 4041 1369 4085 senectam
1415 4039 1460 4084 ct
1481 4032 1674 4083 senium
1697 4033 2045 4100 accipiemus,

489 4103 570 4152 vel
605 4101 918 4166 simpliciter
971 4104 1130 4153 linem
1177 4102 1317 4164 vitm,
1355 4103 1435 4155 vel
1487 4103 1779 4155 secundum
1829 4103 2045 4157 Graecos

491 4184 772 4235 possumus
803 4173 1044 4237 accipere
1065 4186 1158 4235 per
1176 4182 1442 4224 senectam
1476 4187 1681 4223 morttm
1705 4174 2043 4238 gravitatem,

491 4254 585 4308 per
614 4243 821 4293 senium
854 4256 980 4294 vero
1029 4243 1286 4305 integram
1339 4241 1738 4308 perfectionem.
1772 4245 1920 4309 Apud
1951 4261 2047 4297 nos

490 4320 775 4378 utrumque
798 4311 897 4364 hoc
924 4326 952 4362 a
984 4326 1111 4362 sene
1142 4311 1340 4362 dictum
1369 4321 1468 4374 est,
1502 4321 1556 4363 et
1581 4326 1672 4373 pro
1689 4313 1876 4364 eodem
1907 4315 2045 4366 acci-

491 4381 662 4448 pitur;
695 4383 832 4448 apud
863 4381 1076 4435 Gnaeos
1105 4395 1233 4433 vero
1261 4391 1475 4433 senecta
1527 4396 1622 4443 pro
1658 4383 1913 4448 gravitate
1957 4384 2044 4438 illa

493 4467 698 4504 morum
747 4468 863 4519 qua:
912 4463 996 4505 εει
1026 4463 1144 4514 post
1173 4450 1377 4503 virilem
1411 4459 1618 4502 aetatem
1648 4453 1906 4518 accipitur
1931 4493 1946 4517 ,
1994 4462 2048 4507 et

2144 1870 2396 1922 quantum
2451 1861 2514 1910 ad
2566 1874 2660 1910 nos
2687 1899 2700 1920 ,
2747 1873 2879 1926 quas
2930 1867 3103 1910 tamen
3139 1868 3194 1910 tu
3222 1857 3388 1910 fecisti
3425 1858 3526 1911 hoc
3555 1862 3692 1923 quod

2143 1937 2285 1980 sunt.
2313 1928 2387 1980 De
2415 1929 2492 1979 bis
2518 1929 2848 1997 magnalibus
2879 1926 2999 1981 ideo
3026 1928 3262 1994 apponit,
3293 1943 3358 1979 ne
3391 1940 3699 1982 putaremus

2143 2002 2362 2061 gratiam
2395 1999 2458 2049 ad
2482 2000 2627 2051 solos
2650 1999 2890 2051 homines
2921 1999 3210 2064 pertinere.
3235 2012 3354 2051 cum
3382 1999 3541 2050 etiam
3577 2014 3693 2065 per-

2145 2069 2308 2120 tinetl
2345 2069 2409 2119 ad
2443 2069 2855 2129 supercmlestes
2879 2068 3125 2133 spiritus,
3160 2069 3278 2134 quia
3311 2076 3364 2118 et
3408 2068 3508 2121 hoc
3556 2069 3698 2133 quod

2143 2149 2286 2202 Sunt,
2327 2147 2374 2191 et
2405 2139 2542 2205 quod
2569 2139 2703 2192 bene
2734 2141 2939 2196 vivunt.
2971 2138 3020 2190 id
3053 2151 3155 2196 εει.
3189 2139 3329 2203 quod
3381 2136 3431 2188 i'n
3479 2140 3702 2192 veritate

2144 2209 2452 2274 persistttnt,
2476 2217 2556 2259 est
2582 2223 2643 2262 ex
2668 2208 2858 2274 gratia.
2889 2207 3140 2274 Sequitur
3167 2222 3183 2264 :

2217 2275 2372 2344 Deus,
2401 2280 2513 2347 quis
2534 2279 2716 2331 similis
2748 2278 2858 2332 tibi.
2880 2279 3039 2343 Quasi
3071 2277 3214 2332 dicat
3239 2295 3252 2330 :
3277 2277 3716 2345 Quandoquidem

2144 2361 2237 2413 per
2265 2351 2552 2413 potentiam
2585 2359 2725 2400 tuam
2752 2363 2856 2400 non
2899 2348 3070 2402 solum
3112 2358 3345 2412 terrena,
3401 2347 3492 2400 sed
3551 2348 3716 2401 etiam

2141 2419 2539 2484 supercmlestia
2610 2418 2942 2481 persistent,
2999 2420 3118 2486 quis
3168 2432 3295 2486 ergo
3345 2417 3538 2471 similis
3584 2417 3710 2470 tui?

2143 2487 2324 2540 Nullus
2355 2489 2555 2556 utique.
2592 2487 2728 2541 Malo
2769 2502 2898 2556 ergo
2927 2503 3026 2542 suo
3080 2503 3331 2554 perverse
3378 2489 3563 2540 volunt
3606 2488 3701 2540 tibi

2142 2557 2430 2610 assimilari
2464 2559 2663 2622 primus
2687 2559 2778 2612 ille
2798 2566 3036 2626 apostata
3063 2559 3301 2622 angelus,
3338 2560 3424 2625 qui
3451 2559 3583 2610 bene
3607 2573 3704 2609 nn-

2145 2627 2239 2679 luit
2267 2629 2359 2680 tibi
2387 2628 2670 2682 as~imilari
2701 2636 2756 2682 et
2791 2628 2950 2681 homo
2972 2629 3258 2682 secundus.
3290 2628 3538 2694 Quotidie
3567 2626 3716 2681 enim

2147 2695 2286 2749 Deus
2310 2712 2406 2750 nos
2429 2709 2580 2751 vocat
2597 2699 2659 2749 ad
2688 2699 2876 2752 bonam
2896 2699 3291 2752 similitudinem
3318 2713 3465 2751 suam
3491 2698 3677 2750 dicens
3697 2713 3718 2750 :

2145 2765 2324 2819 Estote
2363 2769 2729 2827 ntisrricordes.
2755 2770 2884 2821 sicut
2907 2785 2996 2835 ego
3028 2767 3181 2821 Pater
3223 2778 3381 2822 vester
3425 2768 3717 2821 misericors

2144 2853 2276 2889 sum.
2312 2839 2374 2890 Et
2404 2838 2593 2890 invitat
2625 2853 2722 2892 nos
2747 2848 2803 2891 ut
2827 2839 3109 2907 diligamus
3131 2838 3371 2892 inimicos
3403 2848 3636 2897 nostros.
3668 2848 3721 2890 et

2146 2907 2225 2978 eis
2257 2907 2390 2960 bene
2418 2907 2694 2969 faciamus,
2728 2910 2848 2975 quia
2878 2911 2990 2971 ipse
3012 2909 3140 2972 pluit
3165 2925 3315 2978 super
3348 2910 3520 2977 jnstos
3549 2917 3600 2960 et
3637 2909 3716 2959 in-

2137 2977 2329 3044 justas.
2354 2979 2454 3032 Sed
2481 2980 2530 3032 in
2561 2983 2659 3032 hoc
2674 2980 2842 3032 noluit
2869 2980 2968 3032 sibi
2992 2977 3274 3032 assimiiari
3305 2979 3414 3033 ille.
3444 2977 3551 3031 Sed
3586 2979 3716 3046 quia

2150 3049 2284 3100 Deus
2317 3059 2398 3101 est
2425 3050 2618 3101 btnmm
2649 3064 2706 3101 se
2731 3051 2842 3116 ipso
2871 3057 3201 3111 contentum,
3232 3058 3286 3102 et
3341 3057 3577 3116 potestas
3624 3063 3720 3114 per

2150 3132 2206 3167 se
2241 3118 2338 3170 sub
2367 3120 2502 3171 nulla
2527 3134 2622 3172 ens
2653 3128 2941 3186 potestate,
2971 3119 3022 3171 in
3068 3119 3166 3172 hoc
3191 3117 3360 3172 voluit
3387 3119 3435 3173 ei
3462 3131 3716 3184 perverse

2149 3189 2428 3241 assimilari
2466 3191 2667 3256 primus
2698 3190 2786 3242 ille
2809 3191 2896 3257 qui
2930 3189 3062 3242 dixit
3095 3205 3105 3238 :
3141 3189 3340 3241 Ponant
3364 3188 3533 3243 sedem
3558 3204 3720 3240 meam

2149 3259 2214 3308 ad
2239 3259 2536 3326 Aquilonem
2561 3299 2575 3324 ,
2611 3270 2668 3312 ut
2715 3268 2859 3313 esset
2902 3267 3134 3324 potestas
3163 3269 3348 3313 contra
3401 3267 3719 3327 potestatem

2151 3328 2318 3394 illam,
2353 3347 2455 3381 non
2479 3332 2575 3381 sub
2625 3330 2732 3383 illa.
2787 3331 2854 3382 Et
2901 3330 3022 3384 ideo
3070 3329 3284 3382 evanuit
3312 3328 3366 3381 in
3393 3327 3720 3396 cogitatione

2149 3411 2239 3450 sua
2270 3442 2285 3464 ,
2315 3410 2365 3453 cl
2397 3400 2590 3453 cecidit
2637 3400 2704 3455 de
2735 3400 2853 3455 luce
2893 3401 2945 3453 in
2991 3408 3220 3453 aeternas
3261 3400 3532 3452 tenebras.
3587 3397 3728 3451 Huic

2151 3470 2292 3523 malo
2349 3487 2443 3522 suo
2495 3471 2657 3524 miser
2709 3471 2798 3524 ille
2853 3470 3120 3524 secundus
3150 3469 3460 3532 consensit,
3499 3467 3588 3535 qui
3619 3467 3721 3520 sibi

2154 3539 2291 3591 lteus
2322 3556 2464 3603 esse,
2492 3550 2544 3593 et
2571 3541 2638 3594 de
2658 3554 2754 3594 suo
2796 3549 2923 3594 nutu
2972 3539 3204 3605 pendere
3244 3537 3432 3594 voluit.
3477 3537 3724 3592 Recessit

2148 3611 2288 3662 enim
2320 3611 2389 3662 ab
2437 3613 2788 3677 imperatore,
2848 3618 2902 3664 et
2945 3611 3162 3666 divertit
3209 3619 3328 3678 post
3357 3609 3712 3662 desertorem.

2151 3679 2341 3750 [ingeni
2365 3681 2513 3734 dedit
2540 3683 2851 3744 imperator,
2886 3679 3124 3734 fraudem
3142 3681 3405 3750 suggessit
3441 3679 3713 3750 desertor.

2150 3747 2386 3804 Credidit
2416 3753 2577 3804 miser
2615 3751 2775 3805 botuo
2822 3750 2962 3819 quod
2997 3752 3163 3804 suasit
3192 3747 3458 3813 diabolus,
3487 3761 3540 3801 et
3566 3748 3720 3802 inve-

2151 3819 2225 3871 nit
2256 3823 2395 3888 quod
2425 3822 2654 3875 minatus
2685 3832 2764 3874 est
2792 3822 2950 3882 Deus,
2977 3822 3099 3890 quia
3124 3831 3298 3874 morte
3329 3819 3580 3890 multatus
3608 3824 3718 3870 est.

2153 3890 2214 3960 Et
2240 3891 2340 3945 hoc
2369 3902 2449 3945 est
2471 3894 2609 3960 quod
2633 3891 2760 3945 dicit
2791 3908 2802 3942 :
2842 3889 3072 3956 Quantas
3099 3893 3362 3945 ostendisti
3383 3889 3529 3942 mihi.
3566 3893 3720 3960 Quod

2150 3959 2215 4013 ad
2253 3957 2584 4016 litteratn'sic
2618 3963 2977 4022 continuatur,
3007 3961 3157 4029 quasi
3183 3961 3389 4016 diceret
3417 3976 3430 4012 :
3458 3957 3719 4026 Quando-

2191 4031 2362 4085 uidum
2395 4032 2570 4085 nullus
2596 4043 2679 4085 est
2709 4031 2802 4086 tibi
2833 4031 3057 4095 similis,
3107 4046 3236 4095 ergo
3291 4030 3432 4085 malo
3483 4044 3603 4083 meo
3658 4029 3719 4082 in

2153 4101 2317 4154 Adam
2351 4103 2491 4156 volui
2541 4103 2632 4157 tibi
2681 4117 2934 4171 perverse
2981 4101 3300 4163 assimiiari.
3359 4101 3480 4167 quia
3534 4108 3588 4152 tu
3617 4113 3721 4166 pro

2153 4172 2502 4234 perversitate
2523 4173 2608 4227 illa
2629 4173 2894 4225 ostendisti
2923 4171 3048 4222 mihi
3069 4172 3442 4229 tribulationes.
3469 4179 3524 4224 et
3545 4183 3722 4234 quan—

2153 4250 2235 4294 tas
2260 4242 2468 4307 multas,
2526 4243 2750 4304 scilicet,
2803 4251 2849 4295 et
2903 4243 3085 4296 mutas.
3139 4241 3532 4296 'l‘ribulationes
3561 4248 3721 4292 vocat

2153 4310 2238 4364 hic
2267 4327 2452 4366 omnes
2476 4328 2657 4380 pcenas
2689 4313 2928 4380 peccati,
2978 4327 3142 4380 quare
3189 4312 3434 4380 quadam
3466 4309 3718 4380 videntur

2153 4383 2333 4436 dulces
2358 4399 2462 4434 non
2480 4379 2883 4436 attendeutibus
2904 4397 3018 4445 eas,
3045 4391 3101 4434 ut
3119 4379 3406 4436 comedere
3425 4391 3480 4434 et
3511 4379 3719 4441 bibere,

2155 4463 2207 4502 et
2242 4453 2456 4506 similia.
2494 4454 2588 4506 llic
2613 4469 2740 4506 vero
2765 4454 2853 4520 qui
2899 4452 3126 4506 attendit
3150 4467 3263 4514 eas,
3296 4460 3448 4504 vocat
3477 4465 3568 4504 eas
3597 4463 3718 4520 gnta-

495 4521 628 4576 tales
651 4517 840 4591 graves
871 4522 1207 4590 presbyteros
1234 4521 1524 4589 appellant.
1556 4517 1927 4586 Seniumvero
1955 4525 2045 4576 de-
2083 4517 2131 4576 ο
2157 4521 2252 4574 las.
2279 4522 2343 4574 Et
2368 4533 2451 4576 est
2480 4525 2661 4576 dicere
2687 4539 2702 4578 :
2731 4517 2864 4588 Quia
2901 4537 3148 4588 perverse
3179 4524 3316 4574 volui
3363 4521 3455 4574 tibi
3502 4519 3720 4591 assimi-

491 4593 745 4658 crepitam
775 4602 982 4644 aetatem
1015 4591 1278 4658 accipiunt
1303 4632 1316 4652 ,
1363 4599 1418 4643 et
1459 4591 1758 4661 decrepitos
1807 4604 2052 4661 gerontas

496 4663 702 4716 dicunt.
754 4663 809 4715 Si
857 4675 986 4716 vero
1034 4663 1117 4714 hic.
1154 4661 1384 4726 loquitur
1416 4660 1535 4712 talis
1565 4677 1699 4714 unus
1721 4701 1736 4723 ,
1769 4660 1854 4727 qui
1884 4665 1951 4716 sit
2000 4666 2050 4717 in

499 4733 702 4793 multis,
734 4733 782 4784 id
806 4741 904 4795 est,
935 4731 1191 4791 Ecclesia,
1221 4743 1344 4784 tunc
1383 4730 1539 4782 aliter
1569 4741 1778 4796 oportet
1809 4747 1905 4785 nos
1939 4736 2051 4788 bare

497 4813 733 4862 tempora
764 4804 1122 4868 distinguere,
1165 4801 1402 4864 scilicet,
1463 4811 1523 4852 ut
1575 4817 1668 4867 per
1722 4803 2048 4870 juventutem

499 4871 751 4925 Ecclesiae
781 4873 1104 4942 accipiamus
1131 4883 1331 4926 tantum
1382 4882 1588 4942 tempus
1635 4872 1784 4936 illud,
1847 4875 1896 4924 iu
1945 4888 2051 4942 quo

497 4943 666 4993 sancti
691 4941 924 5009 Apost-dt
961 4941 1168 4995 fuerunt
1191 4981 1207 5006 ,
1255 4953 1309 4995 et
1341 4941 1704 5006 multipliciter
1733 4943 1944 5007 sanguis
1967 4941 2049 4996 ad

499 5011 742 5063 l:etamen
777 5013 1050 5083 ltictzlesiai,
1108 5013 1305 5076 idest,
1364 5023 1670 5064 sanctorum
1734 5022 2047 5083 martyrum,

500 5083 645 5133 fusus
670 5095 769 5133 est.
804 5081 901 5134 Per
929 5081 1134 5134 virilem
1163 5097 1289 5136 vero
1317 5091 1551 5143 :elatem,
1601 5081 1914 5147 praesentem
1944 5098 2050 5136 sta-

500 5163 607 5204 tum
660 5151 1045 5217 intelligamus;
1101 5167 1196 5219 per
1257 5163 1525 5205 senectam
1577 5168 1702 5203 \ero
1747 5163 1800 5204 et
1847 5156 2049 5206 senium

497 5233 703 5286 tempus
731 5221 969 5290 ultimm“
1017 5232 1140 5273 ante
1192 5221 1348 5275 linem
1399 5222 1612 5286 Saeculi,
1655 5231 1861 5290 tempus
1909 5224 2053 5276 Auti-

499 5291 710 5344 i-hristi.
771 5289 1140 5351 Pronuntiabo,
1195 5294 1428 5358 inquam,
1475 5292 1734 5344 mirabilia
1771 5289 1869 5346 tua
1899 5311 2052 5361 usque

499 5363 547 5412 in
574 5374 826 5415 senectam
855 5371 898 5414 ct
925 5363 1140 5422 senium,
1167 5372 1220 5413 ct
1243 5376 1293 5412 ut
1320 5363 1539 5426 possim,
1570 5379 1598 5414 ο
1631 5361 1796 5425 Deus,
1827 5379 1887 5414 ne
1912 5364 2054 5416 dire-

499 5433 696 5498 linquas
717 5448 818 5495 me,
851 5437 1008 5484 donec
1050 5433 1344 5483 manuntiem
1369 5447 1466 5498 ego
1511 5433 1744 5485 Ecclesia
1782 5448 1874 5499 per
1920 5450 2054 5497 prir-

499 5513 677 5553 sentes
726 5511 781 5554 et
835 5514 1212 5568 persequentt-s
1235 5518 1444 5555 eorum.
1497 5502 1586 5554 Vel
1639 5517 1736 5570 ego
1790 5503 2052 5566 perfectus

499 5571 805 5623 annuntiem
827 5587 916 5635 per
933 5589 1014 5622 nte
1035 5580 1088 5624 et
1115 5587 1204 5639 per
1225 5587 1560 5627 successores
1585 5587 1751 5634 meos,
1783 5573 2048 5624 brachium

500 5649 660 5708 tuum,
696 5640 844 5702 illud,
871 5641 1092 5702 scilicet,
1143 5643 1209 5694 de
1237 5657 1342 5708 quo
1391 5644 1586 5695 dictum
1615 5653 1696 5696 θαι
1727 5660 1738 5694 :
1773 5641 2050 5695 liras/tium

502 5704 703 5759 Domini
725 5711 804 5759 cui
829 5710 1099 5761 revelatum
1127 5710 1234 5762 est?
1257 5704 1324 5763 id
1357 5721 1460 5777 est,
1505 5713 1690 5764 Filium
1726 5723 1868 5765 tuum
1900 5753 1914 5776 ,
1959 5727 2050 5777 per

501 5791 659 5838 quem
690 5780 914 5843 gratuita
971 5781 1210 5832 liberatio
1260 5782 1410 5834 nobis
1457 5782 1575 5835 data
1609 5790 1685 5836 est
1710 5821 1724 5845 ,
1752 5786 2049 5836 annunticm

2158 4591 2278 4656 lari,
2305 4593 2425 4646 ideo
2448 4594 2681 4648 multasti
2714 4587 2798 4645 me
2821 4587 3025 4656 magnis
3041 4603 3093 4645 el
3116 4592 3334 4645 inlinitis
3359 4587 3716 4644 tribulationi-

2157 4663 2272 4726 bus,
2306 4673 2357 4715 et
2383 4672 2558 4716 tamen
2591 4656 3012 4716 irrevocabilher
3034 4702 3050 4726 ,
3102 4663 3222 4727 quia
3251 4672 3305 4714 tu
3334 4675 3605 4714 conversus
3643 4656 3718 4711 de

2157 4730 2231 4783 ira
2263 4735 2326 4784 ad
2359 4734 2776 4786 misericordiam
2803 4732 3069 4795 viviﬁcasti
3094 4747 3175 4784 me
3194 4731 3300 4798 jam
3327 4730 3552 4784 interius
3574 4729 3625 4782 in
3643 4742 3708 4781 re

2152 4813 2203 4854 et
2226 4805 2457 4855 exterius
2482 4803 2640 4855 etiam
2664 4804 2715 4855 in
2739 4817 2852 4869 Spe.
2875 4803 2940 4855 Et
2963 4802 3081 4854 ideo
3097 4803 3219 4854 dico
3252 4799 3556 4858 viviticasti.
3575 4799 3710 4869 uuia

2153 4873 2397 4925 reduxisti
2426 4874 2607 4925 iterum
2627 4868 2852 4924 animam
2873 4887 3042 4924 meam
3068 4871 3131 4923 de
3151 4871 3345 4940 abyssi:
3367 4882 3533 4923 terrm.
3558 4868 3714 4934 Quod

2152 4943 2435 5009 dupliciter
2482 4952 2650 5009 potest
2679 4942 2804 4995 dici.
2852 4942 3074 5008 Quando
3104 4944 3243 4994 enim
3277 4942 3437 4994 immo
3462 4940 3529 4992 de
3563 4951 3705 5009 terra

2157 5008 2324 5064 l'aetus
2375 5008 2492 5074 est,
2512 5025 2637 5067 tunc
2668 5022 2804 5064 terra
2860 5015 2910 5065 in
2969 5012 3169 5064 vilitate
3213 5027 3308 5064 sua
3362 5013 3413 5064 in
3462 5008 3714 5075 quiddam

2154 5081 2369 5148 dtguum
2401 5083 2589 5136 educta
2611 5092 2721 5145 est;
2777 5097 2896 5136 cum
2951 5096 3077 5134 vero
3128 5081 3286 5133 homo
3339 5080 3715 5148 praevaricator

2156 5151 2330 5206 factus
2359 5166 2460 5215 est,
2491 5161 2613 5204 tunc
2637 5162 2778 5204 terra
2812 5153 2864 5204 in
2896 5151 3147 5203 vilitatem
3178 5165 3327 5203 suam
3371 5153 3580 5204 redacta
3606 5158 3710 5202 est.

2159 5223 2284 5276 lude
2314 5239 2432 5275 cum
2463 5233 2825 5274 assumeretur
2855 5236 2884 5274 a
2913 5221 3073 5274 verbo
3103 5221 3192 5273 illo
3213 5221 3350 5286 quod
3378 5222 3432 5272 in
3458 5217 3714 5288 principio

2157 5302 2262 5344 erat
2289 5294 2429 5362 apud
2461 5291 2650 5351 Deum,
2685 5293 2898 5344 reducta
2929 5301 3030 5344 est.
3071 5291 3270 5344 Cecidit
3322 5291 3446 5362 item
3479 5292 3708 5353 quodam

2158 5360 2339 5423 modo,
2367 5378 2486 5414 cum
2518 5376 2642 5413 caro
2663 5373 2930 5425 assumpta
2955 5369 3160 5413 mortua
3189 5371 3265 5414 est
3292 5378 3305 5423 ;
3338 5360 3556 5412 reducta
3584 5372 3713 5410 vero

2157 5440 2240 5484 est
2287 5434 2470 5485 eadem
2501 5448 2659 5484 carne
2704 5441 3032 5496 resurgente,
3063 5440 3116 5481 et
3146 5431 3225 5482 sic
3268 5430 3481 5493 iterum,
3529 5429 3578 5480 id
3605 5440 3709 5485 eat,

2159 5502 2239 5554 bis
2262 5505 2474 5555 reducta
2500 5512 2602 5554 est.
2635 5499 2690 5553 lu
2723 5503 2824 5553 hac
2851 5511 3027 5552 autem
3055 5502 3311 5552 sententia
3345 5513 3440 5565 per
3459 5499 3711 5566 abyssum

2159 5572 2414 5625 vilitatem
2446 5581 2600 5624 terra:
2641 5572 2841 5634 accipe.
2879 5568 2972 5622 Vel
3015 5570 3165 5622 aliter
3197 5586 3210 5620 :
3243 5567 3368 5621 Ideo
3395 5568 3519 5621 dico
3544 5566 3709 5629 uiriﬁ-

2159 5643 2284 5693 casti
2313 5658 2412 5702 me,
2441 5642 2558 5708 quia
2606 5640 2656 5693 in
2688 5650 2824 5692 terra
2853 5677 2866 5702 ,
2899 5639 2947 5690 id
2987 5648 3089 5700 est,
3140 5637 3218 5692 his
3254 5637 3503 5691 reduxisti
3535 5651 3625 5708 me
3648 5635 3714 5686 de

2160 5712 2351 5778 ttbyssis
2371 5707 2535 5774 non,
2572 5711 2739 5771 idest,
2759 5711 2822 5761 de
2844 5709 3198 5776 profunditatc
3229 5708 3501 5760 vitiorum.
3532 5707 3716 5759 Primo

2160 5781 2302 5835 enim
2328 5781 2508 5836 eduxit
2528 5796 2644 5848 nos,
2677 5795 2796 5833 cum
2814 5789 2997 5832 natura
3023 5788 3198 5832 nostra
3220 5793 3251 5832 a
3274 5780 3436 5832 verbo
3459 5790 3711 5843 assump-
