4010 6190
361 409 454 464 861

1051 404 1111 458 ΙΝ
1157 405 1568 461 PSALMORUM
1609 406 1861 462 LIBRUM
1905 405 2263 464 EXEGESIS.
2308 437 2372 450 —
2413 409 2652 464 PSALM.
2697 412 2882 466 LXXI.

2572 216 2591 242 \

3505 418 3608 470 869.

357 533 411 577 ta
442 533 544 577 est.
575 522 741 575 Casus
770 524 893 573 item
925 520 1019 573 luit
1041 521 1092 572 iu
1138 520 1250 586 ipsa
1301 531 1492 573 morte.
1540 521 1667 573 lude
1715 520 1921 574 reduxit
1956 527 1996 578 Α
2029 535 2150 571 cum
2190 520 2332 580 regis
2366 520 2619 575 felicitate
2643 523 2946 586 conjuncta,
2980 534 3032 576 et
3062 523 3111 576 in
3147 525 3484 579 Salomonem
3519 542 3607 579 ca-

361 610 461 648 nos
495 609 589 649 per
618 594 1077 644 resuscitationetn
1107 607 1252 641 ~uani
1278 631 1290 648 ,
1325 592 1374 641 in
1418 606 1516 656 qua
1569 606 1694 657 Spes
1737 607 1914 643 resur-

357 663 516 732 gendi
567 663 718 714 nobis
764 661 882 732 data
913 669 1013 712 est.
1047 661 1281 712 “educet
1314 675 1410 712 nos
1440 661 1622 723 etiam,
1652 676 1772 732 cum
1807 662 1918 732 huc

359 729 484 800 spes
515 732 841 796 implebitur.
872 730 920 782 id
947 742 1047 791 est,
1077 746 1197 781 rum
1225 746 1320 780 nos
1349 729 1807 800 reSuscitabiinnr.
1856 731 1920 782 Et

361 807 440 858 sic
467 803 566 855 erit
595 813 646 854 et
670 810 831 860 tanta,
865 801 914 852 id
947 817 1048 860 (εει,
1079 801 1344 868 geminata
1375 799 1627 851 reductio.

350 915 363 931 .,
416 872 793 936 ,Multiplicasti
829 871 1257 936 magniﬁcentiam
1303 878 1462 923 tuam.
1509 870 1810 934 Quomodo,
1842 868 1918 922 in-

361 929 542 1012 Q’nam,
577 929 660 996 me
685 929 962 994 vivilirasii
988 929 1012 992 ’ἱ
1041 941 1132 1012 Ita,
1163 939 1385 1002 scilicet,
1420 929 1551 1012 quia
1569 937 1922 1012 multiplic_asti

364 1009 790 1080 magniﬁcentiam
824 1022 985 1073 tuam,
1039 1009 1085 1062 id
1116 1021 1227 1080 est,
1264 1011 1598 1075 magniﬁcam
1632 1010 1921 1076 potentiam

364 1074 665 1151 tiia'm,'quia
685 1091 1019 1151 uolitantum
1047 1074 1419 1146 indulgentiam
1440 1074 1670 1143 confers,
1687 1079 1786 1151 sed
1805 1080 1923 1151 liliis

361 1156 525 1207 etiam
557 1149 689 1217 quos
708 1151 771 1204 ad
797 1150 1157 1203 hmreditatem
1190 1164 1364 1216 paras,
1388 1149 1804 1203 misericorditer
1830 1150 1924 1202 ﬂa—

361 1226 498 1293 gella
519 1223 760 1279 adhibes.
791 1235 834 1272 et
867 1224 1003 1293 sicut
1030 1235 1301 1293 eo-tversus
1331 1221 1398 1272 ab
1414 1220 1502 1293 ira
1528 1221 1593 1272 ad
1621 1221 1922 1293 misericor-

365 1290 506 1346 diam
538 1296 824 1344 consolatus
854 1307 903 1343 es
943 1290 994 1343 in
1043 1301 1220 1343 mente
1269 1290 1512 1356 interius,
1563 1290 1926 1345 consolaberis

370 1380 494 1417 vero
516 1374 568 1416 el
596 1364 846 1415 exterius.

443 1433 580 1485 Nam
612 1441 656 1485 et
682 1447 774 1501 ego
801 1430 1080 1498 conﬁtebor
1110 1429 1217 1482 tibi.
1246 1427 1368 1482 Ideo
1400 1426 1520 1501 dico
1559 1430 1847 1483 consolatus
1874 1447 1927 1484 es

368 1519 469 1567 me,
501 1504 622 1570 quia
649 1499 751 1554 hoc
782 1501 908 1552 mibi
937 1501 1203 1553 contuli~ti
1224 1501 1355 1570 jam,
1388 1499 1508 1564 quia
1531 1511 1689 1552 etiam
1716 1502 1767 1552 in
1793 1517 1925 1567 pra:-

372 1583 508 1626 Sentt
547 1575 772 1624 laudabo
803 1585 853 1622 te
905 1572 956 1623 in
998 1572 1216 1638 Spiritus
1264 1569 1641 1638 viviﬁcatione,
1675 1581 1727 1622 et
1755 1572 1929 1624 carnis

374 1644 800 1696 mortiﬁcatione.
855 1641 1004 1706 Quod
1033 1637 1136 1694 Sic
1189 1639 1318 1693 dicit
1351 1656 1362 1691 :
1407 1637 1545 1692 Nam
1575 1653 1620 1692 et
1647 1657 1737 1710 ego
1791 1642 1931 1694 sicut

375 1717 532 1776 caput
573 1729 748 1765 meum
797 1711 1070 1773 con/itebor
1098 1711 1207 1770 tibi,
1238 1727 1269 1759 ιι
1302 1710 1459 1774 Deus,
1490 1711 1538 1762 id
1570 1720 1668 1771 est,
1707 1712 1930 1764 laudabo

376 1784 630 1835 veritatem
654 1796 792 1835 tuam
828 1782 908 1834 vel
941 1782 1319 1848 promissiones
1368 1781 1418 1831 in
1471 1796 1555 1832 me
1608 1782 1924 1846 completas.

378 1852 468 1906 Vel
507 1855 761 1906 veritatem
819 1867 955 1905 tuam
1020 1850 1332 1918 conﬁtebor.
1401 1848 1448 1900 id
1514 1857 1635 1916 est,
1705 1851 1931 1904 laudabo

373 1937 500 1976 vera
534 1934 793 1990 przecepta
824 1933 907 1974 tua
936 1924 1205 1988 implendo
1235 1937 1294 1972 ea
1319 1919 1434 1990 tibi,
1469 1921 1637 1985 idest,
1663 1921 1726 1972 ad
1758 1921 1925 1974 Itono-

375 2008 487 2046 rem
518 2005 684 2055 tuum,
714 2005 765 2044 et
797 1993 896 2046 hoc
945 1993 997 2044 in
1034 1993 1166 2044 vasis
1211 1989 1419 2059 psalmi.
1477 1990 1579 2042 Vis
1610 1990 1794 2058 psalmi
1822 2033 1836 2054 ,
1871 2002 1928 2046 ut

378 2064 564 2115 beatus
597 2063 916 2130 Augustinus
953 2064 1024 2113 ait
1073 2103 1088 2126 ,
1138 2071 1220 2113 est
1265 2061 1667 2112 instrumentum
1717 2063 1922 2128 psalmi,

379 2135 684 2199 psalterium
729 2133 958 2193 scilicut,
989 2130 1127 2198 quod
1159 2131 1278 2198 quia
1307 2131 1531 2193 desuper
1561 2139 1732 2192 sonat,
1766 2145 1790 2182 s
1814 2135 1925 2201 gni-

381 2203 504 2255 Iicat
529 2203 928 2255 vivilicationem
959 2203 1194 2268 spiritus,
1227 2216 1344 2268 qua:
1368 2201 1594 2266 desuper
1621 2209 1724 2256 est.
1759 2202 1820 2254 Et
1846 2213 1928 2256 est

375 2275 594 2336 dicere;
627 2271 917 2338 Conﬁtebor
947 2272 1033 2324 tibi
1056 2274 1108 2324 in
1131 2272 1257 2322 rasis
1282 2271 1484 2339 psalmi,
1513 2271 1562 2323 id
1592 2280 1695 2335 est,
1721 2287 1773 2324 tn
1808 2273 1928 2340 Spi-

377 2342 651 2397 riluahbus
673 2345 941 2410 operibus,
961 2344 1095 2395 sicut
1117 2342 1168 2394 in
1199 2350 1376 2393 sancta
1400 2341 1719 2407 cogitatione
1741 2349 1789 2394 et
1809 2357 1928 2394 ora-

379 2414 543 2466 tione.
594 2413 878 2467 PuSSllmllS
932 2414 1090 2464 etiam
1146 2411 1434 2463 secundum
1466 2410 1840 2465 Cassiodorutn
1876 2415 1926 2465 in

378 2485 520 2536 Vasis
548 2485 730 2551 psalmi
765 2481 1101 2535 intransitive
1129 2481 1405 2546 accipere,
1442 2490 1504 2551 _ut
1533 2483 1601 2533 sit
1632 2481 1769 2534 idem
1799 2497 1860 2535 ac
1886 2484 1928 2537 si

378 2553 524 2605 dicat
547 2549 561 2605 Ξ
593 2550 879 2620 Conﬁtebor
900 2553 989 2606 tibi
1012 2553 1063 2604 in
1088 2553 1238 2611 vasis,
1264 2566 1382 2619 quas
1410 2549 1516 2603 sint
1559 2566 1680 2605 vasa
1700 2591 1714 2612 ,
1747 2553 1795 2604 id
1823 2561 1927 2619 est,

381 2624 434 2674 in
467 2624 660 2677 talibus
688 2626 927 2684 t‘attllClS,
958 2624 1009 2675 in
1041 2625 1230 2688 quibus
1258 2623 1326 2672 ita
1351 2628 1404 2673 et
1432 2636 1562 2689 pura
1600 2631 1655 2675 et
1686 2623 1930 2688 incorpo-

383 2707 468 2745 rea
494 2698 562 2746 sit
594 2695 704 2745 laus
737 2693 851 2756 Dei,
875 2693 1010 2745 sicut
1041 2695 1090 2744 in
1128 2693 1302 2758 aliquo
1327 2707 1447 2743 vase
1475 2692 1612 2744 bono
1646 2704 1820 2748 manet
1852 2695 1931 2747 in-

377 2766 526 2816 lusus
582 2764 752 2832 liquor
803 2763 1318 2832 incorrtiptusaQnm
1361 2770 1534 2815 tamen
1565 2765 1678 2816 laus
1705 2765 1933 2830 pertinet

375 2833 442 2884 ad
473 2835 688 2901 Spiritus
712 2834 1141 2887 vivilicationem.
1168 2831 1262 2885 Vel
1284 2832 1444 2885 etiam
1476 2848 1565 2897 per
1589 2848 1712 2886 vasa
1743 2836 1930 2900 psalmi

378 2919 657 2965 possumus
687 2907 926 2971 accipere
948 2903 1247 2968 spirituales
1267 2907 1492 2964 animas,
1519 2905 1571 2955 in
1595 2905 1784 2968 quibus
1820 2905 1932 2958 laus

381 2973 470 3026 Dei
500 2989 605 3027 non
637 2976 853 3038 acescit,
884 2975 974 3027 sed
1008 2975 1144 3026 bene
1187 2971 1369 3039 sapida
1397 2983 1478 3026 est
1517 2975 1652 3026 sicut
1682 2973 1851 3038 liquor
1881 2976 1931 3026 in

379 3044 518 3095 bono
558 3059 702 3097 vase.
752 3043 1039 3112 Confitebor
1087 3044 1196 3103 tibi,
1244 3044 1478 3108 inquam,
1514 3057 1542 3093 ο
1571 3041 1701 3095 Deus
1728 3044 1778 3094 in
1805 3045 1933 3098 vasis

378 3114 585 3180 psalmi,
614 3121 662 3166 ct
687 3114 902 3177 psallam
927 3114 1016 3165 tibi
1038 3113 1090 3164 in
1121 3113 1318 3165 cithara
1340 3155 1353 3176 ,
1396 3114 1444 3165 id
1494 3123 1597 3176 est,
1652 3116 1702 3165 in
1735 3115 1932 3167 sanatis

376 3186 631 3249 operibus
660 3183 722 3235 ad
747 3184 922 3236 carnis
952 3183 1408 3237 mortiﬁcationem
1445 3185 1849 3252 pertinentibus,
1879 3195 1932 3236 ιιι

376 3263 464 3306 est
491 3269 701 3305 manum
734 3253 950 3320 pauperi
979 3256 1268 3321 porrigere,
1293 3255 1532 3308 int'trmos
1554 3264 1604 3306 et
1636 3254 1932 3307 incarcera-

376 3333 462 3375 tos
494 3323 722 3392 visitare,
755 3331 809 3375 et
830 3322 1044 3387 similia,
1066 3324 1291 3377 laudabo
1315 3336 1383 3386 te,
1404 3343 1434 3374 o
1454 3335 1687 3385 sanctus,
1708 3336 1932 3392 sanctus,

376 3393 521 3455 dico,
541 3389 728 3454 Israel,
748 3391 799 3445 id
817 3401 920 3456 est,
937 3395 1024 3459 qui
1045 3396 1341 3447 sanctiliCas
1356 3409 1567 3447 onmem
1583 3395 1748 3445 virum
1769 3389 1938 3447 interi;

375 3464 593 3515 dentem
635 3464 697 3514 ad
742 3465 870 3526 hoc,
916 3473 972 3515 ιιι
991 3464 1169 3516 videat
1211 3474 1281 3518 te.
1312 3465 1467 3517 Israel
1504 3464 1647 3516 enim
1672 3465 1742 3515 vir
1769 3467 1938 3520 videns

381 3531 542 3584 Deum
559 3533 952 3601 interpretatur.
979 3535 1044 3587 Et
1068 3549 1158 3600 per
1174 3533 1451 3596 citharam,
1473 3549 1588 3600 qua:
1611 3534 1677 3584 ab
1703 3536 1936 3590 inferiori

379 3610 555 3673 sonat,
587 3619 691 3655 non
723 3606 1008 3667 incongrue
1035 3606 1210 3657 carnis
1242 3605 1578 3658 tnnrzilicatio
1606 3603 1934 3673 designatur.

453 3669 792 3726 Exsultabunt
829 3673 960 3725 labia
1009 3691 1135 3727 mea.
1169 3675 1344 3737 Nunc,
1377 3677 1614 3742 inquam,
1664 3669 1940 3740 conﬁtebor

380 3741 470 3792 tibi
507 3743 556 3794 in
590 3747 720 3796 vasis
759 3744 972 3813 psalmi,
1018 3755 1065 3798 et
1111 3747 1325 3813 psallam
1375 3747 1427 3796 in
1456 3741 1697 3809 icit/tura;
1729 3747 1936 3799 tandem

381 3826 510 3883 vero
535 3814 857 3866 exsultabant
899 3813 1102 3883 integre
1134 3815 1264 3868 labia
1315 3831 1425 3868 mea
1448 3816 1735 3878 interiora,
1789 3824 1935 3880 tunc,

379 3881 602 3944 St'illccl,
635 3899 750 3936 cum
779 3881 1044 3938 cantavero
1083 3887 1193 3948 tibi,
1244 3885 1292 3937 id
1341 3895 1441 3945 est,
1486 3899 1605 3937 cum
1652 3900 1834 3938 verum
1885 3899 1939 3940 et

384 3951 690 4024 indeliciens
722 3956 981 4024 Canticum
1017 3956 1218 4008 solvam
1253 3956 1363 4008 tibi.
1399 3954 1542 4007 Beati
1563 3955 1704 4007 enim
1731 3957 1816 4024 qui
1839 3957 1934 4009 ha-

381 4021 537 4073 bitant
560 4025 610 4074 iu
635 4025 783 4076 domo
806 4033 914 4086 tua.
938 4023 1176 4089 Domine,
1203 4027 1254 4077 in
1296 4026 1480 4078 stecula
1501 4021 1800 4079 steculoru'm
1824 4025 1940 4079 lau-

383 4092 570 4164 dabunt
605 4103 671 4164 te.
726 4095 786 4146 Et
831 4097 952 4162 quia
985 4098 1229 4149 (liCIlllllll‘
1257 4097 1418 4148 etiam
1473 4092 1611 4148 labia
1661 4095 1934 4164 interiora,

385 4160 529 4233 i_deo,
559 4163 641 4233 ad
672 4160 1045 4230 exponendmn
1077 4180 1193 4232 qua:
1223 4165 1358 4218 labia
1387 4166 1679 4233 acceperit,
1711 4168 1889 4220 subdit
1919 4160 1933 4222 Ξ

385 4229 451 4283 Et
475 4231 656 4284 eadem
687 4229 995 4288 animantea
1039 4229 1321 4288 essnltabit
1376 4229 1592 4288 tunc'in
1647 4237 1799 4289 laude
1849 4247 1934 4291 tua

391 4300 534 4363 ideo,
567 4306 686 4364 quia
713 4312 764 4356 tu
795 4320 912 4357 eam
945 4306 1218 4366 redemisti,
1253 4305 1479 4359 redimes
1505 4304 1572 4358 ab
1597 4309 1737 4358 omni
1773 4307 1936 4360 tribu-

384 4369 583 4446 latione
610 4376 689 4425 vel
718 4377 1086 4446 mutabibtite.
1113 4375 1218 4428 Nec
1238 4379 1407 4446 solum
1430 4375 1659 4427 animam
1682 4375 1933 4446 redimes,

382 4441 476 4492 sed
517 4453 570 4494 et
614 4457 807 4508 corpus
835 4445 1068 4498 reddties
1090 4461 1118 4498 a
1147 4445 1488 4513 corruptione
1519 4460 1610 4511 per
1661 4441 1935 4515 incorrupL

382 4516 601 4584 tionem,
655 4515 773 4581 quia
815 4515 986 4584 lingua
1035 4532 1167 4579 mea,
1211 4515 1386 4584 lingua
1425 4516 1632 4568 scilicet
1677 4517 1934 4582 Corporis,

1966 1865 2005 1923 Β

1960 3207 2007 3269 C

2033 591 2198 641 nitur.
2230 592 2398 642 Aliter
2419 607 2517 642 vox
2553 594 2803 646 Ecclesia:
2833 595 2897 644 de
2926 594 3140 647 Christo
3172 596 3235 647 ad
3301 595 3604 650 Dominum.

2638 697 2667 734 Ε
2679 699 2697 731 ἰ
2709 697 2987 736 νιΑΝΑτιυ.

2099 771 2347 844 Salomon
2380 772 2744 839 interpretatur
2768 776 3021 844 paciﬁcus
3041 814 3056 837 ,
3081 779 3378 844 signiﬁcans
3427 777 3607 831 Domi-

2023 841 2459 913 numﬁhristam,
2486 844 2550 894 de
2578 860 2678 911 quo
2708 846 2898 896 dicitur
2927 860 2945 897 :
2976 841 3188 912 Imperii
3218 841 3263 897 et
3315 848 3451 913 pacis
3505 864 3606 901 non

2024 913 2120 964 erit
2141 912 2278 982 finis.
2318 911 2416 963 Per
2445 921 2603 964 totum
2627 915 2878 979 psalmum
2904 911 3150 982 prapheta
3175 911 3382 980 loquens
3413 919 3602 970 adven-

2024 993 2133 1053 t_um
2163 980 2353 1034 Christi
2385 984 2631 1053 prtecinit.
2666 982 2730 1034 In
2767 980 2930 1050 prima
2978 996 3122 1048 parte
3168 987 3315 1037 verba
3361 988 3485 1053 facit
3538 987 3606 1039 ad

2026 1050 2257 1123 Patrem,
2278 1053 2536 1121 judicium
2561 1049 2702 1104 Filio
2733 1057 2908 1121 petens
2931 1056 2996 1106 ad
3031 1056 3246 1122 populos
3267 1049 3601 1123 judicandos,

2025 1121 2160 1188 quod
2192 1133 2358 1173 tamen
2386 1123 2804 1190 prcedestirtatum
2833 1133 2948 1178 ante
2976 1121 3163 1178 sa’culu
3199 1121 3453 1178 noscebat.
3511 1126 3607 1180 Sc-

2027 1192 2217 1249 cuudu,
2248 1193 2509 1260 iujudicio
2539 1190 2742 1245 Domini
2763 1195 2899 1260 filios
2923 1212 3205 1261 pauperum
3235 1195 3526 1259 salvandos,
3559 1204 3605 1249 et

2027 1261 2404 1334 humiliandam
2422 1263 2616 1314 diaboli
2640 1265 2761 1316 dicit
2782 1281 2888 1317 esse
2903 1265 3210 1329 superbiam,
3235 1282 3354 1317 nam
3375 1275 3418 1316 et
3437 1265 3606 1334 ipsum

2030 1347 2228 1399 quoque
2257 1333 2470 1399 virginis
2494 1342 2693 1398 partum
2724 1351 2811 1401 per
2842 1336 3198 1388 similitudines
3221 1333 3604 1403 ρπρογιιιζτεν-

2034 1403 2104 1474 t_t'_a
2136 1404 2288 1474 refert
2314 1418 2425 1474 quia
2448 1403 2578 1454 bona
2603 1472 2615 1474 Α
2635 1406 2936 1474 contigerint
2985 1407 3047 1456 de
3093 1405 3291 1472 Spiritu
3321 1415 3515 1467 sancto,
3545 1421 3608 1457 ex

2031 1469 2206 1522 Maria
2230 1472 2423 1532 uimine
2443 1483 2562 1523 nato
2590 1469 2804 1527 Domino
2825 1475 3046 1528 Christo.
3073 1469 3270 1539 Quarta
3289 1476 3350 1526 ab
3380 1475 3607 1527 omnibus

2031 1541 2232 1613 regibus
2261 1542 2384 1593 dicit
2410 1543 2757 1606 adorandum,
2788 1545 2906 1611 quia
2933 1549 3206 1596 humanum
3235 1561 3394 1613 genus
3423 1561 3454 1594 ιι
3483 1547 3601 1594 dia-

2034 1612 2133 1663 boli
2156 1619 2400 1676 potestate
2427 1613 2657 1664 redemit.
2689 1613 2879 1676 Quinta
2906 1616 3219 1680 pronuntiat,
3239 1612 3403 1682 iquoni
3425 1631 3488 1664 tm
3510 1613 3608 1665 hu-

2034 1684 2196 1733 manis
2227 1683 2388 1734 oculis
2437 1683 2572 1752 visus
2618 1683 2994 1750 ﬁrnamenlum
3045 1686 3141 1752 fuit
3188 1679 3527 1743 ere—dentium,
3559 1695 3606 1736 et

2034 1757 2290 1817 profectus
2319 1768 2428 1803 stne
2474 1751 2728 1823 dubietate
2757 1751 3248 1823 justorum.Se:rta,
3279 1767 3466 1808 teterno
3499 1753 3605 1804 Do-

2034 1823 2171 1873 mino
2198 1823 2346 1872 totius
2377 1821 2554 1872 mundi
2593 1821 2840 1875 consensu
2864 1823 3041 1876 laudes
3074 1825 3295 1889 perhibet
3344 1840 3450 1875 esse
3498 1823 3604 1875 sol-

2032 1894 2236 1942 vendas.
2271 1891 2501 1956 Septima
2530 1891 2771 1957 hymnum
2795 1892 3013 1946 Domino
3043 1893 3244 1947 Christo
3271 1893 3605 1946 mundissima

2027 1962 2290 2013 devotione
2319 1962 2579 2028 persolvit.

2599 2046 3026 2086 COIMENTARIUS.

2100 2118 2261 2190 Deus,
2283 2121 2539 2190 judicium
2571 2133 2711 2174 tuum
2736 2124 2838 2190 regi
2859 2125 2943 2176 ita.
2974 2122 3094 2176 ll:ee
3119 2125 3272 2176 verba
3300 2123 3605 2177 referuntur

2029 2191 2082 2243 in
2113 2189 2478 2251 Salonionem,
2508 2206 2611 2243 non
2655 2189 2818 2245 lilium
2869 2194 3026 2244 David
3080 2197 3372 2261 prophetas,
3401 2196 3494 2246 scd
3551 2196 3602 2246 in

2029 2275 2215 2313 verum
2250 2261 2550 2326 pacificum,
2583 2261 2634 2313 id
2661 2272 2764 2323 est,
2787 2264 2838 2315 in
2866 2262 3157 2315 Christum.
3178 2264 3426 2314 Salomon
3451 2264 3596 2316 enim

2031 2329 2416 2395 interpretatur
2439 2332 2709 2397 paciﬁcus.
2745 2334 2810 2384 Et
2840 2332 2928 2385 ille
2951 2347 3075 2385 vere
3099 2332 3346 2395 paciﬁcus
3376 2343 3476 2396 est,
3510 2349 3602 2399 per

2031 2415 2191 2465 quem
2248 2400 2594 2454 mediatorem
2648 2412 2860 2468 accepta
2906 2402 3220 2454 remissione
3264 2413 3601 2466 peccatorum

2031 2471 2363 2524 reconciliati
2397 2486 2581 2523 sumus
2615 2471 2740 2524 Deo.
2781 2472 2916 2526 Dicit
2960 2476 3101 2524 enim
3149 2471 3601 2539 Apostolus,quia

2029 2555 2144 2591 cum
2166 2541 2330 2592 adhuc
2362 2549 2646 2607 peccatores
2677 2557 2918 2608 essemus,
2947 2541 3261 2595 reconciliati
3281 2558 3456 2596 sumus
3500 2542 3606 2594 Deo

2032 2625 2120 2675 per
2149 2621 2361 2662 mortem
2392 2611 2488 2679 ﬁlii
2525 2611 2656 2679 ejus.
2690 2612 2778 2666 Ille
2815 2626 3030 2679 quoque
3061 2627 3185 2666 vere
3217 2612 3469 2679 paciﬁcus
3499 2622 3602 2672 est.

2029 2679 2144 2751 qui
2171 2681 2294 2734 let-it
2345 2690 2567 2748 utraque
2600 2698 2780 2743 unum.
2814 2683 3032 2734 solvens
3057 2683 3287 2735 medium
3322 2683 3602 2751 parietem,

2031 2759 2086 2802 ut
2116 2749 2249 2803 duos
2271 2753 2525 2804 conderet
2567 2752 2616 2804 in
2647 2768 2704 2804 se
2737 2769 2899 2805 unum
2951 2767 3145 2805 novum
3197 2749 3487 2816 hominem,
3529 2755 3607 2805 la-

2029 2821 2176 2873 ciens
2201 2836 2404 2888 pacem.
2431 2820 2582 2884 Quod
2615 2824 2696 2875 vel
2731 2823 2795 2874 de
2825 2822 3030 2874 duobus
3062 2823 3350 2890 parietibus
3409 2823 3598 2875 Eccle-

2031 2892 2132 2962 _sia:_
2157 2901 2330 2962 potest
2361 2891 2669 2962 accipi,_qni
2696 2892 2968 2962 conjuncti
2993 2902 3118 2946 sunt
3143 2893 3195 2946 in
3220 2908 3325 2946 uno
3372 2892 3610 2960 angulari

2033 2958 2228 3025 lapide,
2254 2960 2304 3013 id
2331 2971 2432 3026 est,
2456 2963 2506 3012 in
2536 2960 2774 3028 Christo,
2799 2958 2974 3016 soluto
2993 2963 3170 3017 medio
3199 2958 3477 3017 obstaculo
3501 2977 3606 3030 quo

2031 3034 2436 3096 separabantur,
2472 3031 2521 3083 id
2552 3042 2655 3097 est,
2685 3032 2883 3086 carnali
2919 3037 3052 3098 lege,
3091 3034 3173 3086 vel
3203 3033 3360 3086 etiam
3389 3035 3455 3084 de
3507 3035 3608 3086 ista

2032 3111 2084 3150 et
2113 3101 2178 3153 de
2204 3116 2432 3166 superna
2475 3102 2732 3167 Ecclesia,
2756 3119 2912 3170 quam
2944 3102 3190 3157 Christus
3223 3103 3604 3166 reconciliavit,

2037 3172 2212 3222 soluto
2244 3186 2394 3223 muro
2423 3186 2579 3239 quem
2627 3177 2766 3226 inter
2809 3188 2900 3224 eas
2953 3184 3167 3239 peccata
3219 3182 3522 3239 erexerant,
3552 3182 3608 3224 et

2043 3239 2225 3291 multis
2248 3242 2364 3293 aliis
2397 3235 2566 3292 modis
2609 3251 2782 3309 potest
2810 3235 3048 3295 Christus
3081 3235 3327 3310 pacilicus
3373 3240 3607 3306 ostendi,

2044 3323 2146 3360 non
2171 3310 2464 3380 secundum
2487 3326 2602 3362 eam
2639 3326 2819 3376 parem
2849 3327 3004 3376 ιιιι.ιιιι
3035 3314 3263 3364 mundus
3311 3311 3501 3380 qumvit
3556 3322 3610 3364 et

2041 3379 2366 3450 ttiligithed
2394 3380 2684 3432 secundum
2711 3395 2827 3433 eam
2861 3396 3042 3450 pacem
3071 3383 3140 3435 de
3194 3396 3293 3449 qua
3332 3379 3607 3447 propheta

2041 3449 2071 3499 d
2097 3451 2186 3509 cit,
2223 3446 2364 3500 Dabo
2393 3451 2528 3501 vobis
2559 3451 2797 3501 solatium
2815 3446 3005 3513 verum,
3035 3446 3378 3520 pacem-super
3409 3446 3604 3516 pacem,

2041 3520 2252 3570 Scilicet
2280 3534 2442 3584 super
2470 3521 2914 3573 reconciliationis
2947 3535 3130 3590 pacem
3177 3523 3610 3574 immortalitatis.

2041 3591 2190 3650 Quod
2218 3598 2394 3640 autem
2427 3592 2476 3640 in
2511 3592 2612 3644 hoc
2652 3593 2855 3658 pSaInio
2885 3597 3140 3658 propheta
3184 3593 3253 3644 ita
3279 3599 3462 3657 aperte
3507 3607 3605 3643 es-

2045 3659 2190 3720 ponit
2219 3661 2479 3711 occultum
2508 3660 2623 3728 ejus
2669 3670 2955 3714 adventum
2989 3677 3037 3715 et
3074 3663 3408 3714 manite~tum
3442 3677 3456 3712 :
3505 3663 3606 3714 hoc

2043 3729 2169 3780 l'acit
2189 3730 2253 3780 ad
2279 3732 2694 3796 convincendam
2736 3734 2982 3784 duritiam
3027 3732 3166 3784 illius
3215 3731 3414 3798 populi,
3443 3747 3602 3797 quem

2044 3813 2135 3864 per
2173 3799 2412 3862 Spiritum
2444 3802 2809 3866 propheticum
2843 3806 3115 3868 praevenit,
3147 3801 3600 3852 contradicturmn

2040 3870 2214 3940 omnia
2242 3871 2324 3920 i.ta
2356 3886 2473 3936 qua:
2502 3871 2571 3923 de
2600 3886 2664 3923 eo
2693 3888 2743 3923 ιιι
2775 3879 2886 3938 tege
2916 3883 2966 3923 et
3000 3872 3270 3940 prophetis
3310 3880 3361 3922 et
3390 3869 3608 3937 psalmis

2040 3939 2234 4002 scripta
2265 3951 2437 4000 erant,
2469 3951 2521 3991 et
2551 3952 2605 3991 ut
2630 3943 2940 3994 exbortetur
2989 3939 3103 4004 eos,
3133 3954 3190 3992 ut
3233 3940 3310 3992 sic
3343 3953 3604 4006 recogno-

2041 4016 2191 4060 scant
2218 4009 2333 4074 ejus
2362 4009 2624 4062 occultum
2657 4012 2963 4072 adventum,
2994 4028 3060 4066 ne
3091 4015 3298 4063 tandem
3325 4010 3608 4076 experian-

2042 4078 2512 4151 turmanil'estum,
2537 4089 2590 4151 et
2614 4081 2741 4133 dicit
2762 4081 2829 4132 ita
2859 4099 2872 4133 :
2908 4080 3064 4148 Deus,
3097 4085 3163 4133 da
3181 4081 3433 4151 judicium
3462 4089 3606 4131 tuum

2039 4149 2166 4214 regi.
2223 4149 2374 4212 Quod
2417 4159 2497 4201 cst
2527 4150 2745 4202 dicere:
2784 4153 3004 4205 Domine
3058 4149 3226 4216 pater,
3278 4153 3417 4204 mitte
3459 4151 3608 4201 illam

2038 4233 2186 4286 quem
2209 4221 2454 4270 missurus
2476 4235 2546 4280 es,
2574 4231 2628 4272 ιιι
2651 4232 2918 4286 assumpta
2951 4223 3172 4274 humana
3204 4231 3385 4272 natura
3411 4222 3504 4272 des
3527 4221 3601 4271 illi

2042 4290 2150 4352 tegi
2173 4288 2428 4356 judtcnum
2457 4301 2625 4354 tuum,
2660 4293 2708 4343 id
2741 4303 2841 4355 est,
2866 4291 3124 4359 judicium
3156 4301 3358 4344 certum
3399 4301 3453 4342 et
3485 4305 3607 4352 pro-

2039 4360 2241 4428 vidum,
2268 4361 2406 4423 quod
2435 4361 2638 4413 scilicet
2687 4363 2795 4414 falli
2844 4376 2946 4414 non
2995 4371 3168 4428 potest
3217 4370 3271 4411 ut
3319 4363 3606 4411 humanum

2034 4427 2316 4492 judicium.
2350 4431 2504 4482 Pater
2548 4433 2690 4483 enim
2736 4447 2839 4482 non
2879 4427 3084 4497 judicat
3137 4444 3478 4496 quemquam,
3510 4431 3606 4480 sed

2039 4512 2196 4551 omne
2217 4497 2475 4566 judicium
2507 4500 2651 4553 dedit
2698 4501 2861 4562 Filio,
2891 4505 3013 4567 quia
3046 4501 3207 4553 Filius
3237 4500 3469 4551 hominis
3496 4507 3600 4551 est.

380 4563 983 4653 meditati:tirrrjiistithini
1191 4563 1365 4651 ιῌῖεέι,
1398 4585 1447 4637 in
1472 4589 1615 4653 omni
1648 4563 1931 4641 inleiitioué

2046 4563 2256 4647 uinea
2297 4571 2436 4653 enim
2491 4571 2816 4624 humanitate
2862 4563 3020 4622 habet
3053 4571 3306 4653 plu-istos
3345 4567 3604 4653 jpdicare,

383 4656 682 4706 consentiet
706 4652 898 4706 anima:
947 4658 996 4706 iii
1051 4652 1934 4722 reprmsenlandojustdicalionem

383 4729 549 4779 tuam.
577 4725 714 4789 quod
746 4725 846 4776 erit
892 4725 1005 4778 laus
1039 4734 1146 4777 tua.
1175 4726 1324 4788 Quod
1372 4735 1452 4777 est
1504 4727 1682 4778 dicere
1725 4744 1737 4778 :
1788 4726 1941 4779 Tunc

383 4806 487 4840 non
519 4795 754 4847 tetrahet
782 4809 907 4846 Caro
932 4811 1022 4860 per
1039 4797 1435 4860 corruptionem
1453 4793 1680 4860 aliquam
1702 4797 1937 4849 animam

379 4873 408 4930 a
447 4862 604 4914 laude
630 4873 738 4925 tua,
786 4867 878 4915 sed
933 4865 1228 4917 ςοιιειιιιιὶει
1255 4866 1340 4929 ei,
1373 4864 1495 4930 quia
1529 4873 1665 4916 totus
1691 4867 1942 4921 absumar

379 4927 786 5004 ﬂagrantissimo
812 4934 933 5000 igne
959 4934 1228 4987 charitatis
1260 4935 1310 4986 iii
1331 4927 1337 4929 “
1361 4927 1726 4987 holocauStum
1751 4979 1765 5001 ,
1798 4937 1938 5004 quod

381 5011 482 5050 erit
505 5009 611 5052 tota
642 5003 755 5066 die,
801 5006 850 5054 id
880 5013 960 5056 est
981 5043 994 5066 ,
1026 5006 1077 5056 iit
1108 5007 1283 5056 futuro
1313 5011 1523 5070 quando
1553 5007 1652 5056 erit
1682 5007 1799 5060 dies
1818 5003 1941 5058 Sine

381 5077 558 5133 nocte,
587 5083 710 5125 tunc
738 5073 942 5126 scilicet
967 5075 1177 5140 quando
1199 5089 1227 5125 e
1252 5073 1519 5126 contrario
1566 5075 1640 5127 illi
1662 5077 1747 5139 qui
1781 5077 1939 5128 modo

377 5150 612 5210 quierunt
633 5143 755 5194 mihi
773 5143 928 5206 mala,
950 5145 1184 5196 volentes
1201 5159 1282 5197 me
1305 5147 1586 5205 devocare,
1607 5145 1736 5197 tinnt
1761 5149 1943 5210 con/u-

375 5207 422 5282 si
441 5219 486 5282 et
507 5213 726 5282 reveriti,
759 5213 810 5264 id
840 5224 938 5276 est,
981 5217 1212 5282 graviter
1245 5226 1533 5264 remot-sam
1562 5207 1941 5268 conscientiam

380 5277 665 5354 habebant,
690 5291 745 5334 et
765 5283 918 5354 valde
939 5277 1318 5354 erubescentes
1341 5293 1502 5354 erunt
1518 5284 1752 5337 dicentes
1778 5300 1792 5337 2
1831 5284 1943 5336 Nos

375 5352 618 5403 insensati
656 5361 809 5404 Nam
851 5352 1056 5404 illorum
1095 5352 1786 5423 wslimabamusinfamiam,
1837 5366 1941 5408 etc.

834 5447 899 5501 IN
939 5445 1259 5500 PSALMUM
1301 5446 1482 5500 LXXI.

811 5558 1049 5614 Psalmus
1072 5561 1121 5613 in
1151 5558 1514 5614 Salomonem.

967 5665 1349 5705 Διιῦυιιειιίωι.

440 5757 535 5813 Hic
562 5760 795 5828 psalmus
837 5776 938 5813 non
979 5761 1286 5827 simpliciter
1339 5759 1390 5812 iti
1437 5760 1800 5822 Salomonem,
1843 5763 1934 5813 sed

365 5839 583 5898 rmpter
624 5846 956 5886 communem
987 5832 1160 5899 populi
1189 5832 1596 5899 prosperitatetu
1618 5870 1634 5898 ,
1658 5847 1772 5899 qua:
1811 5842 1925 5884 erat

2043 4640 2162 4704 quia
2195 4653 2361 4690 novus
2393 4641 2550 4690 homo
2582 4654 2715 4691 nova
2748 4648 3008 4706 praecepta
3033 4640 3180 4691 dedit
3228 4641 3440 4690 mundo.
3477 4640 3606 4703 Qua:

2041 4708 2129 4774 qui
2162 4713 2510 4772 servaverint,
2538 4709 2592 4761 in
2625 4710 2820 4762 bonum
2847 4710 3242 4776 jmticalmntur,
3270 4709 3359 4776 qui
3387 4723 3514 4761 vero
3541 4723 3604 4762 ea

2041 4777 2478 4842 contempserint,
2505 4795 2556 4828 in
2587 4783 2802 4832 malum.
2865 4781 2928 4832 Et
2967 4779 3121 4830 valde
3171 4777 3370 4845 jnstuiit
3419 4787 3520 4840 est,
3551 4790 3607 4830 ιιι

2041 4848 2131 4912 qui
2162 4848 2319 4897 homo
2370 4850 2538 4900 laetus
2591 4858 2672 4901 est
2722 4862 2934 4916 propter
2984 4849 3245 4911 homines,
3297 4851 3407 4916 ipse
3447 4852 3604 4902 etiam

2039 4918 2240 4982 judicet
2267 4918 2524 4968 homines.
2549 4918 2794 4984 Sequitur
2825 4937 2836 4971 :

2117 4985 2180 5036 Et
2202 4987 2456 5054 justitiam
2480 4997 2618 5038 iuuat
2646 4990 2754 5051 [ilio
2779 4990 2932 5058 regis.
2952 4989 3082 5043 Aliis
3109 4989 3283 5041 verbis
3307 4988 3443 5041 idem
3467 4987 3605 5058 quod

2047 5058 2190 5122 prius
2218 5058 2371 5119 dixit,
2402 5065 2609 5121 repetit.
2637 5058 2775 5109 Idem
2801 5057 2940 5111 enim
2969 5075 3056 5111 rex
3089 5070 3189 5124 est,
3215 5059 3420 5111 etﬁlius
3445 5057 3604 5123 regis.

2045 5125 2156 5177 Rex
2183 5126 2392 5194 quidem
2422 5137 2503 5178 est.
2523 5131 2812 5180 secundum
2851 5133 3254 5191 humanitatem,
3289 5130 3426 5180 tilius
3473 5142 3601 5194 vero

2047 5193 2209 5263 regis
2237 5205 2318 5248 est
2361 5197 2649 5249 secandum
2693 5198 3044 5253 divinitatem.
3077 5198 3142 5250 Et
3172 5213 3288 5249 rum
3318 5198 3446 5248 dicit
3479 5212 3492 5246 :
3528 5193 3606 5245 Da

2039 5267 2291 5336 justitiam
2321 5277 2458 5336 tuam
2489 5265 2597 5332 ﬁlio
2623 5269 2773 5336 regis,
2799 5269 2934 5321 idem
2966 5279 3046 5320 est
3069 5283 3129 5320 ac
3156 5271 3198 5320 si
3227 5268 3367 5318 dicat
3390 5303 3405 5328 ,
3438 5265 3511 5336 Da
3530 5333 3539 5336 _
3558 5268 3604 5316 ei

2044 5335 2507 5403 justumjudicium
2542 5333 2710 5390 tuuni.
2753 5340 2860 5390 Nec
2908 5351 3250 5404 supervacua:
3284 5345 3407 5387 sunt
3454 5333 3609 5400 hujus

2048 5408 2188 5458 modi
2220 5406 2710 5472 repetitioues,quia
2734 5411 2952 5460 multum
2983 5417 3202 5458 ornatur
3230 5405 3470 5456 divinum
3495 5409 3602 5455 elo-

2046 5477 2250 5542 quium.
2269 5487 2320 5528 et
2351 5478 2664 5528 necessaria:
2685 5488 2806 5528 sunt
2829 5481 2877 5528 in
2909 5476 3216 5539 psalmis,et
3240 5477 3288 5526 in
3318 5489 3382 5526 eo
3411 5487 3606 5542 genere

2047 5539 2339 5606 Sermones,
2368 5561 2472 5612 quo
2498 5548 2843 5598 concitandus
2868 5555 2948 5598 est
2971 5543 3192 5596 allectus
3216 5543 3398 5596 animi.
3418 5539 3448 5612 ’ί
3561 5593 3569 5601 ,

2115 5617 2360 5667 Judicarc
2386 5611 2626 5683 populum
2655 5626 2814 5666 tuum.
2851 5614 2950 5676 Da,
2971 5617 3205 5680 inquam,
3234 5616 3340 5676 regi
3348 5611 3607 5685 judicium

2047 5695 2209 5750 tuum,
2239 5685 2438 5739 scilicet
2456 5686 2693 5753 judicare
2722 5688 2738 5744 ζ
2748 5699 2840 5752 pro
2862 5687 2927 5736 ad
2943 5684 3308 5754 judicantlum)
3355 5684 3608 5754 populum

2048 5768 2210 5821 tuum,
2253 5757 2304 5808 id
2336 5764 2438 5818 est,
2459 5752 2530 5805 ad
2561 5755 2968 5808 discernendum
2999 5768 3124 5805 oves
3151 5752 3220 5805 ab
3249 5752 3413 5808 laedis
3445 5757 3496 5804 in
3515 5756 3607 5823 ju-

2048 5828 2204 5879 stitia.
2240 5828 2299 5879 lit
2331 5839 2461 5895 quos
2496 5835 2642 5876 vocet
2670 5826 2922 5898 populum
2976 5823 3118 5889 eius,
3148 5823 3465 5879 determinat
3517 5827 3606 5874 di-
