  <div class='ocr_page' id='page_1' title='image "/cluster/home/n/w/nwhite01/storage/ocr_20150623/93/hvd.32044052820016/439.png"; bbox 0 0 4010 6190; ppageno 0'>
   <div class='ocr_carea' id='block_1_1' title="bbox 447 398 550 449">
    <p class='ocr_par' dir='ltr' id='par_1_1' title="bbox 447 398 550 449">
     <span class='ocr_line' id='line_1_1' title="bbox 447 398 550 449; baseline 0.019 -2"><span class='ocrx_word' id='word_1_1' title='bbox 447 398 550 449; x_wconf 61' lang='grc' dir='ltr'><strong>8ιὶ5</strong></span> 
     </span>
    </p>
   </div>
   <div class='ocr_carea' id='block_1_2' title="bbox 442 527 614 562">
    <p class='ocr_par' dir='ltr' id='par_1_2' title="bbox 442 527 614 562">
     <span class='ocr_line' id='line_1_2' title="bbox 442 527 614 562; baseline 0 -1"><span class='ocrx_word' id='word_1_2' title='bbox 442 527 570 562; x_wconf 67' lang='grc' dir='ltr'>οηιις</span> <span class='ocrx_word' id='word_1_3' title='bbox 603 528 614 561; x_wconf 72' lang='grc' dir='ltr'><strong>Ζ</strong></span> 
     </span>
    </p>
   </div>
   <div class='ocr_carea' id='block_1_3' title="bbox 444 571 2002 651">
    <p class='ocr_par' dir='ltr' id='par_1_3' title="bbox 444 571 2002 651">
     <span class='ocr_line' id='line_1_3' title="bbox 444 571 2002 651; baseline -0.006 -22"><span class='ocrx_word' id='word_1_4' title='bbox 444 571 763 644; x_wconf 60' lang='lat' dir='ltr'><strong>simpliciter</strong></span> <span class='ocrx_word' id='word_1_5' title='bbox 796 571 1037 651; x_wconf 74' lang='lat' dir='ltr'><strong>positum,</strong></span> <span class='ocrx_word' id='word_1_6' title='bbox 1072 571 1125 629; x_wconf 85' lang='lat' dir='ltr'><strong>ut</strong></span> <span class='ocrx_word' id='word_1_7' title='bbox 1168 578 1353 651; x_wconf 78' lang='lat' dir='ltr'><strong>beatus</strong></span> <span class='ocrx_word' id='word_1_8' title='bbox 1380 576 1701 651; x_wconf 70' lang='lat' dir='ltr'><strong>Augustinus</strong></span> <span class='ocrx_word' id='word_1_9' title='bbox 1728 571 2002 651; x_wconf 32' lang='lat' dir='ltr'><strong>dicitn&#39;prp</strong></span> 
     </span>
    </p>
   </div>
   <div class='ocr_carea' id='block_1_4' title="bbox 442 640 2004 721">
    <p class='ocr_par' dir='ltr' id='par_1_4' title="bbox 442 640 2004 721">
     <span class='ocr_line' id='line_1_4' title="bbox 442 640 2004 721; baseline -0.006 -21"><span class='ocrx_word' id='word_1_10' title='bbox 442 640 583 715; x_wconf 84' lang='lat' dir='ltr'><strong>justo</strong></span> <span class='ocrx_word' id='word_1_11' title='bbox 608 650 697 713; x_wconf 90' lang='lat' dir='ltr'><strong>jud</strong></span> <span class='ocrx_word' id='word_1_12' title='bbox 722 640 806 699; x_wconf 75' lang='lat' dir='ltr'><strong>cio</strong></span> <span class='ocrx_word' id='word_1_13' title='bbox 852 640 1106 721; x_wconf 64' lang='lat' dir='ltr'><strong>accipitur</strong></span> <span class='ocrx_word' id='word_1_14' title='bbox 1159 640 1571 721; x_wconf 81' lang='lat' dir='ltr'><strong>ut_hic.__Quod</strong></span> <span class='ocrx_word' id='word_1_15' title='bbox 1622 651 1745 721; x_wconf 81' lang='lat' dir='ltr'><strong>ante</strong></span> <span class='ocrx_word' id='word_1_16' title='bbox 1770 661 1797 689; x_wconf 84' lang='grc' dir='ltr'><strong>ιι</strong></span> <span class='ocrx_word' id='word_1_17' title='bbox 1840 640 2004 721; x_wconf 78' lang='lat' dir='ltr'><strong>dicit,</strong></span> 
     </span>
    </p>
   </div>
   <div class='ocr_carea' id='block_1_5' title="bbox 450 714 2010 788">
    <p class='ocr_par' dir='ltr' id='par_1_5' title="bbox 450 714 2010 788">
     <span class='ocr_line' id='line_1_5' title="bbox 450 714 2010 788; baseline -0.004 -20"><span class='ocrx_word' id='word_1_18' title='bbox 450 718 705 785; x_wconf 72' lang='lat' dir='ltr'><strong>Pauprres</strong></span> <span class='ocrx_word' id='word_1_19' title='bbox 731 728 858 777; x_wconf 77' lang='lat' dir='ltr'><strong>tuos,</strong></span> <span class='ocrx_word' id='word_1_20' title='bbox 893 718 955 766; x_wconf 90' lang='lat' dir='ltr'><strong>ad</strong></span> <span class='ocrx_word' id='word_1_21' title='bbox 982 714 1487 788; x_wconf 35' lang='lat' dir='ltr'><strong>differentiamudicit</strong></span> <span class='ocrx_word' id='word_1_22' title='bbox 1516 732 1528 764; x_wconf 91' lang='lat'><strong>:</strong></span> <span class='ocrx_word' id='word_1_23' title='bbox 1553 714 1677 788; x_wconf 76' lang='lat' dir='ltr'><strong>quia</strong></span> <span class='ocrx_word' id='word_1_24' title='bbox 1717 720 1851 788; x_wconf 77' lang='lat' dir='ltr'><strong>sunt</strong></span> <span class='ocrx_word' id='word_1_25' title='bbox 1896 714 2010 788; x_wconf 86' lang='lat' dir='ltr'><strong>qui-</strong></span> 
     </span>
    </p>
   </div>
   <div class='ocr_carea' id='block_1_6' title="bbox 444 781 2006 861">
    <p class='ocr_par' dir='ltr' id='par_1_6' title="bbox 444 781 2006 861">
     <span class='ocr_line' id='line_1_6' title="bbox 444 781 2006 861; baseline -0.003 -23"><span class='ocrx_word' id='word_1_26' title='bbox 444 781 575 838; x_wconf 48' lang='lat' dir='ltr'><strong>dam&#39;</strong></span> <span class='ocrx_word' id='word_1_27' title='bbox 596 802 851 851; x_wconf 73' lang='lat' dir='ltr'><strong>paupcves</strong></span> <span class='ocrx_word' id='word_1_28' title='bbox 884 801 986 837; x_wconf 91' lang='lat' dir='ltr'><strong>non</strong></span> <span class='ocrx_word' id='word_1_29' title='bbox 1015 788 1116 847; x_wconf 89' lang='lat' dir='ltr'><strong>sui,</strong></span> <span class='ocrx_word' id='word_1_30' title='bbox 1152 786 1221 838; x_wconf 90' lang='lat' dir='ltr'><strong>illi</strong></span> <span class='ocrx_word' id='word_1_31' title='bbox 1253 786 1449 836; x_wconf 73' lang='lat' dir='ltr'><strong>scilicet</strong></span> <span class='ocrx_word' id='word_1_32' title='bbox 1476 784 1566 851; x_wconf 88' lang='lat' dir='ltr'><strong>qui</strong></span> <span class='ocrx_word' id='word_1_33' title='bbox 1596 790 1649 861; x_wconf 65' lang='lat' dir='ltr'><strong>et</strong></span> <span class='ocrx_word' id='word_1_34' title='bbox 1686 781 1729 832; x_wconf 88' lang='lat' dir='ltr'><strong>si</strong></span> <span class='ocrx_word' id='word_1_35' title='bbox 1771 782 2006 861; x_wconf 61' lang='lat' dir='ltr'><strong>exterius</strong></span> 
     </span>
    </p>
   </div>
   <div class='ocr_carea' id='block_1_7' title="bbox 447 856 2007 922">
    <p class='ocr_par' dir='ltr' id='par_1_7' title="bbox 447 856 2007 922">
     <span class='ocr_line' id='line_1_7' title="bbox 447 856 2007 922; baseline -0.003 -15"><span class='ocrx_word' id='word_1_36' title='bbox 447 867 568 907; x_wconf 86' lang='lat' dir='ltr'><strong>sunt</strong></span> <span class='ocrx_word' id='word_1_37' title='bbox 597 871 875 921; x_wconf 83' lang='lat' dir='ltr'><strong>pauperes.</strong></span> <span class='ocrx_word' id='word_1_38' title='bbox 909 870 999 922; x_wconf 88' lang='lat' dir='ltr'><strong>per</strong></span> <span class='ocrx_word' id='word_1_39' title='bbox 1025 856 1369 921; x_wconf 74' lang='lat' dir='ltr'><strong>cupiditatem</strong></span> <span class='ocrx_word' id='word_1_40' title='bbox 1395 864 1568 906; x_wconf 89' lang='lat' dir='ltr'><strong>tamen</strong></span> <span class='ocrx_word' id='word_1_41' title='bbox 1596 856 1647 904; x_wconf 91' lang='lat' dir='ltr'><strong>in</strong></span> <span class='ocrx_word' id='word_1_42' title='bbox 1675 858 1854 904; x_wconf 88' lang='lat' dir='ltr'><strong>mente</strong></span> <span class='ocrx_word' id='word_1_43' title='bbox 1883 862 2007 903; x_wconf 88' lang='lat' dir='ltr'><strong>sunt</strong></span> 
     </span>
    </p>
   </div>
   <div class='ocr_carea' id='block_1_8' title="bbox 440 926 649 982">
    <p class='ocr_par' dir='ltr' id='par_1_8' title="bbox 440 926 649 982">
     <span class='ocr_line' id='line_1_8' title="bbox 440 926 649 982; baseline 0.029 -6"><span class='ocrx_word' id='word_1_44' title='bbox 440 926 649 982; x_wconf 76' lang='lat' dir='ltr'><strong>divites.</strong></span> 
     </span>
    </p>
   </div>
   <div class='ocr_carea' id='block_1_9' title="bbox 515 989 2006 1071">
    <p class='ocr_par' dir='ltr' id='par_1_9' title="bbox 515 989 2006 1071">
     <span class='ocr_line' id='line_1_9' title="bbox 515 989 2006 1071; baseline -0.005 -23"><span class='ocrx_word' id='word_1_45' title='bbox 515 994 807 1062; x_wconf 81' lang='lat' dir='ltr'><strong>Suscipiunt</strong></span> <span class='ocrx_word' id='word_1_46' title='bbox 848 1005 1056 1047; x_wconf 83' lang='lat' dir='ltr'><strong>montes.</strong></span> <span class='ocrx_word' id='word_1_47' title='bbox 1088 993 1245 1071; x_wconf 76' lang='lat' dir='ltr'><strong>Quasi</strong></span> <span class='ocrx_word' id='word_1_48' title='bbox 1279 991 1419 1045; x_wconf 89' lang='lat' dir='ltr'><strong>dicat</strong></span> <span class='ocrx_word' id='word_1_49' title='bbox 1466 1010 1479 1045; x_wconf 91' lang='lat'><strong>:</strong></span> <span class='ocrx_word' id='word_1_50' title='bbox 1538 992 1711 1071; x_wconf 45' lang='lat' dir='ltr'><strong>Etnut</strong></span> <span class='ocrx_word' id='word_1_51' title='bbox 1763 1004 1860 1071; x_wconf 81' lang='lat' dir='ltr'><strong>rex</strong></span> <span class='ocrx_word' id='word_1_52' title='bbox 1920 989 2006 1071; x_wconf 78' lang='lat' dir='ltr'><strong>ille</strong></span> 
     </span>
    </p>
   </div>
   <div class='ocr_carea' id='block_1_10' title="bbox 440 1061 2003 1141">
    <p class='ocr_par' dir='ltr' id='par_1_10' title="bbox 440 1061 2003 1141">
     <span class='ocr_line' id='line_1_10' title="bbox 440 1061 2003 1141; baseline -0.001 -27"><span class='ocrx_word' id='word_1_53' title='bbox 440 1062 637 1128; x_wconf 77' lang='lat' dir='ltr'><strong>iudicet</strong></span> <span class='ocrx_word' id='word_1_54' title='bbox 668 1061 938 1129; x_wconf 78' lang='lat' dir='ltr'><strong>pupulum</strong></span> <span class='ocrx_word' id='word_1_55' title='bbox 974 1073 1150 1128; x_wconf 87' lang='lat' dir='ltr'><strong>tmtm,</strong></span> <span class='ocrx_word' id='word_1_56' title='bbox 1184 1064 1302 1115; x_wconf 89' lang='lat' dir='ltr'><strong>ideo</strong></span> <span class='ocrx_word' id='word_1_57' title='bbox 1352 1072 1577 1141; x_wconf 82' lang='lat' dir='ltr'><strong>montes,</strong></span> <span class='ocrx_word' id='word_1_58' title='bbox 1610 1061 1659 1141; x_wconf 79' lang='lat' dir='ltr'><strong>id</strong></span> <span class='ocrx_word' id='word_1_59' title='bbox 1702 1069 1803 1141; x_wconf 84' lang='lat' dir='ltr'><strong>est,</strong></span> <span class='ocrx_word' id='word_1_60' title='bbox 1837 1061 2003 1140; x_wconf 62' lang='lat' dir='ltr'><strong>sancti</strong></span> 
     </span>
    </p>
   </div>
   <div class='ocr_carea' id='block_1_11' title="bbox 442 1132 2003 1213">
    <p class='ocr_par' dir='ltr' id='par_1_11' title="bbox 442 1132 2003 1213">
     <span class='ocr_line' id='line_1_11' title="bbox 442 1132 2003 1213; baseline -0.003 -29"><span class='ocrx_word' id='word_1_61' title='bbox 442 1134 666 1199; x_wconf 80' lang='lat' dir='ltr'><strong>apostoli</strong></span> <span class='ocrx_word' id='word_1_62' title='bbox 698 1135 786 1203; x_wconf 82' lang='lat' dir='ltr'><strong>qui</strong></span> <span class='ocrx_word' id='word_1_63' title='bbox 827 1142 949 1185; x_wconf 85' lang='lat' dir='ltr'><strong>sunt</strong></span> <span class='ocrx_word' id='word_1_64' title='bbox 979 1145 1204 1213; x_wconf 63' lang='lat' dir='ltr'><strong>montes,</strong></span> <span class='ocrx_word' id='word_1_65' title='bbox 1230 1132 1507 1213; x_wconf 68' lang='lat' dir='ltr'><strong>sanctitate</strong></span> <span class='ocrx_word' id='word_1_66' title='bbox 1540 1132 1858 1213; x_wconf 71' lang='lat' dir='ltr'><strong>eminentes,</strong></span> <span class='ocrx_word' id='word_1_67' title='bbox 1881 1132 2003 1213; x_wconf 49' lang='grc' dir='ltr'><strong>,γιγ-</strong></span> 
     </span>
    </p>
   </div>
   <div class='ocr_carea' id='block_1_12' title="bbox 445 1199 2003 1277">
    <p class='ocr_par' dir='ltr' id='par_1_12' title="bbox 445 1199 2003 1277">
     <span class='ocr_line' id='line_1_12' title="bbox 445 1199 2003 1277; baseline -0.003 -24"><span class='ocrx_word' id='word_1_68' title='bbox 445 1213 556 1254; x_wconf 87' lang='lat' dir='ltr'><strong>tute</strong></span> <span class='ocrx_word' id='word_1_69' title='bbox 586 1199 959 1270; x_wconf 70' lang='lat' dir='ltr'><strong>praeponentes</strong></span> <span class='ocrx_word' id='word_1_70' title='bbox 985 1222 1003 1277; x_wconf 86' lang='lat'><strong>_:</strong></span> <span class='ocrx_word' id='word_1_71' title='bbox 1036 1203 1402 1277; x_wconf 81' lang='lat' dir='ltr'><strong>sielnquendo</strong></span> <span class='ocrx_word' id='word_1_72' title='bbox 1432 1210 1610 1277; x_wconf 72' lang='lat' dir='ltr'><strong>tit_per</strong></span> <span class='ocrx_word' id='word_1_73' title='bbox 1637 1214 1732 1277; x_wconf 78' lang='lat' dir='ltr'><strong>eos</strong></span> <span class='ocrx_word' id='word_1_74' title='bbox 1759 1199 1849 1277; x_wconf 74' lang='lat' dir='ltr'><strong>alii</strong></span> <span class='ocrx_word' id='word_1_75' title='bbox 1878 1200 2003 1251; x_wconf 85' lang='lat' dir='ltr'><strong>lide-</strong></span> 
     </span>
    </p>
   </div>
   <div class='ocr_carea' id='block_1_13' title="bbox 446 1272 2005 1346">
    <p class='ocr_par' dir='ltr' id='par_1_13' title="bbox 446 1272 2005 1346">
     <span class='ocr_line' id='line_1_13' title="bbox 446 1272 2005 1346; baseline 0 -24"><span class='ocrx_word' id='word_1_76' title='bbox 446 1272 565 1324; x_wconf 80' lang='lat' dir='ltr'><strong>litcr</strong></span> <span class='ocrx_word' id='word_1_77' title='bbox 586 1276 929 1334; x_wconf 81' lang='lat' dir='ltr'><strong>instruantur,</strong></span> <span class='ocrx_word' id='word_1_78' title='bbox 955 1273 1031 1327; x_wconf 90' lang='lat' dir='ltr'><strong>sic</strong></span> <span class='ocrx_word' id='word_1_79' title='bbox 1075 1273 1300 1325; x_wconf 84' lang='lat' dir='ltr'><strong>vivendo</strong></span> <span class='ocrx_word' id='word_1_80' title='bbox 1344 1284 1401 1323; x_wconf 91' lang='lat' dir='ltr'><strong>ut</strong></span> <span class='ocrx_word' id='word_1_81' title='bbox 1428 1272 1540 1346; x_wconf 75' lang='lat' dir='ltr'><strong>a|_ii_</strong></span> <span class='ocrx_word' id='word_1_82' title='bbox 1573 1272 2005 1346; x_wconf 69' lang='lat' dir='ltr'><strong>saltthriti-r___eos</strong></span> 
     </span>
    </p>
   </div>
   <div class='ocr_carea' id='block_1_14' title="bbox 445 1339 2001 1419">
    <p class='ocr_par' dir='ltr' id='par_1_14' title="bbox 445 1339 2001 1419">
     <span class='ocr_line' id='line_1_14' title="bbox 445 1339 2001 1419; baseline -0.004 -26"><span class='ocrx_word' id='word_1_83' title='bbox 445 1343 746 1405; x_wconf 80' lang='lat' dir='ltr'><strong>imitentur;</strong></span> <span class='ocrx_word' id='word_1_84' title='bbox 776 1343 869 1401; x_wconf 85' lang='lat' dir='ltr'><strong>illi,</strong></span> <span class='ocrx_word' id='word_1_85' title='bbox 888 1343 1119 1408; x_wconf 89' lang='lat' dir='ltr'><strong>inquam,</strong></span> <span class='ocrx_word' id='word_1_86' title='bbox 1143 1352 1334 1419; x_wconf 72' lang='lat' dir='ltr'><strong>montes</strong></span> <span class='ocrx_word' id='word_1_87' title='bbox 1352 1343 1843 1419; x_wconf 73' lang='lat' dir='ltr'><strong>suscipiantpacem,</strong></span> <span class='ocrx_word' id='word_1_88' title='bbox 1862 1339 2001 1419; x_wconf 75' lang='lat' dir='ltr'><strong>illam</strong></span> 
     </span>
    </p>
   </div>
   <div class='ocr_carea' id='block_1_15' title="bbox 442 1408 2003 1480">
    <p class='ocr_par' dir='ltr' id='par_1_15' title="bbox 442 1408 2003 1480">
     <span class='ocr_line' id='line_1_15' title="bbox 442 1408 2003 1480; baseline -0.001 -18"><span class='ocrx_word' id='word_1_89' title='bbox 442 1413 641 1465; x_wconf 86' lang='lat' dir='ltr'><strong>scilicet</strong></span> <span class='ocrx_word' id='word_1_90' title='bbox 692 1426 868 1477; x_wconf 89' lang='lat' dir='ltr'><strong>pacem</strong></span> <span class='ocrx_word' id='word_1_91' title='bbox 897 1413 962 1464; x_wconf 88' lang='lat' dir='ltr'><strong>de</strong></span> <span class='ocrx_word' id='word_1_92' title='bbox 990 1430 1089 1480; x_wconf 84' lang='lat' dir='ltr'><strong>qua</strong></span> <span class='ocrx_word' id='word_1_93' title='bbox 1121 1412 1401 1479; x_wconf 76' lang='lat' dir='ltr'><strong>Apostolus</strong></span> <span class='ocrx_word' id='word_1_94' title='bbox 1432 1408 1561 1462; x_wconf 90' lang='lat' dir='ltr'><strong>dicit</strong></span> <span class='ocrx_word' id='word_1_95' title='bbox 1591 1428 1602 1462; x_wconf 89' lang='lat'>:</span> <span class='ocrx_word' id='word_1_96' title='bbox 1635 1408 1821 1462; x_wconf 75' lang='lat' dir='ltr'><strong>Christi</strong></span> <span class='ocrx_word' id='word_1_97' title='bbox 1859 1408 2003 1475; x_wconf 83' lang='lat' dir='ltr'><strong>lega-</strong></span> 
     </span>
    </p>
   </div>
   <div class='ocr_carea' id='block_1_16' title="bbox 442 1480 2004 1547">
    <p class='ocr_par' dir='ltr' id='par_1_16' title="bbox 442 1480 2004 1547">
     <span class='ocr_line' id='line_1_16' title="bbox 442 1480 2004 1547; baseline 0 -16"><span class='ocrx_word' id='word_1_98' title='bbox 442 1483 575 1534; x_wconf 83' lang='lat' dir='ltr'><strong>tione</strong></span> <span class='ocrx_word' id='word_1_99' title='bbox 599 1484 876 1547; x_wconf 80' lang='lat' dir='ltr'><strong>fungimur,</strong></span> <span class='ocrx_word' id='word_1_100' title='bbox 911 1493 1146 1545; x_wconf 78' lang='lat' dir='ltr'><strong>tanquam</strong></span> <span class='ocrx_word' id='word_1_101' title='bbox 1179 1482 1281 1534; x_wconf 88' lang='lat' dir='ltr'><strong>Deo</strong></span> <span class='ocrx_word' id='word_1_102' title='bbox 1313 1480 1610 1532; x_wconf 70' lang='lat' dir='ltr'><strong>exhortante</strong></span> <span class='ocrx_word' id='word_1_103' title='bbox 1633 1496 1720 1545; x_wconf 89' lang='lat' dir='ltr'><strong>per</strong></span> <span class='ocrx_word' id='word_1_104' title='bbox 1765 1495 1873 1540; x_wconf 71' lang='lat' dir='ltr'><strong>nos,</strong></span> <span class='ocrx_word' id='word_1_105' title='bbox 1905 1480 2004 1531; x_wconf 82' lang='lat' dir='ltr'><strong>ob-</strong></span> 
     </span>
    </p>
   </div>
   <div class='ocr_carea' id='block_1_17' title="bbox 443 1549 1997 1620">
    <p class='ocr_par' dir='ltr' id='par_1_17' title="bbox 443 1549 1997 1620">
     <span class='ocr_line' id='line_1_17' title="bbox 443 1549 1997 1620; baseline 0.001 -20"><span class='ocrx_word' id='word_1_106' title='bbox 443 1567 692 1604; x_wconf 72' lang='lat' dir='ltr'><strong>acerrimus</strong></span> <span class='ocrx_word' id='word_1_107' title='bbox 714 1568 796 1602; x_wconf 70' lang='lat' dir='ltr'><strong>vos</strong></span> <span class='ocrx_word' id='word_1_108' title='bbox 828 1569 918 1620; x_wconf 90' lang='lat' dir='ltr'><strong>pro</strong></span> <span class='ocrx_word' id='word_1_109' title='bbox 948 1551 1169 1615; x_wconf 83' lang='lat' dir='ltr'><strong>Christo,</strong></span> <span class='ocrx_word' id='word_1_110' title='bbox 1202 1551 1597 1604; x_wconf 85' lang='lat' dir='ltr'><strong>reconciliamini</strong></span> <span class='ocrx_word' id='word_1_111' title='bbox 1630 1549 1751 1611; x_wconf 85' lang='lat' dir='ltr'><strong>Deo,</strong></span> <span class='ocrx_word' id='word_1_112' title='bbox 1779 1549 1875 1601; x_wconf 90' lang='lat' dir='ltr'><strong>hoc</strong></span> <span class='ocrx_word' id='word_1_113' title='bbox 1900 1561 1997 1614; x_wconf 87' lang='lat' dir='ltr'><strong>est,</strong></span> 
     </span>
    </p>
   </div>
   <div class='ocr_carea' id='block_1_18' title="bbox 442 1620 1998 1698">
    <p class='ocr_par' dir='ltr' id='par_1_18' title="bbox 442 1620 1998 1698">
     <span class='ocr_line' id='line_1_18' title="bbox 442 1620 1998 1698; baseline -0.001 -27"><span class='ocrx_word' id='word_1_114' title='bbox 442 1623 727 1683; x_wconf 71' lang='lat' dir='ltr'><strong>sus~ipiant</strong></span> <span class='ocrx_word' id='word_1_115' title='bbox 788 1623 1217 1698; x_wconf 63' lang='lat' dir='ltr'><strong>prmtlii-ationent</strong></span> <span class='ocrx_word' id='word_1_116' title='bbox 1270 1620 1714 1698; x_wconf 74' lang='lat' dir='ltr'><strong>reconciliationis</strong></span> <span class='ocrx_word' id='word_1_117' title='bbox 1751 1622 1956 1698; x_wconf 76' lang='lat' dir='ltr'><strong>_popu_‘_o</strong></span> <span class='ocrx_word' id='word_1_118' title='bbox 1984 1660 1998 1680; x_wconf 94' lang='lat'><strong>,</strong></span> 
     </span>
    </p>
   </div>
   <div class='ocr_carea' id='block_1_19' title="bbox 443 1690 1998 1769">
    <p class='ocr_par' dir='ltr' id='par_1_19' title="bbox 443 1690 1998 1769">
     <span class='ocr_line' id='line_1_19' title="bbox 443 1690 1998 1769; baseline 0 -30"><span class='ocrx_word' id='word_1_119' title='bbox 443 1692 687 1769; x_wconf 72' lang='lat' dir='ltr'><strong>sphaudit</strong></span> <span class='ocrx_word' id='word_1_120' title='bbox 710 1693 1144 1769; x_wconf 82' lang='lat' dir='ltr'><strong>annuntiandam.</strong></span> <span class='ocrx_word' id='word_1_121' title='bbox 1181 1692 1245 1745; x_wconf 89' lang='lat' dir='ltr'><strong>Ut</strong></span> <span class='ocrx_word' id='word_1_122' title='bbox 1270 1691 1366 1769; x_wconf 49' lang='lat' dir='ltr'><strong>qui.</strong></span> <span class='ocrx_word' id='word_1_123' title='bbox 1383 1705 1510 1741; x_wconf 89' lang='lat' dir='ltr'><strong>aure</strong></span> <span class='ocrx_word' id='word_1_124' title='bbox 1536 1690 1998 1769; x_wconf 46' lang='lat' dir='ltr'><strong>audiendi-audie-</strong></span> 
     </span>
    </p>
   </div>
   <div class='ocr_carea' id='block_1_20' title="bbox 443 1758 1993 1827">
    <p class='ocr_par' dir='ltr' id='par_1_20' title="bbox 443 1758 1993 1827">
     <span class='ocr_line' id='line_1_20' title="bbox 443 1758 1993 1827; baseline 0.001 -18"><span class='ocrx_word' id='word_1_125' title='bbox 443 1758 886 1827; x_wconf 85' lang='lat' dir='ltr'><strong>rint,judicentur</strong></span> <span class='ocrx_word' id='word_1_126' title='bbox 921 1762 969 1813; x_wconf 91' lang='lat' dir='ltr'><strong>in</strong></span> <span class='ocrx_word' id='word_1_127' title='bbox 1009 1762 1201 1814; x_wconf 87' lang='lat' dir='ltr'><strong>bonum</strong></span> <span class='ocrx_word' id='word_1_128' title='bbox 1235 1778 1249 1815; x_wconf 88' lang='lat'><strong>:</strong></span> <span class='ocrx_word' id='word_1_129' title='bbox 1281 1760 1369 1827; x_wconf 90' lang='lat' dir='ltr'><strong>qui</strong></span> <span class='ocrx_word' id='word_1_130' title='bbox 1409 1774 1535 1811; x_wconf 81' lang='lat' dir='ltr'><strong>vero</strong></span> <span class='ocrx_word' id='word_1_131' title='bbox 1571 1774 1675 1811; x_wconf 91' lang='lat' dir='ltr'><strong>non</strong></span> <span class='ocrx_word' id='word_1_132' title='bbox 1710 1758 1993 1824; x_wconf 88' lang='lat' dir='ltr'><strong>audierint,</strong></span> 
     </span>
    </p>
   </div>
   <div class='ocr_carea' id='block_1_21' title="bbox 914 384 3244 449">
    <p class='ocr_par' dir='ltr' id='par_1_21' title="bbox 914 384 3244 449">
     <span class='ocr_line' id='line_1_21' title="bbox 914 384 3244 449; baseline -0.001 -1"><span class='ocrx_word' id='word_1_133' title='bbox 914 395 1113 449; x_wconf 56' lang='grc' dir='ltr'><strong>ΒΕΙΜΕ</strong></span> <span class='ocrx_word' id='word_1_134' title='bbox 1158 389 1607 446; x_wconf 55' lang='grc' dir='ltr'>νιιΝιῑιιΑιιιΜδ</span> <span class='ocrx_word' id='word_1_135' title='bbox 1643 387 1791 443; x_wconf 73' lang='grc' dir='ltr'><strong>ΟΡΡ.</strong></span> <span class='ocrx_word' id='word_1_136' title='bbox 1836 386 2010 440; x_wconf 70' lang='lat' dir='ltr'><strong>PARS</strong></span> <span class='ocrx_word' id='word_1_137' title='bbox 2052 384 2112 438; x_wconf 91' lang='lat' dir='ltr'><strong>ll.</strong></span> <span class='ocrx_word' id='word_1_138' title='bbox 2156 384 2345 440; x_wconf 71' lang='lat' dir='ltr'><strong>SECT.</strong></span> <span class='ocrx_word' id='word_1_139' title='bbox 2390 387 2451 439; x_wconf 92' lang='lat' dir='ltr'><strong>ll.</strong></span> <span class='ocrx_word' id='word_1_140' title='bbox 2492 413 2562 427; x_wconf 65' lang='grc' dir='ltr'><strong>-ι-</strong></span> <span class='ocrx_word' id='word_1_141' title='bbox 2603 386 2807 441; x_wconf 72' lang='grc' dir='ltr'>ιιυιιιΑ</span> <span class='ocrx_word' id='word_1_142' title='bbox 2846 385 2934 439; x_wconf 80' lang='lat' dir='ltr'><strong>ET</strong></span> <span class='ocrx_word' id='word_1_143' title='bbox 2973 386 3244 445; x_wconf 72' lang='lat' dir='ltr'><strong>Si’UllM.</strong></span> 
     </span>
    </p>
   </div>
   <div class='ocr_carea' id='block_1_22' title="bbox 661 498 3679 577">
    <p class='ocr_par' dir='ltr' id='par_1_22' title="bbox 661 498 3679 577">
     <span class='ocr_line' id='line_1_22' title="bbox 661 498 3679 577; baseline 0.001 -23"><span class='ocrx_word' id='word_1_144' title='bbox 661 512 719 562; x_wconf 75' lang='lat' dir='ltr'><strong>Et</strong></span> <span class='ocrx_word' id='word_1_145' title='bbox 746 510 983 577; x_wconf 78' lang='lat' dir='ltr'><strong>judicare</strong></span> <span class='ocrx_word' id='word_1_146' title='bbox 1006 523 1249 575; x_wconf 76' lang='lat' dir='ltr'><strong>pauperes</strong></span> <span class='ocrx_word' id='word_1_147' title='bbox 1279 506 1466 577; x_wconf 73' lang='lat' dir='ltr'><strong>tuosin</strong></span> <span class='ocrx_word' id='word_1_148' title='bbox 1486 504 1705 570; x_wconf 59' lang='lat' dir='ltr'><strong>judicio.</strong></span> <span class='ocrx_word' id='word_1_149' title='bbox 1739 501 1997 577; x_wconf 60' lang='lat' dir='ltr'><strong>iudicium</strong></span> <span class='ocrx_word' id='word_1_150' title='bbox 2027 501 2077 557; x_wconf 78' lang='grc' dir='ltr'><strong>Α</strong></span> <span class='ocrx_word' id='word_1_151' title='bbox 2106 506 2211 549; x_wconf 82' lang='grc' dir='ltr'>ιιιιιι</span> <span class='ocrx_word' id='word_1_152' title='bbox 2245 498 2619 577; x_wconf 71' lang='lat' dir='ltr'><strong>incarnationis</strong></span> <span class='ocrx_word' id='word_1_153' title='bbox 2668 514 2798 577; x_wconf 64' lang='lat' dir='ltr'><strong>Siue,</strong></span> <span class='ocrx_word' id='word_1_154' title='bbox 2817 500 3022 577; x_wconf 75' lang='lat' dir='ltr'><strong>scilicet</strong></span> <span class='ocrx_word' id='word_1_155' title='bbox 3047 502 3169 569; x_wconf 84' lang='lat' dir='ltr'><strong>quia</strong></span> <span class='ocrx_word' id='word_1_156' title='bbox 3199 503 3302 577; x_wconf 63' lang='lat' dir='ltr'><strong>ille</strong></span> <span class='ocrx_word' id='word_1_157' title='bbox 3331 505 3679 577; x_wconf 74' lang='lat' dir='ltr'><strong>extendendo</strong></span> 
     </span>
    </p>
   </div>
   <div class='ocr_carea' id='block_1_23' title="bbox 3573 393 3679 447">
    <p class='ocr_par' dir='ltr' id='par_1_23' title="bbox 3573 393 3679 447">
     <span class='ocr_line' id='line_1_23' title="bbox 3573 393 3679 447; baseline 0 -2"><span class='ocrx_word' id='word_1_158' title='bbox 3573 393 3679 447; x_wconf 70' lang='grc' dir='ltr'><strong>εει</strong></span> 
     </span>
    </p>
   </div>
   <div class='ocr_carea' id='block_1_24' title="bbox 2110 567 3675 637">
    <p class='ocr_par' dir='ltr' id='par_1_24' title="bbox 2110 567 3675 637">
     <span class='ocr_line' id='line_1_24' title="bbox 2110 567 3675 637; baseline 0.008 -19"><span class='ocrx_word' id='word_1_159' title='bbox 2110 582 2319 618; x_wconf 88' lang='lat' dir='ltr'><strong>manmn</strong></span> <span class='ocrx_word' id='word_1_160' title='bbox 2343 583 2502 634; x_wconf 85' lang='lat' dir='ltr'><strong>super</strong></span> <span class='ocrx_word' id='word_1_161' title='bbox 2530 567 2798 627; x_wconf 80' lang='lat' dir='ltr'><strong>illum.ubi</strong></span> <span class='ocrx_word' id='word_1_162' title='bbox 2833 572 2958 621; x_wconf 85' lang='lat' dir='ltr'><strong>nihil</strong></span> <span class='ocrx_word' id='word_1_163' title='bbox 3001 567 3155 623; x_wconf 82' lang='lat' dir='ltr'><strong>suum</strong></span> <span class='ocrx_word' id='word_1_164' title='bbox 3198 573 3421 637; x_wconf 81' lang='lat' dir='ltr'><strong>invenit,</strong></span> <span class='ocrx_word' id='word_1_165' title='bbox 3446 575 3576 629; x_wconf 83' lang='lat' dir='ltr'><strong>alios</strong></span> <span class='ocrx_word' id='word_1_166' title='bbox 3619 580 3675 629; x_wconf 85' lang='lat' dir='ltr'><strong>in</strong></span> 
     </span>
    </p>
   </div>
   <div class='ocr_carea' id='block_1_25' title="bbox 2107 637 3673 709">
    <p class='ocr_par' dir='ltr' id='par_1_25' title="bbox 2107 637 3673 709">
     <span class='ocr_line' id='line_1_25' title="bbox 2107 637 3673 709; baseline 0.01 -27"><span class='ocrx_word' id='word_1_167' title='bbox 2107 637 2400 709; x_wconf 81' lang='lat' dir='ltr'><strong>quibusjus</strong></span> <span class='ocrx_word' id='word_1_168' title='bbox 2427 638 2653 709; x_wconf 81' lang='lat' dir='ltr'><strong>habebat</strong></span> <span class='ocrx_word' id='word_1_169' title='bbox 2672 639 2895 709; x_wconf 79' lang='lat' dir='ltr'><strong>amittet.</strong></span> <span class='ocrx_word' id='word_1_170' title='bbox 2933 638 2996 692; x_wconf 82' lang='lat' dir='ltr'><em>Et</em></span> <span class='ocrx_word' id='word_1_171' title='bbox 3028 644 3203 695; x_wconf 78' lang='lat' dir='ltr'><strong>salvos</strong></span> <span class='ocrx_word' id='word_1_172' title='bbox 3229 641 3473 697; x_wconf 88' lang='lat' dir='ltr'><strong>faciendo</strong></span> <span class='ocrx_word' id='word_1_173' title='bbox 3524 661 3673 709; x_wconf 85' lang='lat' dir='ltr'><strong>suos,</strong></span> 
     </span>
    </p>
   </div>
   <div class='ocr_carea' id='block_1_26' title="bbox 2107 707 3673 775">
    <p class='ocr_par' dir='ltr' id='par_1_26' title="bbox 2107 707 3673 775">
     <span class='ocr_line' id='line_1_26' title="bbox 2107 707 3673 775; baseline 0.006 -17"><span class='ocrx_word' id='word_1_174' title='bbox 2107 717 2160 758; x_wconf 85' lang='lat' dir='ltr'><strong>et</strong></span> <span class='ocrx_word' id='word_1_175' title='bbox 2188 707 2617 758; x_wconf 85' lang='lat' dir='ltr'><strong>calumniatorem</strong></span> <span class='ocrx_word' id='word_1_176' title='bbox 2646 708 2968 761; x_wconf 87' lang='lat' dir='ltr'><strong>humiliando</strong></span> <span class='ocrx_word' id='word_1_177' title='bbox 2992 711 3294 774; x_wconf 78' lang='lat' dir='ltr'><strong>permanebit</strong></span> <span class='ocrx_word' id='word_1_178' title='bbox 3322 729 3433 764; x_wconf 81' lang='lat' dir='ltr'><strong>cum</strong></span> <span class='ocrx_word' id='word_1_179' title='bbox 3473 716 3593 775; x_wconf 72' lang='lat' dir='ltr'><strong>sole.</strong></span> <span class='ocrx_word' id='word_1_180' title='bbox 3620 707 3673 767; x_wconf 80' lang='lat' dir='ltr'><strong>nl</strong></span> 
     </span>
    </p>
   </div>
   <div class='ocr_carea' id='block_1_27' title="bbox 2107 776 3667 851">
    <p class='ocr_par' dir='ltr' id='par_1_27' title="bbox 2107 776 3667 851">
     <span class='ocr_line' id='line_1_27' title="bbox 2107 776 3667 851; baseline 0.009 -27"><span class='ocrx_word' id='word_1_181' title='bbox 2107 788 2186 851; x_wconf 63' lang='lat' dir='ltr'><strong>est</strong></span> <span class='ocrx_word' id='word_1_182' title='bbox 2202 777 2431 851; x_wconf 84' lang='lat' dir='ltr'><strong>quandiu</strong></span> <span class='ocrx_word' id='word_1_183' title='bbox 2454 776 2811 851; x_wconf 72' lang='lat' dir='ltr'><strong>stiloricturet</strong></span> <span class='ocrx_word' id='word_1_184' title='bbox 2835 778 3060 851; x_wconf 82' lang='lat' dir='ltr'><strong>occidet,</strong></span> <span class='ocrx_word' id='word_1_185' title='bbox 3079 781 3127 831; x_wconf 88' lang='lat' dir='ltr'><strong>id</strong></span> <span class='ocrx_word' id='word_1_186' title='bbox 3151 789 3231 833; x_wconf 87' lang='lat' dir='ltr'><strong>est</strong></span> <span class='ocrx_word' id='word_1_187' title='bbox 3249 784 3393 835; x_wconf 89' lang='lat' dir='ltr'><strong>omni</strong></span> <span class='ocrx_word' id='word_1_188' title='bbox 3414 795 3667 851; x_wconf 72' lang='lat' dir='ltr'><strong>tempore.</strong></span> 
     </span>
    </p>
   </div>
   <div class='ocr_carea' id='block_1_28' title="bbox 2112 844 3672 919">
    <p class='ocr_par' dir='ltr' id='par_1_28' title="bbox 2112 844 3672 919">
     <span class='ocr_line' id='line_1_28' title="bbox 2112 844 3672 919; baseline 0.008 -24"><span class='ocrx_word' id='word_1_189' title='bbox 2112 844 2177 919; x_wconf 61' lang='lat' dir='ltr'><strong>Et</strong></span> <span class='ocrx_word' id='word_1_190' title='bbox 2215 844 2459 919; x_wconf 83' lang='lat' dir='ltr'><strong>nimirum</strong></span> <span class='ocrx_word' id='word_1_191' title='bbox 2506 846 2550 898; x_wconf 94' lang='lat' dir='ltr'><strong>si</strong></span> <span class='ocrx_word' id='word_1_192' title='bbox 2600 849 2903 913; x_wconf 67' lang='lat' dir='ltr'><strong>permanebit</strong></span> <span class='ocrx_word' id='word_1_193' title='bbox 2947 865 3062 900; x_wconf 84' lang='lat' dir='ltr'><strong>cum</strong></span> <span class='ocrx_word' id='word_1_194' title='bbox 3105 852 3231 909; x_wconf 72' lang='lat' dir='ltr'><strong>sole,</strong></span> <span class='ocrx_word' id='word_1_195' title='bbox 3255 853 3376 919; x_wconf 90' lang='lat' dir='ltr'><strong>quia</strong></span> <span class='ocrx_word' id='word_1_196' title='bbox 3422 844 3672 907; x_wconf 45' lang='lat' dir='ltr'><strong>est-ante</strong></span> 
     </span>
    </p>
   </div>
   <div class='ocr_carea' id='block_1_29' title="bbox 2109 913 3670 993">
    <p class='ocr_par' dir='ltr' id='par_1_29' title="bbox 2109 913 3670 993">
     <span class='ocr_line' id='line_1_29' title="bbox 2109 913 3670 993; baseline 0.009 -29"><span class='ocrx_word' id='word_1_197' title='bbox 2109 913 2303 993; x_wconf 67' lang='lat' dir='ltr'><strong>lunam,</strong></span> <span class='ocrx_word' id='word_1_198' title='bbox 2337 916 2383 965; x_wconf 93' lang='lat' dir='ltr'><strong>id</strong></span> <span class='ocrx_word' id='word_1_199' title='bbox 2415 925 2517 977; x_wconf 88' lang='lat' dir='ltr'><strong>est,</strong></span> <span class='ocrx_word' id='word_1_200' title='bbox 2543 926 2672 993; x_wconf 69' lang='lat' dir='ltr'><strong>ante</strong></span> <span class='ocrx_word' id='word_1_201' title='bbox 2702 920 2889 993; x_wconf 68' lang='lat' dir='ltr'><strong>omnia.</strong></span> <span class='ocrx_word' id='word_1_202' title='bbox 2910 927 3165 993; x_wconf 85' lang='lat' dir='ltr'><strong>tempora.</strong></span> <span class='ocrx_word' id='word_1_203' title='bbox 3200 913 3457 993; x_wconf 80' lang='lat' dir='ltr'><strong>Similiter</strong></span> <span class='ocrx_word' id='word_1_204' title='bbox 3483 936 3670 993; x_wconf 80' lang='lat' dir='ltr'><strong>posset</strong></span> 
     </span>
    </p>
   </div>
   <div class='ocr_carea' id='block_1_30' title="bbox 2107 982 3663 1054">
    <p class='ocr_par' dir='ltr' id='par_1_30' title="bbox 2107 982 3663 1054">
     <span class='ocr_line' id='line_1_30' title="bbox 2107 982 3663 1054; baseline 0.008 -19"><span class='ocrx_word' id='word_1_205' title='bbox 2107 982 2283 1054; x_wconf 77' lang='lat' dir='ltr'><strong>dicere</strong></span> <span class='ocrx_word' id='word_1_206' title='bbox 2328 995 2450 1037; x_wconf 87' lang='lat' dir='ltr'><strong>ante</strong></span> <span class='ocrx_word' id='word_1_207' title='bbox 2478 984 2662 1047; x_wconf 89' lang='lat' dir='ltr'><strong>solem,</strong></span> <span class='ocrx_word' id='word_1_208' title='bbox 2711 986 2802 1037; x_wconf 87' lang='lat' dir='ltr'><strong>sed</strong></span> <span class='ocrx_word' id='word_1_209' title='bbox 2847 982 3282 1054; x_wconf 50' lang='lat' dir='ltr'><strong>gratia&#39;vartandi</strong></span> <span class='ocrx_word' id='word_1_210' title='bbox 3322 982 3615 1048; x_wconf 63' lang='lat' dir='ltr'><strong>oratio&#39;nem</strong></span> <span class='ocrx_word' id='word_1_211' title='bbox 3649 1015 3663 1047; x_wconf 89' lang='lat'><strong>:</strong></span> 
     </span>
    </p>
   </div>
   <div class='ocr_carea' id='block_1_31' title="bbox 2108 1052 3663 1129">
    <p class='ocr_par' dir='ltr' id='par_1_31' title="bbox 2108 1052 3663 1129">
     <span class='ocr_line' id='line_1_31' title="bbox 2108 1052 3663 1129; baseline 0.009 -26"><span class='ocrx_word' id='word_1_212' title='bbox 2108 1052 2230 1118; x_wconf 87' lang='lat' dir='ltr'><strong>quia</strong></span> <span class='ocrx_word' id='word_1_213' title='bbox 2267 1055 2415 1129; x_wconf 72' lang='lat' dir='ltr'><strong>prius</strong></span> <span class='ocrx_word' id='word_1_214' title='bbox 2448 1056 2614 1105; x_wconf 79' lang='lat' dir='ltr'><strong>solent</strong></span> <span class='ocrx_word' id='word_1_215' title='bbox 2650 1052 2916 1129; x_wconf 82' lang='lat' dir='ltr'><strong>posuerat,</strong></span> <span class='ocrx_word' id='word_1_216' title='bbox 2962 1057 3063 1129; x_wconf 10' lang='lat' dir='ltr'><strong>hic,</strong></span> <span class='ocrx_word' id='word_1_217' title='bbox 3086 1058 3258 1112; x_wconf 89' lang='lat' dir='ltr'><strong>lunam</strong></span> <span class='ocrx_word' id='word_1_218' title='bbox 3291 1061 3493 1125; x_wconf 75' lang='lat' dir='ltr'><strong>posuit;</strong></span> <span class='ocrx_word' id='word_1_219' title='bbox 3540 1080 3663 1129; x_wconf 86' lang='lat' dir='ltr'><strong>per-</strong></span> 
     </span>
    </p>
   </div>
   <div class='ocr_carea' id='block_1_32' title="bbox 2109 1122 3655 1199">
    <p class='ocr_par' dir='ltr' id='par_1_32' title="bbox 2109 1122 3655 1199">
     <span class='ocr_line' id='line_1_32' title="bbox 2109 1122 3655 1199; baseline 0.01 -27"><span class='ocrx_word' id='word_1_220' title='bbox 2109 1122 2359 1199; x_wconf 78' lang='lat' dir='ltr'><strong>manebit,</strong></span> <span class='ocrx_word' id='word_1_221' title='bbox 2388 1125 2619 1191; x_wconf 84' lang='lat' dir='ltr'><strong>inquam,</strong></span> <span class='ocrx_word' id='word_1_222' title='bbox 2644 1140 2738 1199; x_wconf 81' lang='lat' dir='ltr'><strong>ens</strong></span> <span class='ocrx_word' id='word_1_223' title='bbox 2763 1126 2815 1176; x_wconf 86' lang='lat' dir='ltr'><strong>in</strong></span> <span class='ocrx_word' id='word_1_224' title='bbox 2841 1128 3161 1199; x_wconf 76' lang='lat' dir='ltr'><strong>generatione</strong></span> <span class='ocrx_word' id='word_1_225' title='bbox 3190 1140 3235 1180; x_wconf 90' lang='lat' dir='ltr'><strong>et</strong></span> <span class='ocrx_word' id='word_1_226' title='bbox 3262 1122 3655 1199; x_wconf 72' lang='lat' dir='ltr'><strong>generationem,</strong></span> 
     </span>
    </p>
   </div>
   <div class='ocr_carea' id='block_1_33' title="bbox 2110 1191 3664 1268">
    <p class='ocr_par' dir='ltr' id='par_1_33' title="bbox 2110 1191 3664 1268">
     <span class='ocr_line' id='line_1_33' title="bbox 2110 1191 3664 1268; baseline 0.008 -26"><span class='ocrx_word' id='word_1_227' title='bbox 2110 1191 2158 1268; x_wconf 74' lang='lat' dir='ltr'><strong>id</strong></span> <span class='ocrx_word' id='word_1_228' title='bbox 2203 1202 2301 1268; x_wconf 76' lang='lat' dir='ltr'><strong>est,</strong></span> <span class='ocrx_word' id='word_1_229' title='bbox 2345 1195 2395 1245; x_wconf 91' lang='lat' dir='ltr'><strong>in</strong></span> <span class='ocrx_word' id='word_1_230' title='bbox 2442 1194 2687 1258; x_wconf 73' lang='lat' dir='ltr'><strong>przcsenti</strong></span> <span class='ocrx_word' id='word_1_231' title='bbox 2724 1191 3090 1268; x_wconf 79' lang='lat' dir='ltr'><strong>generatione,</strong></span> <span class='ocrx_word' id='word_1_232' title='bbox 3140 1200 3225 1250; x_wconf 86' lang='lat' dir='ltr'><strong>ubi</strong></span> <span class='ocrx_word' id='word_1_233' title='bbox 3262 1191 3348 1252; x_wconf 68' lang='lat' dir='ltr'><strong>cst</strong></span> <span class='ocrx_word' id='word_1_234' title='bbox 3390 1191 3664 1268; x_wconf 81' lang='lat' dir='ltr'><strong>generatio</strong></span> 
     </span>
    </p>
   </div>
   <div class='ocr_carea' id='block_1_34' title="bbox 2107 1260 3658 1342">
    <p class='ocr_par' dir='ltr' id='par_1_34' title="bbox 2107 1260 3658 1342">
     <span class='ocr_line' id='line_1_34' title="bbox 2107 1260 3658 1342; baseline 0.01 -30"><span class='ocrx_word' id='word_1_235' title='bbox 2107 1260 2388 1340; x_wconf 75' lang='lat' dir='ltr'><strong>decedens,</strong></span> <span class='ocrx_word' id='word_1_236' title='bbox 2422 1272 2475 1315; x_wconf 91' lang='lat' dir='ltr'><strong>et</strong></span> <span class='ocrx_word' id='word_1_237' title='bbox 2501 1264 2772 1330; x_wconf 86' lang='lat' dir='ltr'><strong>generatio</strong></span> <span class='ocrx_word' id='word_1_238' title='bbox 2797 1265 3113 1330; x_wconf 84' lang='lat' dir='ltr'><strong>succedens,</strong></span> <span class='ocrx_word' id='word_1_239' title='bbox 3161 1277 3213 1320; x_wconf 89' lang='lat' dir='ltr'><strong>et</strong></span> <span class='ocrx_word' id='word_1_240' title='bbox 3242 1270 3319 1323; x_wconf 89' lang='lat' dir='ltr'><strong>sic</strong></span> <span class='ocrx_word' id='word_1_241' title='bbox 3350 1260 3530 1325; x_wconf 64' lang='lat' dir='ltr'><strong>nntltse</strong></span> <span class='ocrx_word' id='word_1_242' title='bbox 3561 1289 3658 1342; x_wconf 82' lang='lat' dir='ltr'><strong>ge-</strong></span> 
     </span>
    </p>
   </div>
   <div class='ocr_carea' id='block_1_35' title="bbox 2114 1341 3166 1397">
    <p class='ocr_par' dir='ltr' id='par_1_35' title="bbox 2114 1341 3166 1397">
     <span class='ocr_line' id='line_1_35' title="bbox 2114 1341 3166 1397; baseline 0.007 -16"><span class='ocrx_word' id='word_1_243' title='bbox 2114 1341 2437 1384; x_wconf 85' lang='lat' dir='ltr'><strong>nerationes.</strong></span> <span class='ocrx_word' id='word_1_244' title='bbox 3162 1393 3166 1397; x_wconf 20' lang='lat'><strong>,</strong></span> 
     </span>
    </p>
   </div>
   <div class='ocr_carea' id='block_1_36' title="bbox 2184 1399 3662 1477">
    <p class='ocr_par' dir='ltr' id='par_1_36' title="bbox 2184 1399 3662 1477">
     <span class='ocr_line' id='line_1_36' title="bbox 2184 1399 3662 1477; baseline 0.009 -27"><span class='ocrx_word' id='word_1_245' title='bbox 2184 1399 2600 1477; x_wconf 51' lang='lat' dir='ltr'><strong>Descendetjicut</strong></span> <span class='ocrx_word' id='word_1_246' title='bbox 2634 1402 2825 1477; x_wconf 77' lang='lat' dir='ltr'><strong>pluvia.</strong></span> <span class='ocrx_word' id='word_1_247' title='bbox 2850 1400 3032 1477; x_wconf 65' lang='lat' dir='ltr'><strong>saluo:</strong></span> <span class='ocrx_word' id='word_1_248' title='bbox 3060 1404 3231 1471; x_wconf 79' lang='lat' dir='ltr'><strong>faciet,</strong></span> <span class='ocrx_word' id='word_1_249' title='bbox 3262 1407 3493 1475; x_wconf 81' lang='lat' dir='ltr'><strong>inquam,</strong></span> <span class='ocrx_word' id='word_1_250' title='bbox 3526 1411 3662 1477; x_wconf 74' lang='lat' dir='ltr'><strong>ﬁlios</strong></span> 
     </span>
    </p>
   </div>
   <div class='ocr_carea' id='block_1_37' title="bbox 2107 1472 3662 1537">
    <p class='ocr_par' dir='ltr' id='par_1_37' title="bbox 2107 1472 3662 1537">
     <span class='ocr_line' id='line_1_37' title="bbox 2107 1472 3662 1537; baseline 0.01 -18"><span class='ocrx_word' id='word_1_251' title='bbox 2107 1485 2406 1537; x_wconf 81' lang='lat' dir='ltr'><strong>pauperum.</strong></span> <span class='ocrx_word' id='word_1_252' title='bbox 2459 1472 2521 1523; x_wconf 83' lang='lat' dir='ltr'><strong>Et</strong></span> <span class='ocrx_word' id='word_1_253' title='bbox 2563 1481 2618 1523; x_wconf 90' lang='lat' dir='ltr'><strong>ut</strong></span> <span class='ocrx_word' id='word_1_254' title='bbox 2659 1473 2834 1525; x_wconf 86' lang='lat' dir='ltr'><strong>salvos</strong></span> <span class='ocrx_word' id='word_1_255' title='bbox 2874 1473 3031 1525; x_wconf 88' lang='lat' dir='ltr'><strong>faciat</strong></span> <span class='ocrx_word' id='word_1_256' title='bbox 3070 1490 3183 1537; x_wconf 86' lang='lat' dir='ltr'><strong>eos,</strong></span> <span class='ocrx_word' id='word_1_257' title='bbox 3227 1472 3490 1531; x_wconf 71' lang='lat' dir='ltr'><strong>descendet</strong></span> <span class='ocrx_word' id='word_1_258' title='bbox 3526 1472 3662 1534; x_wconf 66' lang='lat' dir='ltr'><strong>sicut</strong></span> 
     </span>
    </p>
   </div>
   <div class='ocr_carea' id='block_1_38' title="bbox 2107 1539 3659 1604">
    <p class='ocr_par' dir='ltr' id='par_1_38' title="bbox 2107 1539 3659 1604">
     <span class='ocr_line' id='line_1_38' title="bbox 2107 1539 3659 1604; baseline 0.01 -15"><span class='ocrx_word' id='word_1_259' title='bbox 2107 1540 2275 1604; x_wconf 84' lang='lat' dir='ltr'><strong>pluvia</strong></span> <span class='ocrx_word' id='word_1_260' title='bbox 2304 1542 2352 1592; x_wconf 85' lang='lat' dir='ltr'><strong>in</strong></span> <span class='ocrx_word' id='word_1_261' title='bbox 2378 1539 2555 1604; x_wconf 77' lang='lat' dir='ltr'><strong>vellus,</strong></span> <span class='ocrx_word' id='word_1_262' title='bbox 2593 1540 2642 1593; x_wconf 90' lang='lat' dir='ltr'><strong>id</strong></span> <span class='ocrx_word' id='word_1_263' title='bbox 2694 1553 2798 1602; x_wconf 87' lang='lat' dir='ltr'><strong>est,</strong></span> <span class='ocrx_word' id='word_1_264' title='bbox 2834 1552 3081 1595; x_wconf 84' lang='lat' dir='ltr'><strong>nascetur</strong></span> <span class='ocrx_word' id='word_1_265' title='bbox 3107 1548 3173 1596; x_wconf 88' lang='lat' dir='ltr'><strong>de</strong></span> <span class='ocrx_word' id='word_1_266' title='bbox 3208 1548 3519 1601; x_wconf 88' lang='lat' dir='ltr'><strong>intemerata</strong></span> <span class='ocrx_word' id='word_1_267' title='bbox 3551 1553 3659 1604; x_wconf 81' lang='lat' dir='ltr'><strong>vir-</strong></span> 
     </span>
    </p>
   </div>
   <div class='ocr_carea' id='block_1_39' title="bbox 2103 1609 3664 1678">
    <p class='ocr_par' dir='ltr' id='par_1_39' title="bbox 2103 1609 3664 1678">
     <span class='ocr_line' id='line_1_39' title="bbox 2103 1609 3664 1678; baseline 0.01 -19"><span class='ocrx_word' id='word_1_268' title='bbox 2103 1610 2243 1675; x_wconf 89' lang='lat' dir='ltr'><strong>gine.</strong></span> <span class='ocrx_word' id='word_1_269' title='bbox 2273 1609 2421 1663; x_wconf 83' lang='lat' dir='ltr'><strong>Sicut</strong></span> <span class='ocrx_word' id='word_1_270' title='bbox 2445 1612 2585 1663; x_wconf 90' lang='lat' dir='ltr'><strong>enim</strong></span> <span class='ocrx_word' id='word_1_271' title='bbox 2616 1611 2785 1677; x_wconf 76' lang='lat' dir='ltr'><strong>pluvia</strong></span> <span class='ocrx_word' id='word_1_272' title='bbox 2816 1622 3055 1678; x_wconf 76' lang='lat' dir='ltr'><strong>penetrat</strong></span> <span class='ocrx_word' id='word_1_273' title='bbox 3078 1614 3267 1678; x_wconf 83' lang='lat' dir='ltr'><strong>vellus,</strong></span> <span class='ocrx_word' id='word_1_274' title='bbox 3293 1627 3346 1669; x_wconf 92' lang='lat' dir='ltr'><strong>et</strong></span> <span class='ocrx_word' id='word_1_275' title='bbox 3370 1620 3509 1671; x_wconf 86' lang='lat' dir='ltr'><strong>cadit</strong></span> <span class='ocrx_word' id='word_1_276' title='bbox 3539 1622 3664 1675; x_wconf 81' lang='lat' dir='ltr'><strong>inde</strong></span> 
     </span>
    </p>
   </div>
   <div class='ocr_carea' id='block_1_40' title="bbox 2104 1680 3655 1747">
    <p class='ocr_par' dir='ltr' id='par_1_40' title="bbox 2104 1680 3655 1747">
     <span class='ocr_line' id='line_1_40' title="bbox 2104 1680 3655 1747; baseline 0.01 -18"><span class='ocrx_word' id='word_1_277' title='bbox 2104 1680 2218 1730; x_wconf 85' lang='lat' dir='ltr'><strong>sine</strong></span> <span class='ocrx_word' id='word_1_278' title='bbox 2252 1681 2497 1732; x_wconf 86' lang='lat' dir='ltr'><strong>villorum</strong></span> <span class='ocrx_word' id='word_1_279' title='bbox 2526 1682 2699 1747; x_wconf 89' lang='lat' dir='ltr'><strong>aliqua</strong></span> <span class='ocrx_word' id='word_1_280' title='bbox 2729 1681 3020 1746; x_wconf 76' lang='lat' dir='ltr'><strong>sciasione;</strong></span> <span class='ocrx_word' id='word_1_281' title='bbox 3060 1684 3137 1736; x_wconf 88' lang='lat' dir='ltr'><strong>sic</strong></span> <span class='ocrx_word' id='word_1_282' title='bbox 3167 1694 3219 1739; x_wconf 91' lang='lat' dir='ltr'><strong>et</strong></span> <span class='ocrx_word' id='word_1_283' title='bbox 3251 1686 3503 1739; x_wconf 79' lang='lat' dir='ltr'><strong>Dominus</strong></span> <span class='ocrx_word' id='word_1_284' title='bbox 3536 1701 3655 1745; x_wconf 89' lang='lat' dir='ltr'><strong>ute-</strong></span> 
     </span>
    </p>
   </div>
   <div class='ocr_carea' id='block_1_41' title="bbox 2105 1750 3663 1829">
    <p class='ocr_par' dir='ltr' id='par_1_41' title="bbox 2105 1750 3663 1829">
     <span class='ocr_line' id='line_1_41' title="bbox 2105 1750 3663 1829; baseline 0.01 -30"><span class='ocrx_word' id='word_1_285' title='bbox 2105 1763 2219 1799; x_wconf 87' lang='lat' dir='ltr'><strong>rum</strong></span> <span class='ocrx_word' id='word_1_286' title='bbox 2249 1750 2463 1828; x_wconf 61' lang='lat' dir='ltr'><strong>virginis</strong></span> <span class='ocrx_word' id='word_1_287' title='bbox 2494 1751 2711 1803; x_wconf 89' lang='lat' dir='ltr'><strong>intravit</strong></span> <span class='ocrx_word' id='word_1_288' title='bbox 2751 1761 2803 1804; x_wconf 92' lang='lat' dir='ltr'><strong>et</strong></span> <span class='ocrx_word' id='word_1_289' title='bbox 2845 1753 3011 1805; x_wconf 79' lang='lat' dir='ltr'><strong>exivit</strong></span> <span class='ocrx_word' id='word_1_290' title='bbox 3051 1754 3165 1807; x_wconf 87' lang='lat' dir='ltr'><strong>sine</strong></span> <span class='ocrx_word' id='word_1_291' title='bbox 3207 1755 3307 1808; x_wconf 91' lang='lat' dir='ltr'><strong>ulla</strong></span> <span class='ocrx_word' id='word_1_292' title='bbox 3339 1758 3663 1829; x_wconf 81' lang='lat' dir='ltr'><strong>integritatis</strong></span> 
     </span>
    </p>
   </div>
   <div class='ocr_carea' id='block_1_42' title="bbox 442 1819 1992 1894">
    <p class='ocr_par' dir='ltr' id='par_1_42' title="bbox 442 1819 1992 1893">
     <span class='ocr_line' id='line_1_42' title="bbox 442 1819 1992 1893; baseline 0 -13"><span class='ocrx_word' id='word_1_293' title='bbox 442 1830 493 1880; x_wconf 90' lang='lat' dir='ltr'><strong>in</strong></span> <span class='ocrx_word' id='word_1_294' title='bbox 530 1819 743 1883; x_wconf 67' lang='lat' dir='ltr'><strong>malum.</strong></span> <span class='ocrx_word' id='word_1_295' title='bbox 775 1832 838 1883; x_wconf 86' lang='lat' dir='ltr'><em>Et</em></span> <span class='ocrx_word' id='word_1_296' title='bbox 860 1832 1029 1890; x_wconf 77' lang='lat' dir='ltr'><strong>colles,</strong></span> <span class='ocrx_word' id='word_1_297' title='bbox 1056 1833 1105 1883; x_wconf 91' lang='lat' dir='ltr'><strong>id</strong></span> <span class='ocrx_word' id='word_1_298' title='bbox 1136 1840 1235 1893; x_wconf 77' lang='lat' dir='ltr'><strong>est,</strong></span> <span class='ocrx_word' id='word_1_299' title='bbox 1264 1819 1537 1882; x_wconf 80' lang='lat' dir='ltr'><strong>inferiores</strong></span> <span class='ocrx_word' id='word_1_300' title='bbox 1568 1829 1635 1879; x_wconf 87' lang='lat' dir='ltr'><strong>ita</strong></span> <span class='ocrx_word' id='word_1_301' title='bbox 1669 1843 1725 1880; x_wconf 87' lang='lat' dir='ltr'><strong>se</strong></span> <span class='ocrx_word' id='word_1_302' title='bbox 1756 1828 1820 1879; x_wconf 91' lang='lat' dir='ltr'><strong>ad</strong></span> <span class='ocrx_word' id='word_1_303' title='bbox 1854 1819 1992 1893; x_wconf 77' lang='lat' dir='ltr'><strong>ipsos</strong></span> 
     </span>
    </p>
   </div>
   <div class='ocr_carea' id='block_1_43' title="bbox 2096 1819 2459 1894">
    <p class='ocr_par' dir='ltr' id='par_1_43' title="bbox 2100 1819 2459 1894">
     <span class='ocr_line' id='line_1_43' title="bbox 2100 1819 2459 1894; baseline 0.011 -24"><span class='ocrx_word' id='word_1_304' title='bbox 2100 1819 2459 1894; x_wconf 54' lang='lat' dir='ltr'><strong>corruptione.</strong></span> 
     </span>
    </p>
   </div>
   <div class='ocr_carea' id='block_1_44' title="bbox 443 1897 1995 1977">
    <p class='ocr_par' dir='ltr' id='par_1_44' title="bbox 443 1897 1995 1977">
     <span class='ocr_line' id='line_1_44' title="bbox 443 1897 1995 1977; baseline 0 -28"><span class='ocrx_word' id='word_1_305' title='bbox 443 1900 716 1960; x_wconf 78' lang='lat' dir='ltr'><strong>habentes,</strong></span> <span class='ocrx_word' id='word_1_306' title='bbox 750 1903 886 1953; x_wconf 87' lang='lat' dir='ltr'><strong>sicut</strong></span> <span class='ocrx_word' id='word_1_307' title='bbox 913 1901 1166 1977; x_wconf 79' lang='lat' dir='ltr'><strong>colles_at_l</strong></span> <span class='ocrx_word' id='word_1_308' title='bbox 1205 1911 1429 1977; x_wconf 73' lang='lat' dir='ltr'><strong>montes,</strong></span> <span class='ocrx_word' id='word_1_309' title='bbox 1458 1906 1515 1949; x_wconf 92' lang='lat' dir='ltr'><strong>ut</strong></span> <span class='ocrx_word' id='word_1_310' title='bbox 1544 1897 1709 1977; x_wconf 67' lang='lat' dir='ltr'><strong>Lucas</strong></span> <span class='ocrx_word' id='word_1_311' title='bbox 1736 1906 1789 1948; x_wconf 85' lang='lat' dir='ltr'><strong>et</strong></span> <span class='ocrx_word' id='word_1_312' title='bbox 1818 1898 1995 1949; x_wconf 83' lang='lat' dir='ltr'><strong>Timo-</strong></span> 
     </span>
    </p>
   </div>
   <div class='ocr_carea' id='block_1_45' title="bbox 440 1968 1997 2035">
    <p class='ocr_par' dir='ltr' id='par_1_45' title="bbox 440 1968 1997 2035">
     <span class='ocr_line' id='line_1_45' title="bbox 440 1968 1997 2035; baseline 0 -16"><span class='ocrx_word' id='word_1_313' title='bbox 440 1968 593 2021; x_wconf 79' lang='lat' dir='ltr'><strong>theus</strong></span> <span class='ocrx_word' id='word_1_314' title='bbox 621 1972 683 2023; x_wconf 85' lang='lat' dir='ltr'><strong>ad</strong></span> <span class='ocrx_word' id='word_1_315' title='bbox 706 1971 1245 2035; x_wconf 89' lang='lat' dir='ltr'><strong>Paulum,snscipiant</strong></span> <span class='ocrx_word' id='word_1_316' title='bbox 1267 1969 1513 2030; x_wconf 80' lang='lat' dir='ltr'><strong>iustitiam</strong></span> <span class='ocrx_word' id='word_1_317' title='bbox 1539 2009 1551 2031; x_wconf 88' lang='lat'><strong>,</strong></span> <span class='ocrx_word' id='word_1_318' title='bbox 1571 1968 1801 2030; x_wconf 87' lang='lat' dir='ltr'><strong>scilicet,</strong></span> <span class='ocrx_word' id='word_1_319' title='bbox 1822 1978 1876 2019; x_wconf 92' lang='lat' dir='ltr'><strong>ut</strong></span> <span class='ocrx_word' id='word_1_320' title='bbox 1904 1984 1997 2034; x_wconf 89' lang='lat' dir='ltr'><strong>per</strong></span> 
     </span>
    </p>
   </div>
   <div class='ocr_carea' id='block_1_46' title="bbox 438 2038 1990 2117">
    <p class='ocr_par' dir='ltr' id='par_1_46' title="bbox 438 2038 1990 2117">
     <span class='ocr_line' id='line_1_46' title="bbox 438 2038 1990 2117; baseline 0.003 -29"><span class='ocrx_word' id='word_1_321' title='bbox 438 2050 587 2117; x_wconf 61' lang='lat' dir='ltr'><strong>suam</strong></span> <span class='ocrx_word' id='word_1_322' title='bbox 604 2042 967 2107; x_wconf 90' lang='lat' dir='ltr'><strong>obtemperent</strong></span> <span class='ocrx_word' id='word_1_323' title='bbox 981 2041 1275 2093; x_wconf 88' lang='lat' dir='ltr'><strong>auctoritati</strong></span> <span class='ocrx_word' id='word_1_324' title='bbox 1292 2038 1876 2117; x_wconf 62' lang='lat' dir='ltr'><strong>illorum,sicuIjttstum</strong></span> <span class='ocrx_word' id='word_1_325' title='bbox 1892 2053 1990 2092; x_wconf 67' lang='lat' dir='ltr'><strong>est.</strong></span> 
     </span>
    </p>
   </div>
   <div class='ocr_carea' id='block_1_47' title="bbox 441 2106 1991 2175">
    <p class='ocr_par' dir='ltr' id='par_1_47' title="bbox 441 2106 1991 2175">
     <span class='ocr_line' id='line_1_47' title="bbox 441 2106 1991 2175; baseline 0.002 -17"><span class='ocrx_word' id='word_1_326' title='bbox 441 2107 605 2169; x_wconf 87' lang='lat' dir='ltr'><strong>Ipsam</strong></span> <span class='ocrx_word' id='word_1_327' title='bbox 637 2106 1159 2163; x_wconf 22' lang='lat' dir='ltr'><strong>enim’obedientiam</strong></span> <span class='ocrx_word' id='word_1_328' title='bbox 1191 2119 1341 2163; x_wconf 74' lang='grc' dir='ltr'>νυοιιι</span> <span class='ocrx_word' id='word_1_329' title='bbox 1366 2107 1647 2175; x_wconf 85' lang='lat' dir='ltr'><strong>justitiam.</strong></span> <span class='ocrx_word' id='word_1_330' title='bbox 1674 2106 1766 2159; x_wconf 88' lang='lat' dir='ltr'><strong>Vel</strong></span> <span class='ocrx_word' id='word_1_331' title='bbox 1796 2108 1948 2159; x_wconf 78' lang='lat' dir='ltr'><strong>aiiter</strong></span> <span class='ocrx_word' id='word_1_332' title='bbox 1977 2124 1991 2161; x_wconf 92' lang='lat'><strong>:</strong></span> 
     </span>
    </p>
   </div>
   <div class='ocr_carea' id='block_1_48' title="bbox 441 2175 1995 2246">
    <p class='ocr_par' dir='ltr' id='par_1_48' title="bbox 441 2175 1995 2246">
     <span class='ocr_line' id='line_1_48' title="bbox 441 2175 1995 2246; baseline -0.001 -17"><span class='ocrx_word' id='word_1_333' title='bbox 441 2175 659 2240; x_wconf 76' lang='lat' dir='ltr'><strong>Montes,</strong></span> <span class='ocrx_word' id='word_1_334' title='bbox 685 2180 731 2232; x_wconf 91' lang='lat' dir='ltr'><strong>id</strong></span> <span class='ocrx_word' id='word_1_335' title='bbox 766 2190 865 2243; x_wconf 90' lang='lat' dir='ltr'><strong>est,</strong></span> <span class='ocrx_word' id='word_1_336' title='bbox 902 2180 1099 2246; x_wconf 60' lang='lat' dir='ltr'><strong>prmlati</strong></span> <span class='ocrx_word' id='word_1_337' title='bbox 1124 2192 1175 2233; x_wconf 90' lang='lat' dir='ltr'><strong>et</strong></span> <span class='ocrx_word' id='word_1_338' title='bbox 1205 2180 1505 2245; x_wconf 85' lang='lat' dir='ltr'><strong>superiores</strong></span> <span class='ocrx_word' id='word_1_339' title='bbox 1532 2178 1582 2229; x_wconf 91' lang='lat' dir='ltr'><strong>in</strong></span> <span class='ocrx_word' id='word_1_340' title='bbox 1618 2177 1849 2230; x_wconf 78' lang='lat' dir='ltr'><strong>Ecclesia</strong></span> <span class='ocrx_word' id='word_1_341' title='bbox 1882 2194 1995 2228; x_wconf 75' lang='lat' dir='ltr'><strong>sus-</strong></span> 
     </span>
    </p>
   </div>
   <div class='ocr_carea' id='block_1_49' title="bbox 440 2248 1993 2328">
    <p class='ocr_par' dir='ltr' id='par_1_49' title="bbox 440 2248 1993 2328">
     <span class='ocr_line' id='line_1_49' title="bbox 440 2248 1993 2328; baseline 0 -29"><span class='ocrx_word' id='word_1_342' title='bbox 440 2248 627 2315; x_wconf 72' lang='lat' dir='ltr'><strong>cipiant</strong></span> <span class='ocrx_word' id='word_1_343' title='bbox 650 2266 818 2313; x_wconf 83' lang='lat' dir='ltr'><strong>pacem</strong></span> <span class='ocrx_word' id='word_1_344' title='bbox 839 2260 889 2304; x_wconf 89' lang='lat' dir='ltr'><strong>et</strong></span> <span class='ocrx_word' id='word_1_345' title='bbox 912 2250 1246 2303; x_wconf 83' lang='lat' dir='ltr'><strong>concordiam</strong></span> <span class='ocrx_word' id='word_1_346' title='bbox 1280 2248 1572 2328; x_wconf 78' lang='lat' dir='ltr'><strong>faciendam</strong></span> <span class='ocrx_word' id='word_1_347' title='bbox 1605 2248 1655 2301; x_wconf 94' lang='lat' dir='ltr'><strong>in</strong></span> <span class='ocrx_word' id='word_1_348' title='bbox 1690 2249 1885 2328; x_wconf 73' lang='lat' dir='ltr'><strong>rutundo</strong></span> <span class='ocrx_word' id='word_1_349' title='bbox 1918 2250 1993 2328; x_wconf 80' lang='lat' dir='ltr'><strong>vel</strong></span> 
     </span>
    </p>
   </div>
   <div class='ocr_carea' id='block_1_50' title="bbox 438 2318 1995 2396">
    <p class='ocr_par' dir='ltr' id='par_1_50' title="bbox 438 2318 1995 2396">
     <span class='ocr_line' id='line_1_50' title="bbox 438 2318 1995 2396; baseline 0.003 -29"><span class='ocrx_word' id='word_1_350' title='bbox 438 2321 485 2396; x_wconf 72' lang='lat' dir='ltr'><strong>in</strong></span> <span class='ocrx_word' id='word_1_351' title='bbox 516 2319 720 2396; x_wconf 79' lang='lat' dir='ltr'><strong>populo.</strong></span> <span class='ocrx_word' id='word_1_352' title='bbox 753 2321 976 2396; x_wconf 68' lang='lat' dir='ltr'><strong>Maxime</strong></span> <span class='ocrx_word' id='word_1_353' title='bbox 1003 2325 1141 2396; x_wconf 78' lang='lat' dir='ltr'><strong>enim</strong></span> <span class='ocrx_word' id='word_1_354' title='bbox 1172 2322 1235 2373; x_wconf 92' lang='lat' dir='ltr'><strong>ad</strong></span> <span class='ocrx_word' id='word_1_355' title='bbox 1294 2318 1539 2396; x_wconf 61' lang='lat' dir='ltr'><strong>praelatos</strong></span> <span class='ocrx_word' id='word_1_356' title='bbox 1587 2318 1833 2396; x_wconf 40' lang='lat' dir='ltr'><strong>pertinet.</strong></span> <span class='ocrx_word' id='word_1_357' title='bbox 1868 2320 1995 2384; x_wconf 78' lang='lat' dir='ltr'><strong>Vigi-</strong></span> 
     </span>
    </p>
   </div>
   <div class='ocr_carea' id='block_1_51' title="bbox 438 2387 1996 2467">
    <p class='ocr_par' dir='ltr' id='par_1_51' title="bbox 438 2387 1996 2467">
     <span class='ocr_line' id='line_1_51' title="bbox 438 2387 1996 2467; baseline 0.001 -29"><span class='ocrx_word' id='word_1_358' title='bbox 438 2387 562 2467; x_wconf 80' lang='lat' dir='ltr'><strong>lanti</strong></span> <span class='ocrx_word' id='word_1_359' title='bbox 595 2392 890 2444; x_wconf 85' lang='lat' dir='ltr'><strong>attentione</strong></span> <span class='ocrx_word' id='word_1_360' title='bbox 911 2393 1188 2467; x_wconf 78' lang='lat' dir='ltr'><strong>c_on_si_t|erc</strong></span> <span class='ocrx_word' id='word_1_361' title='bbox 1215 2390 1350 2456; x_wconf 77' lang='lat' dir='ltr'><strong>paci,</strong></span> <span class='ocrx_word' id='word_1_362' title='bbox 1383 2388 1432 2440; x_wconf 90' lang='lat' dir='ltr'><strong>id</strong></span> <span class='ocrx_word' id='word_1_363' title='bbox 1459 2394 1559 2467; x_wconf 60' lang='lat' dir='ltr'><strong>est,</strong></span> <span class='ocrx_word' id='word_1_364' title='bbox 1586 2387 1904 2467; x_wconf 62' lang='lat' dir='ltr'><strong>concordiae,</strong></span> <span class='ocrx_word' id='word_1_365' title='bbox 1930 2402 1996 2440; x_wconf 90' lang='lat' dir='ltr'><strong>ne</strong></span> 
     </span>
    </p>
   </div>
   <div class='ocr_carea' id='block_1_52' title="bbox 434 2458 1995 2521">
    <p class='ocr_par' dir='ltr' id='par_1_52' title="bbox 434 2458 1995 2521">
     <span class='ocr_line' id='line_1_52' title="bbox 434 2458 1995 2521; baseline -0.003 -12"><span class='ocrx_word' id='word_1_366' title='bbox 434 2458 716 2511; x_wconf 80' lang='lat' dir='ltr'><strong>schismata</strong></span> <span class='ocrx_word' id='word_1_367' title='bbox 745 2462 884 2513; x_wconf 89' lang='lat' dir='ltr'><strong>liant.</strong></span> <span class='ocrx_word' id='word_1_368' title='bbox 922 2460 983 2511; x_wconf 84' lang='lat' dir='ltr'><strong>Et</strong></span> <span class='ocrx_word' id='word_1_369' title='bbox 1011 2461 1128 2513; x_wconf 82' lang='lat' dir='ltr'><strong>ideo</strong></span> <span class='ocrx_word' id='word_1_370' title='bbox 1180 2468 1371 2511; x_wconf 75' lang='lat' dir='ltr'><strong>montes</strong></span> <span class='ocrx_word' id='word_1_371' title='bbox 1416 2458 1693 2518; x_wconf 78' lang='lat' dir='ltr'><strong>suscipiant</strong></span> <span class='ocrx_word' id='word_1_372' title='bbox 1741 2472 1911 2521; x_wconf 86' lang='lat' dir='ltr'><strong>pacem</strong></span> <span class='ocrx_word' id='word_1_373' title='bbox 1948 2466 1995 2508; x_wconf 85' lang='lat' dir='ltr'><strong>et</strong></span> 
     </span>
    </p>
   </div>
   <div class='ocr_carea' id='block_1_53' title="bbox 434 2525 1991 2595">
    <p class='ocr_par' dir='ltr' id='par_1_53' title="bbox 434 2525 1991 2595">
     <span class='ocr_line' id='line_1_53' title="bbox 434 2525 1991 2595; baseline 0.002 -19"><span class='ocrx_word' id='word_1_374' title='bbox 434 2528 585 2578; x_wconf 75' lang='lat' dir='ltr'><strong>colles</strong></span> <span class='ocrx_word' id='word_1_375' title='bbox 606 2531 911 2595; x_wconf 88' lang='lat' dir='ltr'><strong>suscipiant,</strong></span> <span class='ocrx_word' id='word_1_376' title='bbox 937 2531 985 2581; x_wconf 91' lang='lat' dir='ltr'><strong>id</strong></span> <span class='ocrx_word' id='word_1_377' title='bbox 1010 2540 1109 2593; x_wconf 85' lang='lat' dir='ltr'><strong>est,</strong></span> <span class='ocrx_word' id='word_1_378' title='bbox 1136 2529 1413 2582; x_wconf 86' lang='lat' dir='ltr'><strong>inferiores</strong></span> <span class='ocrx_word' id='word_1_379' title='bbox 1442 2525 1739 2579; x_wconf 82' lang='lat' dir='ltr'><strong>obediendo</strong></span> <span class='ocrx_word' id='word_1_380' title='bbox 1761 2540 1991 2595; x_wconf 86' lang='lat' dir='ltr'><strong>sequan-</strong></span> 
     </span>
    </p>
   </div>
   <div class='ocr_carea' id='block_1_54' title="bbox 435 2598 1684 2661">
    <p class='ocr_par' dir='ltr' id='par_1_54' title="bbox 435 2598 1684 2661">
     <span class='ocr_line' id='line_1_54' title="bbox 435 2598 1684 2661; baseline -0.002 -13"><span class='ocrx_word' id='word_1_381' title='bbox 435 2606 519 2648; x_wconf 87' lang='lat' dir='ltr'><strong>tur</strong></span> <span class='ocrx_word' id='word_1_382' title='bbox 547 2602 911 2652; x_wconf 81' lang='lat' dir='ltr'><strong>auctoritatem</strong></span> <span class='ocrx_word' id='word_1_383' title='bbox 944 2599 1170 2659; x_wconf 91' lang='lat' dir='ltr'><strong>illorum,</strong></span> <span class='ocrx_word' id='word_1_384' title='bbox 1202 2599 1332 2651; x_wconf 84' lang='lat' dir='ltr'><strong>sicut</strong></span> <span class='ocrx_word' id='word_1_385' title='bbox 1358 2598 1552 2661; x_wconf 78' lang='lat' dir='ltr'><strong>justum</strong></span> <span class='ocrx_word' id='word_1_386' title='bbox 1585 2606 1684 2652; x_wconf 86' lang='lat' dir='ltr'><strong>est.</strong></span> 
     </span>
    </p>
   </div>
   <div class='ocr_carea' id='block_1_55' title="bbox 505 2663 1990 2738">
    <p class='ocr_par' dir='ltr' id='par_1_55' title="bbox 505 2663 1990 2738">
     <span class='ocr_line' id='line_1_55' title="bbox 505 2663 1990 2738; baseline 0.001 -22"><span class='ocrx_word' id='word_1_387' title='bbox 505 2663 763 2738; x_wconf 66' lang='lat' dir='ltr'><strong>ludii-abit</strong></span> <span class='ocrx_word' id='word_1_388' title='bbox 815 2685 1055 2738; x_wconf 72' lang='lat' dir='ltr'><strong>pauperes</strong></span> <span class='ocrx_word' id='word_1_389' title='bbox 1097 2665 1431 2738; x_wconf 33' lang='lat' dir='ltr'><strong>populirba,</strong></span> <span class='ocrx_word' id='word_1_390' title='bbox 1471 2666 1702 2738; x_wconf 87' lang='lat' dir='ltr'><strong>inquam,</strong></span> <span class='ocrx_word' id='word_1_391' title='bbox 1729 2664 1990 2738; x_wconf 70' lang='lat' dir='ltr'><strong>judicium</strong></span> 
     </span>
    </p>
   </div>
   <div class='ocr_carea' id='block_1_56' title="bbox 434 2735 1990 2807">
    <p class='ocr_par' dir='ltr' id='par_1_56' title="bbox 434 2735 1990 2807">
     <span class='ocr_line' id='line_1_56' title="bbox 434 2735 1990 2807; baseline 0.002 -20"><span class='ocrx_word' id='word_1_392' title='bbox 434 2737 560 2804; x_wconf 75' lang='lat' dir='ltr'><strong>regi,</strong></span> <span class='ocrx_word' id='word_1_393' title='bbox 585 2745 638 2787; x_wconf 90' lang='lat' dir='ltr'><strong>et</strong></span> <span class='ocrx_word' id='word_1_394' title='bbox 677 2735 1008 2802; x_wconf 49' lang='lat' dir='ltr'><strong>vere&#39;daliis;</strong></span> <span class='ocrx_word' id='word_1_395' title='bbox 1060 2740 1148 2807; x_wconf 91' lang='lat' dir='ltr'><strong>qui</strong></span> <span class='ocrx_word' id='word_1_396' title='bbox 1183 2753 1270 2791; x_wconf 81' lang='lat' dir='ltr'><strong>rex</strong></span> <span class='ocrx_word' id='word_1_397' title='bbox 1302 2736 1388 2789; x_wconf 91' lang='lat' dir='ltr'><strong>ille</strong></span> <span class='ocrx_word' id='word_1_398' title='bbox 1412 2737 1618 2787; x_wconf 90' lang='lat' dir='ltr'><strong>tandem</strong></span> <span class='ocrx_word' id='word_1_399' title='bbox 1638 2735 1906 2807; x_wconf 74' lang='lat' dir='ltr'><strong>judicabit,</strong></span> <span class='ocrx_word' id='word_1_400' title='bbox 1942 2739 1990 2791; x_wconf 87' lang='lat' dir='ltr'><strong>id</strong></span> 
     </span>
    </p>
   </div>
   <div class='ocr_carea' id='block_1_57' title="bbox 435 2804 1991 2872">
    <p class='ocr_par' dir='ltr' id='par_1_57' title="bbox 435 2804 1991 2872">
     <span class='ocr_line' id='line_1_57' title="bbox 435 2804 1991 2872; baseline 0.003 -16"><span class='ocrx_word' id='word_1_401' title='bbox 435 2817 535 2866; x_wconf 75' lang='lat' dir='ltr'><strong>est,</strong></span> <span class='ocrx_word' id='word_1_402' title='bbox 562 2807 829 2861; x_wconf 74' lang='lat' dir='ltr'><strong>discernet</strong></span> <span class='ocrx_word' id='word_1_403' title='bbox 848 2810 911 2860; x_wconf 90' lang='lat' dir='ltr'><strong>ad</strong></span> <span class='ocrx_word' id='word_1_404' title='bbox 961 2804 1152 2860; x_wconf 86' lang='lat' dir='ltr'><strong>bonum</strong></span> <span class='ocrx_word' id='word_1_405' title='bbox 1197 2821 1354 2860; x_wconf 89' lang='lat' dir='ltr'><strong>veros</strong></span> <span class='ocrx_word' id='word_1_406' title='bbox 1392 2820 1637 2872; x_wconf 83' lang='lat' dir='ltr'><strong>pauperes</strong></span> <span class='ocrx_word' id='word_1_407' title='bbox 1685 2804 1751 2857; x_wconf 88' lang='lat' dir='ltr'><strong>de</strong></span> <span class='ocrx_word' id='word_1_408' title='bbox 1798 2809 1991 2872; x_wconf 85' lang='lat' dir='ltr'><strong>popqu</strong></span> 
     </span>
    </p>
   </div>
   <div class='ocr_carea' id='block_1_58' title="bbox 440 2875 1991 2955">
    <p class='ocr_par' dir='ltr' id='par_1_58' title="bbox 440 2875 1991 2955">
     <span class='ocr_line' id='line_1_58' title="bbox 440 2875 1991 2955; baseline 0.003 -32"><span class='ocrx_word' id='word_1_409' title='bbox 440 2878 722 2954; x_wconf 39' lang='lat' dir='ltr'><strong>pr&#39;irnitivo,</strong></span> <span class='ocrx_word' id='word_1_410' title='bbox 750 2889 799 2929; x_wconf 89' lang='lat' dir='ltr'><strong>et</strong></span> <span class='ocrx_word' id='word_1_411' title='bbox 821 2880 939 2945; x_wconf 85' lang='lat' dir='ltr'><strong>quia</strong></span> <span class='ocrx_word' id='word_1_412' title='bbox 968 2880 1124 2955; x_wconf 79' lang='lat' dir='ltr'><strong>etiam</strong></span> <span class='ocrx_word' id='word_1_413' title='bbox 1145 2876 1405 2955; x_wconf 76' lang='lat' dir='ltr'><strong>judicabit</strong></span> <span class='ocrx_word' id='word_1_414' title='bbox 1444 2876 1631 2955; x_wconf 79' lang='lat' dir='ltr'><strong>malos,</strong></span> <span class='ocrx_word' id='word_1_415' title='bbox 1656 2875 1773 2927; x_wconf 89' lang='lat' dir='ltr'><strong>ideo</strong></span> <span class='ocrx_word' id='word_1_416' title='bbox 1792 2879 1991 2955; x_wconf 45' lang='lat' dir='ltr'><strong>.deter-</strong></span> 
     </span>
    </p>
   </div>
   <div class='ocr_carea' id='block_1_59' title="bbox 440 2945 1986 3013">
    <p class='ocr_par' dir='ltr' id='par_1_59' title="bbox 440 2945 1986 3013">
     <span class='ocr_line' id='line_1_59' title="bbox 440 2945 1986 3013; baseline 0.006 -22"><span class='ocrx_word' id='word_1_417' title='bbox 440 2945 603 2996; x_wconf 81' lang='lat' dir='ltr'><strong>minat</strong></span> <span class='ocrx_word' id='word_1_418' title='bbox 648 2950 913 3013; x_wconf 88' lang='lat' dir='ltr'><strong>quomodo</strong></span> <span class='ocrx_word' id='word_1_419' title='bbox 967 2948 1094 3000; x_wconf 83' lang='lat' dir='ltr'><strong>istos</strong></span> <span class='ocrx_word' id='word_1_420' title='bbox 1138 2945 1635 3013; x_wconf 80' lang='lat' dir='ltr'><strong>judicabit,dtcens</strong></span> <span class='ocrx_word' id='word_1_421' title='bbox 1669 2960 1682 2995; x_wconf 72' lang='grc' dir='ltr'><strong>ι</strong></span> <span class='ocrx_word' id='word_1_422' title='bbox 1715 2945 1838 3013; x_wconf 84' lang='lat' dir='ltr'><strong>quia</strong></span> <span class='ocrx_word' id='word_1_423' title='bbox 1885 2962 1986 3001; x_wconf 91' lang='lat' dir='ltr'><strong>non</strong></span> 
     </span>
    </p>
   </div>
   <div class='ocr_carea' id='block_1_60' title="bbox 436 3016 1986 3094">
    <p class='ocr_par' dir='ltr' id='par_1_60' title="bbox 436 3016 1986 3094">
     <span class='ocr_line' id='line_1_60' title="bbox 436 3016 1986 3094; baseline 0.005 -31"><span class='ocrx_word' id='word_1_424' title='bbox 436 3020 824 3094; x_wconf 67' lang='lat' dir='ltr'><strong>tantunrsalvos</strong></span> <span class='ocrx_word' id='word_1_425' title='bbox 846 3021 995 3086; x_wconf 84' lang='lat' dir='ltr'><strong>faciet</strong></span> <span class='ocrx_word' id='word_1_426' title='bbox 1026 3018 1140 3070; x_wconf 81' lang='lat' dir='ltr'><strong>illos</strong></span> <span class='ocrx_word' id='word_1_427' title='bbox 1171 3018 1372 3084; x_wconf 88' lang='lat' dir='ltr'><strong>priores</strong></span> <span class='ocrx_word' id='word_1_428' title='bbox 1397 3029 1682 3094; x_wconf 70' lang='lat' dir='ltr'><strong>pauperes,</strong></span> <span class='ocrx_word' id='word_1_429' title='bbox 1711 3016 1986 3094; x_wconf 71' lang='lat' dir='ltr'><strong>sedetiain</strong></span> 
     </span>
    </p>
   </div>
   <div class='ocr_carea' id='block_1_61' title="bbox 435 3084 1985 3153">
    <p class='ocr_par' dir='ltr' id='par_1_61' title="bbox 435 3084 1985 3153">
     <span class='ocr_line' id='line_1_61' title="bbox 435 3084 1985 3153; baseline 0.002 -18"><span class='ocrx_word' id='word_1_430' title='bbox 435 3085 592 3151; x_wconf 72' lang='lat' dir='ltr'><strong>ﬁlios,</strong></span> <span class='ocrx_word' id='word_1_431' title='bbox 640 3084 687 3136; x_wconf 90' lang='lat' dir='ltr'><strong>id</strong></span> <span class='ocrx_word' id='word_1_432' title='bbox 736 3084 853 3150; x_wconf 76' lang='lat' dir='ltr'><strong>eSt,</strong></span> <span class='ocrx_word' id='word_1_433' title='bbox 883 3102 1222 3153; x_wconf 87' lang='lat' dir='ltr'><strong>quoscunque</strong></span> <span class='ocrx_word' id='word_1_434' title='bbox 1254 3100 1406 3139; x_wconf 84' lang='lat' dir='ltr'><strong>veros</strong></span> <span class='ocrx_word' id='word_1_435' title='bbox 1450 3084 1739 3137; x_wconf 70' lang='lat' dir='ltr'><strong>itni&#39;atores</strong></span> <span class='ocrx_word' id='word_1_436' title='bbox 1782 3085 1985 3138; x_wconf 89' lang='lat' dir='ltr'><strong>illorum</strong></span> 
     </span>
    </p>
   </div>
   <div class='ocr_carea' id='block_1_62' title="bbox 438 3153 2067 3237">
    <p class='ocr_par' dir='ltr' id='par_1_62' title="bbox 438 3153 2067 3237">
     <span class='ocr_line' id='line_1_62' title="bbox 438 3153 2067 3237; baseline -0.004 -22"><span class='ocrx_word' id='word_1_437' title='bbox 438 3171 701 3237; x_wconf 60' lang='lat' dir='ltr'><strong>Pafltteres,</strong></span> <span class='ocrx_word' id='word_1_438' title='bbox 738 3156 891 3210; x_wconf 80' lang='lat' dir='ltr'><strong>faciet</strong></span> <span class='ocrx_word' id='word_1_439' title='bbox 921 3159 1094 3237; x_wconf 75' lang='lat' dir='ltr'><strong>salvos</strong></span> <span class='ocrx_word' id='word_1_440' title='bbox 1116 3156 1455 3237; x_wconf 60' lang='lat' dir='ltr'><strong>aeternaliter,</strong></span> <span class='ocrx_word' id='word_1_441' title='bbox 1489 3165 1534 3207; x_wconf 90' lang='lat' dir='ltr'><strong>et</strong></span> <span class='ocrx_word' id='word_1_442' title='bbox 1562 3153 1678 3237; x_wconf 76' lang='lat' dir='ltr'><strong>ideo</strong></span> <span class='ocrx_word' id='word_1_443' title='bbox 1708 3153 1987 3237; x_wconf 64' lang='lat' dir='ltr'><strong>Ituqtiliabil</strong></span> <span class='ocrx_word' id='word_1_444' title='bbox 2022 3175 2067 3237; x_wconf 71' lang='grc' dir='ltr'>ο</span> 
     </span>
    </p>
   </div>
   <div class='ocr_carea' id='block_1_63' title="bbox 433 3222 1992 3291">
    <p class='ocr_par' dir='ltr' id='par_1_63' title="bbox 433 3222 1992 3291">
     <span class='ocr_line' id='line_1_63' title="bbox 433 3222 1992 3291; baseline 0 -16"><span class='ocrx_word' id='word_1_445' title='bbox 433 3225 867 3280; x_wconf 76' lang='lat' dir='ltr'><strong>calumniator-cm.</strong></span> <span class='ocrx_word' id='word_1_446' title='bbox 906 3227 1347 3280; x_wconf 87' lang='lat' dir='ltr'><strong>Calumniatorem</strong></span> <span class='ocrx_word' id='word_1_447' title='bbox 1381 3234 1532 3276; x_wconf 80' lang='lat' dir='ltr'><strong>vocat</strong></span> <span class='ocrx_word' id='word_1_448' title='bbox 1582 3223 1665 3276; x_wconf 89' lang='lat' dir='ltr'><strong>hic</strong></span> <span class='ocrx_word' id='word_1_449' title='bbox 1705 3222 1992 3291; x_wconf 89' lang='lat' dir='ltr'><strong>diabolum,</strong></span> 
     </span>
    </p>
   </div>
   <div class='ocr_carea' id='block_1_64' title="bbox 435 3293 1997 3365">
    <p class='ocr_par' dir='ltr' id='par_1_64' title="bbox 435 3293 1997 3365">
     <span class='ocr_line' id='line_1_64' title="bbox 435 3293 1997 3365; baseline 0.004 -24"><span class='ocrx_word' id='word_1_450' title='bbox 435 3298 525 3358; x_wconf 86' lang='lat' dir='ltr'><strong>qui</strong></span> <span class='ocrx_word' id='word_1_451' title='bbox 568 3293 918 3349; x_wconf 84' lang='lat' dir='ltr'><strong>fraudulentia</strong></span> <span class='ocrx_word' id='word_1_452' title='bbox 960 3307 1012 3349; x_wconf 84' lang='lat' dir='ltr'><strong>et</strong></span> <span class='ocrx_word' id='word_1_453' title='bbox 1039 3297 1269 3365; x_wconf 86' lang='lat' dir='ltr'><strong>nequitia</strong></span> <span class='ocrx_word' id='word_1_454' title='bbox 1301 3309 1394 3365; x_wconf 84' lang='lat' dir='ltr'><strong>sua</strong></span> <span class='ocrx_word' id='word_1_455' title='bbox 1423 3296 1837 3365; x_wconf 78' lang='lat' dir='ltr'><strong>nititursempcr</strong></span> <span class='ocrx_word' id='word_1_456' title='bbox 1865 3311 1997 3349; x_wconf 91' lang='lat' dir='ltr'><strong>con-</strong></span> 
     </span>
    </p>
   </div>
   <div class='ocr_carea' id='block_1_65' title="bbox 436 3363 1999 3430">
    <p class='ocr_par' dir='ltr' id='par_1_65' title="bbox 436 3363 1999 3430">
     <span class='ocr_line' id='line_1_65' title="bbox 436 3363 1999 3430; baseline 0.004 -17"><span class='ocrx_word' id='word_1_457' title='bbox 436 3364 682 3430; x_wconf 85' lang='lat' dir='ltr'><strong>fringere,</strong></span> <span class='ocrx_word' id='word_1_458' title='bbox 715 3367 851 3420; x_wconf 91' lang='lat' dir='ltr'><strong>unde</strong></span> <span class='ocrx_word' id='word_1_459' title='bbox 875 3368 1062 3420; x_wconf 80' lang='lat' dir='ltr'><strong>fratres</strong></span> <span class='ocrx_word' id='word_1_460' title='bbox 1085 3363 1316 3420; x_wconf 85' lang='lat' dir='ltr'><strong>accuset.</strong></span> <span class='ocrx_word' id='word_1_461' title='bbox 1353 3364 1502 3418; x_wconf 88' lang='lat' dir='ltr'><strong>Unde</strong></span> <span class='ocrx_word' id='word_1_462' title='bbox 1549 3363 1673 3416; x_wconf 86' lang='lat' dir='ltr'><strong>alibi</strong></span> <span class='ocrx_word' id='word_1_463' title='bbox 1697 3365 1890 3419; x_wconf 90' lang='lat' dir='ltr'><strong>dicitur</strong></span> <span class='ocrx_word' id='word_1_464' title='bbox 1910 3382 1999 3419; x_wconf 91' lang='lat' dir='ltr'><strong>ae-</strong></span> 
     </span>
    </p>
   </div>
   <div class='ocr_carea' id='block_1_66' title="bbox 438 3434 1995 3502">
    <p class='ocr_par' dir='ltr' id='par_1_66' title="bbox 438 3434 1995 3502">
     <span class='ocr_line' id='line_1_66' title="bbox 438 3434 1995 3502; baseline 0.006 -21"><span class='ocrx_word' id='word_1_465' title='bbox 438 3442 650 3485; x_wconf 77' lang='lat' dir='ltr'><strong>(:ttsatt-r</strong></span> <span class='ocrx_word' id='word_1_466' title='bbox 673 3435 917 3497; x_wconf 81' lang='lat' dir='ltr'><strong>fratrum,</strong></span> <span class='ocrx_word' id='word_1_467' title='bbox 938 3448 987 3489; x_wconf 78' lang='grc' dir='ltr'><strong>ιιι</strong></span> <span class='ocrx_word' id='word_1_468' title='bbox 1014 3438 1100 3502; x_wconf 85' lang='lat' dir='ltr'><strong>qui</strong></span> <span class='ocrx_word' id='word_1_469' title='bbox 1128 3437 1355 3489; x_wconf 79' lang='lat' dir='ltr'><strong>maxime</strong></span> <span class='ocrx_word' id='word_1_470' title='bbox 1375 3434 1518 3488; x_wconf 89' lang='lat' dir='ltr'><strong>dolet</strong></span> <span class='ocrx_word' id='word_1_471' title='bbox 1535 3448 1745 3487; x_wconf 89' lang='lat' dir='ltr'><strong>causam</strong></span> <span class='ocrx_word' id='word_1_472' title='bbox 1764 3446 1995 3490; x_wconf 88' lang='lat' dir='ltr'><strong>nostram</strong></span> 
     </span>
    </p>
   </div>
   <div class='ocr_carea' id='block_1_67' title="bbox 432 3504 1994 3572">
    <p class='ocr_par' dir='ltr' id='par_1_67' title="bbox 432 3504 1994 3572">
     <span class='ocr_line' id='line_1_67' title="bbox 432 3504 1994 3572; baseline 0.003 -21"><span class='ocrx_word' id='word_1_473' title='bbox 432 3515 551 3572; x_wconf 82' lang='lat' dir='ltr'><strong>esse</strong></span> <span class='ocrx_word' id='word_1_474' title='bbox 580 3505 714 3567; x_wconf 89' lang='lat' dir='ltr'><strong>apud</strong></span> <span class='ocrx_word' id='word_1_475' title='bbox 737 3506 965 3572; x_wconf 85' lang='lat' dir='ltr'><strong>judicent</strong></span> <span class='ocrx_word' id='word_1_476' title='bbox 1013 3515 1117 3559; x_wconf 91' lang='lat' dir='ltr'><strong>tam</strong></span> <span class='ocrx_word' id='word_1_477' title='bbox 1166 3504 1440 3572; x_wconf 83' lang='lat' dir='ltr'><strong>providum</strong></span> <span class='ocrx_word' id='word_1_478' title='bbox 1487 3515 1645 3572; x_wconf 89' lang='lat' dir='ltr'><strong>atque</strong></span> <span class='ocrx_word' id='word_1_479' title='bbox 1692 3509 1994 3572; x_wconf 89' lang='lat' dir='ltr'><strong>lenignum.</strong></span> 
     </span>
    </p>
   </div>
   <div class='ocr_carea' id='block_1_68' title="bbox 435 3570 1994 3641">
    <p class='ocr_par' dir='ltr' id='par_1_68' title="bbox 435 3570 1994 3641">
     <span class='ocr_line' id='line_1_68' title="bbox 435 3570 1994 3641; baseline 0.004 -18"><span class='ocrx_word' id='word_1_480' title='bbox 435 3570 531 3636; x_wconf 86' lang='lat' dir='ltr'><strong>Qui</strong></span> <span class='ocrx_word' id='word_1_481' title='bbox 582 3587 707 3627; x_wconf 86' lang='lat' dir='ltr'><strong>vere</strong></span> <span class='ocrx_word' id='word_1_482' title='bbox 740 3570 877 3628; x_wconf 74' lang='lat' dir='ltr'><strong>tunc</strong></span> <span class='ocrx_word' id='word_1_483' title='bbox 922 3570 1305 3638; x_wconf 80' lang='lat' dir='ltr'><strong>humiliabitur,</strong></span> <span class='ocrx_word' id='word_1_484' title='bbox 1336 3574 1457 3641; x_wconf 87' lang='lat' dir='ltr'><strong>quia</strong></span> <span class='ocrx_word' id='word_1_485' title='bbox 1506 3570 1752 3637; x_wconf 73' lang='lat' dir='ltr'><strong>absorpta</strong></span> <span class='ocrx_word' id='word_1_486' title='bbox 1803 3570 1994 3639; x_wconf 82' lang='lat' dir='ltr'><strong>morte,</strong></span> 
     </span>
    </p>
   </div>
   <div class='ocr_carea' id='block_1_69' title="bbox 430 3643 1997 3714">
    <p class='ocr_par' dir='ltr' id='par_1_69' title="bbox 430 3643 1997 3714">
     <span class='ocr_line' id='line_1_69' title="bbox 430 3643 1997 3714; baseline 0.007 -26"><span class='ocrx_word' id='word_1_487' title='bbox 430 3643 639 3706; x_wconf 89' lang='lat' dir='ltr'><strong>quando</strong></span> <span class='ocrx_word' id='word_1_488' title='bbox 666 3644 890 3708; x_wconf 91' lang='lat' dir='ltr'><strong>amplius</strong></span> <span class='ocrx_word' id='word_1_489' title='bbox 917 3658 1131 3714; x_wconf 88' lang='lat' dir='ltr'><strong>peccato</strong></span> <span class='ocrx_word' id='word_1_490' title='bbox 1157 3661 1259 3697; x_wconf 89' lang='lat' dir='ltr'><strong>non</strong></span> <span class='ocrx_word' id='word_1_491' title='bbox 1287 3644 1389 3697; x_wconf 88' lang='lat' dir='ltr'><strong>erit</strong></span> <span class='ocrx_word' id='word_1_492' title='bbox 1435 3645 1603 3709; x_wconf 88' lang='lat' dir='ltr'><strong>locus,</strong></span> <span class='ocrx_word' id='word_1_493' title='bbox 1634 3655 1756 3697; x_wconf 87' lang='lat' dir='ltr'><strong>tunc</strong></span> <span class='ocrx_word' id='word_1_494' title='bbox 1805 3646 1997 3712; x_wconf 88' lang='lat' dir='ltr'><strong>peribit</strong></span> 
     </span>
    </p>
   </div>
   <div class='ocr_carea' id='block_1_70' title="bbox 426 3714 826 3783">
    <p class='ocr_par' dir='ltr' id='par_1_70' title="bbox 426 3714 826 3783">
     <span class='ocr_line' id='line_1_70' title="bbox 426 3714 826 3783; baseline 0.02 -24"><span class='ocrx_word' id='word_1_495' title='bbox 426 3719 658 3783; x_wconf 69' lang='lat' dir='ltr'><strong>potestas</strong></span> <span class='ocrx_word' id='word_1_496' title='bbox 690 3714 826 3783; x_wconf 89' lang='lat' dir='ltr'><strong>ejus.</strong></span> 
     </span>
    </p>
   </div>
   <div class='ocr_carea' id='block_1_71' title="bbox 504 3780 1996 3851">
    <p class='ocr_par' dir='ltr' id='par_1_71' title="bbox 504 3780 1996 3851">
     <span class='ocr_line' id='line_1_71' title="bbox 504 3780 1996 3851; baseline 0.004 -21"><span class='ocrx_word' id='word_1_497' title='bbox 504 3780 565 3831; x_wconf 83' lang='lat' dir='ltr'><strong>Et</strong></span> <span class='ocrx_word' id='word_1_498' title='bbox 590 3780 893 3844; x_wconf 75' lang='lat' dir='ltr'><strong>permanebit</strong></span> <span class='ocrx_word' id='word_1_499' title='bbox 916 3800 1030 3837; x_wconf 88' lang='lat' dir='ltr'><strong>cum</strong></span> <span class='ocrx_word' id='word_1_500' title='bbox 1055 3784 1178 3837; x_wconf 72' lang='lat' dir='ltr'><strong>sole.</strong></span> <span class='ocrx_word' id='word_1_501' title='bbox 1227 3782 1289 3835; x_wconf 86' lang='lat' dir='ltr'><em>Et</em></span> <span class='ocrx_word' id='word_1_502' title='bbox 1318 3781 1621 3848; x_wconf 82' lang='lat' dir='ltr'><strong>Itumiliabit,</strong></span> <span class='ocrx_word' id='word_1_503' title='bbox 1653 3783 1884 3851; x_wconf 89' lang='lat' dir='ltr'><strong>inquam,</strong></span> <span class='ocrx_word' id='word_1_504' title='bbox 1911 3801 1996 3836; x_wconf 80' lang='lat' dir='ltr'><strong>ca-</strong></span> 
     </span>
    </p>
   </div>
   <div class='ocr_carea' id='block_1_72' title="bbox 432 3850 1991 3919">
    <p class='ocr_par' dir='ltr' id='par_1_72' title="bbox 432 3850 1991 3919">
     <span class='ocr_line' id='line_1_72' title="bbox 432 3850 1991 3919; baseline 0.004 -18"><span class='ocrx_word' id='word_1_505' title='bbox 432 3850 805 3914; x_wconf 82' lang='lat' dir='ltr'><strong>lumniatorem,</strong></span> <span class='ocrx_word' id='word_1_506' title='bbox 830 3869 882 3907; x_wconf 87' lang='lat' dir='ltr'><strong>et</strong></span> <span class='ocrx_word' id='word_1_507' title='bbox 912 3856 1000 3908; x_wconf 88' lang='lat' dir='ltr'><strong>illo</strong></span> <span class='ocrx_word' id='word_1_508' title='bbox 1032 3854 1308 3907; x_wconf 87' lang='lat' dir='ltr'><strong>humiliato</strong></span> <span class='ocrx_word' id='word_1_509' title='bbox 1334 3868 1452 3906; x_wconf 90' lang='lat' dir='ltr'><strong>cum</strong></span> <span class='ocrx_word' id='word_1_510' title='bbox 1479 3850 1750 3905; x_wconf 79' lang='lat' dir='ltr'><strong>tradiderit</strong></span> <span class='ocrx_word' id='word_1_511' title='bbox 1775 3870 1991 3919; x_wconf 84' lang='lat' dir='ltr'><strong>regnum</strong></span> 
     </span>
    </p>
   </div>
   <div class='ocr_carea' id='block_1_73' title="bbox 435 3920 1989 3992">
    <p class='ocr_par' dir='ltr' id='par_1_73' title="bbox 435 3920 1989 3992">
     <span class='ocr_line' id='line_1_73' title="bbox 435 3920 1989 3992; baseline 0.004 -21"><span class='ocrx_word' id='word_1_512' title='bbox 435 3920 542 3973; x_wconf 85' lang='lat' dir='ltr'><strong>Deo</strong></span> <span class='ocrx_word' id='word_1_513' title='bbox 571 3930 624 3972; x_wconf 90' lang='lat' dir='ltr'><strong>et</strong></span> <span class='ocrx_word' id='word_1_514' title='bbox 652 3922 813 3987; x_wconf 82' lang='lat' dir='ltr'><strong>Patri,</strong></span> <span class='ocrx_word' id='word_1_515' title='bbox 850 3935 973 3977; x_wconf 90' lang='lat' dir='ltr'><strong>tunc</strong></span> <span class='ocrx_word' id='word_1_516' title='bbox 1002 3923 1308 3992; x_wconf 85' lang='lat' dir='ltr'><strong>permanebit</strong></span> <span class='ocrx_word' id='word_1_517' title='bbox 1337 3923 1659 3978; x_wconf 64' lang='lat' dir='ltr'><strong>eternaliter</strong></span> <span class='ocrx_word' id='word_1_518' title='bbox 1707 3939 1821 3975; x_wconf 88' lang='lat' dir='ltr'><strong>cum</strong></span> <span class='ocrx_word' id='word_1_519' title='bbox 1869 3927 1989 3989; x_wconf 70' lang='lat' dir='ltr'><strong>sole,</strong></span> 
     </span>
    </p>
   </div>
   <div class='ocr_carea' id='block_1_74' title="bbox 429 3992 1993 4060">
    <p class='ocr_par' dir='ltr' id='par_1_74' title="bbox 429 3992 1993 4060">
     <span class='ocr_line' id='line_1_74' title="bbox 429 3992 1993 4060; baseline 0.003 -21"><span class='ocrx_word' id='word_1_520' title='bbox 429 3992 478 4039; x_wconf 89' lang='lat' dir='ltr'><strong>id</strong></span> <span class='ocrx_word' id='word_1_521' title='bbox 512 4002 612 4050; x_wconf 85' lang='lat' dir='ltr'><strong>est,</strong></span> <span class='ocrx_word' id='word_1_522' title='bbox 647 4008 765 4045; x_wconf 89' lang='lat' dir='ltr'><strong>cum</strong></span> <span class='ocrx_word' id='word_1_523' title='bbox 796 4003 1010 4060; x_wconf 84' lang='lat' dir='ltr'><strong>paterna</strong></span> <span class='ocrx_word' id='word_1_524' title='bbox 1040 3997 1306 4055; x_wconf 85' lang='lat' dir='ltr'><strong>claritate;</strong></span> <span class='ocrx_word' id='word_1_525' title='bbox 1340 4004 1385 4045; x_wconf 87' lang='lat' dir='ltr'><strong>et</strong></span> <span class='ocrx_word' id='word_1_526' title='bbox 1416 3994 1738 4058; x_wconf 85' lang='lat' dir='ltr'><strong>permanebit</strong></span> <span class='ocrx_word' id='word_1_527' title='bbox 1768 4005 1884 4044; x_wconf 88' lang='lat' dir='ltr'><strong>ante</strong></span> <span class='ocrx_word' id='word_1_528' title='bbox 1914 3998 1993 4046; x_wconf 85' lang='lat' dir='ltr'><strong>lu-</strong></span> 
     </span>
    </p>
   </div>
   <div class='ocr_carea' id='block_1_75' title="bbox 428 4060 1989 4127">
    <p class='ocr_par' dir='ltr' id='par_1_75' title="bbox 428 4060 1989 4127">
     <span class='ocr_line' id='line_1_75' title="bbox 428 4060 1989 4127; baseline 0.005 -19"><span class='ocrx_word' id='word_1_529' title='bbox 428 4074 564 4119; x_wconf 86' lang='lat' dir='ltr'><strong>nam,</strong></span> <span class='ocrx_word' id='word_1_530' title='bbox 592 4060 640 4111; x_wconf 91' lang='lat' dir='ltr'><strong>id</strong></span> <span class='ocrx_word' id='word_1_531' title='bbox 670 4072 772 4120; x_wconf 85' lang='lat' dir='ltr'><strong>est,</strong></span> <span class='ocrx_word' id='word_1_532' title='bbox 800 4066 848 4113; x_wconf 87' lang='lat' dir='ltr'><strong>in</strong></span> <span class='ocrx_word' id='word_1_533' title='bbox 879 4072 1160 4127; x_wconf 84' lang='lat' dir='ltr'><strong>conspectu</strong></span> <span class='ocrx_word' id='word_1_534' title='bbox 1188 4064 1439 4116; x_wconf 74' lang='lat' dir='ltr'><strong>Ecclesia:</strong></span> <span class='ocrx_word' id='word_1_535' title='bbox 1458 4102 1472 4125; x_wconf 95' lang='lat'><strong>,</strong></span> <span class='ocrx_word' id='word_1_536' title='bbox 1501 4071 1556 4114; x_wconf 91' lang='lat' dir='ltr'><strong>ut</strong></span> <span class='ocrx_word' id='word_1_537' title='bbox 1583 4064 1705 4116; x_wconf 91' lang='lat' dir='ltr'><strong>inde</strong></span> <span class='ocrx_word' id='word_1_538' title='bbox 1756 4063 1989 4117; x_wconf 82' lang='lat' dir='ltr'><strong>Ecclesia</strong></span> 
     </span>
    </p>
   </div>
   <div class='ocr_carea' id='block_1_76' title="bbox 428 4128 1991 4200">
    <p class='ocr_par' dir='ltr' id='par_1_76' title="bbox 428 4128 1991 4200">
     <span class='ocr_line' id='line_1_76' title="bbox 428 4128 1991 4200; baseline 0.006 -23"><span class='ocrx_word' id='word_1_539' title='bbox 428 4144 485 4200; x_wconf 77' lang='lat' dir='ltr'><strong>se</strong></span> <span class='ocrx_word' id='word_1_540' title='bbox 518 4128 719 4200; x_wconf 69' lang='lat' dir='ltr'><strong>reficiat</strong></span> <span class='ocrx_word' id='word_1_541' title='bbox 751 4130 876 4192; x_wconf 90' lang='lat' dir='ltr'><strong>illic,</strong></span> <span class='ocrx_word' id='word_1_542' title='bbox 909 4134 1045 4184; x_wconf 89' lang='lat' dir='ltr'><strong>unde</strong></span> <span class='ocrx_word' id='word_1_543' title='bbox 1075 4134 1158 4184; x_wconf 85' lang='lat' dir='ltr'><strong>hic</strong></span> <span class='ocrx_word' id='word_1_544' title='bbox 1188 4134 1415 4185; x_wconf 85' lang='lat' dir='ltr'><strong>lucebat.</strong></span> <span class='ocrx_word' id='word_1_545' title='bbox 1466 4131 1665 4183; x_wconf 81' lang='lat' dir='ltr'><strong>Lunam</strong></span> <span class='ocrx_word' id='word_1_546' title='bbox 1716 4146 1991 4200; x_wconf 85' lang='lat' dir='ltr'><strong>comparat</strong></span> 
     </span>
    </p>
   </div>
   <div class='ocr_carea' id='block_1_77' title="bbox 434 4198 1987 4268">
    <p class='ocr_par' dir='ltr' id='par_1_77' title="bbox 434 4198 1987 4268">
     <span class='ocr_line' id='line_1_77' title="bbox 434 4198 1987 4268; baseline 0.004 -21"><span class='ocrx_word' id='word_1_547' title='bbox 434 4199 517 4247; x_wconf 82' lang='lat' dir='ltr'><strong>hic</strong></span> <span class='ocrx_word' id='word_1_548' title='bbox 548 4198 818 4261; x_wconf 69' lang='lat' dir='ltr'><strong>Ecclesiae,</strong></span> <span class='ocrx_word' id='word_1_549' title='bbox 847 4204 963 4268; x_wconf 72' lang='lat' dir='ltr'><strong>quia</strong></span> <span class='ocrx_word' id='word_1_550' title='bbox 994 4204 1130 4255; x_wconf 83' lang='lat' dir='ltr'><strong>sicut</strong></span> <span class='ocrx_word' id='word_1_551' title='bbox 1159 4202 1278 4253; x_wconf 88' lang='lat' dir='ltr'><strong>luna</strong></span> <span class='ocrx_word' id='word_1_552' title='bbox 1327 4217 1427 4253; x_wconf 90' lang='lat' dir='ltr'><strong>non</strong></span> <span class='ocrx_word' id='word_1_553' title='bbox 1457 4200 1614 4253; x_wconf 87' lang='lat' dir='ltr'><strong>habet</strong></span> <span class='ocrx_word' id='word_1_554' title='bbox 1645 4203 1817 4255; x_wconf 88' lang='lat' dir='ltr'><strong>lmnen</strong></span> <span class='ocrx_word' id='word_1_555' title='bbox 1842 4198 1877 4253; x_wconf 60' lang='grc' dir='ltr'><strong>ιι</strong></span> <span class='ocrx_word' id='word_1_556' title='bbox 1907 4220 1987 4265; x_wconf 76' lang='lat' dir='ltr'><strong>Sc,</strong></span> 
     </span>
    </p>
   </div>
   <div class='ocr_carea' id='block_1_78' title="bbox 428 4269 1986 4335">
    <p class='ocr_par' dir='ltr' id='par_1_78' title="bbox 428 4269 1986 4335">
     <span class='ocr_line' id='line_1_78' title="bbox 428 4269 1986 4335; baseline 0.004 -18"><span class='ocrx_word' id='word_1_557' title='bbox 428 4270 518 4317; x_wconf 88' lang='lat' dir='ltr'><strong>sed</strong></span> <span class='ocrx_word' id='word_1_558' title='bbox 551 4269 736 4335; x_wconf 85' lang='lat' dir='ltr'><strong>recipit</strong></span> <span class='ocrx_word' id='word_1_559' title='bbox 761 4270 884 4321; x_wconf 89' lang='lat' dir='ltr'><strong>illud</strong></span> <span class='ocrx_word' id='word_1_560' title='bbox 913 4286 940 4321; x_wconf 90' lang='lat' dir='ltr'><strong>a</strong></span> <span class='ocrx_word' id='word_1_561' title='bbox 968 4273 1110 4323; x_wconf 90' lang='lat' dir='ltr'><strong>sole:</strong></span> <span class='ocrx_word' id='word_1_562' title='bbox 1145 4273 1209 4322; x_wconf 88' lang='lat' dir='ltr'><strong>ita</strong></span> <span class='ocrx_word' id='word_1_563' title='bbox 1234 4273 1461 4324; x_wconf 74' lang='lat' dir='ltr'><strong>Ecclesra</strong></span> <span class='ocrx_word' id='word_1_564' title='bbox 1488 4272 1655 4322; x_wconf 88' lang='lat' dir='ltr'><strong>lucem</strong></span> <span class='ocrx_word' id='word_1_565' title='bbox 1679 4286 1780 4323; x_wconf 90' lang='lat' dir='ltr'><strong>non</strong></span> <span class='ocrx_word' id='word_1_566' title='bbox 1808 4272 1986 4335; x_wconf 83' lang='lat' dir='ltr'><strong>habet,</strong></span> 
     </span>
    </p>
   </div>
   <div class='ocr_carea' id='block_1_79' title="bbox 428 4338 1987 4407">
    <p class='ocr_par' dir='ltr' id='par_1_79' title="bbox 428 4338 1987 4407">
     <span class='ocr_line' id='line_1_79' title="bbox 428 4338 1987 4407; baseline 0.006 -22"><span class='ocrx_word' id='word_1_567' title='bbox 428 4338 525 4387; x_wconf 80' lang='lat' dir='ltr'><strong>nisi</strong></span> <span class='ocrx_word' id='word_1_568' title='bbox 554 4338 771 4404; x_wconf 87' lang='lat' dir='ltr'><strong>recipiat</strong></span> <span class='ocrx_word' id='word_1_569' title='bbox 797 4355 911 4392; x_wconf 88' lang='lat' dir='ltr'><strong>eam</strong></span> <span class='ocrx_word' id='word_1_570' title='bbox 936 4341 1001 4393; x_wconf 87' lang='lat' dir='ltr'><strong>ab</strong></span> <span class='ocrx_word' id='word_1_571' title='bbox 1020 4343 1109 4393; x_wconf 91' lang='lat' dir='ltr'><strong>illo</strong></span> <span class='ocrx_word' id='word_1_572' title='bbox 1133 4341 1221 4407; x_wconf 92' lang='lat' dir='ltr'><strong>qui</strong></span> <span class='ocrx_word' id='word_1_573' title='bbox 1247 4342 1499 4393; x_wconf 86' lang='lat' dir='ltr'><strong>illuminat</strong></span> <span class='ocrx_word' id='word_1_574' title='bbox 1516 4356 1712 4393; x_wconf 70' lang='lat' dir='ltr'><strong>omnem</strong></span> <span class='ocrx_word' id='word_1_575' title='bbox 1740 4342 1987 4395; x_wconf 86' lang='lat' dir='ltr'><strong>hominem</strong></span> 
     </span>
    </p>
   </div>
   <div class='ocr_carea' id='block_1_80' title="bbox 424 4408 1988 4477">
    <p class='ocr_par' dir='ltr' id='par_1_80' title="bbox 424 4408 1988 4477">
     <span class='ocr_line' id='line_1_80' title="bbox 424 4408 1988 4477; baseline 0.006 -21"><span class='ocrx_word' id='word_1_576' title='bbox 424 4408 697 4459; x_wconf 64' lang='lat' dir='ltr'><strong>venientem</strong></span> <span class='ocrx_word' id='word_1_577' title='bbox 722 4409 768 4460; x_wconf 88' lang='lat' dir='ltr'><strong>in</strong></span> <span class='ocrx_word' id='word_1_578' title='bbox 800 4409 932 4462; x_wconf 78' lang='lat' dir='ltr'><strong>hunc</strong></span> <span class='ocrx_word' id='word_1_579' title='bbox 953 4413 1211 4463; x_wconf 87' lang='lat' dir='ltr'><strong>nmndum.</strong></span> <span class='ocrx_word' id='word_1_580' title='bbox 1238 4416 1364 4463; x_wconf 80' lang='lat' dir='ltr'><strong>Ante</strong></span> <span class='ocrx_word' id='word_1_581' title='bbox 1391 4411 1562 4461; x_wconf 88' lang='lat' dir='ltr'><strong>lunam</strong></span> <span class='ocrx_word' id='word_1_582' title='bbox 1610 4410 1728 4461; x_wconf 91' lang='lat' dir='ltr'><strong>dico</strong></span> <span class='ocrx_word' id='word_1_583' title='bbox 1766 4428 1988 4477; x_wconf 85' lang='lat' dir='ltr'><strong>genera—</strong></span> 
     </span>
    </p>
   </div>
   <div class='ocr_carea' id='block_1_81' title="bbox 429 4478 1986 4549">
    <p class='ocr_par' dir='ltr' id='par_1_81' title="bbox 429 4478 1986 4549">
     <span class='ocr_line' id='line_1_81' title="bbox 429 4478 1986 4549; baseline 0.005 -24"><span class='ocrx_word' id='word_1_584' title='bbox 429 4478 584 4549; x_wconf 82' lang='lat' dir='ltr'><strong>tionis</strong></span> <span class='ocrx_word' id='word_1_585' title='bbox 607 4484 1027 4545; x_wconf 81' lang='lat' dir='ltr'><strong>genetationum,</strong></span> <span class='ocrx_word' id='word_1_586' title='bbox 1054 4481 1101 4533; x_wconf 90' lang='lat' dir='ltr'><strong>id</strong></span> <span class='ocrx_word' id='word_1_587' title='bbox 1133 4490 1233 4543; x_wconf 84' lang='lat' dir='ltr'><strong>est,</strong></span> <span class='ocrx_word' id='word_1_588' title='bbox 1261 4496 1380 4549; x_wconf 75' lang='lat' dir='ltr'><strong>qum</strong></span> <span class='ocrx_word' id='word_1_589' title='bbox 1408 4482 1509 4533; x_wconf 90' lang='lat' dir='ltr'><strong>erit</strong></span> <span class='ocrx_word' id='word_1_590' title='bbox 1529 4481 1799 4547; x_wconf 80' lang='lat' dir='ltr'><strong>generatio</strong></span> <span class='ocrx_word' id='word_1_591' title='bbox 1839 4497 1986 4533; x_wconf 87' lang='lat' dir='ltr'><strong>com-</strong></span> 
     </span>
    </p>
   </div>
   <div class='ocr_carea' id='block_1_82' title="bbox 430 4548 1980 4616">
    <p class='ocr_par' dir='ltr' id='par_1_82' title="bbox 430 4548 1980 4616">
     <span class='ocr_line' id='line_1_82' title="bbox 430 4548 1980 4616; baseline 0.006 -23"><span class='ocrx_word' id='word_1_592' title='bbox 430 4548 596 4610; x_wconf 83' lang='lat' dir='ltr'><strong>posita</strong></span> <span class='ocrx_word' id='word_1_593' title='bbox 650 4564 711 4600; x_wconf 83' lang='lat' dir='ltr'><strong>ex</strong></span> <span class='ocrx_word' id='word_1_594' title='bbox 759 4553 1002 4603; x_wconf 78' lang='lat' dir='ltr'><strong>onmibus</strong></span> <span class='ocrx_word' id='word_1_595' title='bbox 1048 4548 1511 4616; x_wconf 71' lang='lat' dir='ltr'><strong>generatirtnibus,</strong></span> <span class='ocrx_word' id='word_1_596' title='bbox 1547 4553 1643 4601; x_wconf 87' lang='lat' dir='ltr'><strong>hoc</strong></span> <span class='ocrx_word' id='word_1_597' title='bbox 1693 4552 1980 4603; x_wconf 87' lang='lat' dir='ltr'><strong>secundum</strong></span> 
     </span>
    </p>
   </div>
   <div class='ocr_carea' id='block_1_83' title="bbox 422 4619 1981 4689">
    <p class='ocr_par' dir='ltr' id='par_1_83' title="bbox 422 4619 1981 4689">
     <span class='ocr_line' id='line_1_83' title="bbox 422 4619 1981 4689; baseline 0.006 -24"><span class='ocrx_word' id='word_1_598' title='bbox 422 4619 699 4679; x_wconf 85' lang='lat' dir='ltr'><strong>quamdam</strong></span> <span class='ocrx_word' id='word_1_599' title='bbox 733 4622 1150 4683; x_wconf 56' lang='lat' dir='ltr'><strong>translatonem,</strong></span> <span class='ocrx_word' id='word_1_600' title='bbox 1168 4621 1310 4685; x_wconf 78' lang='lat' dir='ltr'><strong>juxta</strong></span> <span class='ocrx_word' id='word_1_601' title='bbox 1338 4623 1492 4673; x_wconf 88' lang='lat' dir='ltr'><strong>aliam</strong></span> <span class='ocrx_word' id='word_1_602' title='bbox 1516 4635 1642 4670; x_wconf 86' lang='lat' dir='ltr'><strong>vero</strong></span> <span class='ocrx_word' id='word_1_603' title='bbox 1663 4622 1981 4689; x_wconf 87' lang='lat' dir='ltr'><strong>dices,quod</strong></span> 
     </span>
    </p>
   </div>
   <div class='ocr_carea' id='block_1_84' title="bbox 426 4690 1985 4759">
    <p class='ocr_par' dir='ltr' id='par_1_84' title="bbox 426 4690 1985 4759">
     <span class='ocr_line' id='line_1_84' title="bbox 426 4690 1985 4759; baseline 0.008 -27"><span class='ocrx_word' id='word_1_604' title='bbox 426 4700 546 4737; x_wconf 84' lang='lat' dir='ltr'><strong>vere</strong></span> <span class='ocrx_word' id='word_1_605' title='bbox 577 4692 883 4752; x_wconf 81' lang='lat' dir='ltr'><strong>permanebit</strong></span> <span class='ocrx_word' id='word_1_606' title='bbox 914 4705 1029 4742; x_wconf 85' lang='lat' dir='ltr'><strong>ante</strong></span> <span class='ocrx_word' id='word_1_607' title='bbox 1057 4690 1271 4742; x_wconf 81' lang='lat' dir='ltr'><strong>lunam:</strong></span> <span class='ocrx_word' id='word_1_608' title='bbox 1302 4691 1422 4759; x_wconf 87' lang='lat' dir='ltr'><strong>quia</strong></span> <span class='ocrx_word' id='word_1_609' title='bbox 1467 4690 1795 4759; x_wconf 86' lang='lat' dir='ltr'><strong>permanebit</strong></span> <span class='ocrx_word' id='word_1_610' title='bbox 1822 4692 1874 4742; x_wconf 90' lang='lat' dir='ltr'><strong>in</strong></span> <span class='ocrx_word' id='word_1_611' title='bbox 1901 4707 1985 4759; x_wconf 85' lang='lat' dir='ltr'><strong>ge-</strong></span> 
     </span>
    </p>
   </div>
   <div class='ocr_carea' id='block_1_85' title="bbox 423 4769 1153 4822">
    <p class='ocr_par' dir='ltr' id='par_1_85' title="bbox 423 4769 1153 4822">
     <span class='ocr_line' id='line_1_85' title="bbox 423 4769 1153 4822; baseline 0.007 -17"><span class='ocrx_word' id='word_1_612' title='bbox 423 4769 679 4808; x_wconf 74' lang='lat' dir='ltr'><strong>nrratwne</strong></span> <span class='ocrx_word' id='word_1_613' title='bbox 702 4773 728 4808; x_wconf 77' lang='grc' dir='ltr'><em>ε</em></span> <span class='ocrx_word' id='word_1_614' title='bbox 765 4771 1153 4822; x_wconf 69' lang='lat' dir='ltr'><strong>generationem.</strong></span> 
     </span>
    </p>
   </div>
   <div class='ocr_carea' id='block_1_86' title="bbox 497 4823 1981 4895">
    <p class='ocr_par' dir='ltr' id='par_1_86' title="bbox 497 4823 1981 4895">
     <span class='ocr_line' id='line_1_86' title="bbox 497 4823 1981 4895; baseline 0.007 -22"><span class='ocrx_word' id='word_1_615' title='bbox 497 4823 766 4875; x_wconf 75' lang='lat' dir='ltr'><strong>Descendet</strong></span> <span class='ocrx_word' id='word_1_616' title='bbox 795 4830 922 4878; x_wconf 83' lang='lat' dir='ltr'><strong>sicut</strong></span> <span class='ocrx_word' id='word_1_617' title='bbox 947 4830 1111 4895; x_wconf 84' lang='lat' dir='ltr'><strong>pluvia</strong></span> <span class='ocrx_word' id='word_1_618' title='bbox 1136 4830 1187 4881; x_wconf 90' lang='lat' dir='ltr'><strong>in</strong></span> <span class='ocrx_word' id='word_1_619' title='bbox 1218 4831 1391 4881; x_wconf 72' lang='lat' dir='ltr'><strong>uellus.</strong></span> <span class='ocrx_word' id='word_1_620' title='bbox 1437 4828 1595 4895; x_wconf 87' lang='lat' dir='ltr'><strong>Qua-i</strong></span> <span class='ocrx_word' id='word_1_621' title='bbox 1631 4829 1772 4881; x_wconf 90' lang='lat' dir='ltr'><strong>dicat</strong></span> <span class='ocrx_word' id='word_1_622' title='bbox 1824 4848 1833 4882; x_wconf 95' lang='lat'>:</span> <span class='ocrx_word' id='word_1_623' title='bbox 1883 4832 1981 4895; x_wconf 85' lang='lat' dir='ltr'><strong>Qui</strong></span> 
     </span>
    </p>
   </div>
   <div class='ocr_carea' id='block_1_87' title="bbox 428 4894 1985 4965">
    <p class='ocr_par' dir='ltr' id='par_1_87' title="bbox 428 4894 1985 4965">
     <span class='ocr_line' id='line_1_87' title="bbox 428 4894 1985 4965; baseline 0.007 -22"><span class='ocrx_word' id='word_1_624' title='bbox 428 4894 707 4965; x_wconf 79' lang='lat' dir='ltr'><strong>sit&#39;._\‘ettiet</strong></span> <span class='ocrx_word' id='word_1_625' title='bbox 735 4894 1121 4965; x_wconf 54' lang='lat' dir='ltr'><strong>manufeﬁejad</strong></span> <span class='ocrx_word' id='word_1_626' title='bbox 1145 4911 1376 4961; x_wconf 67' lang='lat' dir='ltr'><strong>caturus,</strong></span> <span class='ocrx_word' id='word_1_627' title='bbox 1404 4894 1545 4962; x_wconf 79' lang='lat' dir='ltr'><strong>prius</strong></span> <span class='ocrx_word' id='word_1_628' title='bbox 1579 4902 1751 4951; x_wconf 81' lang='lat' dir='ltr'><strong>veniet</strong></span> <span class='ocrx_word' id='word_1_629' title='bbox 1780 4894 1985 4954; x_wconf 75' lang='lat' dir='ltr'><strong>neotille</strong></span> 
     </span>
    </p>
   </div>
   <div class='ocr_carea' id='block_1_88' title="bbox 420 4963 1984 5034">
    <p class='ocr_par' dir='ltr' id='par_1_88' title="bbox 420 4963 1984 5034">
     <span class='ocr_line' id='line_1_88' title="bbox 420 4963 1984 5034; baseline 0.008 -23"><span class='ocrx_word' id='word_1_630' title='bbox 420 4963 735 5034; x_wconf 87' lang='lat' dir='ltr'><strong>judicandus</strong></span> <span class='ocrx_word' id='word_1_631' title='bbox 773 4982 783 5014; x_wconf 89' lang='lat'><strong>:</strong></span> <span class='ocrx_word' id='word_1_632' title='bbox 816 4970 935 5032; x_wconf 82' lang='lat' dir='ltr'><strong>quia</strong></span> <span class='ocrx_word' id='word_1_633' title='bbox 976 4963 1233 5019; x_wconf 66' lang='lat' dir='ltr'><strong>denuntiet</strong></span> <span class='ocrx_word' id='word_1_634' title='bbox 1260 4970 1387 5020; x_wconf 80' lang='lat' dir='ltr'><strong>sicut</strong></span> <span class='ocrx_word' id='word_1_635' title='bbox 1422 4971 1587 5034; x_wconf 83' lang='lat' dir='ltr'><strong>pluvia</strong></span> <span class='ocrx_word' id='word_1_636' title='bbox 1617 4970 1669 5018; x_wconf 87' lang='lat' dir='ltr'><strong>in</strong></span> <span class='ocrx_word' id='word_1_637' title='bbox 1716 4971 1895 5034; x_wconf 81' lang='lat' dir='ltr'><strong>tellus,</strong></span> <span class='ocrx_word' id='word_1_638' title='bbox 1931 4982 1984 5023; x_wconf 85' lang='lat' dir='ltr'><strong>et</strong></span> 
     </span>
    </p>
   </div>
   <div class='ocr_carea' id='block_1_89' title="bbox 427 5032 1983 5104">
    <p class='ocr_par' dir='ltr' id='par_1_89' title="bbox 427 5032 1983 5104">
     <span class='ocr_line' id='line_1_89' title="bbox 427 5032 1983 5104; baseline 0.007 -22"><span class='ocrx_word' id='word_1_639' title='bbox 427 5044 507 5083; x_wconf 87' lang='lat' dir='ltr'><strong>est</strong></span> <span class='ocrx_word' id='word_1_640' title='bbox 530 5032 802 5104; x_wconf 64' lang='lat' dir='ltr'><strong>sciendum</strong></span> <span class='ocrx_word' id='word_1_641' title='bbox 829 5038 965 5103; x_wconf 89' lang='lat' dir='ltr'><strong>quod</strong></span> <span class='ocrx_word' id='word_1_642' title='bbox 997 5040 1044 5088; x_wconf 90' lang='lat' dir='ltr'><strong>in</strong></span> <span class='ocrx_word' id='word_1_643' title='bbox 1076 5039 1279 5088; x_wconf 81' lang='lat' dir='ltr'><strong>duobus</strong></span> <span class='ocrx_word' id='word_1_644' title='bbox 1302 5032 1719 5104; x_wconf 72' lang='lat' dir='ltr'><strong>prmccdcntibus</strong></span> <span class='ocrx_word' id='word_1_645' title='bbox 1747 5032 1983 5093; x_wconf 72' lang='lat' dir='ltr'><strong>versibus</strong></span> 
     </span>
    </p>
   </div>
   <div class='ocr_carea' id='block_1_90' title="bbox 426 5100 1981 5176">
    <p class='ocr_par' dir='ltr' id='par_1_90' title="bbox 426 5100 1981 5176">
     <span class='ocr_line' id='line_1_90' title="bbox 426 5100 1981 5176; baseline 0.006 -23"><span class='ocrx_word' id='word_1_646' title='bbox 426 5105 491 5176; x_wconf 72' lang='lat' dir='ltr'><strong>de</strong></span> <span class='ocrx_word' id='word_1_647' title='bbox 521 5100 695 5153; x_wconf 84' lang='lat' dir='ltr'><strong>futuro</strong></span> <span class='ocrx_word' id='word_1_648' title='bbox 718 5100 1017 5169; x_wconf 73' lang='lat' dir='ltr'><strong>dictum,de</strong></span> <span class='ocrx_word' id='word_1_649' title='bbox 1045 5100 1517 5176; x_wconf 64' lang='lat' dir='ltr'><strong>praesentiumque</strong></span> <span class='ocrx_word' id='word_1_650' title='bbox 1547 5117 1717 5174; x_wconf 81' lang='lat' dir='ltr'><strong>potest</strong></span> <span class='ocrx_word' id='word_1_651' title='bbox 1741 5108 1840 5160; x_wconf 73' lang='lat' dir='ltr'><strong>dic:</strong></span> <span class='ocrx_word' id='word_1_652' title='bbox 1875 5111 1981 5163; x_wconf 87' lang='lat' dir='ltr'><strong>sic:</strong></span> 
     </span>
    </p>
   </div>
   <div class='ocr_carea' id='block_1_91' title="bbox 422 5172 1985 5243">
    <p class='ocr_par' dir='ltr' id='par_1_91' title="bbox 422 5172 1985 5243">
     <span class='ocr_line' id='line_1_91' title="bbox 422 5172 1985 5243; baseline 0.006 -20"><span class='ocrx_word' id='word_1_653' title='bbox 422 5172 679 5224; x_wconf 72' lang='lat' dir='ltr'><strong>ltoin‘inus</strong></span> <span class='ocrx_word' id='word_1_654' title='bbox 711 5177 917 5227; x_wconf 88' lang='lat' dir='ltr'><strong>tandem</strong></span> <span class='ocrx_word' id='word_1_655' title='bbox 948 5177 1187 5241; x_wconf 75' lang='lat' dir='ltr'><strong>iudicabit</strong></span> <span class='ocrx_word' id='word_1_656' title='bbox 1220 5172 1371 5230; x_wconf 76' lang='lat' dir='ltr'><strong>veros</strong></span> <span class='ocrx_word' id='word_1_657' title='bbox 1423 5172 1667 5243; x_wconf 72' lang='lat' dir='ltr'><strong>pauperes</strong></span> <span class='ocrx_word' id='word_1_658' title='bbox 1708 5179 1900 5243; x_wconf 84' lang='lat' dir='ltr'><strong>populi,</strong></span> <span class='ocrx_word' id='word_1_659' title='bbox 1931 5189 1985 5232; x_wconf 90' lang='lat' dir='ltr'><strong>et</strong></span> 
     </span>
    </p>
   </div>
   <div class='ocr_carea' id='block_1_92' title="bbox 418 5243 1984 5312">
    <p class='ocr_par' dir='ltr' id='par_1_92' title="bbox 418 5243 1984 5312">
     <span class='ocr_line' id='line_1_92' title="bbox 418 5243 1984 5312; baseline 0.006 -21"><span class='ocrx_word' id='word_1_660' title='bbox 418 5254 467 5291; x_wconf 86' lang='lat' dir='ltr'><strong>et</strong></span> <span class='ocrx_word' id='word_1_661' title='bbox 495 5259 578 5293; x_wconf 86' lang='lat' dir='ltr'><strong>am</strong></span> <span class='ocrx_word' id='word_1_662' title='bbox 638 5243 687 5295; x_wconf 91' lang='lat' dir='ltr'><strong>in</strong></span> <span class='ocrx_word' id='word_1_663' title='bbox 735 5246 983 5311; x_wconf 84' lang='lat' dir='ltr'><strong>pra-senti</strong></span> <span class='ocrx_word' id='word_1_664' title='bbox 1030 5248 1175 5312; x_wconf 83' lang='lat' dir='ltr'><strong>faciet</strong></span> <span class='ocrx_word' id='word_1_665' title='bbox 1198 5254 1361 5300; x_wconf 74' lang='lat' dir='ltr'><strong>salvos</strong></span> <span class='ocrx_word' id='word_1_666' title='bbox 1382 5248 1737 5312; x_wconf 83' lang='lat' dir='ltr'><strong>justilicandn,</strong></span> <span class='ocrx_word' id='word_1_667' title='bbox 1764 5259 1816 5299; x_wconf 89' lang='lat' dir='ltr'><strong>et</strong></span> <span class='ocrx_word' id='word_1_668' title='bbox 1843 5264 1984 5312; x_wconf 84' lang='lat' dir='ltr'><strong>ipsos</strong></span> 
     </span>
    </p>
   </div>
   <div class='ocr_carea' id='block_1_93' title="bbox 417 5315 1978 5384">
    <p class='ocr_par' dir='ltr' id='par_1_93' title="bbox 417 5315 1978 5384">
     <span class='ocr_line' id='line_1_93' title="bbox 417 5315 1978 5384; baseline 0.005 -23"><span class='ocrx_word' id='word_1_669' title='bbox 417 5327 674 5379; x_wconf 79' lang='lat' dir='ltr'><strong>pauperes</strong></span> <span class='ocrx_word' id='word_1_670' title='bbox 695 5324 747 5366; x_wconf 90' lang='lat' dir='ltr'><strong>et</strong></span> <span class='ocrx_word' id='word_1_671' title='bbox 770 5315 905 5381; x_wconf 75' lang='lat' dir='ltr'><strong>ﬁlios</strong></span> <span class='ocrx_word' id='word_1_672' title='bbox 930 5331 1226 5383; x_wconf 82' lang='lat' dir='ltr'><strong>pauperum,</strong></span> <span class='ocrx_word' id='word_1_673' title='bbox 1244 5316 1291 5368; x_wconf 91' lang='lat' dir='ltr'><strong>id</strong></span> <span class='ocrx_word' id='word_1_674' title='bbox 1315 5330 1416 5380; x_wconf 86' lang='lat' dir='ltr'><strong>est,</strong></span> <span class='ocrx_word' id='word_1_675' title='bbox 1440 5318 1732 5368; x_wconf 77' lang='lat' dir='ltr'><strong>imitatores</strong></span> <span class='ocrx_word' id='word_1_676' title='bbox 1755 5320 1978 5384; x_wconf 75' lang='lat' dir='ltr'><strong>illorum,</strong></span> 
     </span>
    </p>
   </div>
   <div class='ocr_carea' id='block_1_94' title="bbox 416 5384 1979 5453">
    <p class='ocr_par' dir='ltr' id='par_1_94' title="bbox 416 5384 1979 5453">
     <span class='ocr_line' id='line_1_94' title="bbox 416 5384 1979 5453; baseline 0.004 -24"><span class='ocrx_word' id='word_1_677' title='bbox 416 5391 460 5429; x_wconf 73' lang='grc' dir='ltr'>«ιι</span> <span class='ocrx_word' id='word_1_678' title='bbox 486 5384 1238 5453; x_wconf 73' lang='grc' dir='ltr'>Ιιιιιηίιιαὸιι(αιιιηιηιιιιυτετη;</span> <span class='ocrx_word' id='word_1_679' title='bbox 1270 5387 1387 5453; x_wconf 89' lang='lat' dir='ltr'><strong>quia</strong></span> <span class='ocrx_word' id='word_1_680' title='bbox 1408 5387 1553 5438; x_wconf 86' lang='lat' dir='ltr'><strong>dabit</strong></span> <span class='ocrx_word' id='word_1_681' title='bbox 1574 5390 1682 5438; x_wconf 85' lang='lat' dir='ltr'><strong>suis</strong></span> <span class='ocrx_word' id='word_1_682' title='bbox 1713 5401 1827 5437; x_wconf 81' lang='lat' dir='ltr'><strong>ram</strong></span> <span class='ocrx_word' id='word_1_683' title='bbox 1858 5403 1979 5453; x_wconf 88' lang='lat' dir='ltr'><strong>gra-</strong></span> 
     </span>
    </p>
   </div>
   <div class='ocr_carea' id='block_1_95' title="bbox 421 5452 1981 5516">
    <p class='ocr_par' dir='ltr' id='par_1_95' title="bbox 421 5452 1981 5516">
     <span class='ocr_line' id='line_1_95' title="bbox 421 5452 1981 5516; baseline 0.005 -16"><span class='ocrx_word' id='word_1_684' title='bbox 421 5453 567 5516; x_wconf 86' lang='lat' dir='ltr'><strong>tiam,</strong></span> <span class='ocrx_word' id='word_1_685' title='bbox 603 5460 658 5501; x_wconf 90' lang='lat' dir='ltr'><strong>ut</strong></span> <span class='ocrx_word' id='word_1_686' title='bbox 686 5452 825 5505; x_wconf 69' lang='lat' dir='ltr'><strong>unde</strong></span> <span class='ocrx_word' id='word_1_687' title='bbox 866 5456 1217 5508; x_wconf 84' lang='lat' dir='ltr'><strong>calumniator</strong></span> <span class='ocrx_word' id='word_1_688' title='bbox 1265 5452 1664 5509; x_wconf 83' lang='lat' dir='ltr'><strong>machinabatur</strong></span> <span class='ocrx_word' id='word_1_689' title='bbox 1710 5452 1981 5509; x_wconf 81' lang='lat' dir='ltr'><strong>cruniitari</strong></span> 
     </span>
    </p>
   </div>
   <div class='ocr_carea' id='block_1_96' title="bbox 417 5520 1985 5592">
    <p class='ocr_par' dir='ltr' id='par_1_96' title="bbox 417 5520 1985 5592">
     <span class='ocr_line' id='line_1_96' title="bbox 417 5520 1985 5592; baseline 0.004 -23"><span class='ocrx_word' id='word_1_690' title='bbox 417 5535 511 5592; x_wconf 79' lang='lat' dir='ltr'><strong>eos</strong></span> <span class='ocrx_word' id='word_1_691' title='bbox 564 5520 766 5573; x_wconf 80' lang='lat' dir='ltr'><strong>scilicet</strong></span> <span class='ocrx_word' id='word_1_692' title='bbox 791 5564 804 5583; x_wconf 88' lang='lat'><strong>,</strong></span> <span class='ocrx_word' id='word_1_693' title='bbox 840 5528 977 5592; x_wconf 86' lang='lat' dir='ltr'><strong>quod</strong></span> <span class='ocrx_word' id='word_1_694' title='bbox 1027 5540 1129 5576; x_wconf 88' lang='lat' dir='ltr'><strong>non</strong></span> <span class='ocrx_word' id='word_1_695' title='bbox 1169 5526 1331 5592; x_wconf 79' lang='lat' dir='ltr'><strong>gratis</strong></span> <span class='ocrx_word' id='word_1_696' title='bbox 1361 5527 1591 5576; x_wconf 72' lang='lat' dir='ltr'><strong>colerent</strong></span> <span class='ocrx_word' id='word_1_697' title='bbox 1639 5526 1823 5589; x_wconf 78' lang='lat' dir='ltr'><strong>Deum,</strong></span> <span class='ocrx_word' id='word_1_698' title='bbox 1848 5537 1985 5578; x_wconf 85' lang='lat' dir='ltr'><strong>scut</strong></span> 
     </span>
    </p>
   </div>
   <div class='ocr_carea' id='block_1_97' title="bbox 418 5588 1982 5662">
    <p class='ocr_par' dir='ltr' id='par_1_97' title="bbox 418 5588 1982 5662">
     <span class='ocr_line' id='line_1_97' title="bbox 418 5588 1982 5662; baseline 0.006 -25"><span class='ocrx_word' id='word_1_699' title='bbox 418 5588 625 5662; x_wconf 73' lang='lat' dir='ltr'><strong>beatum</strong></span> <span class='ocrx_word' id='word_1_700' title='bbox 652 5592 776 5662; x_wconf 76' lang='lat' dir='ltr'><strong>_J_nb,</strong></span> <span class='ocrx_word' id='word_1_701' title='bbox 806 5588 1013 5659; x_wconf 81' lang='lat' dir='ltr'><strong>quando</strong></span> <span class='ocrx_word' id='word_1_702' title='bbox 1039 5588 1213 5646; x_wconf 53' lang='lat' dir='ltr'><strong>dixit&#39;:</strong></span> <span class='ocrx_word' id='word_1_703' title='bbox 1248 5593 1495 5661; x_wconf 77' lang='lat' dir='ltr'><strong>Nunquid</strong></span> <span class='ocrx_word' id='word_1_704' title='bbox 1532 5592 1630 5645; x_wconf 84' lang='lat' dir='ltr'><strong>Job</strong></span> <span class='ocrx_word' id='word_1_705' title='bbox 1676 5588 1836 5662; x_wconf 66' lang='lat' dir='ltr'><strong>grata</strong></span> <span class='ocrx_word' id='word_1_706' title='bbox 1865 5598 1982 5647; x_wconf 82' lang='lat' dir='ltr'><strong>colit</strong></span> 
     </span>
    </p>
   </div>
   <div class='ocr_carea' id='block_1_98' title="bbox 419 5659 1979 5729">
    <p class='ocr_par' dir='ltr' id='par_1_98' title="bbox 419 5659 1979 5729">
     <span class='ocr_line' id='line_1_98' title="bbox 419 5659 1979 5729; baseline 0.006 -25"><span class='ocrx_word' id='word_1_707' title='bbox 419 5659 620 5729; x_wconf 74' lang='lat' dir='ltr'><strong>Deum?</strong></span> <span class='ocrx_word' id='word_1_708' title='bbox 652 5659 799 5713; x_wconf 74' lang='lat' dir='ltr'><strong>l&#39;ude</strong></span> <span class='ocrx_word' id='word_1_709' title='bbox 831 5666 1003 5726; x_wconf 71' lang='lat' dir='ltr'><strong>po&#39;ius</strong></span> <span class='ocrx_word' id='word_1_710' title='bbox 1032 5666 1142 5729; x_wconf 58' lang='lat' dir='ltr'><strong>ipse</strong></span> <span class='ocrx_word' id='word_1_711' title='bbox 1173 5659 1482 5716; x_wconf 81' lang='lat' dir='ltr'><strong>hutntlietur</strong></span> <span class='ocrx_word' id='word_1_712' title='bbox 1526 5659 1697 5716; x_wconf 73' lang='lat' dir='ltr'><strong>victus</strong></span> <span class='ocrx_word' id='word_1_713' title='bbox 1753 5670 1802 5715; x_wconf 90' lang='lat' dir='ltr'><strong>in</strong></span> <span class='ocrx_word' id='word_1_714' title='bbox 1862 5670 1979 5723; x_wconf 84' lang='lat' dir='ltr'><strong>hoc,</strong></span> 
     </span>
    </p>
   </div>
   <div class='ocr_carea' id='block_1_99' title="bbox 414 5727 1979 5797">
    <p class='ocr_par' dir='ltr' id='par_1_99' title="bbox 414 5727 1979 5797">
     <span class='ocr_line' id='line_1_99' title="bbox 414 5727 1979 5797; baseline 0.008 -25"><span class='ocrx_word' id='word_1_715' title='bbox 414 5727 531 5797; x_wconf 79' lang='lat' dir='ltr'><strong>quia</strong></span> <span class='ocrx_word' id='word_1_716' title='bbox 568 5727 640 5776; x_wconf 82' lang='lat' dir='ltr'><strong>illi</strong></span> <span class='ocrx_word' id='word_1_717' title='bbox 670 5742 851 5780; x_wconf 75' lang='lat' dir='ltr'><strong>multa</strong></span> <span class='ocrx_word' id='word_1_718' title='bbox 877 5730 990 5797; x_wconf 82' lang='lat' dir='ltr'><strong>ejus</strong></span> <span class='ocrx_word' id='word_1_719' title='bbox 1021 5727 1341 5785; x_wconf 51' lang='lat' dir='ltr'><strong>voluntatem</strong></span> <span class='ocrx_word' id='word_1_720' title='bbox 1375 5733 1539 5797; x_wconf 80' lang='lat' dir='ltr'><strong>gratis</strong></span> <span class='ocrx_word' id='word_1_721' title='bbox 1569 5735 1745 5787; x_wconf 84' lang='lat' dir='ltr'><strong>colunt</strong></span> <span class='ocrx_word' id='word_1_722' title='bbox 1798 5735 1979 5786; x_wconf 74' lang='lat' dir='ltr'><strong>lletttn.</strong></span> 
     </span>
    </p>
   </div>
   <div class='ocr_carea' id='block_1_100' title="bbox 420 5792 1971 5869">
    <p class='ocr_par' dir='ltr' id='par_1_100' title="bbox 420 5792 1971 5869">
     <span class='ocr_line' id='line_1_100' title="bbox 420 5792 1971 5869; baseline 0.008 -25"><span class='ocrx_word' id='word_1_723' title='bbox 420 5792 510 5846; x_wconf 74' lang='lat' dir='ltr'><strong>\cl</strong></span> <span class='ocrx_word' id='word_1_724' title='bbox 542 5798 717 5846; x_wconf 82' lang='lat' dir='ltr'><strong>aliter.</strong></span> <span class='ocrx_word' id='word_1_725' title='bbox 778 5792 1081 5851; x_wconf 75' lang='lat' dir='ltr'><strong>lluniiliubit</strong></span> <span class='ocrx_word' id='word_1_726' title='bbox 1112 5792 1523 5855; x_wconf 68' lang='lat' dir='ltr'><strong>culumuiaiorcm</strong></span> <span class='ocrx_word' id='word_1_727' title='bbox 1555 5818 1645 5869; x_wconf 76' lang='lat' dir='ltr'><strong>per</strong></span> <span class='ocrx_word' id='word_1_728' title='bbox 1675 5819 1971 5857; x_wconf 78' lang='lat' dir='ltr'><strong>sacramen-</strong></span> 
     </span>
    </p>
   </div>
   <div class='ocr_carea' id='block_1_101' title="bbox 2018 4519 2065 4576">
    <p class='ocr_par' dir='ltr' id='par_1_101' title="bbox 2018 4519 2065 4576">
     <span class='ocr_line' id='line_1_101' title="bbox 2018 4519 2065 4576; baseline 0 0"><span class='ocrx_word' id='word_1_729' title='bbox 2018 4519 2065 4576; x_wconf 91' lang='lat' dir='ltr'><strong>D</strong></span> 
     </span>
    </p>
   </div>
   <div class='ocr_carea' id='block_1_102' title="bbox 2172 1886 3661 1963">
    <p class='ocr_par' dir='ltr' id='par_1_102' title="bbox 2172 1886 3661 1963">
     <span class='ocr_line' id='line_1_102' title="bbox 2172 1886 3661 1963; baseline 0.011 -26"><span class='ocrx_word' id='word_1_730' title='bbox 2172 1886 2238 1938; x_wconf 84' lang='lat' dir='ltr'><strong>Et</strong></span> <span class='ocrx_word' id='word_1_731' title='bbox 2264 1889 2391 1963; x_wconf 80' lang='lat' dir='ltr'><strong>sicut</strong></span> <span class='ocrx_word' id='word_1_732' title='bbox 2418 1890 2675 1963; x_wconf 63' lang='lat' dir='ltr'><strong>stillicidia</strong></span> <span class='ocrx_word' id='word_1_733' title='bbox 2704 1890 2950 1963; x_wconf 74' lang='lat' dir='ltr'><strong>stillantia</strong></span> <span class='ocrx_word' id='word_1_734' title='bbox 2979 1908 3130 1963; x_wconf 71' lang='lat' dir='ltr'><strong>super</strong></span> <span class='ocrx_word' id='word_1_735' title='bbox 3159 1902 3368 1947; x_wconf 86' lang='lat' dir='ltr'><strong>terram.</strong></span> <span class='ocrx_word' id='word_1_736' title='bbox 3402 1895 3543 1951; x_wconf 87' lang='lat' dir='ltr'><strong>Idem</strong></span> <span class='ocrx_word' id='word_1_737' title='bbox 3574 1898 3661 1953; x_wconf 84' lang='lat' dir='ltr'><strong>di—</strong></span> 
     </span>
    </p>
   </div>
   <div class='ocr_carea' id='block_1_103' title="bbox 2097 1958 3656 2033">
    <p class='ocr_par' dir='ltr' id='par_1_103' title="bbox 2097 1958 3656 2033">
     <span class='ocr_line' id='line_1_103' title="bbox 2097 1958 3656 2033; baseline 0.007 -23"><span class='ocrx_word' id='word_1_738' title='bbox 2097 1958 2167 2010; x_wconf 88' lang='lat' dir='ltr'><strong>cit</strong></span> <span class='ocrx_word' id='word_1_739' title='bbox 2199 1973 2290 2023; x_wconf 90' lang='lat' dir='ltr'><strong>per</strong></span> <span class='ocrx_word' id='word_1_740' title='bbox 2320 1960 2475 2033; x_wconf 70' lang='lat' dir='ltr'><strong>aliam</strong></span> <span class='ocrx_word' id='word_1_741' title='bbox 2508 1960 2926 2014; x_wconf 89' lang='lat' dir='ltr'><strong>similitudinem.</strong></span> <span class='ocrx_word' id='word_1_742' title='bbox 2956 1958 3103 2017; x_wconf 80' lang='lat' dir='ltr'><strong>Sicut</strong></span> <span class='ocrx_word' id='word_1_743' title='bbox 3129 1965 3268 2018; x_wconf 90' lang='lat' dir='ltr'><strong>enim</strong></span> <span class='ocrx_word' id='word_1_744' title='bbox 3304 1967 3436 2018; x_wconf 88' lang='lat' dir='ltr'><strong>leuis</strong></span> <span class='ocrx_word' id='word_1_745' title='bbox 3464 1968 3656 2033; x_wconf 68' lang='lat' dir='ltr'><strong>pluviae</strong></span> 
     </span>
    </p>
   </div>
   <div class='ocr_carea' id='block_1_104' title="bbox 2096 2030 3661 2096">
    <p class='ocr_par' dir='ltr' id='par_1_104' title="bbox 2096 2030 3661 2096">
     <span class='ocr_line' id='line_1_104' title="bbox 2096 2030 3661 2096; baseline 0.007 -17"><span class='ocrx_word' id='word_1_746' title='bbox 2096 2038 2254 2093; x_wconf 80' lang='lat' dir='ltr'><strong>guttae</strong></span> <span class='ocrx_word' id='word_1_747' title='bbox 2300 2030 2568 2081; x_wconf 86' lang='lat' dir='ltr'><strong>stillantur</strong></span> <span class='ocrx_word' id='word_1_748' title='bbox 2597 2046 2757 2096; x_wconf 88' lang='lat' dir='ltr'><strong>super</strong></span> <span class='ocrx_word' id='word_1_749' title='bbox 2785 2041 2978 2085; x_wconf 91' lang='lat' dir='ltr'><strong>terram</strong></span> <span class='ocrx_word' id='word_1_750' title='bbox 3006 2034 3214 2087; x_wconf 90' lang='lat' dir='ltr'><strong>occulte</strong></span> <span class='ocrx_word' id='word_1_751' title='bbox 3241 2050 3255 2086; x_wconf 91' lang='lat'><strong>:</strong></span> <span class='ocrx_word' id='word_1_752' title='bbox 3300 2034 3369 2087; x_wconf 85' lang='lat' dir='ltr'><strong>ita</strong></span> <span class='ocrx_word' id='word_1_753' title='bbox 3402 2030 3661 2091; x_wconf 84' lang='lat' dir='ltr'><strong>Dominus</strong></span> 
     </span>
    </p>
   </div>
   <div class='ocr_carea' id='block_1_105' title="bbox 2100 2098 3655 2173">
    <p class='ocr_par' dir='ltr' id='par_1_105' title="bbox 2100 2098 3655 2173">
     <span class='ocr_line' id='line_1_105' title="bbox 2100 2098 3655 2173; baseline 0.009 -25"><span class='ocrx_word' id='word_1_754' title='bbox 2100 2106 2252 2173; x_wconf 77' lang='lat' dir='ltr'><strong>natus</strong></span> <span class='ocrx_word' id='word_1_755' title='bbox 2292 2108 2372 2150; x_wconf 81' lang='lat' dir='ltr'><strong>est</strong></span> <span class='ocrx_word' id='word_1_756' title='bbox 2406 2099 2471 2150; x_wconf 88' lang='lat' dir='ltr'><strong>de</strong></span> <span class='ocrx_word' id='word_1_757' title='bbox 2502 2098 2707 2173; x_wconf 76' lang='lat' dir='ltr'><strong>virgine</strong></span> <span class='ocrx_word' id='word_1_758' title='bbox 2736 2101 2851 2173; x_wconf 81' lang='lat' dir='ltr'><strong>sine</strong></span> <span class='ocrx_word' id='word_1_759' title='bbox 2881 2104 3101 2170; x_wconf 82' lang='lat' dir='ltr'><strong>strepitu</strong></span> <span class='ocrx_word' id='word_1_760' title='bbox 3144 2105 3401 2158; x_wconf 80' lang='lat' dir='ltr'><strong>maritalis</strong></span> <span class='ocrx_word' id='word_1_761' title='bbox 3428 2111 3655 2173; x_wconf 65' lang='lat' dir='ltr'><strong>copulae.</strong></span> 
     </span>
    </p>
   </div>
   <div class='ocr_carea' id='block_1_106' title="bbox 2096 2167 3657 2239">
    <p class='ocr_par' dir='ltr' id='par_1_106' title="bbox 2096 2167 3657 2239">
     <span class='ocr_line' id='line_1_106' title="bbox 2096 2167 3657 2239; baseline 0.008 -20"><span class='ocrx_word' id='word_1_762' title='bbox 2096 2167 2264 2221; x_wconf 85' lang='lat' dir='ltr'><strong>Aliter</strong></span> <span class='ocrx_word' id='word_1_763' title='bbox 2292 2171 2570 2239; x_wconf 81' lang='lat' dir='ltr'><strong>quoquesi</strong></span> <span class='ocrx_word' id='word_1_764' title='bbox 2605 2170 2669 2221; x_wconf 91' lang='lat' dir='ltr'><strong>ad</strong></span> <span class='ocrx_word' id='word_1_765' title='bbox 2702 2170 2974 2225; x_wconf 84' lang='lat' dir='ltr'><strong>historiam</strong></span> <span class='ocrx_word' id='word_1_766' title='bbox 2995 2167 3371 2239; x_wconf 71' lang='lat' dir='ltr'><strong>respiciamus.</strong></span> <span class='ocrx_word' id='word_1_767' title='bbox 3413 2167 3657 2232; x_wconf 45' lang='lat' dir='ltr'><strong>Eo&#39;enim</strong></span> 
     </span>
    </p>
   </div>
   <div class='ocr_carea' id='block_1_107' title="bbox 2098 2238 3654 2311">
    <p class='ocr_par' dir='ltr' id='par_1_107' title="bbox 2098 2238 3654 2311">
     <span class='ocr_line' id='line_1_107' title="bbox 2098 2238 3654 2311; baseline 0.009 -24"><span class='ocrx_word' id='word_1_768' title='bbox 2098 2245 2335 2311; x_wconf 77' lang='lat' dir='ltr'><strong>tempore</strong></span> <span class='ocrx_word' id='word_1_769' title='bbox 2376 2254 2480 2311; x_wconf 81' lang='lat' dir='ltr'><strong>quo</strong></span> <span class='ocrx_word' id='word_1_770' title='bbox 2512 2238 2763 2311; x_wconf 86' lang='lat' dir='ltr'><strong>Dominus</strong></span> <span class='ocrx_word' id='word_1_771' title='bbox 2809 2255 2899 2305; x_wconf 89' lang='lat' dir='ltr'><strong>per</strong></span> <span class='ocrx_word' id='word_1_772' title='bbox 2936 2238 3144 2309; x_wconf 87' lang='lat' dir='ltr'><strong>judices</strong></span> <span class='ocrx_word' id='word_1_773' title='bbox 3187 2245 3437 2309; x_wconf 89' lang='lat' dir='ltr'><strong>populum</strong></span> <span class='ocrx_word' id='word_1_774' title='bbox 3483 2250 3654 2311; x_wconf 73' lang='lat' dir='ltr'><strong>rexit,</strong></span> 
     </span>
    </p>
   </div>
   <div class='ocr_carea' id='block_1_108' title="bbox 2098 2308 3654 2384">
    <p class='ocr_par' dir='ltr' id='par_1_108' title="bbox 2098 2308 3654 2384">
     <span class='ocr_line' id='line_1_108' title="bbox 2098 2308 3654 2384; baseline 0.009 -29"><span class='ocrx_word' id='word_1_775' title='bbox 2098 2308 2344 2384; x_wconf 68' lang='lat' dir='ltr'><strong>praecepit</strong></span> <span class='ocrx_word' id='word_1_776' title='bbox 2374 2308 2639 2384; x_wconf 81' lang='lat' dir='ltr'><strong>Gedeoni.</strong></span> <span class='ocrx_word' id='word_1_777' title='bbox 2688 2323 2742 2384; x_wconf 86' lang='lat' dir='ltr'><strong>ut</strong></span> <span class='ocrx_word' id='word_1_778' title='bbox 2786 2308 2969 2384; x_wconf 80' lang='lat' dir='ltr'><strong>contra</strong></span> <span class='ocrx_word' id='word_1_779' title='bbox 3011 2308 3325 2384; x_wconf 21' lang='lat' dir='ltr'><strong>Madianit’as</strong></span> <span class='ocrx_word' id='word_1_780' title='bbox 3367 2308 3654 2384; x_wconf 71' lang='lat' dir='ltr'><strong>pugnaret,</strong></span> 
     </span>
    </p>
   </div>
   <div class='ocr_carea' id='block_1_109' title="bbox 2098 2378 3647 2441">
    <p class='ocr_par' dir='ltr' id='par_1_109' title="bbox 2098 2378 3647 2441">
     <span class='ocr_line' id='line_1_109' title="bbox 2098 2378 3647 2441; baseline 0.01 -15"><span class='ocrx_word' id='word_1_781' title='bbox 2098 2378 2410 2441; x_wconf 85' lang='lat' dir='ltr'><strong>promittens</strong></span> <span class='ocrx_word' id='word_1_782' title='bbox 2451 2380 2496 2430; x_wconf 90' lang='lat' dir='ltr'><strong>ei</strong></span> <span class='ocrx_word' id='word_1_783' title='bbox 2531 2380 2805 2432; x_wconf 80' lang='lat' dir='ltr'><strong>victoriam</strong></span> <span class='ocrx_word' id='word_1_784' title='bbox 2837 2398 2847 2430; x_wconf 89' lang='lat'>:</span> <span class='ocrx_word' id='word_1_785' title='bbox 2894 2382 2983 2434; x_wconf 92' lang='lat' dir='ltr'><strong>ille</strong></span> <span class='ocrx_word' id='word_1_786' title='bbox 3015 2398 3139 2435; x_wconf 88' lang='lat' dir='ltr'><strong>vero</strong></span> <span class='ocrx_word' id='word_1_787' title='bbox 3169 2378 3498 2439; x_wconf 36' lang='lat' dir='ltr'><strong>volens—fieri</strong></span> <span class='ocrx_word' id='word_1_788' title='bbox 3546 2378 3647 2441; x_wconf 81' lang='lat' dir='ltr'><strong>sibi</strong></span> 
     </span>
    </p>
   </div>
   <div class='ocr_carea' id='block_1_110' title="bbox 2098 2445 3655 2525">
    <p class='ocr_par' dir='ltr' id='par_1_110' title="bbox 2098 2445 3655 2525">
     <span class='ocr_line' id='line_1_110' title="bbox 2098 2445 3655 2525; baseline 0.008 -28"><span class='ocrx_word' id='word_1_789' title='bbox 2098 2445 2916 2525; x_wconf 71' lang='lat' dir='ltr'><strong>prorutissionis__ce:titudmem,</strong></span> <span class='ocrx_word' id='word_1_790' title='bbox 2970 2451 3235 2525; x_wconf 26' lang='lat' dir='ltr'><strong>in‘nocte</strong></span> <span class='ocrx_word' id='word_1_791' title='bbox 3280 2455 3444 2525; x_wconf 76' lang='lat' dir='ltr'><strong>vellus</strong></span> <span class='ocrx_word' id='word_1_792' title='bbox 3496 2470 3655 2525; x_wconf 88' lang='lat' dir='ltr'><strong>super</strong></span> 
     </span>
    </p>
   </div>
   <div class='ocr_carea' id='block_1_111' title="bbox 2096 2518 3655 2590">
    <p class='ocr_par' dir='ltr' id='par_1_111' title="bbox 2096 2518 3655 2590">
     <span class='ocr_line' id='line_1_111' title="bbox 2096 2518 3655 2590; baseline 0.009 -25"><span class='ocrx_word' id='word_1_793' title='bbox 2096 2528 2269 2590; x_wconf 77' lang='lat' dir='ltr'><strong>arcam</strong></span> <span class='ocrx_word' id='word_1_794' title='bbox 2300 2518 2564 2590; x_wconf 71' lang='lat' dir='ltr'><strong>extendit,</strong></span> <span class='ocrx_word' id='word_1_795' title='bbox 2610 2528 2663 2569; x_wconf 86' lang='lat' dir='ltr'><strong>et</strong></span> <span class='ocrx_word' id='word_1_796' title='bbox 2708 2521 2851 2584; x_wconf 86' lang='lat' dir='ltr'><strong>petiit</strong></span> <span class='ocrx_word' id='word_1_797' title='bbox 2892 2524 2989 2573; x_wconf 89' lang='lat' dir='ltr'><strong>hoc</strong></span> <span class='ocrx_word' id='word_1_798' title='bbox 3019 2521 3229 2590; x_wconf 81' lang='lat' dir='ltr'><strong>signum</strong></span> <span class='ocrx_word' id='word_1_799' title='bbox 3260 2522 3358 2575; x_wconf 90' lang='lat' dir='ltr'><strong>sibi</strong></span> <span class='ocrx_word' id='word_1_800' title='bbox 3391 2526 3505 2577; x_wconf 86' lang='lat' dir='ltr'><strong>dari</strong></span> <span class='ocrx_word' id='word_1_801' title='bbox 3532 2518 3575 2577; x_wconf 71' lang='grc' dir='ltr'><strong>ξ’</strong></span> <span class='ocrx_word' id='word_1_802' title='bbox 3598 2540 3655 2579; x_wconf 86' lang='grc' dir='ltr'><strong>ιιι</strong></span> 
     </span>
    </p>
   </div>
   <div class='ocr_carea' id='block_1_112' title="bbox 2098 2586 3651 2657">
    <p class='ocr_par' dir='ltr' id='par_1_112' title="bbox 2098 2586 3651 2657">
     <span class='ocr_line' id='line_1_112' title="bbox 2098 2586 3651 2657; baseline 0.01 -23"><span class='ocrx_word' id='word_1_803' title='bbox 2098 2586 2261 2636; x_wconf 82' lang='lat' dir='ltr'><strong>vellus</strong></span> <span class='ocrx_word' id='word_1_804' title='bbox 2287 2587 2697 2653; x_wconf 77' lang='lat' dir='ltr'><strong>complueretur,</strong></span> <span class='ocrx_word' id='word_1_805' title='bbox 2719 2598 2771 2641; x_wconf 90' lang='lat' dir='ltr'><strong>et</strong></span> <span class='ocrx_word' id='word_1_806' title='bbox 2791 2604 2912 2642; x_wconf 90' lang='lat' dir='ltr'><strong>area</strong></span> <span class='ocrx_word' id='word_1_807' title='bbox 2937 2586 3353 2657; x_wconf 59' lang='lat' dir='ltr'><strong>sicca&#39;maneret,</strong></span> <span class='ocrx_word' id='word_1_808' title='bbox 3380 2606 3434 2647; x_wconf 88' lang='lat' dir='ltr'><strong>et</strong></span> <span class='ocrx_word' id='word_1_809' title='bbox 3459 2595 3651 2649; x_wconf 84' lang='lat' dir='ltr'><strong>factum</strong></span> 
     </span>
    </p>
   </div>
   <div class='ocr_carea' id='block_1_113' title="bbox 2094 2656 3649 2731">
    <p class='ocr_par' dir='ltr' id='par_1_113' title="bbox 2094 2656 3649 2731">
     <span class='ocr_line' id='line_1_113' title="bbox 2094 2656 3649 2731; baseline 0.008 -25"><span class='ocrx_word' id='word_1_810' title='bbox 2094 2664 2174 2706; x_wconf 79' lang='lat' dir='ltr'><strong>est</strong></span> <span class='ocrx_word' id='word_1_811' title='bbox 2200 2665 2294 2731; x_wconf 71' lang='lat' dir='ltr'><strong>ll:l._</strong></span> <span class='ocrx_word' id='word_1_812' title='bbox 2340 2656 2589 2731; x_wconf 83' lang='lat' dir='ltr'><strong>Sequenti</strong></span> <span class='ocrx_word' id='word_1_813' title='bbox 2615 2658 2774 2731; x_wconf 84' lang='lat' dir='ltr'><strong>etiam</strong></span> <span class='ocrx_word' id='word_1_814' title='bbox 2805 2672 2961 2713; x_wconf 89' lang='lat' dir='ltr'><strong>nocte</strong></span> <span class='ocrx_word' id='word_1_815' title='bbox 2999 2659 3137 2713; x_wconf 89' lang='lat' dir='ltr'><strong>idem</strong></span> <span class='ocrx_word' id='word_1_816' title='bbox 3178 2663 3345 2716; x_wconf 86' lang='lat' dir='ltr'><strong>vellus</strong></span> <span class='ocrx_word' id='word_1_817' title='bbox 3382 2669 3649 2731; x_wconf 80' lang='lat' dir='ltr'><strong>extendit,</strong></span> 
     </span>
    </p>
   </div>
   <div class='ocr_carea' id='block_1_114' title="bbox 2094 2727 3654 2801">
    <p class='ocr_par' dir='ltr' id='par_1_114' title="bbox 2094 2727 3654 2801">
     <span class='ocr_line' id='line_1_114' title="bbox 2094 2727 3654 2801; baseline 0.008 -25"><span class='ocrx_word' id='word_1_818' title='bbox 2094 2732 2147 2776; x_wconf 91' lang='lat' dir='ltr'><strong>et</strong></span> <span class='ocrx_word' id='word_1_819' title='bbox 2178 2727 2321 2789; x_wconf 81' lang='lat' dir='ltr'><strong>petiit</strong></span> <span class='ocrx_word' id='word_1_820' title='bbox 2357 2738 2405 2776; x_wconf 91' lang='grc' dir='ltr'><strong>ιιι</strong></span> <span class='ocrx_word' id='word_1_821' title='bbox 2437 2727 2635 2778; x_wconf 88' lang='lat' dir='ltr'><strong>siccum</strong></span> <span class='ocrx_word' id='word_1_822' title='bbox 2664 2728 2829 2801; x_wconf 87' lang='lat' dir='ltr'><strong>vellus</strong></span> <span class='ocrx_word' id='word_1_823' title='bbox 2861 2741 3119 2801; x_wconf 88' lang='lat' dir='ltr'><strong>maneret,</strong></span> <span class='ocrx_word' id='word_1_824' title='bbox 3144 2742 3194 2783; x_wconf 92' lang='lat' dir='ltr'><strong>et</strong></span> <span class='ocrx_word' id='word_1_825' title='bbox 3224 2747 3345 2785; x_wconf 88' lang='lat' dir='ltr'><strong>area</strong></span> <span class='ocrx_word' id='word_1_826' title='bbox 3377 2727 3654 2801; x_wconf 61' lang='lat' dir='ltr'><strong>complue;</strong></span> 
     </span>
    </p>
   </div>
   <div class='ocr_carea' id='block_1_115' title="bbox 2094 2798 3653 2863">
    <p class='ocr_par' dir='ltr' id='par_1_115' title="bbox 2094 2798 3653 2863">
     <span class='ocr_line' id='line_1_115' title="bbox 2094 2798 3653 2863; baseline 0.008 -18"><span class='ocrx_word' id='word_1_827' title='bbox 2094 2800 2261 2857; x_wconf 86' lang='lat' dir='ltr'><strong>retur‘,</strong></span> <span class='ocrx_word' id='word_1_828' title='bbox 2288 2798 2386 2847; x_wconf 87' lang='lat' dir='ltr'><strong>hoc</strong></span> <span class='ocrx_word' id='word_1_829' title='bbox 2412 2810 2619 2863; x_wconf 86' lang='lat' dir='ltr'><strong>quoque</strong></span> <span class='ocrx_word' id='word_1_830' title='bbox 2651 2800 2697 2850; x_wconf 89' lang='lat' dir='ltr'><strong>ei</strong></span> <span class='ocrx_word' id='word_1_831' title='bbox 2727 2800 3068 2852; x_wconf 89' lang='lat' dir='ltr'><strong>commissum</strong></span> <span class='ocrx_word' id='word_1_832' title='bbox 3096 2810 3196 2863; x_wconf 88' lang='lat' dir='ltr'><strong>est,</strong></span> <span class='ocrx_word' id='word_1_833' title='bbox 3220 2810 3273 2854; x_wconf 90' lang='lat' dir='ltr'><strong>et</strong></span> <span class='ocrx_word' id='word_1_834' title='bbox 3296 2803 3374 2856; x_wconf 89' lang='lat' dir='ltr'><strong>sic</strong></span> <span class='ocrx_word' id='word_1_835' title='bbox 3401 2804 3468 2856; x_wconf 86' lang='lat' dir='ltr'><strong>de</strong></span> <span class='ocrx_word' id='word_1_836' title='bbox 3490 2798 3653 2857; x_wconf 79' lang='lat' dir='ltr'><strong>victo-</strong></span> 
     </span>
    </p>
   </div>
   <div class='ocr_carea' id='block_1_116' title="bbox 2095 2866 3652 2940">
    <p class='ocr_par' dir='ltr' id='par_1_116' title="bbox 2095 2866 3652 2940">
     <span class='ocr_line' id='line_1_116' title="bbox 2095 2866 3652 2940; baseline 0.009 -25"><span class='ocrx_word' id='word_1_837' title='bbox 2095 2866 2168 2915; x_wconf 86' lang='lat' dir='ltr'><strong>ria</strong></span> <span class='ocrx_word' id='word_1_838' title='bbox 2198 2875 2375 2940; x_wconf 87' lang='lat' dir='ltr'><strong>certus</strong></span> <span class='ocrx_word' id='word_1_839' title='bbox 2404 2871 2569 2940; x_wconf 83' lang='lat' dir='ltr'><strong>lactus</strong></span> <span class='ocrx_word' id='word_1_840' title='bbox 2595 2878 2697 2940; x_wconf 87' lang='lat' dir='ltr'><strong>est.</strong></span> <span class='ocrx_word' id='word_1_841' title='bbox 2742 2869 2841 2921; x_wconf 81' lang='lat' dir='ltr'><strong>Per</strong></span> <span class='ocrx_word' id='word_1_842' title='bbox 2870 2870 3039 2922; x_wconf 83' lang='lat' dir='ltr'><strong>vellus</strong></span> <span class='ocrx_word' id='word_1_843' title='bbox 3068 2871 3373 2940; x_wconf 81' lang='lat' dir='ltr'><strong>designatur</strong></span> <span class='ocrx_word' id='word_1_844' title='bbox 3401 2872 3652 2929; x_wconf 74' lang='lat' dir='ltr'><strong>Judaicus</strong></span> 
     </span>
    </p>
   </div>
   <div class='ocr_carea' id='block_1_117' title="bbox 2095 2936 3650 3002">
    <p class='ocr_par' dir='ltr' id='par_1_117' title="bbox 2095 2936 3650 3002">
     <span class='ocr_line' id='line_1_117' title="bbox 2095 2936 3650 3002; baseline 0.01 -18"><span class='ocrx_word' id='word_1_845' title='bbox 2095 2936 2336 3001; x_wconf 81' lang='lat' dir='ltr'><strong>populus,</strong></span> <span class='ocrx_word' id='word_1_846' title='bbox 2382 2938 2519 3002; x_wconf 90' lang='lat' dir='ltr'><strong>quod</strong></span> <span class='ocrx_word' id='word_1_847' title='bbox 2562 2938 2699 2989; x_wconf 84' lang='lat' dir='ltr'><strong>sicut</strong></span> <span class='ocrx_word' id='word_1_848' title='bbox 2729 2940 2894 2991; x_wconf 75' lang='lat' dir='ltr'><strong>vellus</strong></span> <span class='ocrx_word' id='word_1_849' title='bbox 2934 2944 3001 2993; x_wconf 85' lang='lat' dir='ltr'><strong>ab</strong></span> <span class='ocrx_word' id='word_1_850' title='bbox 3046 2956 3145 2993; x_wconf 90' lang='lat' dir='ltr'><strong>ove</strong></span> <span class='ocrx_word' id='word_1_851' title='bbox 3183 2936 3461 2996; x_wconf 73' lang='lat' dir='ltr'><strong>aufertur:</strong></span> <span class='ocrx_word' id='word_1_852' title='bbox 3506 2945 3575 2997; x_wconf 87' lang='lat' dir='ltr'><strong>ita</strong></span> <span class='ocrx_word' id='word_1_853' title='bbox 3617 2961 3650 2999; x_wconf 79' lang='lat' dir='ltr'><strong>a</strong></span> 
     </span>
    </p>
   </div>
   <div class='ocr_carea' id='block_1_118' title="bbox 2095 3007 3653 3078">
    <p class='ocr_par' dir='ltr' id='par_1_118' title="bbox 2095 3007 3653 3078">
     <span class='ocr_line' id='line_1_118' title="bbox 2095 3007 3653 3078; baseline 0.01 -22"><span class='ocrx_word' id='word_1_854' title='bbox 2095 3011 2207 3078; x_wconf 74' lang='lat' dir='ltr'><strong>lege</strong></span> <span class='ocrx_word' id='word_1_855' title='bbox 2247 3014 2299 3057; x_wconf 91' lang='lat' dir='ltr'><strong>et</strong></span> <span class='ocrx_word' id='word_1_856' title='bbox 2338 3010 2503 3073; x_wconf 75' lang='lat' dir='ltr'><strong>gloria</strong></span> <span class='ocrx_word' id='word_1_857' title='bbox 2549 3007 2646 3060; x_wconf 91' lang='lat' dir='ltr'><strong>loci</strong></span> <span class='ocrx_word' id='word_1_858' title='bbox 2689 3018 2741 3060; x_wconf 90' lang='lat' dir='ltr'><strong>et</strong></span> <span class='ocrx_word' id='word_1_859' title='bbox 2779 3010 2950 3075; x_wconf 83' lang='lat' dir='ltr'><strong>gentis</strong></span> <span class='ocrx_word' id='word_1_860' title='bbox 2979 3018 3093 3062; x_wconf 90' lang='lat' dir='ltr'><strong>erat</strong></span> <span class='ocrx_word' id='word_1_861' title='bbox 3134 3012 3531 3078; x_wconf 82' lang='lat' dir='ltr'><strong>exstirpandus.</strong></span> <span class='ocrx_word' id='word_1_862' title='bbox 3581 3017 3653 3070; x_wconf 84' lang='lat' dir='ltr'><strong>Et</strong></span> 
     </span>
    </p>
   </div>
   <div class='ocr_carea' id='block_1_119' title="bbox 2096 3075 3650 3152">
    <p class='ocr_par' dir='ltr' id='par_1_119' title="bbox 2096 3075 3650 3152">
     <span class='ocr_line' id='line_1_119' title="bbox 2096 3075 3650 3152; baseline 0.01 -27"><span class='ocrx_word' id='word_1_863' title='bbox 2096 3075 2343 3152; x_wconf 82' lang='lat' dir='ltr'><strong>Dominus</strong></span> <span class='ocrx_word' id='word_1_864' title='bbox 2370 3078 2641 3152; x_wconf 79' lang='lat' dir='ltr'><strong>descendit</strong></span> <span class='ocrx_word' id='word_1_865' title='bbox 2673 3079 2862 3152; x_wconf 77' lang='lat' dir='ltr'><strong>primo,</strong></span> <span class='ocrx_word' id='word_1_866' title='bbox 2886 3080 3013 3152; x_wconf 73' lang='lat' dir='ltr'><strong>sicut</strong></span> <span class='ocrx_word' id='word_1_867' title='bbox 3039 3081 3208 3147; x_wconf 81' lang='lat' dir='ltr'><strong>pluvia</strong></span> <span class='ocrx_word' id='word_1_868' title='bbox 3234 3083 3286 3133; x_wconf 89' lang='lat' dir='ltr'><strong>in</strong></span> <span class='ocrx_word' id='word_1_869' title='bbox 3307 3075 3470 3152; x_wconf 68' lang='lat' dir='ltr'><strong>uellus</strong></span> <span class='ocrx_word' id='word_1_870' title='bbox 3489 3099 3508 3137; x_wconf 89' lang='lat'><strong><em>:</em></strong></span> <span class='ocrx_word' id='word_1_871' title='bbox 3528 3088 3650 3152; x_wconf 86' lang='lat' dir='ltr'><strong>quia</strong></span> 
     </span>
    </p>
   </div>
   <div class='ocr_carea' id='block_1_120' title="bbox 2100 3146 3655 3218">
    <p class='ocr_par' dir='ltr' id='par_1_120' title="bbox 2100 3146 3655 3218">
     <span class='ocr_line' id='line_1_120' title="bbox 2100 3146 3655 3218; baseline 0.009 -24"><span class='ocrx_word' id='word_1_872' title='bbox 2100 3146 2243 3209; x_wconf 85' lang='lat' dir='ltr'><strong>prius</strong></span> <span class='ocrx_word' id='word_1_873' title='bbox 2274 3147 2519 3212; x_wconf 84' lang='lat' dir='ltr'><strong>populum</strong></span> <span class='ocrx_word' id='word_1_874' title='bbox 2552 3147 2697 3199; x_wconf 89' lang='lat' dir='ltr'><strong>illum</strong></span> <span class='ocrx_word' id='word_1_875' title='bbox 2728 3149 2985 3214; x_wconf 78' lang='lat' dir='ltr'><strong>spiritUali</strong></span> <span class='ocrx_word' id='word_1_876' title='bbox 3028 3154 3191 3218; x_wconf 87' lang='lat' dir='ltr'><strong>gratia</strong></span> <span class='ocrx_word' id='word_1_877' title='bbox 3224 3151 3474 3218; x_wconf 86' lang='lat' dir='ltr'><strong>perfudit.</strong></span> <span class='ocrx_word' id='word_1_878' title='bbox 3525 3146 3655 3209; x_wconf 80' lang='lat' dir='ltr'><strong>Inde</strong></span> 
     </span>
    </p>
   </div>
   <div class='ocr_carea' id='block_1_121' title="bbox 2098 3217 3655 3287">
    <p class='ocr_par' dir='ltr' id='par_1_121' title="bbox 2098 3217 3655 3287">
     <span class='ocr_line' id='line_1_121' title="bbox 2098 3217 3655 3287; baseline 0.008 -21"><span class='ocrx_word' id='word_1_879' title='bbox 2098 3229 2162 3266; x_wconf 87' lang='lat' dir='ltr'><strong>en</strong></span> <span class='ocrx_word' id='word_1_880' title='bbox 2191 3231 2237 3265; x_wconf 86' lang='grc' dir='ltr'><strong>ιιι</strong></span> <span class='ocrx_word' id='word_1_881' title='bbox 2267 3225 2485 3287; x_wconf 84' lang='lat' dir='ltr'><strong>matrem</strong></span> <span class='ocrx_word' id='word_1_882' title='bbox 2512 3219 2609 3269; x_wconf 86' lang='lat' dir='ltr'><strong>sibi</strong></span> <span class='ocrx_word' id='word_1_883' title='bbox 2639 3217 2816 3285; x_wconf 78' lang='lat' dir='ltr'><strong>elegit,</strong></span> <span class='ocrx_word' id='word_1_884' title='bbox 2841 3220 2892 3271; x_wconf 93' lang='lat' dir='ltr'><strong>in</strong></span> <span class='ocrx_word' id='word_1_885' title='bbox 2919 3217 3130 3274; x_wconf 84' lang='lat' dir='ltr'><strong>sanctos</strong></span> <span class='ocrx_word' id='word_1_886' title='bbox 3159 3217 3426 3287; x_wconf 80' lang='lat' dir='ltr'><strong>apostolos</strong></span> <span class='ocrx_word' id='word_1_887' title='bbox 3451 3238 3655 3279; x_wconf 79' lang='lat' dir='ltr'><strong>assum-</strong></span> 
     </span>
    </p>
   </div>
   <div class='ocr_carea' id='block_1_122' title="bbox 2100 3286 3650 3361">
    <p class='ocr_par' dir='ltr' id='par_1_122' title="bbox 2100 3286 3650 3361">
     <span class='ocr_line' id='line_1_122' title="bbox 2100 3286 3650 3361; baseline 0.008 -26"><span class='ocrx_word' id='word_1_888' title='bbox 2100 3287 2231 3361; x_wconf 74' lang='lat' dir='ltr'><strong>psit,</strong></span> <span class='ocrx_word' id='word_1_889' title='bbox 2248 3286 2368 3361; x_wconf 85' lang='lat' dir='ltr'><strong>inde</strong></span> <span class='ocrx_word' id='word_1_890' title='bbox 2392 3298 2791 3361; x_wconf 57' lang='lat' dir='ltr'><strong>crpus-contum</strong></span> <span class='ocrx_word' id='word_1_891' title='bbox 2819 3291 3149 3356; x_wconf 67' lang='lat' dir='ltr'><strong>lit-angelicae</strong></span> <span class='ocrx_word' id='word_1_892' title='bbox 3173 3292 3409 3345; x_wconf 86' lang='lat' dir='ltr'><strong>veritatis</strong></span> <span class='ocrx_word' id='word_1_893' title='bbox 3436 3295 3650 3361; x_wconf 83' lang='lat' dir='ltr'><strong>incepit.</strong></span> 
     </span>
    </p>
   </div>
   <div class='ocr_carea' id='block_1_123' title="bbox 2103 3355 3655 3431">
    <p class='ocr_par' dir='ltr' id='par_1_123' title="bbox 2103 3355 3655 3431">
     <span class='ocr_line' id='line_1_123' title="bbox 2103 3355 3655 3431; baseline 0.008 -27"><span class='ocrx_word' id='word_1_894' title='bbox 2103 3355 2165 3405; x_wconf 64' lang='lat' dir='ltr'><strong>fat</strong></span> <span class='ocrx_word' id='word_1_895' title='bbox 2202 3357 2392 3407; x_wconf 67' lang='lat' dir='ltr'><strong>deinde</strong></span> <span class='ocrx_word' id='word_1_896' title='bbox 2434 3359 2708 3431; x_wconf 83' lang='lat' dir='ltr'><strong>descendit</strong></span> <span class='ocrx_word' id='word_1_897' title='bbox 2744 3360 2875 3431; x_wconf 71' lang='lat' dir='ltr'><strong>sicut&quot;</strong></span> <span class='ocrx_word' id='word_1_898' title='bbox 2911 3355 3175 3412; x_wconf 77' lang='lat' dir='ltr'><strong>stillicidia</strong></span> <span class='ocrx_word' id='word_1_899' title='bbox 3216 3363 3467 3414; x_wconf 74' lang='lat' dir='ltr'><strong>stillantia</strong></span> <span class='ocrx_word' id='word_1_900' title='bbox 3504 3355 3655 3431; x_wconf 74' lang='lat' dir='ltr'><strong>super</strong></span> 
     </span>
    </p>
   </div>
   <div class='ocr_carea' id='block_1_124' title="bbox 2098 3427 3653 3499">
    <p class='ocr_par' dir='ltr' id='par_1_124' title="bbox 2098 3427 3653 3499">
     <span class='ocr_line' id='line_1_124' title="bbox 2098 3427 3653 3499; baseline 0.008 -25"><span class='ocrx_word' id='word_1_901' title='bbox 2098 3434 2315 3488; x_wconf 86' lang='lat' dir='ltr'><strong>terram;</strong></span> <span class='ocrx_word' id='word_1_902' title='bbox 2362 3427 2951 3499; x_wconf 68' lang='lat' dir='ltr'><strong>quiapra-conantibus</strong></span> <span class='ocrx_word' id='word_1_903' title='bbox 2992 3433 3189 3483; x_wconf 85' lang='lat' dir='ltr'><strong>sanctis</strong></span> <span class='ocrx_word' id='word_1_904' title='bbox 3216 3433 3492 3499; x_wconf 83' lang='lat' dir='ltr'><strong>apostolis,</strong></span> <span class='ocrx_word' id='word_1_905' title='bbox 3523 3427 3653 3486; x_wconf 84' lang='lat' dir='ltr'><strong>coa-</strong></span> 
     </span>
    </p>
   </div>
   <div class='ocr_carea' id='block_1_125' title="bbox 2098 3497 3655 3570">
    <p class='ocr_par' dir='ltr' id='par_1_125' title="bbox 2098 3497 3655 3570">
     <span class='ocr_line' id='line_1_125' title="bbox 2098 3497 3655 3570; baseline 0.008 -25"><span class='ocrx_word' id='word_1_906' title='bbox 2098 3498 2425 3570; x_wconf 76' lang='lat' dir='ltr'><strong>tradi_xeruitt</strong></span> <span class='ocrx_word' id='word_1_907' title='bbox 2463 3498 2542 3549; x_wconf 87' lang='lat' dir='ltr'><strong>eis</strong></span> <span class='ocrx_word' id='word_1_908' title='bbox 2579 3497 2748 3570; x_wconf 60' lang='lat' dir='ltr'><strong>Judaj</strong></span> <span class='ocrx_word' id='word_1_909' title='bbox 2775 3540 2788 3562; x_wconf 97' lang='lat'><strong>,</strong></span> <span class='ocrx_word' id='word_1_910' title='bbox 2838 3500 3182 3567; x_wconf 84' lang='lat' dir='ltr'><strong>prohibentes</strong></span> <span class='ocrx_word' id='word_1_911' title='bbox 3226 3497 3452 3570; x_wconf 81' lang='lat' dir='ltr'><strong>nequis</strong></span> <span class='ocrx_word' id='word_1_912' title='bbox 3494 3504 3546 3557; x_wconf 90' lang='lat' dir='ltr'><strong>in</strong></span> <span class='ocrx_word' id='word_1_913' title='bbox 3586 3518 3655 3558; x_wconf 88' lang='lat' dir='ltr'><strong>eo</strong></span> 
     </span>
    </p>
   </div>
   <div class='ocr_carea' id='block_1_126' title="bbox 2097 3566 3651 3633">
    <p class='ocr_par' dir='ltr' id='par_1_126' title="bbox 2097 3566 3651 3633">
     <span class='ocr_line' id='line_1_126' title="bbox 2097 3566 3651 3633; baseline 0.009 -20"><span class='ocrx_word' id='word_1_914' title='bbox 2097 3567 2311 3617; x_wconf 89' lang='lat' dir='ltr'><strong>nomine</strong></span> <span class='ocrx_word' id='word_1_915' title='bbox 2339 3566 2659 3633; x_wconf 87' lang='lat' dir='ltr'><strong>loqueretur.</strong></span> <span class='ocrx_word' id='word_1_916' title='bbox 2696 3567 2759 3619; x_wconf 89' lang='lat' dir='ltr'><strong>Et</strong></span> <span class='ocrx_word' id='word_1_917' title='bbox 2785 3566 2862 3620; x_wconf 89' lang='lat' dir='ltr'><strong>sic</strong></span> <span class='ocrx_word' id='word_1_918' title='bbox 2886 3570 3049 3623; x_wconf 87' lang='lat' dir='ltr'><strong>vellus</strong></span> <span class='ocrx_word' id='word_1_919' title='bbox 3073 3570 3271 3624; x_wconf 85' lang='lat' dir='ltr'><strong>siccum</strong></span> <span class='ocrx_word' id='word_1_920' title='bbox 3298 3566 3571 3633; x_wconf 75' lang='lat' dir='ltr'><strong>remansit.</strong></span> <span class='ocrx_word' id='word_1_921' title='bbox 3595 3587 3651 3627; x_wconf 84' lang='lat' dir='ltr'><strong>et</strong></span> 
     </span>
    </p>
   </div>
   <div class='ocr_carea' id='block_1_127' title="bbox 2098 3636 3638 3710">
    <p class='ocr_par' dir='ltr' id='par_1_127' title="bbox 2098 3636 3638 3710">
     <span class='ocr_line' id='line_1_127' title="bbox 2098 3636 3638 3710; baseline 0.009 -26"><span class='ocrx_word' id='word_1_922' title='bbox 2098 3643 2235 3710; x_wconf 74' lang='lat' dir='ltr'><strong>terra</strong></span> <span class='ocrx_word' id='word_1_923' title='bbox 2266 3650 2382 3702; x_wconf 79' lang='lat' dir='ltr'><strong>qua:</strong></span> <span class='ocrx_word' id='word_1_924' title='bbox 2414 3636 2551 3710; x_wconf 84' lang='lat' dir='ltr'><strong>circa</strong></span> <span class='ocrx_word' id='word_1_925' title='bbox 2578 3648 2718 3699; x_wconf 90' lang='lat' dir='ltr'><strong>erat,</strong></span> <span class='ocrx_word' id='word_1_926' title='bbox 2762 3640 3029 3710; x_wconf 86' lang='lat' dir='ltr'><strong>compluta</strong></span> <span class='ocrx_word' id='word_1_927' title='bbox 3058 3650 3172 3694; x_wconf 87' lang='lat' dir='ltr'><strong>est:</strong></span> <span class='ocrx_word' id='word_1_928' title='bbox 3205 3642 3327 3708; x_wconf 89' lang='lat' dir='ltr'><strong>quia</strong></span> <span class='ocrx_word' id='word_1_929' title='bbox 3356 3645 3524 3710; x_wconf 88' lang='lat' dir='ltr'><strong>gratia</strong></span> <span class='ocrx_word' id='word_1_930' title='bbox 3553 3644 3638 3698; x_wconf 75' lang='lat' dir='ltr'><strong>Ju-</strong></span> 
     </span>
    </p>
   </div>
   <div class='ocr_carea' id='block_1_128' title="bbox 2095 3704 3657 3778">
    <p class='ocr_par' dir='ltr' id='par_1_128' title="bbox 2095 3704 3657 3778">
     <span class='ocr_line' id='line_1_128' title="bbox 2095 3704 3657 3778; baseline 0.008 -23"><span class='ocrx_word' id='word_1_931' title='bbox 2095 3704 2221 3757; x_wconf 62' lang='lat' dir='ltr'><strong>daeis</strong></span> <span class='ocrx_word' id='word_1_932' title='bbox 2246 3715 2326 3778; x_wconf 82' lang='lat' dir='ltr'><strong>est</strong></span> <span class='ocrx_word' id='word_1_933' title='bbox 2347 3709 2637 3769; x_wconf 85' lang='lat' dir='ltr'><strong>subtracta,</strong></span> <span class='ocrx_word' id='word_1_934' title='bbox 2660 3704 2903 3776; x_wconf 83' lang='lat' dir='ltr'><strong>gentibus</strong></span> <span class='ocrx_word' id='word_1_935' title='bbox 2925 3719 3009 3763; x_wconf 86' lang='lat' dir='ltr'><strong>est</strong></span> <span class='ocrx_word' id='word_1_936' title='bbox 3031 3704 3317 3778; x_wconf 83' lang='lat' dir='ltr'><strong>pr0posita.</strong></span> <span class='ocrx_word' id='word_1_937' title='bbox 3342 3704 3488 3767; x_wconf 68' lang='lat' dir='ltr'><strong>Tunc</strong></span> <span class='ocrx_word' id='word_1_938' title='bbox 3510 3717 3657 3767; x_wconf 79' lang='lat' dir='ltr'><strong>enim</strong></span> 
     </span>
    </p>
   </div>
   <div class='ocr_carea' id='block_1_129' title="bbox 2093 3776 3652 3846">
    <p class='ocr_par' dir='ltr' id='par_1_129' title="bbox 2093 3776 3652 3846">
     <span class='ocr_line' id='line_1_129' title="bbox 2093 3776 3652 3846; baseline 0.008 -22"><span class='ocrx_word' id='word_1_939' title='bbox 2093 3776 2261 3827; x_wconf 86' lang='lat' dir='ltr'><strong>sancti</strong></span> <span class='ocrx_word' id='word_1_940' title='bbox 2286 3778 2516 3846; x_wconf 80' lang='lat' dir='ltr'><strong>apostoli</strong></span> <span class='ocrx_word' id='word_1_941' title='bbox 2549 3779 2597 3828; x_wconf 89' lang='lat' dir='ltr'><strong>in</strong></span> <span class='ocrx_word' id='word_1_942' title='bbox 2627 3794 2761 3829; x_wconf 78' lang='lat' dir='ltr'><strong>vram</strong></span> <span class='ocrx_word' id='word_1_943' title='bbox 2789 3784 3025 3846; x_wconf 86' lang='lat' dir='ltr'><strong>gentium</strong></span> <span class='ocrx_word' id='word_1_944' title='bbox 3054 3776 3321 3846; x_wconf 85' lang='lat' dir='ltr'><strong>abierunt,</strong></span> <span class='ocrx_word' id='word_1_945' title='bbox 3353 3790 3409 3837; x_wconf 89' lang='lat' dir='ltr'><strong>et</strong></span> <span class='ocrx_word' id='word_1_946' title='bbox 3438 3786 3491 3835; x_wconf 87' lang='lat' dir='ltr'><strong>in</strong></span> <span class='ocrx_word' id='word_1_947' title='bbox 3519 3786 3652 3837; x_wconf 83' lang='lat' dir='ltr'><strong>civi-</strong></span> 
     </span>
    </p>
   </div>
   <div class='ocr_carea' id='block_1_130' title="bbox 2097 3845 3648 3918">
    <p class='ocr_par' dir='ltr' id='par_1_130' title="bbox 2097 3845 3648 3918">
     <span class='ocr_line' id='line_1_130' title="bbox 2097 3845 3648 3918; baseline 0.007 -24"><span class='ocrx_word' id='word_1_948' title='bbox 2097 3854 2254 3918; x_wconf 79' lang='lat' dir='ltr'><strong>tatem</strong></span> <span class='ocrx_word' id='word_1_949' title='bbox 2278 3845 2752 3918; x_wconf 82' lang='lat' dir='ltr'><strong>Samaritanorum,</strong></span> <span class='ocrx_word' id='word_1_950' title='bbox 2775 3849 2913 3914; x_wconf 91' lang='lat' dir='ltr'><strong>quod</strong></span> <span class='ocrx_word' id='word_1_951' title='bbox 2938 3853 3086 3918; x_wconf 88' lang='lat' dir='ltr'><strong>prius</strong></span> <span class='ocrx_word' id='word_1_952' title='bbox 3111 3852 3433 3917; x_wconf 83' lang='lat' dir='ltr'><strong>prohibitum</strong></span> <span class='ocrx_word' id='word_1_953' title='bbox 3458 3853 3648 3917; x_wconf 87' lang='lat' dir='ltr'><strong>fuerat,</strong></span> 
     </span>
    </p>
   </div>
   <div class='ocr_carea' id='block_1_131' title="bbox 2093 3914 3651 3992">
    <p class='ocr_par' dir='ltr' id='par_1_131' title="bbox 2093 3914 3651 3992">
     <span class='ocr_line' id='line_1_131' title="bbox 2093 3914 3651 3992; baseline 0.007 -27"><span class='ocrx_word' id='word_1_954' title='bbox 2093 3914 2418 3992; x_wconf 71' lang='lat' dir='ltr'><strong>introierunt</strong></span> <span class='ocrx_word' id='word_1_955' title='bbox 2446 3917 2682 3992; x_wconf 82' lang='lat' dir='ltr'><strong>dicentes</strong></span> <span class='ocrx_word' id='word_1_956' title='bbox 2708 3935 2722 3970; x_wconf 87' lang='lat'><strong>:</strong></span> <span class='ocrx_word' id='word_1_957' title='bbox 2747 3918 2912 3992; x_wconf 20' lang='lat' dir='ltr'><strong>AVobis</strong></span> <span class='ocrx_word' id='word_1_958' title='bbox 2940 3914 3179 3992; x_wconf 66' lang='lat' dir='ltr'><strong>primum</strong></span> <span class='ocrx_word' id='word_1_959' title='bbox 3204 3923 3476 3992; x_wconf 72' lang='lat' dir='ltr'><strong>apertebat</strong></span> <span class='ocrx_word' id='word_1_960' title='bbox 3512 3914 3651 3992; x_wconf 81' lang='lat' dir='ltr'><strong>loqui</strong></span> 
     </span>
    </p>
   </div>
   <div class='ocr_carea' id='block_1_132' title="bbox 2093 3984 3648 4061">
    <p class='ocr_par' dir='ltr' id='par_1_132' title="bbox 2093 3984 3648 4061">
     <span class='ocr_line' id='line_1_132' title="bbox 2093 3984 3648 4061; baseline 0.007 -26"><span class='ocrx_word' id='word_1_961' title='bbox 2093 3984 2446 4061; x_wconf 30' lang='lat' dir='ltr'><strong>verbum‘ﬂei,</strong></span> <span class='ocrx_word' id='word_1_962' title='bbox 2486 3988 2573 4038; x_wconf 73' lang='lat' dir='ltr'><strong>sed</strong></span> <span class='ocrx_word' id='word_1_963' title='bbox 2602 3990 2839 4056; x_wconf 84' lang='lat' dir='ltr'><strong>quoniam</strong></span> <span class='ocrx_word' id='word_1_964' title='bbox 2869 3984 3127 4054; x_wconf 54' lang='lat' dir='ltr'><strong>rettulistis</strong></span> <span class='ocrx_word' id='word_1_965' title='bbox 3154 3984 3306 4054; x_wconf 72' lang='lat' dir='ltr'><strong>illud,</strong></span> <span class='ocrx_word' id='word_1_966' title='bbox 3337 4002 3383 4044; x_wconf 83' lang='lat' dir='ltr'><strong>et</strong></span> <span class='ocrx_word' id='word_1_967' title='bbox 3410 3984 3648 4061; x_wconf 71' lang='lat' dir='ltr'><strong>indignos</strong></span> 
     </span>
    </p>
   </div>
   <div class='ocr_carea' id='block_1_133' title="bbox 2093 4054 3309 4131">
    <p class='ocr_par' dir='ltr' id='par_1_133' title="bbox 2093 4054 3309 4131">
     <span class='ocr_line' id='line_1_133' title="bbox 2093 4054 3309 4131; baseline 0.007 -27"><span class='ocrx_word' id='word_1_968' title='bbox 2093 4070 2185 4131; x_wconf 31' lang='grc' dir='ltr'><strong>τοι.</strong></span> <span class='ocrx_word' id='word_1_969' title='bbox 2202 4054 2496 4124; x_wconf 75' lang='lat' dir='ltr'><strong>judicastis,</strong></span> <span class='ocrx_word' id='word_1_970' title='bbox 2526 4054 2638 4131; x_wconf 78' lang='lat' dir='ltr'><strong>ecce</strong></span> <span class='ocrx_word' id='word_1_971' title='bbox 2664 4062 3001 4131; x_wconf 82' lang='lat' dir='ltr'><strong>convertimur</strong></span> <span class='ocrx_word' id='word_1_972' title='bbox 3024 4062 3091 4111; x_wconf 87' lang='lat' dir='ltr'><strong>ad</strong></span> <span class='ocrx_word' id='word_1_973' title='bbox 3120 4070 3309 4131; x_wconf 72' lang='lat' dir='ltr'><strong>gentes.</strong></span> 
     </span>
    </p>
   </div>
   <div class='ocr_carea' id='block_1_134' title="bbox 2165 4124 3644 4199">
    <p class='ocr_par' dir='ltr' id='par_1_134' title="bbox 2165 4124 3644 4199">
     <span class='ocr_line' id='line_1_134' title="bbox 2165 4124 3644 4199; baseline 0.007 -24"><span class='ocrx_word' id='word_1_974' title='bbox 2165 4124 2426 4199; x_wconf 73' lang='lat' dir='ltr'><strong>()rieturin</strong></span> <span class='ocrx_word' id='word_1_975' title='bbox 2444 4128 2613 4199; x_wconf 75' lang='lat' dir='ltr'><strong>diebus</strong></span> <span class='ocrx_word' id='word_1_976' title='bbox 2629 4130 2759 4197; x_wconf 73' lang='lat' dir='ltr'><strong>ejus.</strong></span> <span class='ocrx_word' id='word_1_977' title='bbox 2787 4131 3085 4195; x_wconf 83' lang='lat' dir='ltr'><strong>Descendit,</strong></span> <span class='ocrx_word' id='word_1_978' title='bbox 3112 4124 3343 4199; x_wconf 69' lang='lat' dir='ltr'><strong>inquam,</strong></span> <span class='ocrx_word' id='word_1_979' title='bbox 3372 4130 3644 4195; x_wconf 87' lang='lat' dir='ltr'><strong>Dominus,</strong></span> 
     </span>
    </p>
   </div>
   <div class='ocr_carea' id='block_1_135' title="bbox 2089 4194 3647 4270">
    <p class='ocr_par' dir='ltr' id='par_1_135' title="bbox 2089 4194 3647 4270">
     <span class='ocr_line' id='line_1_135' title="bbox 2089 4194 3647 4270; baseline 0.007 -24"><span class='ocrx_word' id='word_1_980' title='bbox 2089 4202 2143 4246; x_wconf 88' lang='lat' dir='ltr'><strong>et</strong></span> <span class='ocrx_word' id='word_1_981' title='bbox 2172 4197 2221 4245; x_wconf 86' lang='lat' dir='ltr'><strong>in</strong></span> <span class='ocrx_word' id='word_1_982' title='bbox 2249 4194 2557 4270; x_wconf 65' lang='lat' dir='ltr'><strong>diebusejus</strong></span> <span class='ocrx_word' id='word_1_983' title='bbox 2579 4194 2805 4270; x_wconf 68' lang='lat' dir='ltr'><strong>justitia,</strong></span> <span class='ocrx_word' id='word_1_984' title='bbox 2830 4201 2972 4267; x_wconf 89' lang='lat' dir='ltr'><strong>prius</strong></span> <span class='ocrx_word' id='word_1_985' title='bbox 2995 4194 3219 4263; x_wconf 81' lang='lat' dir='ltr'><strong>oceulta,</strong></span> <span class='ocrx_word' id='word_1_986' title='bbox 3247 4212 3299 4253; x_wconf 84' lang='lat' dir='ltr'><strong>et</strong></span> <span class='ocrx_word' id='word_1_987' title='bbox 3326 4194 3378 4252; x_wconf 84' lang='lat' dir='ltr'><strong>in</strong></span> <span class='ocrx_word' id='word_1_988' title='bbox 3407 4203 3519 4270; x_wconf 85' lang='lat' dir='ltr'><strong>lege</strong></span> <span class='ocrx_word' id='word_1_989' title='bbox 3541 4194 3647 4258; x_wconf 79' lang='lat' dir='ltr'><strong>non</strong></span> 
     </span>
    </p>
   </div>
   <div class='ocr_carea' id='block_1_136' title="bbox 2089 4266 3647 4333">
    <p class='ocr_par' dir='ltr' id='par_1_136' title="bbox 2089 4266 3647 4333">
     <span class='ocr_line' id='line_1_136' title="bbox 2089 4266 3647 4333; baseline 0.009 -21"><span class='ocrx_word' id='word_1_990' title='bbox 2089 4279 2368 4331; x_wconf 83' lang='lat' dir='ltr'><strong>apparens.</strong></span> <span class='ocrx_word' id='word_1_991' title='bbox 2397 4266 2621 4331; x_wconf 83' lang='lat' dir='ltr'><strong>Ortetur,</strong></span> <span class='ocrx_word' id='word_1_992' title='bbox 2646 4269 2695 4320; x_wconf 87' lang='lat' dir='ltr'><strong>id</strong></span> <span class='ocrx_word' id='word_1_993' title='bbox 2722 4283 2822 4333; x_wconf 87' lang='lat' dir='ltr'><strong>est,</strong></span> <span class='ocrx_word' id='word_1_994' title='bbox 2850 4270 3295 4325; x_wconf 79' lang='lat' dir='ltr'><strong>manifestabitur.</strong></span> <span class='ocrx_word' id='word_1_995' title='bbox 3316 4266 3494 4325; x_wconf 53' lang='lat' dir='ltr'><strong>Justus</strong></span> <span class='ocrx_word' id='word_1_996' title='bbox 3513 4275 3647 4326; x_wconf 79' lang='lat' dir='ltr'><strong>enim</strong></span> 
     </span>
    </p>
   </div>
   <div class='ocr_carea' id='block_1_137' title="bbox 2088 4336 3645 4407">
    <p class='ocr_par' dir='ltr' id='par_1_137' title="bbox 2088 4336 3645 4407">
     <span class='ocr_line' id='line_1_137' title="bbox 2088 4336 3645 4407; baseline 0.007 -22"><span class='ocrx_word' id='word_1_997' title='bbox 2088 4349 2149 4386; x_wconf 74' lang='lat' dir='ltr'><strong>ex</strong></span> <span class='ocrx_word' id='word_1_998' title='bbox 2172 4336 2273 4407; x_wconf 77' lang='lat' dir='ltr'><strong>ﬁde</strong></span> <span class='ocrx_word' id='word_1_999' title='bbox 2302 4336 2417 4388; x_wconf 77' lang='lat' dir='ltr'><strong>vivit</strong></span> <span class='ocrx_word' id='word_1_1000' title='bbox 2435 4352 2452 4399; x_wconf 91' lang='lat'><em>;</em></span> <span class='ocrx_word' id='word_1_1001' title='bbox 2494 4346 2549 4389; x_wconf 91' lang='lat' dir='ltr'><strong>et</strong></span> <span class='ocrx_word' id='word_1_1002' title='bbox 2577 4340 2774 4391; x_wconf 88' lang='lat' dir='ltr'><strong>orietur</strong></span> <span class='ocrx_word' id='word_1_1003' title='bbox 2800 4341 3115 4392; x_wconf 83' lang='lat' dir='ltr'><strong>abundantia</strong></span> <span class='ocrx_word' id='word_1_1004' title='bbox 3145 4342 3305 4407; x_wconf 75' lang='lat' dir='ltr'><strong>pacis,</strong></span> <span class='ocrx_word' id='word_1_1005' title='bbox 3351 4342 3554 4395; x_wconf 80' lang='lat' dir='ltr'><strong>scilicet</strong></span> <span class='ocrx_word' id='word_1_1006' title='bbox 3587 4353 3645 4396; x_wconf 90' lang='lat' dir='ltr'><strong>ut</strong></span> 
     </span>
    </p>
   </div>
   <div class='ocr_carea' id='block_1_138' title="bbox 2090 4406 3643 4474">
    <p class='ocr_par' dir='ltr' id='par_1_138' title="bbox 2090 4406 3643 4474">
     <span class='ocr_line' id='line_1_138' title="bbox 2090 4406 3643 4474; baseline 0.007 -19"><span class='ocrx_word' id='word_1_1007' title='bbox 2090 4413 2142 4455; x_wconf 89' lang='lat' dir='ltr'><strong>ct</strong></span> <span class='ocrx_word' id='word_1_1008' title='bbox 2171 4406 2365 4457; x_wconf 78' lang='lat' dir='ltr'><strong>lflitttit&#39;i</strong></span> <span class='ocrx_word' id='word_1_1009' title='bbox 2394 4409 2708 4474; x_wconf 81' lang='lat' dir='ltr'><strong>diligantur;</strong></span> <span class='ocrx_word' id='word_1_1010' title='bbox 2740 4420 2792 4461; x_wconf 87' lang='lat' dir='ltr'><strong>et</strong></span> <span class='ocrx_word' id='word_1_1011' title='bbox 2822 4412 2922 4463; x_wconf 89' lang='lat' dir='ltr'><strong>hoc</strong></span> <span class='ocrx_word' id='word_1_1012' title='bbox 2951 4421 3055 4461; x_wconf 88' lang='lat' dir='ltr'><strong>tant</strong></span> <span class='ocrx_word' id='word_1_1013' title='bbox 3078 4406 3168 4464; x_wconf 88' lang='lat' dir='ltr'><strong>diu</strong></span> <span class='ocrx_word' id='word_1_1014' title='bbox 3194 4413 3313 4469; x_wconf 84' lang='lat' dir='ltr'><strong>erit,</strong></span> <span class='ocrx_word' id='word_1_1015' title='bbox 3338 4413 3499 4464; x_wconf 85' lang='lat' dir='ltr'><strong>donec</strong></span> <span class='ocrx_word' id='word_1_1016' title='bbox 3521 4413 3643 4465; x_wconf 75' lang='lat' dir='ltr'><strong>(una</strong></span> 
     </span>
    </p>
   </div>
   <div class='ocr_carea' id='block_1_139' title="bbox 2089 4474 3642 4546">
    <p class='ocr_par' dir='ltr' id='par_1_139' title="bbox 2089 4474 3642 4546">
     <span class='ocr_line' id='line_1_139' title="bbox 2089 4474 3642 4546; baseline 0.007 -22"><span class='ocrx_word' id='word_1_1017' title='bbox 2089 4474 2370 4541; x_wconf 78' lang='lat' dir='ltr'><strong>auferatur,</strong></span> <span class='ocrx_word' id='word_1_1018' title='bbox 2407 4480 2453 4528; x_wconf 89' lang='lat' dir='ltr'><strong>id</strong></span> <span class='ocrx_word' id='word_1_1019' title='bbox 2482 4488 2581 4540; x_wconf 86' lang='lat' dir='ltr'><strong>est,</strong></span> <span class='ocrx_word' id='word_1_1020' title='bbox 2607 4478 2776 4531; x_wconf 87' lang='lat' dir='ltr'><strong>donec</strong></span> <span class='ocrx_word' id='word_1_1021' title='bbox 2805 4481 3069 4546; x_wconf 74' lang='lat' dir='ltr'><strong>adscripta</strong></span> <span class='ocrx_word' id='word_1_1022' title='bbox 3104 4490 3272 4533; x_wconf 89' lang='lat' dir='ltr'><strong>morte</strong></span> <span class='ocrx_word' id='word_1_1023' title='bbox 3302 4484 3473 4536; x_wconf 91' lang='lat' dir='ltr'><strong>omnis</strong></span> <span class='ocrx_word' id='word_1_1024' title='bbox 3499 4485 3642 4535; x_wconf 83' lang='lat' dir='ltr'><strong>dele-</strong></span> 
     </span>
    </p>
   </div>
   <div class='ocr_carea' id='block_1_140' title="bbox 2095 4548 3639 4605">
    <p class='ocr_par' dir='ltr' id='par_1_140' title="bbox 2095 4548 3639 4605">
     <span class='ocr_line' id='line_1_140' title="bbox 2095 4548 3639 4605; baseline 0.006 -10"><span class='ocrx_word' id='word_1_1025' title='bbox 2095 4553 2209 4596; x_wconf 86' lang='lat' dir='ltr'><strong>ctus</strong></span> <span class='ocrx_word' id='word_1_1026' title='bbox 2232 4548 2566 4599; x_wconf 86' lang='lat' dir='ltr'><strong>mortalitatis</strong></span> <span class='ocrx_word' id='word_1_1027' title='bbox 2587 4548 2654 4598; x_wconf 89' lang='lat' dir='ltr'><strong>ab</strong></span> <span class='ocrx_word' id='word_1_1028' title='bbox 2676 4548 2907 4602; x_wconf 80' lang='lat' dir='ltr'><strong>Ecclesia</strong></span> <span class='ocrx_word' id='word_1_1029' title='bbox 2930 4553 3217 4605; x_wconf 87' lang='lat' dir='ltr'><strong>auferatur.</strong></span> <span class='ocrx_word' id='word_1_1030' title='bbox 3247 4549 3333 4603; x_wconf 86' lang='lat' dir='ltr'><strong>Vel</strong></span> <span class='ocrx_word' id='word_1_1031' title='bbox 3354 4554 3639 4605; x_wconf 88' lang='lat' dir='ltr'><strong>secundum</strong></span> 
     </span>
    </p>
   </div>
   <div class='ocr_carea' id='block_1_141' title="bbox 2093 4614 3637 4685">
    <p class='ocr_par' dir='ltr' id='par_1_141' title="bbox 2093 4614 3637 4685">
     <span class='ocr_line' id='line_1_141' title="bbox 2093 4614 3637 4685; baseline 0.005 -21"><span class='ocrx_word' id='word_1_1032' title='bbox 2093 4614 2247 4665; x_wconf 86' lang='lat' dir='ltr'><strong>altam</strong></span> <span class='ocrx_word' id='word_1_1033' title='bbox 2276 4618 2673 4669; x_wconf 84' lang='lat' dir='ltr'><strong>translationem</strong></span> <span class='ocrx_word' id='word_1_1034' title='bbox 2702 4621 2771 4670; x_wconf 86' lang='lat' dir='ltr'><strong>ita</strong></span> <span class='ocrx_word' id='word_1_1035' title='bbox 2798 4620 3066 4673; x_wconf 88' lang='lat' dir='ltr'><strong>dicemus:</strong></span> <span class='ocrx_word' id='word_1_1036' title='bbox 3099 4620 3266 4672; x_wconf 83' lang='lat' dir='ltr'><strong>Donec</strong></span> <span class='ocrx_word' id='word_1_1037' title='bbox 3292 4622 3432 4685; x_wconf 86' lang='lat' dir='ltr'><strong>luna,</strong></span> <span class='ocrx_word' id='word_1_1038' title='bbox 3463 4624 3510 4674; x_wconf 85' lang='lat' dir='ltr'><strong>id</strong></span> <span class='ocrx_word' id='word_1_1039' title='bbox 3536 4634 3637 4683; x_wconf 86' lang='lat' dir='ltr'><strong>est,</strong></span> 
     </span>
    </p>
   </div>
   <div class='ocr_carea' id='block_1_142' title="bbox 2093 4685 3639 4757">
    <p class='ocr_par' dir='ltr' id='par_1_142' title="bbox 2093 4685 3639 4757">
     <span class='ocr_line' id='line_1_142' title="bbox 2093 4685 3639 4757; baseline 0.008 -26"><span class='ocrx_word' id='word_1_1040' title='bbox 2093 4697 2327 4757; x_wconf 64' lang='lat' dir='ltr'><strong>prmsens</strong></span> <span class='ocrx_word' id='word_1_1041' title='bbox 2352 4685 2583 4739; x_wconf 60' lang='lat' dir='ltr'><strong>Ecclesia</strong></span> <span class='ocrx_word' id='word_1_1042' title='bbox 2608 4703 2724 4753; x_wconf 81' lang='lat' dir='ltr'><strong>qua:</strong></span> <span class='ocrx_word' id='word_1_1043' title='bbox 2749 4703 2886 4741; x_wconf 91' lang='lat' dir='ltr'><strong>nunc</strong></span> <span class='ocrx_word' id='word_1_1044' title='bbox 2909 4701 3245 4757; x_wconf 85' lang='lat' dir='ltr'><strong>comparatur</strong></span> <span class='ocrx_word' id='word_1_1045' title='bbox 3268 4692 3405 4743; x_wconf 74' lang='lat' dir='ltr'><strong>lunae</strong></span> <span class='ocrx_word' id='word_1_1046' title='bbox 3429 4706 3639 4757; x_wconf 88' lang='lat' dir='ltr'><strong>propter</strong></span> 
     </span>
    </p>
   </div>
   <div class='ocr_carea' id='block_1_143' title="bbox 2089 4754 3633 4825">
    <p class='ocr_par' dir='ltr' id='par_1_143' title="bbox 2089 4754 3633 4825">
     <span class='ocr_line' id='line_1_143' title="bbox 2089 4754 3633 4825; baseline 0.006 -22"><span class='ocrx_word' id='word_1_1047' title='bbox 2089 4754 2385 4825; x_wconf 86' lang='lat' dir='ltr'><strong>defectum,</strong></span> <span class='ocrx_word' id='word_1_1048' title='bbox 2428 4759 2712 4809; x_wconf 59' lang='lat' dir='ltr'><strong>extollatur</strong></span> <span class='ocrx_word' id='word_1_1049' title='bbox 2742 4773 2833 4825; x_wconf 86' lang='lat' dir='ltr'><strong>per</strong></span> <span class='ocrx_word' id='word_1_1050' title='bbox 2860 4754 3083 4825; x_wconf 82' lang='lat' dir='ltr'><strong>glmiain</strong></span> <span class='ocrx_word' id='word_1_1051' title='bbox 3129 4754 3539 4816; x_wconf 76' lang='lat' dir='ltr'><strong>immortalitatis</strong></span> <span class='ocrx_word' id='word_1_1052' title='bbox 3580 4775 3633 4813; x_wconf 89' lang='lat' dir='ltr'><strong>et</strong></span> 
     </span>
    </p>
   </div>
   <div class='ocr_carea' id='block_1_144' title="bbox 2090 4823 3638 4895">
    <p class='ocr_par' dir='ltr' id='par_1_144' title="bbox 2090 4823 3638 4895">
     <span class='ocr_line' id='line_1_144' title="bbox 2090 4823 3638 4895; baseline 0.007 -22"><span class='ocrx_word' id='word_1_1053' title='bbox 2090 4823 2547 4887; x_wconf 73' lang='lat' dir='ltr'><strong>iutpassibilitatis.</strong></span> <span class='ocrx_word' id='word_1_1054' title='bbox 2600 4823 2754 4881; x_wconf 80' lang='lat' dir='ltr'><strong>Tunc</strong></span> <span class='ocrx_word' id='word_1_1055' title='bbox 2786 4823 2925 4880; x_wconf 78' lang='lat' dir='ltr'><strong>enuu</strong></span> <span class='ocrx_word' id='word_1_1056' title='bbox 2969 4829 3192 4895; x_wconf 87' lang='lat' dir='ltr'><strong>amplius</strong></span> <span class='ocrx_word' id='word_1_1057' title='bbox 3236 4832 3477 4883; x_wconf 84' lang='lat' dir='ltr'><strong>inimicus</strong></span> <span class='ocrx_word' id='word_1_1058' title='bbox 3516 4832 3638 4884; x_wconf 86' lang='lat' dir='ltr'><strong>dili—</strong></span> 
     </span>
    </p>
   </div>
   <div class='ocr_carea' id='block_1_145' title="bbox 2088 4895 3635 4967">
    <p class='ocr_par' dir='ltr' id='par_1_145' title="bbox 2088 4895 3635 4967">
     <span class='ocr_line' id='line_1_145' title="bbox 2088 4895 3635 4967; baseline 0.004 -24"><span class='ocrx_word' id='word_1_1059' title='bbox 2088 4895 2421 4967; x_wconf 77' lang='lat' dir='ltr'><strong>gendusnon</strong></span> <span class='ocrx_word' id='word_1_1060' title='bbox 2454 4898 2576 4959; x_wconf 83' lang='lat' dir='ltr'><strong>erit,</strong></span> <span class='ocrx_word' id='word_1_1061' title='bbox 2604 4900 2721 4964; x_wconf 90' lang='lat' dir='ltr'><strong>quia</strong></span> <span class='ocrx_word' id='word_1_1062' title='bbox 2755 4912 2850 4949; x_wconf 72' lang='lat' dir='ltr'><strong>nec</strong></span> <span class='ocrx_word' id='word_1_1063' title='bbox 2877 4899 3120 4950; x_wconf 54' lang='lat' dir='ltr'><strong>inimicus</strong></span> <span class='ocrx_word' id='word_1_1064' title='bbox 3146 4902 3265 4951; x_wconf 88' lang='lat' dir='ltr'><strong>erit.</strong></span> <span class='ocrx_word' id='word_1_1065' title='bbox 3303 4904 3359 4950; x_wconf 63' lang='lat' dir='ltr'><strong>Et</strong></span> <span class='ocrx_word' id='word_1_1066' title='bbox 3388 4913 3635 4967; x_wconf 68' lang='lat' dir='ltr'><strong>prmterea</strong></span> 
     </span>
    </p>
   </div>
   <div class='ocr_carea' id='block_1_146' title="bbox 2088 4964 3637 5035">
    <p class='ocr_par' dir='ltr' id='par_1_146' title="bbox 2088 4964 3637 5035">
     <span class='ocr_line' id='line_1_146' title="bbox 2088 4964 3637 5035; baseline 0.008 -25"><span class='ocrx_word' id='word_1_1067' title='bbox 2088 4964 2425 5014; x_wconf 81' lang='lat' dir='ltr'><strong>dominabitur</strong></span> <span class='ocrx_word' id='word_1_1068' title='bbox 2453 4980 2545 5015; x_wconf 72' lang='lat' dir='ltr'><strong>rex</strong></span> <span class='ocrx_word' id='word_1_1069' title='bbox 2578 4970 2675 5020; x_wconf 86' lang='lat' dir='ltr'><strong>iste</strong></span> <span class='ocrx_word' id='word_1_1070' title='bbox 2704 4984 2733 5018; x_wconf 92' lang='lat' dir='ltr'><strong>a</strong></span> <span class='ocrx_word' id='word_1_1071' title='bbox 2761 4969 2887 5018; x_wconf 85' lang='lat' dir='ltr'><strong>mari</strong></span> <span class='ocrx_word' id='word_1_1072' title='bbox 2914 4984 3072 5035; x_wconf 78' lang='lat' dir='ltr'><strong>usque</strong></span> <span class='ocrx_word' id='word_1_1073' title='bbox 3095 4974 3161 5019; x_wconf 80' lang='lat' dir='ltr'><strong>ad</strong></span> <span class='ocrx_word' id='word_1_1074' title='bbox 3189 4986 3345 5031; x_wconf 87' lang='lat' dir='ltr'><strong>mare,</strong></span> <span class='ocrx_word' id='word_1_1075' title='bbox 3375 4964 3421 5021; x_wconf 74' lang='lat' dir='ltr'><strong>id</strong></span> <span class='ocrx_word' id='word_1_1076' title='bbox 3447 4986 3543 5034; x_wconf 68' lang='grc' dir='ltr'><strong>νει,</strong></span> <span class='ocrx_word' id='word_1_1077' title='bbox 3574 4976 3637 5022; x_wconf 85' lang='lat' dir='ltr'><strong>ab</strong></span> 
     </span>
    </p>
   </div>
   <div class='ocr_carea' id='block_1_147' title="bbox 2087 5035 3627 5103">
    <p class='ocr_par' dir='ltr' id='par_1_147' title="bbox 2087 5035 3627 5103">
     <span class='ocr_line' id='line_1_147' title="bbox 2087 5035 3627 5103; baseline 0.006 -24"><span class='ocrx_word' id='word_1_1078' title='bbox 2087 5046 2285 5103; x_wconf 81' lang='lat' dir='ltr'><strong>oceano</strong></span> <span class='ocrx_word' id='word_1_1079' title='bbox 2312 5035 2630 5087; x_wconf 76' lang='lat' dir='ltr'><strong>Uccrdentali</strong></span> <span class='ocrx_word' id='word_1_1080' title='bbox 2678 5052 2844 5103; x_wconf 66' lang='lat' dir='ltr'><strong>u~q0e</strong></span> <span class='ocrx_word' id='word_1_1081' title='bbox 2886 5042 2948 5088; x_wconf 87' lang='lat' dir='ltr'><strong>ad</strong></span> <span class='ocrx_word' id='word_1_1082' title='bbox 2995 5054 3252 5091; x_wconf 85' lang='lat' dir='ltr'><strong>occanunt</strong></span> <span class='ocrx_word' id='word_1_1083' title='bbox 3282 5040 3627 5093; x_wconf 84' lang='lat' dir='ltr'><strong>Orientalem.</strong></span> 
     </span>
    </p>
   </div>
   <div class='ocr_carea' id='block_1_148' title="bbox 2088 5097 3633 5175">
    <p class='ocr_par' dir='ltr' id='par_1_148' title="bbox 2088 5097 3633 5175">
     <span class='ocr_line' id='line_1_148' title="bbox 2088 5097 3633 5175; baseline 0.008 -26"><span class='ocrx_word' id='word_1_1084' title='bbox 2088 5097 2166 5175; x_wconf 67' lang='lat' dir='ltr'><strong>Et</strong></span> <span class='ocrx_word' id='word_1_1085' title='bbox 2185 5104 2323 5155; x_wconf 88' lang='lat' dir='ltr'><strong>unde</strong></span> <span class='ocrx_word' id='word_1_1086' title='bbox 2353 5106 2606 5175; x_wconf 85' lang='lat' dir='ltr'><strong>incipiet?</strong></span> <span class='ocrx_word' id='word_1_1087' title='bbox 2648 5097 2850 5160; x_wconf 77' lang='lat' dir='ltr'><strong>scdicet</strong></span> <span class='ocrx_word' id='word_1_1088' title='bbox 2880 5107 3089 5174; x_wconf 84' lang='lat' dir='ltr'><strong>inetpict</strong></span> <span class='ocrx_word' id='word_1_1089' title='bbox 3120 5124 3151 5159; x_wconf 90' lang='lat' dir='ltr'><strong>a</strong></span> <span class='ocrx_word' id='word_1_1090' title='bbox 3176 5109 3409 5175; x_wconf 76' lang='lat' dir='ltr'><strong>ﬂuntine,</strong></span> <span class='ocrx_word' id='word_1_1091' title='bbox 3444 5111 3496 5161; x_wconf 88' lang='lat' dir='ltr'><strong>id</strong></span> <span class='ocrx_word' id='word_1_1092' title='bbox 3524 5121 3633 5171; x_wconf 87' lang='lat' dir='ltr'><strong>est,</strong></span> 
     </span>
    </p>
   </div>
   <div class='ocr_carea' id='block_1_149' title="bbox 2086 5170 3629 5245">
    <p class='ocr_par' dir='ltr' id='par_1_149' title="bbox 2086 5170 3629 5245">
     <span class='ocr_line' id='line_1_149' title="bbox 2086 5170 3629 5245; baseline 0.008 -26"><span class='ocrx_word' id='word_1_1093' title='bbox 2086 5187 2113 5219; x_wconf 74' lang='grc' dir='ltr'><strong>ιι</strong></span> <span class='ocrx_word' id='word_1_1094' title='bbox 2143 5170 2398 5245; x_wconf 79' lang='lat' dir='ltr'><strong>Jordane,</strong></span> <span class='ocrx_word' id='word_1_1095' title='bbox 2428 5173 2519 5245; x_wconf 88' lang='lat' dir='ltr'><strong>qui</strong></span> <span class='ocrx_word' id='word_1_1096' title='bbox 2549 5176 2735 5228; x_wconf 80' lang='lat' dir='ltr'><strong>lluvius</strong></span> <span class='ocrx_word' id='word_1_1097' title='bbox 2764 5187 2846 5230; x_wconf 89' lang='lat' dir='ltr'><strong>est</strong></span> <span class='ocrx_word' id='word_1_1098' title='bbox 2870 5170 3095 5240; x_wconf 65' lang='lat' dir='ltr'><strong>Judaeae,</strong></span> <span class='ocrx_word' id='word_1_1099' title='bbox 3135 5170 3273 5231; x_wconf 83' lang='lat' dir='ltr'><strong>unde</strong></span> <span class='ocrx_word' id='word_1_1100' title='bbox 3303 5170 3629 5245; x_wconf 71' lang='lat' dir='ltr'><strong>praeconium</strong></span> 
     </span>
    </p>
   </div>
   <div class='ocr_carea' id='block_1_150' title="bbox 2091 5241 3635 5315">
    <p class='ocr_par' dir='ltr' id='par_1_150' title="bbox 2091 5241 3635 5315">
     <span class='ocr_line' id='line_1_150' title="bbox 2091 5241 3635 5315; baseline 0.008 -28"><span class='ocrx_word' id='word_1_1101' title='bbox 2091 5241 2321 5315; x_wconf 70' lang='lat' dir='ltr'><strong>veritatis</strong></span> <span class='ocrx_word' id='word_1_1102' title='bbox 2353 5242 2566 5309; x_wconf 86' lang='lat' dir='ltr'><strong>incepit.</strong></span> <span class='ocrx_word' id='word_1_1103' title='bbox 2621 5248 2684 5297; x_wconf 63' lang='lat' dir='ltr'><strong>tit</strong></span> <span class='ocrx_word' id='word_1_1104' title='bbox 2724 5248 3085 5299; x_wconf 78' lang='lat' dir='ltr'><strong>dominabitur</strong></span> <span class='ocrx_word' id='word_1_1105' title='bbox 3116 5263 3269 5315; x_wconf 77' lang='lat' dir='ltr'><strong>usque</strong></span> <span class='ocrx_word' id='word_1_1106' title='bbox 3295 5241 3363 5299; x_wconf 80' lang='lat' dir='ltr'><strong>ad</strong></span> <span class='ocrx_word' id='word_1_1107' title='bbox 3398 5250 3635 5300; x_wconf 74' lang='lat' dir='ltr'><strong>terminos</strong></span> 
     </span>
    </p>
   </div>
   <div class='ocr_carea' id='block_1_151' title="bbox 2085 5313 3634 5380">
    <p class='ocr_par' dir='ltr' id='par_1_151' title="bbox 2085 5313 3634 5380">
     <span class='ocr_line' id='line_1_151' title="bbox 2085 5313 3634 5380; baseline 0.008 -21"><span class='ocrx_word' id='word_1_1108' title='bbox 2085 5313 2221 5361; x_wconf 74' lang='lat' dir='ltr'><strong>orbis</strong></span> <span class='ocrx_word' id='word_1_1109' title='bbox 2263 5323 2543 5376; x_wconf 80' lang='lat' dir='ltr'><strong>ter-rarum,</strong></span> <span class='ocrx_word' id='word_1_1110' title='bbox 2591 5318 2709 5380; x_wconf 85' lang='lat' dir='ltr'><strong>quia</strong></span> <span class='ocrx_word' id='word_1_1111' title='bbox 2750 5318 2806 5368; x_wconf 86' lang='lat' dir='ltr'><strong>in</strong></span> <span class='ocrx_word' id='word_1_1112' title='bbox 2846 5333 3040 5369; x_wconf 87' lang='lat' dir='ltr'><strong>onmem</strong></span> <span class='ocrx_word' id='word_1_1113' title='bbox 3083 5313 3270 5369; x_wconf 81' lang='lat' dir='ltr'><strong>terram</strong></span> <span class='ocrx_word' id='word_1_1114' title='bbox 3309 5319 3455 5371; x_wconf 73' lang='lat' dir='ltr'><strong>exivit</strong></span> <span class='ocrx_word' id='word_1_1115' title='bbox 3484 5335 3634 5371; x_wconf 74' lang='lat' dir='ltr'><strong>sonus</strong></span> 
     </span>
    </p>
   </div>
   <div class='ocr_carea' id='block_1_152' title="bbox 2084 5382 3632 5454">
    <p class='ocr_par' dir='ltr' id='par_1_152' title="bbox 2084 5382 3632 5454">
     <span class='ocr_line' id='line_1_152' title="bbox 2084 5382 3632 5454; baseline 0.005 -23"><span class='ocrx_word' id='word_1_1116' title='bbox 2084 5394 2277 5443; x_wconf 80' lang='lat' dir='ltr'><strong>eorum,</strong></span> <span class='ocrx_word' id='word_1_1117' title='bbox 2303 5389 2348 5433; x_wconf 79' lang='lat' dir='ltr'><strong>et</strong></span> <span class='ocrx_word' id='word_1_1118' title='bbox 2369 5382 2423 5434; x_wconf 86' lang='lat' dir='ltr'><strong>in</strong></span> <span class='ocrx_word' id='word_1_1119' title='bbox 2446 5385 2568 5447; x_wconf 72' lang='lat' dir='ltr'><strong>[iuet</strong></span> <span class='ocrx_word' id='word_1_1120' title='bbox 2595 5388 2725 5437; x_wconf 84' lang='lat' dir='ltr'><strong>orbis</strong></span> <span class='ocrx_word' id='word_1_1121' title='bbox 2748 5397 3016 5438; x_wconf 87' lang='lat' dir='ltr'><strong>terrarum.</strong></span> <span class='ocrx_word' id='word_1_1122' title='bbox 3051 5387 3111 5439; x_wconf 78' lang='lat' dir='ltr'><strong>Et</strong></span> <span class='ocrx_word' id='word_1_1123' title='bbox 3137 5402 3229 5454; x_wconf 90' lang='lat' dir='ltr'><strong>per</strong></span> <span class='ocrx_word' id='word_1_1124' title='bbox 3254 5391 3352 5441; x_wconf 90' lang='lat' dir='ltr'><strong>hoc</strong></span> <span class='ocrx_word' id='word_1_1125' title='bbox 3383 5391 3449 5440; x_wconf 88' lang='lat' dir='ltr'><strong>ita</strong></span> <span class='ocrx_word' id='word_1_1126' title='bbox 3477 5392 3632 5440; x_wconf 82' lang='lat' dir='ltr'><strong>etiam</strong></span> 
     </span>
    </p>
   </div>
   <div class='ocr_carea' id='block_1_153' title="bbox 2087 5456 3632 5525">
    <p class='ocr_par' dir='ltr' id='par_1_153' title="bbox 2087 5456 3632 5525">
     <span class='ocr_line' id='line_1_153' title="bbox 2087 5456 3632 5525; baseline 0.006 -24"><span class='ocrx_word' id='word_1_1127' title='bbox 2087 5456 2401 5525; x_wconf 69' lang='lat' dir='ltr'><strong>sunpltciter</strong></span> <span class='ocrx_word' id='word_1_1128' title='bbox 2432 5463 2727 5520; x_wconf 78' lang='lat' dir='ltr'><strong>expositum</strong></span> <span class='ocrx_word' id='word_1_1129' title='bbox 2761 5456 3038 5509; x_wconf 76' lang='lat' dir='ltr'><strong>maud‘este</strong></span> <span class='ocrx_word' id='word_1_1130' title='bbox 3066 5457 3317 5522; x_wconf 87' lang='lat' dir='ltr'><strong>ostendit,</strong></span> <span class='ocrx_word' id='word_1_1131' title='bbox 3347 5460 3486 5525; x_wconf 88' lang='lat' dir='ltr'><strong>quod</strong></span> <span class='ocrx_word' id='word_1_1132' title='bbox 3519 5461 3632 5510; x_wconf 75' lang='lat' dir='ltr'><strong>lucc</strong></span> 
     </span>
    </p>
   </div>
   <div class='ocr_carea' id='block_1_154' title="bbox 2090 5523 3630 5591">
    <p class='ocr_par' dir='ltr' id='par_1_154' title="bbox 2090 5523 3630 5591">
     <span class='ocr_line' id='line_1_154' title="bbox 2090 5523 3630 5591; baseline 0.008 -22"><span class='ocrx_word' id='word_1_1133' title='bbox 2090 5524 2168 5585; x_wconf 66' lang='lat' dir='ltr'><strong>(ut</strong></span> <span class='ocrx_word' id='word_1_1134' title='bbox 2196 5523 2359 5573; x_wconf 71' lang='lat' dir='ltr'><strong>Judaei</strong></span> <span class='ocrx_word' id='word_1_1135' title='bbox 2393 5524 2595 5591; x_wconf 84' lang='lat' dir='ltr'><strong>putant)</strong></span> <span class='ocrx_word' id='word_1_1136' title='bbox 2643 5526 2695 5577; x_wconf 76' lang='grc' dir='ltr'><strong>ιιι</strong></span> <span class='ocrx_word' id='word_1_1137' title='bbox 2734 5529 3071 5579; x_wconf 72' lang='grc' dir='ltr'>διιΙυιιιιιιιθιιι</span> <span class='ocrx_word' id='word_1_1138' title='bbox 3116 5523 3443 5580; x_wconf 81' lang='lat' dir='ltr'><strong>historialem</strong></span> <span class='ocrx_word' id='word_1_1139' title='bbox 3491 5527 3630 5582; x_wconf 80' lang='lat' dir='ltr'><strong>refe—</strong></span> 
     </span>
    </p>
   </div>
   <div class='ocr_carea' id='block_1_155' title="bbox 2089 5592 3633 5666">
    <p class='ocr_par' dir='ltr' id='par_1_155' title="bbox 2089 5592 3633 5666">
     <span class='ocr_line' id='line_1_155' title="bbox 2089 5592 3633 5666; baseline 0.008 -25"><span class='ocrx_word' id='word_1_1140' title='bbox 2089 5598 2249 5666; x_wconf 78' lang='lat' dir='ltr'><strong>renda</strong></span> <span class='ocrx_word' id='word_1_1141' title='bbox 2289 5605 2429 5666; x_wconf 64' lang='lat' dir='ltr'><strong>sunt.</strong></span> <span class='ocrx_word' id='word_1_1142' title='bbox 2489 5592 2669 5666; x_wconf 76' lang='lat' dir='ltr'><strong>Potest</strong></span> <span class='ocrx_word' id='word_1_1143' title='bbox 2710 5605 2885 5649; x_wconf 87' lang='lat' dir='ltr'><strong>autem</strong></span> <span class='ocrx_word' id='word_1_1144' title='bbox 2917 5600 3138 5665; x_wconf 85' lang='lat' dir='ltr'><strong>mystice</strong></span> <span class='ocrx_word' id='word_1_1145' title='bbox 3182 5597 3441 5665; x_wconf 78' lang='lat' dir='ltr'><strong>intelligi,</strong></span> <span class='ocrx_word' id='word_1_1146' title='bbox 3491 5598 3633 5666; x_wconf 79' lang='lat' dir='ltr'><strong>quod</strong></span> 
     </span>
    </p>
   </div>
   <div class='ocr_carea' id='block_1_156' title="bbox 2088 5661 3637 5731">
    <p class='ocr_par' dir='ltr' id='par_1_156' title="bbox 2088 5661 3637 5731">
     <span class='ocr_line' id='line_1_156' title="bbox 2088 5661 3637 5731; baseline 0.006 -20"><span class='ocrx_word' id='word_1_1147' title='bbox 2088 5662 2211 5712; x_wconf 86' lang='lat' dir='ltr'><strong>dicit</strong></span> <span class='ocrx_word' id='word_1_1148' title='bbox 2235 5677 2247 5711; x_wconf 85' lang='lat'><strong>:</strong></span> <span class='ocrx_word' id='word_1_1149' title='bbox 2280 5661 2342 5712; x_wconf 72' lang='lat' dir='ltr'><strong>Et</strong></span> <span class='ocrx_word' id='word_1_1150' title='bbox 2365 5662 2706 5716; x_wconf 85' lang='lat' dir='ltr'><strong>dominabitur</strong></span> <span class='ocrx_word' id='word_1_1151' title='bbox 2729 5680 2760 5716; x_wconf 89' lang='lat' dir='ltr'><strong>a</strong></span> <span class='ocrx_word' id='word_1_1152' title='bbox 2789 5667 2915 5717; x_wconf 88' lang='lat' dir='ltr'><strong>mari</strong></span> <span class='ocrx_word' id='word_1_1153' title='bbox 2936 5661 3187 5719; x_wconf 69' lang='lat' dir='ltr'><strong>Orientali</strong></span> <span class='ocrx_word' id='word_1_1154' title='bbox 3221 5661 3374 5731; x_wconf 69' lang='lat' dir='ltr'><strong>usque</strong></span> <span class='ocrx_word' id='word_1_1155' title='bbox 3403 5668 3471 5718; x_wconf 83' lang='lat' dir='ltr'><strong>ad</strong></span> <span class='ocrx_word' id='word_1_1156' title='bbox 3500 5661 3637 5720; x_wconf 71' lang='lat' dir='ltr'><strong>utart‘</strong></span> 
     </span>
    </p>
   </div>
   <div class='ocr_carea' id='block_1_157' title="bbox 2087 5731 3634 5802">
    <p class='ocr_par' dir='ltr' id='par_1_157' title="bbox 2087 5731 3634 5802">
     <span class='ocr_line' id='line_1_157' title="bbox 2087 5731 3634 5802; baseline 0.005 -21"><span class='ocrx_word' id='word_1_1157' title='bbox 2087 5731 2441 5786; x_wconf 85' lang='lat' dir='ltr'><strong>Uccidentale.</strong></span> <span class='ocrx_word' id='word_1_1158' title='bbox 2500 5734 2599 5785; x_wconf 81' lang='lat' dir='ltr'><strong>l&#39;er</strong></span> <span class='ocrx_word' id='word_1_1159' title='bbox 2658 5751 2803 5789; x_wconf 90' lang='lat' dir='ltr'><strong>mare</strong></span> <span class='ocrx_word' id='word_1_1160' title='bbox 2863 5750 3087 5802; x_wconf 64' lang='lat' dir='ltr'><strong>unaque</strong></span> <span class='ocrx_word' id='word_1_1161' title='bbox 3153 5737 3421 5789; x_wconf 83' lang='lat' dir='ltr'><strong>Uriemale</strong></span> <span class='ocrx_word' id='word_1_1162' title='bbox 3468 5740 3634 5790; x_wconf 66' lang='lat' dir='ltr'><strong>Judazi</strong></span> 
     </span>
    </p>
   </div>
   <div class='ocr_carea' id='block_1_158' title="bbox 2089 5804 3639 5871">
    <p class='ocr_par' dir='ltr' id='par_1_158' title="bbox 2089 5804 3639 5871">
     <span class='ocr_line' id='line_1_158' title="bbox 2089 5804 3639 5871; baseline 0.005 -18"><span class='ocrx_word' id='word_1_1163' title='bbox 2089 5804 2465 5868; x_wconf 72' lang='lat' dir='ltr'><strong>signiﬁcantur,</strong></span> <span class='ocrx_word' id='word_1_1164' title='bbox 2493 5807 2579 5869; x_wconf 86' lang='lat' dir='ltr'><strong>qui</strong></span> <span class='ocrx_word' id='word_1_1165' title='bbox 2608 5815 2658 5856; x_wconf 83' lang='lat' dir='ltr'><strong>et</strong></span> <span class='ocrx_word' id='word_1_1166' title='bbox 2683 5809 2725 5858; x_wconf 81' lang='lat' dir='ltr'><strong>si</strong></span> <span class='ocrx_word' id='word_1_1167' title='bbox 2749 5809 2913 5859; x_wconf 82' lang='lat' dir='ltr'><strong>atnari</strong></span> <span class='ocrx_word' id='word_1_1168' title='bbox 2940 5822 2990 5858; x_wconf 89' lang='lat' dir='ltr'><strong>tu</strong></span> <span class='ocrx_word' id='word_1_1169' title='bbox 3016 5807 3249 5859; x_wconf 56' lang='lat' dir='ltr'><strong>moribus</strong></span> <span class='ocrx_word' id='word_1_1170' title='bbox 3272 5818 3446 5871; x_wconf 70' lang='lat' dir='ltr'><strong>erant,</strong></span> <span class='ocrx_word' id='word_1_1171' title='bbox 3472 5822 3639 5860; x_wconf 72' lang='lat' dir='ltr'><strong>unum</strong></span> 
     </span>
    </p>
   </div>
  </div>
