4010 6190
415 349 516 406 867

877 348 1078 402 BEDAS
1122 346 1569 401 νιελΕιιΑιιιιιδ
1606 348 1756 402 OPP.
1798 344 1974 404 PARS

2118 347 2315 403 SECT.
2360 349 2421 403 ll.
2462 379 2528 389 —-
2562 350 2763 405 DUBIA
2805 352 2891 406 ΕΤ
2928 350 3199 407 ὃΡυΙιΙΑ.

3547 354 3656 412 868

417 470 465 514 et
490 457 699 536 psalmis
728 456 788 536 de
818 471 911 536 ine.
935 456 1183 508 Sunimos
1213 458 1467 536 montium
1499 466 1649 536 vorat
1673 457 1977 536 prophetas,
2009 460 2057 518 Α
2085 459 2176 523 ﬁat
2205 460 2585 536 ei_be_i_iedictio
2635 463 2684 515 in
2715 463 2994 531 primitivis
3041 465 3281 533 repletis,
3329 467 3421 536 ﬁat
3446 466 3499 523 ei
3522 476 3575 520 et
3604 469 3660 522 ii

421 527 524 583 non
548 528 690 597 quod
714 527 995 597 digniores
1027 527 1280 591 apostolis
1310 528 1434 586 sint,
1484 529 1574 579 sed
1606 531 1724 595 quia
1774 530 1976 595 priores

424 593 659 667 tempore
689 593 914 649 luerunt.
951 593 1082 656 Erit,
1108 597 1343 667 inquam,
1367 593 1842 662 [irnmnieiitumpet
1864 600 1974 662 [ru-

422 666 676 739 ctus’ejus
696 668 1113 739 sitpercxtolletur
1140 681 1292 739 super
1327 666 1450 739 laba
1472 684 1596 719 .um.
1634 669 1875 739 Libanus
1897 676 1979 719 est

426 736 597 801 mons,
632 738 715 789 tibi
746 736 889 788 cedri
920 738 1136 786 arbores
1184 736 1453 788 altissima:
1498 748 1549 787 ιιι
1578 736 1881 797 odoriferie,
1928 746 1982 789 et

424 808 747 875 imputribile
810 806 1007 875 lignum
1077 804 1352 866 habentes,
1410 822 1671 858 crescunt.
1734 806 1980 858 Fructum

425 874 540 945 ejus
587 878 652 928 ad
694 874 1093 927 similitudinem
1140 878 1433 939 intelligere
1481 892 1781 939 possumus.
1835 877 1984 928 Sicut

427 950 565 1000 enim
598 946 796 999 fructus
834 955 1130 995 sanctorum
1180 947 1547 1011 Apostolorum
1592 956 1711 997 sunt
1748 948 1813 997 ab
1859 947 1986 1011 ipsis

426 1018 689 1079 conversi,
736 1015 923 1083 quibus
971 1013 1079 1080 ipse
1117 1015 1280 1067 dixit:
1320 1016 1427 1082 ligo
1475 1020 1614 1080 posui
1654 1032 1738 1068 vos
1776 1026 1830 1067 ut
1864 1018 1987 1068 eatis

425 1098 471 1139 et
520 1092 743 1154 fructum
787 1084 1045 1154 n/feratis_,
1105 1094 1244 1147 (λιιι,
1295 1086 1370 1136 sic
1423 1098 1472 1137 et
1520 1087 1686 1139 siincti
1739 1088 1985 1152 apostoli,

468 1152 561 1209 uas
591 1160 701 1223 ip-e
732 1158 953 1213 voeavit,
1004 1152 1202 1205 fructus
1230 1155 1341 1219 ejus
1372 1167 1513 1206 sunt.
1551 1157 1611 1207 Et
1641 1165 1723 1207 est
1763 1159 1944 1209 dicere
1972 1173 1985 1209 :

468 1173 561 1209 “05
592 1173 701 1223 tp-e
732 1173 953 1213 νυρεινιι,
1004 1173 1202 1205 ιΓιιιῐιιιδ
1230 1173 1341 1219 ejus
1372 1173 1513 1206 Slllll.
1551 1173 1611 1207 [bl
1641 1173 1723 1207 e5t
1763 1173 1944 1209 dicere
1972 1173 1985 1209 Σ

429 1173 649 1278 ἳθιοιιτιιιδ
679 1226 788 1293 ejus
832 1225 1247 1290 superextollctur
1292 1240 1441 1289 super
1488 1224 1756 1287 Libanum,
1806 1228 1855 1278 id
1887 1236 1986 1287 est,

428 1298 584 1350 valde
612 1296 894 1347 extolletur
921 1309 1079 1360 sup-r
1109 1309 1267 1346 omne
1298 1295 1449 1361 hujus
1478 1298 1656 1347 mundi
1687 1310 1988 1359 excessum,

428 1366 718 1448 jucundum
748 1374 801 1417 et
830 1364 1137 1448 pretio-sulm.
1173 1364 1261 1416 Vel
1284 1365 1667 1448 .quiarlabanqs
1698 1367 1992 1448 candidatio

434 1434 834 1504 interpretatur.
869 1434 966 1485 Per
996 1434 1253 1504 Libanum
1284 1435 1588 1503 intelligitur
1617 1435 1867 1488 Jndaicus
1900 1454 1993 1502 pu-

436 1509 612 1573 pulus,
644 1506 729 1572 qui
762 1504 907 1569 quasi
939 1503 1245 1556 candidatus
1276 1504 1413 1556 inter
1436 1515 1618 1571 gentes
1646 1516 1858 1571 propter
1884 1507 1995 1559 cul-

435 1589 542 1628 tum
576 1580 729 1628 lllllUS
761 1575 851 1627 Dei
900 1586 947 1625 et
982 1575 1149 1640 legem
1181 1584 1312 1625 erat.
1366 1574 1420 1627 lu
1453 1592 1556 1642 quo
1596 1579 1754 1628 etiam
1806 1577 1997 1643 populi!

436 1648 506 1699 illi
540 1645 873 1699 candidiores
902 1658 1073 1710 erant,
1123 1646 1207 1715 qui
1240 1644 1355 1711 plus
1395 1645 1510 1696 aliis
1540 1646 1872 1699 a-mulatores
1902 1662 1985 1715 pa-

438 1727 705 1768 ternarum
740 1715 1075 1766 traditionntu
1098 1758 1112 1775 ,
1146 1714 1281 1765 sicut
1312 1717 1502 1788 Paulus
1533 1716 1646 1779 luit,
1676 1714 1996 1788 existebant.

436 1787 499 1839 Et
523 1796 692 1839 tamen
718 1785 907 1851 [ructus
932 1786 1039 1853 ijus
1067 1786 1483 1850 superextolletur
1506 1802 1653 1854 super
1682 1785 1819 1839 hunc
1841 1788 1998 1839 etiam

433 1856 706 1917 Libanum,
759 1856 877 1920 quia
911 1856 1075 1905 sancti
1106 1855 1333 1917 apostoli
1381 1857 1533 1917 longe
1576 1856 1844 1921 digniores
1884 1857 2000 1911 istis

433 1924 1052 1995 quantumcunquelegis
1078 1926 1412 1995 mmulatores
1449 1926 1574 1989 sint,
1608 1936 1782 1979 erunt.

510 1996 571 2048 Et
601 1999 849 2065 ﬂorebunt
879 1993 939 2044 de
962 1993 1161 2065 civitate
1189 1994 1315 2045 sicut
1340 1994 1513 2065 fenum
1539 2007 1702 2047 terrai.
1734 1996 1866 2062 Quia
1896 2010 1999 2050 non

435 2063 626 2121 dicitur
651 2067 715 2117 de
743 2065 975 2128 civitate,
999 2063 1147 2131 cujus
1171 2074 1339 2126 potest
1371 2064 1555 2118 civitas
1584 2067 1766 2119 referri
1794 2068 1909 2120 sive
1934 2069 1999 2119 ad

439 2140 655 2199 malum,
688 2135 802 2187 sive
827 2137 887 2185 ad
924 2135 1137 2185 bonmn.
1173 2134 1226 2187 Si
1250 2144 1423 2187 autem
1451 2136 1513 2187 ad
1536 2138 1750 2201 bonum,
1777 2146 1899 2191 tunc
1925 2138 2003 2191 sic

434 2208 695 2260 dicemus:
724 2204 795 2256 illi
814 2206 899 2272 qui
919 2213 1040 2254 sunt
1062 2204 1124 2255 tle
1140 2207 1335 2257 ciuitate
1356 2210 1491 2272 ejus,
1507 2206 1555 2257 id
1575 2216 1675 2271 est,
1692 2209 1834 2260 cives
1854 2208 1999 2260 illius

444 2280 604 2345 regis,
631 2274 781 2344 cujus
816 2276 1015 2326 l'i'uctns
1043 2275 1119 2325 sic
1152 2276 1458 2342 extolletur,
1499 2276 1638 2344 quod
1662 2287 1786 2331 sunt
1817 2293 2002 2332 Omnes

435 2349 499 2399 ad
516 2344 607 2415 pie
647 2346 927 2398 vivendum
958 2345 1006 2395 in
1050 2344 1342 2415 Ecclesium
1366 2349 1571 2398 collecti
1597 2363 1610 2398 :
1639 2347 1712 2401 illi
1746 2348 2002 2413 florebunt

434 2413 562 2469 sicut
587 2419 776 2485 fenum,
810 2431 913 2468 non
936 2413 1221 2482 quodlibet,
1247 2418 1340 2470 sed
1363 2419 1498 2468 sient
1516 2415 1694 2469 fenum
1723 2418 2002 2473 adlimreus

438 2500 611 2549 terrm,
640 2487 777 2555 quod
808 2501 908 2537 non
940 2486 1047 2537 cito
1078 2488 1324 2547 siccatur,
1375 2488 1467 2539 sed
1496 2486 1586 2539 ditt
1629 2489 1781 2549 viret.
1817 2490 1866 2541 id
1896 2501 1999 2552 est,

438 2561 696 2611 ﬂorebunt
728 2556 865 2625 sicut
894 2555 1223 2607 fritctil'erum
1270 2556 1471 2617 lentim,
1502 2556 1621 2622 quia
1669 2567 1723 2608 et
1765 2559 1859 2625 ipsi
1891 2560 2001 2612 tru-

440 2628 766 2681 ctiﬁrabunt.
822 2624 912 2676 Vel
944 2628 1194 2692 ﬂorebunt
1225 2628 1422 2679 utiliter
1452 2628 1580 2679 sicut
1620 2624 1797 2693 fenum?
1835 2639 1998 2692 terra},

440 2698 491 2752 id
521 2709 620 2758 est,
672 2699 807 2748 sicut
854 2693 1103 2747 triticum.
1148 2696 1257 2765 gl’er
1290 2697 1466 2750 fenum
1514 2712 1742 2765 namque
1771 2698 2001 2752 triticum

440 2770 768 2835 designatur,
801 2774 857 2818 ut
888 2765 935 2816 in
966 2766 1101 2818 libro
1133 2763 1373 2827 Genesis,
1405 2770 1489 2819 ubi
1520 2763 1711 2819 dicitur
1738 2786 1750 2819 :
1795 2767 2003 2820 Produ-

439 2851 515 2891 cat
539 2850 672 2891 terra
698 2853 841 2888 omne
871 2836 1063 2904 fenum,
1095 2847 1140 2888 et
1162 2852 1308 2891 omne
1336 2838 1527 2906 lignum
1551 2838 1875 2907 pomiferum,
1898 2853 1999 2893 etc.

439 2910 497 2965 Si
533 2924 657 2961 vero
685 2908 949 2961 civitatem
979 2908 1029 2958 in
1056 2912 1194 2959 man
1218 2908 1568 2972 accipiamus,
1604 2920 1727 2961 tunc
1758 2909 1829 2962 ita
1857 2912 2003 2963 dice-

440 2994 593 3033 mus:
627 2979 705 3031 llli
733 2980 817 3043 qiti
847 2988 966 3029 sunt
997 2979 1057 3028 de
1082 2977 1279 3028 civitate
1307 2977 1512 3037 Cliaiin,
1541 2982 1633 3045 qui
1665 2980 1809 3046 prius
1835 2982 2002 3032 aedili-

441 3050 579 3103 cavit
609 3049 899 3117 civitatein,
948 3047 1034 3099 ubi
1070 3048 1209 3098 nulla
1238 3050 1383 3114 prius
1428 3051 1598 3100 luerat
1645 3052 1847 3114 civitas,
1879 3051 2001 3117 quia

443 3135 546 3173 non
577 3120 721 3186 prius
768 3116 905 3186 quod
958 3117 1230 3179 Spirituale
1276 3125 1379 3181 est,
1429 3119 1522 3170 sed
1567 3120 1707 3187 quod
1751 3116 1997 3185 animale,

2081 531 2426 584 secundarﬁs.

2534 623 2595 676 IN
2637 623 2953 679 PSALMUM
2996 626 3205 683 LXXII.

2637 717 2876 771 Psalmiis
2918 722 3119 787 Asapli.

2687 822 3070 861 ARGL‘NENTUH.

2157 892 2267 958 Qua
2300 895 2723 970 expostulatione
2769 900 2991 964 pOpiilus
3029 902 3079 951 in
3128 899 3396 968 Babylone
3423 904 3664 970 captivus

2088 964 2346 1039 adversus
2378 968 2755 1039 providentiuu
2795 984 2918 1022 ii~ns
2951 972 3047 1033 sit,
3094 964 3387 1033 iudicatur;
3440 964 3504 1025 εί
3522 976 3665 1039 quod

2096 1050 2191 1098 pro
2217 1036 2578 1110 exploratione
2608 1038 2813 1090 virtutis
2840 1040 2889 1089 in
2920 1040 3017 1092 hac
3047 1043 3151 1092 vita
3183 1045 3494 1109 plerumque
3536 1036 3667 1110 justi

2096 1104 2419 1177 cruciantur,
2474 1121 2573 1161 nec
2604 1123 2706 1157 non
2741 1110 3023 1172 iu0piuatis
3066 1104 3345 1177 aliquoties
3395 1104 3658 1167 successi-

2097 1170 2195 1225 bus
2243 1176 2579 1229 attolluntur.
2624 1179 2792 1231 Aliter
2836 1170 2946 1231 vox
3000 1170 3192 1234 Chrisii
3237 1182 3303 1233 ad
3347 1183 3553 1237 Patrem
3602 1184 3671 1238 de

2091 1241 2312 1297 Iudaeis.

2711 1349 3065 1395 EXPLANATIO.

2175 1444 2193 1476 ι
2232 1427 2365 1480 Dum
2394 1429 2445 1481 in
2485 1427 2650 1482 titulis
2674 1430 3036 1497 superioribus
3070 1431 3228 1484 David
3263 1442 3463 1485 tantum
3496 1433 3674 1486 videa-

2100 1506 2185 1548 tur
2215 1500 2500 1564 ascriptus,
2532 1499 2622 1551 hic
2643 1501 2844 1554 addidit
2868 1502 2963 1565 filii
2990 1500 3156 1565 δεεστ,
3180 1504 3402 1563 scilicet.
3436 1514 3491 1555 ut
3523 1504 3674 1557 ilium

2102 1567 2269 1619 David
2303 1578 2508 1634 patrem
2541 1570 2842 1624 Salomonis
2871 1573 3164 1638 intelligere
3191 1574 3500 1626 debeamus.
3531 1576 3672 1626 Lau-

2101 1639 2197 1711 des
2227 1652 2356 1707 ergo
2388 1642 2737 1711 temporales,
2759 1657 2874 1708 qua:
2901 1641 3123 1694 Domino
3151 1644 3199 1694 in
3228 1646 3338 1711 lege
3364 1656 3480 1711 post
3503 1660 3675 1696 sacri-

2110 1708 2225 1759 licia
2277 1709 2573 1776 pet-udum,
2622 1720 2677 1762 et
2729 1710 3076 1764 instrumenta
3131 1708 3329 1763 musica
3364 1708 3672 1767 reddeban-

2110 1777 2554 1851 tt_tr,Adel"eceruut
2600 1794 2756 1847 atque
2796 1791 3007 1835 mutata:
3056 1794 3199 1850 sunt,
3248 1785 3369 1851 quia
3401 1802 3539 1836 nunc
3570 1786 3672 1835 lic-

2106 1847 2570 1923 clesia_catliolica
2616 1852 2975 1905 immolatione
3019 1847 3278 1920 corporis
3308 1862 3365 1907 et
3402 1858 3673 1923 sanguinis

2105 1918 2299 1994 Cziristi
2329 1929 2567 1994 sanctam
2600 1932 2813 1994 peraget
2843 1918 3209 1989 psalmodiam.
3267 1918 3541 1994 Synagog'a
3573 1942 3672 1976 au-

2108 2000 2212 2042 tein
2243 1991 2521 2043 Dominum
2566 1993 2777 2058 quidem
2809 1993 3037 2059 colebat,
3093 1995 3183 2047 sed
3215 1991 3438 2047 vivendo
3481 1996 3676 2048 ﬂorere

2106 2060 2275 2112 malos
2324 2063 2374 2113 in
2406 2060 2666 2128 pessiiiias
2715 2064 3065 2131 cogitationes
3108 2067 3396 2129 inciderat;
3428 2082 3491 2117 ex
3526 2068 3677 2131 cujus

2111 2144 2334 2197 persona
2366 2132 2419 2201 in
2449 2131 2549 2185 hoc
2577 2135 2783 2200 psalmo
2831 2134 2947 2199 ipse
2992 2137 3169 2200 Asaph
3210 2137 3459 2201 loquitur,
3501 2138 3589 2201 qui
3623 2152 3673 2188 iii

2106 2213 2203 2253 suo
2232 2200 2445 2273 nomine
2476 2202 2769 2273 Synagoga:
2816 2206 3054 2257 continet
3102 2200 3577 2273 significationem;
3608 2208 3679 2259 de

2106 2270 2391 2338 gentilibus
2420 2275 2565 2325 enim
2595 2270 2825 2342 populis,
2854 2284 2910 2327 et
2936 2277 3002 2328 de
3029 2275 3110 2328 his
3140 2270 3226 2344 qui
3252 2278 3420 2344 legem
3455 2277 3668 2329 Domini

2104 2352 2473 2409 susceperunt,
2505 2350 2667 2396 multa
2694 2344 2931 2415 dicturus
2959 2354 3074 2408 est,
3102 2362 3219 2415 qu.e
3250 2351 3313 2398 ad
3345 2348 3677 2399 emendatio-

2108 2425 2233 2484 nem
2264 2420 2497 2484 nostram
2526 2415 2722 2467 utiliter
2746 2413 3018 2480 dicuntur,
3055 2413 3133 2468 ne
3169 2415 3357 2469 talibus
3404 2419 3681 2484 cogitatio-

2106 2480 2260 2553 nibus
2290 2482 2608 2553 polluamur.
2638 2485 2806 2538 Aliter
2834 2487 2971 2553 quod
3002 2484 3314 2540 defecerunt
3358 2480 3540 2540 [amics
3572 2489 3677 2539 Da-

2107 2550 2195 2604 vid
2224 2554 2315 2604 lilii
2344 2552 2515 2617 Jesse,
2544 2553 2608 2606 ad
2643 2554 2798 2607 linem
2829 2550 3248 2622 quinquagesimi
3294 2560 3477 2623 psiiltui
3513 2556 3678 2621 perti-

2107 2631 2240 2686 net;
2276 2626 2429 2694 quod
2481 2638 2611 2677 veto
2660 2627 2900 2693 sequitur
2950 2630 3203 2694 psalmus,
3255 2630 3461 2681 initium
3491 2637 3570 2679 est
3594 2641 3684 2680 se-

2104 2692 2339 2767 quentis.
2371 2694 2572 2767 Asaph,
2604 2703 2661 2747 ut
2696 2692 2963 2760 diximus,
2997 2713 3061 2750 ex
3091 2692 3214 2765 typo
3260 2705 3551 2767 Synagoga:
3582 2712 3681 2763 per

2110 2770 2277 2835 totum
2310 2763 2542 2831 loquitur
2571 2768 2851 2832 psalmum.
2881 2767 2934 2818 ln
2961 2763 3127 2835 piinia
3153 2763 3526 2833 parte—zelasse
3548 2768 3682 2821 dicit

2106 2832 2411 2907 felicitatem
2454 2838 2656 2898 mundi,
2688 2852 2765 2904 pax
2786 2853 2870 2890 em
2904 2832 3161 2891 contuens
3192 2851 3552 2907 peccatorum,
3579 2840 3679 2890 ad-

2108 2904 2305 2955 mirans
2334 2920 2427 2957 cur
2458 2907 2687 2959 inimicis
2734 2907 2829 2959 Dei
2858 2918 2912 2959 et
2936 2911 3151 2976 paganis
3182 2904 3502 2976 proslieritas
3536 2919 3682 2961 tanta

2107 2976 2433 3045 provenerit,
2487 2984 2631 3028 utos
2662 2992 2814 3030 suum
2867 2994 3031 3045 usque
3078 2980 3143 3031 ad
3175 2983 3368 3033 eteluni
3415 2980 3680 3032 extollere

2107 3044 2435 3117 viderentur.
2469 3048 2715 3099 Secunda
2745 3057 2891 3114 parte
2914 3044 3248 3103 reversurum
3274 3051 3395 3103 dicit
3427 3053 3685 3117 pepuluiu

2108 3128 2260 3189 suum
2292 3115 2357 3167 ad
2388 3120 2599 3169 salubre
2630 3118 2935 3183 coiisdium,
2987 3131 3039 3173 et
3070 3122 3307 3185 pristina:
3345 3115 3688 3189 cogitationis

441 3170 1054 3260 illiwﬂiirebunt'quidem,
1107 3187 1224 3254 quia
1255 3170 1323 3260 in
1357 3170 2002 3257 I'ei'reiiis'prosperabnii:
2030 3170 2074 3231 C
2109 3188 2424 3260 erubescere
2455 3191 2761 3253 pravitatem
2790 3229 2805 3252 ,
2839 3170 3009 3243 donec
3041 3170 3223 3243 ultima
3277 3170 3559 3260 impigrum
3594 3194 3682 3242 iii-

439 3258 551 3325 tur,
578 3260 669 3313 sed
703 3260 798 3312 llos
828 3260 898 3309 illi
932 3269 1033 3309 erit
1077 3258 1204 3309 sicut
1235 3259 1409 3325 fenum
1454 3265 1623 3325 terrai,
1671 3261 1806 3328 quod
1851 3260 2002 3313 hodie

438 3341 532 3392 est,
564 3342 605 3383 et
638 3347 747 3381 crus
778 3331 827 3380 in
856 3330 1111 3380 clibanum
1142 3331 1373 3381 mittitur.

512 3402 589 3453 Sit
620 3416 798 3451 nomen
821 3402 932 3467 ejus
954 3398 1282 3452 bencdzcium.
1320 3398 1453 3453 Visis
1480 3410 1533 3453 et
1574 3404 1895 3455 enumeratis
1928 3411 2003 3456 tot

440 3484 494 3526 et
525 3471 681 3523 tantis
721 3470 869 3521 ιιυιικ
889 3510 903 3531 ,
937 3485 1057 3539 qua;
1085 3468 1137 3521 iii
1161 3468 1344 3521 diebus
1370 3471 1522 3536 hujus
1550 3476 1688 3539 regis
1718 3480 1891 3534 erunt,
1914 3473 2004 3527 be-

440 3544 636 3595 nedieit
663 3542 732 3603 ei,
763 3542 978 3591 dicens:
1007 3536 1207 3590 Nomen
1233 3542 1360 3608 ejus,
1391 3536 1839 3604 scilicetfuoiueu
1874 3547 2005 3607 hoc,

442 3612 582 3679 quod
628 3620 711 3664 est
739 3609 1015 3671 Christus,
1057 3610 1137 3662 Vel
1182 3609 1436 3664 Domitius
1483 3611 1547 3663 sit
1588 3615 1921 3676 benedictum,
1956 3615 2007 3666 id

440 3694 541 3745 est,
583 3680 983 3748 multiplicatum
1017 3679 1066 3730 in
1098 3683 1437 3734 veneratione
1468 3683 1714 3746 plurium,
1740 3686 1791 3733 in
1817 3687 2007 3736 utcula

444 3753 748 3821 praesentia,
798 3750 848 3802 id
880 3756 983 3814 est,
1044 3764 1134 3815 per
1164 3752 1363 3821 omnia
1406 3759 1665 3815 tempora.
1726 3754 1787 3803 Et
1816 3765 2008 3806 merito

442 3820 601 3877 debet
629 3820 865 3875 benedici
919 3821 978 3891 iii
1015 3820 1230 3883 sucula,
1280 3820 1401 3885 quia
1449 3824 1619 3889 ipsum
1670 3839 1851 3875 nomn
1898 3826 2008 3891 ejus

440 3902 695 3963 permanet
742 3900 855 3942 ante
902 3888 1077 3951 solent,
1129 3891 1178 3943 id
1227 3902 1342 3954 est,
1396 3888 1481 3945 est
1505 3894 1842 3946 benedicutm
1890 3888 2011 3949 ante

438 3966 615 4018 omnia
658 3973 913 4027 tempora.

516 4031 577 4086 Et
604 4032 952 4084 benedicentur
973 4028 1023 4079 in
1052 4030 1163 4097 ipso
1188 4046 1357 4083 omnes
1399 4032 1558 4085 tribus
1600 4043 1763 4086 terrae.
1798 4033 1926 4088 Dico
1958 4043 2013 4087 ut

446 4104 762 4158 benedictum
795 4101 1069 4172 sitnomen
1098 4104 1226 4168 ejus,
1271 4110 1325 4152 et
1352 4103 1543 4155 merito
1590 4104 1688 4155 hoc
1718 4105 1855 4169 dico,
1889 4105 2010 4172 quia

453 4189 556 4227 non
585 4172 755 4225 solum
785 4168 987 4233 .liidiua,
1033 4180 1125 4219 seu
1166 4185 1336 4223 omnes
1368 4174 1543 4235 tribus,
1597 4174 1644 4225 id
1675 4182 1777 4234 est,
1828 4168 2013 4228 oin-nes

452 4243 662 4296 l'atniltm
689 4251 831 4291 terra:
862 4239 1287 4311 benedicenturjn
1314 4244 1442 4305 ipso,
1478 4244 1527 4295 id
1556 4255 1656 4303 est,
1683 4246 2014 4311 augebuntur

448 4316 500 4367 in
534 4312 816 4366 virtutibus
850 4322 941 4376 Iter
972 4308 1163 4374 ipsum.
1194 4309 1257 4361 Et
1280 4324 1493 4377 projiter
1520 4318 1620 4365 hoc
1644 4308 1776 4365 dico'
1798 4331 1848 4367 tn
1876 4318 2011 4379 ipso,

447 4385 567 4454 quia
598 4383 648 4435 in
676 4382 785 4448 ipso
811 4380 1161 4454 benedicentur
1190 4396 1359 4433 omnes
1383 4395 1587 4454 gentes,
1622 4384 1672 4435 id
1703 4395 1806 4447 e~t,
1838 4387 2012 4449 aliqua

447 4451 513 4508 tie
544 4457 788 4507 Omnibus
812 4451 1053 4517 gentibus
1076 4451 1485 4518 iitagiiiﬁcabunt,
1513 4453 1561 4503 id
1599 4465 1698 4517 est,
1734 4455 2014 4508 virtutibus

447 4595 561 4660 ejus
609 4594 995 4660 inagiulicatio,
1049 4591 1101 4642 in
1155 4594 1253 4642 hoc
1312 4592 1414 4645 erit
1458 4608 1640 4646 eorum
1692 4595 2012 4648 benedictio.

448 4613 561 4648 ens
609 4613 995 4660 ttiaguincatiu,
1050 4613 1101 4642 Ill
1156 4613 1253 4642 nuc
1312 4613 1414 4645 erit
1458 4613 1640 4646 eorum
1692 4613 2012 4648 uelteutcuo.

448 4613 747 4717 lienedictus
775 4677 899 4727 ergo
928 4662 996 4711 sit
1028 4660 1280 4714 Dominus
1309 4661 1653 4730 Redemptor,
1692 4667 1829 4718 Deus
1858 4666 2020 4720 Crea-

454 4746 554 4797 tor,
590 4731 833 4783 Dominus
872 4731 1124 4804 et‘Dius,
1168 4734 1310 4796 dico,
1358 4731 1521 4786 Israel
1565 4734 1696 4798 veri,
1727 4737 1849 4802 quia
1908 4744 2022 4804 ipse

447 4810 585 4855 solus
614 4818 704 4869 per
731 4804 898 4867 ipsum
921 4800 1041 4872 facit
1070 4818 1395 4871 quzecunque
1440 4804 1723 4868 mirabilia;
1747 4800 1841 4859 alii
1868 4800 2018 4872 vero,

450 4873 551 4927 etsi
578 4873 762 4922 lat-iani
789 4870 1063 4931 mirabilia,
1082 4889 1182 4923 non
1207 4888 1268 4923 ex
1292 4870 1348 4926 se
1370 4875 1687 4937 habeiit,sed
1710 4892 1802 4942 per
1824 4870 2019 4942 ipsum;

450 4944 517 4995 Et
548 4944 664 4994 ideo
692 4942 848 4992 etiam
880 4956 1058 5013 nomen
1088 4944 1387 5013 maiestatis,
1421 4945 1468 4995 id
1500 4955 1602 5008 cst,
1634 4948 2020 5013 majestativunt

452 5029 643 5066 nomen
695 5013 823 5079 ejus,
884 5010 1005 5073 hoc,
1058 5011 1279 5073 scilicet,
1324 5014 1464 5079 quod
1503 5026 1585 5066 est
1630 5010 1903 5081 Dominus,
1956 5020 2026 5070 sit

452 5082 765 5137 benedictum
792 5082 842 5129 in
869 5091 1135 5145 anei-num,
1179 5081 1228 5132 id
1256 5095 1356 5147 εει,
1387 5084 1654 5137 exaltetur
1699 5090 2023 5139 aeternaliter

456 5156 508 5206 in
537 5148 865 5224 servtssuis,
898 5151 1120 5224 scilicet,
1155 5162 1210 5224 ut
1236 5151 1333 5218 ipsi
1367 5156 1497 5205 tales
1524 5169 1583 5206 se
1614 5158 1903 5209 exhibeant
1931 5158 2022 5224 qui

455 5227 562 5277 sint
586 5221 729 5289 digni
760 5232 815 5270 ut
844 5223 998 5271 talem
1030 5220 1303 5272 Dominum
1331 5224 1579 5275 habeant.
1615 5231 1681 5277 tot
1709 5241 1834 5279 vere
1864 5220 2026 5280 bene-

454 5296 647 5347 dictum
673 5296 794 5365 erit,
828 5294 945 5365 quia
970 5290 1132 5365 omnis
1154 5300 1288 5342 terra
1309 5293 1582 5358 replebitur
1604 5298 1867 5365 majestate
1890 5301 2022 5364 ejus,

453 5367 505 5418 id
536 5374 638 5428 est,
671 5362 1002 5433 majestatiju
1044 5360 1360 5433 _d0tltt_ejll~,
1396 5364 1503 5425 illo,
1553 5360 1793 5427 scilicet,
1824 5360 2026 5433 de'qno

452 5435 653 5485 dictutn
679 5446 754 5484 esi
786 5448 798 5483 :
861 5430 1139 5497 E/fundain
1185 5431 1245 5482 de
1276 5433 1476 5499 Spiritu
1516 5449 1624 5485 meo
1653 5451 1802 5499 super
1832 5430 2028 5489 onmem

451 5518 677 5564 carnem,
722 5514 765 5553 et
803 5503 1167 5569 iroplietubunt
1194 5504 1287 5563 ﬁlii
1319 5519 1362 5555 ct
1402 5504 1527 5571 ﬁlia:
1575 5516 1771 5558 vestris.
1820 5507 2026 5559 Princi-

458 5574 649 5645 paliter
695 5575 833 5623 enini
869 5574 1158 5645 Ιιυεάοιιυ,
1200 5574 1257 5627 id
1283 5586 1383 5638 est,
1429 5576 1686 5641 spirituali
1716 5588 1908 5645 gratia,
1939 5593 2026 5631 re-

461 5643 583 5708 pleti
626 5654 749 5693 sunt
793 5644 1036 5705 apostoli,
1088 5658 1137 5694 ει
1184 5659 1275 5705 per
1306 5646 1447 5709 ipsos
1496 5646 1670 5698 omnis
1722 5643 1858 5699 terra
1903 5646 2028 5699 illud

457 5720 711 5774 suscepit,
754 5727 872 5775 quia
923 5728 973 5761 tn
1008 5727 1203 5761 onmem
1234 5725 1419 5764 tcrt‘um
1450 5730 1600 5766 sonus
1630 5733 1805 5769 eorum
1854 5722 2027 5768 exivit.

460 5784 525 5833 Li
549 5796 668 5847 quia
703 5780 861 5830 omnis
904 5790 1036 5829 terra
1087 5786 1344 5845 majestate
1391 5786 1500 5850 ejus
1552 5789 1854 5855 riplebitur,
1903 5803 2030 5855 ergo

2110 3254 2349 3324 telligere
2391 3267 2555 3329 atque
2601 3260 2915 3325 conspicere
2966 3274 3253 3314 mereatur.
3304 3254 3481 3315 'lerta
3533 3272 3684 3329 parte

2110 3336 2323 3401 propter
2369 3328 2519 3381 dolos
2549 3341 2671 3380 suos
2705 3336 2839 3405 mala
2892 3329 3066 3397 impiis
3102 3348 3383 3405 proverur‘e
3433 3328 3681 3405 testatur,

2107 3398 2230 3462 quia
2257 3407 2470 3451 sanctos
2515 3404 2656 3451 vii-os
2707 3400 2957 3453 felicitate
2988 3398 3486 3457 suaiscaudatizare
3541 3402 3690 3455 vide-

2111 3469 2319 3531 bantur,
2354 3484 2413 3522 se
2444 3480 2616 3521 tamen
2652 3470 2911 3525 beneﬁcm
2961 3473 3165 3525 Domini
3195 3478 3259 3525 de
3303 3473 3381 3527 his
3413 3474 3565 3525 malis
3594 3487 3689 3523 as-

2108 3547 2240 3612 serit
2268 3552 2387 3591 εεδε
2418 3540 2717 3593 liberatum.
2770 3549 2968 3605 Quarta
2999 3543 3130 3595 dicit
3158 3547 3426 3612 quomodo
3471 3545 3535 3596 ad
3562 3559 3682 3607 per-

2112 3606 2303 3660 fectum
2334 3612 2663 3665 intellectum
2696 3612 2921 3666 Domino
2960 3606 3244 3669 miserante
3287 3606 3640 3681 pervenerit.»

2686 3738 3114 3779 εοιιιιειιτιιιιιυε.

2185 3833 2351 3898 Quam
2377 3836 2532 3888 bonus
2580 3835 2714 3888 Deus
2747 3834 2909 3889 Israel
2938 3836 3017 3889 Itis
3060 3839 3146 3901 qui
3184 3848 3319 3891 recto
3362 3848 3478 3890 sunt
3504 3838 3675 3889 corde.

2113 3902 2324 3958 Titulus
2352 3917 2454 3967 est,
2486 3905 2789 3977 Defecerunt
2816 3911 2988 3977 hymni
3020 3908 3203 3971 David,
3234 3910 3329 3974 ﬁlii
3354 3908 3517 3971 Iesse,
3546 3910 3683 3974 psal-

2114 3992 2222 4027 mus
2274 3978 2465 4049 Amph.
2515 3976 2690 4044 Aszipli
2747 3976 3127 4043 interpretatur
3175 3993 3519 4049 congregans,
3573 3983 3687 4031 sive

2112 4048 2476 4118 congregatio,
2510 4059 2563 4118 et
2607 4049 2866 4118 signiﬁcat
2899 4049 2984 4103 hic
3009 4048 3338 4118 Synagogaui
3374 4066 3477 4101 non
3510 4050 3691 4101 inter—

2115 4117 2404 4181 fectricem,
2438 4117 2531 4170 sed
2564 4117 2922 4173 imitatricem.
2956 4121 3021 4173 Et
3052 4117 3133 4173 est
3161 4121 3340 4172 dicere
3370 4137 3382 4170 :
3416 4120 3517 4170 |~te
3548 4120 3692 4186 psal-

2114 4204 2232 4241 mus
2263 4199 2343 4239 est
2372 4191 2578 4254 Asapb,
2633 4190 2683 4241 id
2708 4198 2811 4255 est,
2866 4205 2917 4259 ε)
2932 4205 3173 4259 ιιιιεοεω,
3222 4190 3343 4256 quia
3375 4190 3588 4257 qnidani
3617 4190 3688 4239 de

2115 4260 2391 4327 Synagoga
2447 4262 2530 4309 hic
2585 4261 2902 4325 loquuntur;
2956 4264 3187 4327 psalmus
3234 4261 3373 4325 dico,
3424 4276 3589 4325 agens
3618 4261 3686 4310 de

2120 4330 2240 4386 hoc.
2273 4330 2397 4395 quia
2423 4328 2713 4397 defecerunt
2745 4332 2921 4399 hymni
2944 4330 3111 4384 David
3138 4333 3234 4397 lilii
3256 4329 3419 4383 leue.
3452 4332 3691 4398 Hymnus

2116 4412 2199 4453 est
2227 4402 2338 4452 laus
2368 4401 2457 4451 Dei
2487 4415 2606 4453 cum
2638 4402 2867 4453 cantico.
2918 4403 2985 4455 Et
3011 4402 3164 4455 valde
3194 4402 3486 4469 periculosa
3532 4411 3585 4453 et
3614 4405 3687 4451 ta-

2119 4485 2361 4537 crymosa
2391 4484 2476 4523 res
2506 4482 2605 4531 est,
2636 4477 2773 4537 quod
2827 4472 2913 4536 qui
2947 4474 3109 4527 Deunt
3157 4488 3260 4525 non
3286 4474 3456 4525 Solum
3507 4470 3689 4525 lauda-

448 4536 503 4606 εξ
533 4526 684 4577 bonis
711 4521 955 4610 υμεξξίιιξιε
983 4534 1097 4599 9”!"
1120 4522 1505 4610 εξοιίϋεειιξξιιιι-
1540 4524 1592 4574 In
1613 4540 1715 4610 ll“?
1742 4525 1883 4610 ευίῐξξ
1912 4531 2016 4607 cf“
2046 4527 2096 4585 Ῑ)
2128 4521 2341 4602 verunt,
2390 4521 2482 4610 sed
2517 4521 2693 4593 etiam
2737 4521 2972 4596 laudet—ni

2124 4612 2230 4663 cito
2259 4610 2325 4660 ab
2354 4608 2469 4677 ejus
2492 4610 2646 4662 laude
2674 4611 3004 4667 defecerunt.
3024 4608 3150 4679 _Qui
3182 4614 3324 4665 enim
3356 4613 3563 4664 laudem
3592 4613 3691 4663 ali-

2124 4681 2206 4733 cui
2237 4689 2435 4742 cantat,
2486 4697 2588 4731 nun
2640 4683 2811 4733 solum
2862 4684 3060 4747 laudat,
3105 4683 3196 4737 sed
3251 4683 3488 4735 hilariter
3527 4688 3686 4734 etiam

2127 4750 2335 4812 laudat;
2368 4761 2435 4821 et
2468 4751 2555 4819 qni
2605 4752 2810 4803 laudem
2859 4754 3085 4821 alicujus
3132 4764 3332 4818 cantat,
3381 4767 3484 4804 non
3518 4755 3687 4805 solum

2123 4829 2322 4880 cantat,
2350 4820 2440 4871 sed
2471 4832 2522 4872 et
2546 4821 2712 4884 diligit
2744 4824 2884 4875 illum
2917 4820 3072 4888 quein
3108 4824 3306 4885 laudat,
3359 4838 3455 4876 nec
3488 4824 3682 4876 frustra

2127 4898 2323 4960 printer
2351 4891 2585 4960 solitum
2613 4893 2821 4944 vidi-tur
2867 4893 2965 4946 hoc
3018 4907 3208 4946 nomen
3254 4894 3420 4945 David
3472 4908 3566 4960 per
3596 4891 3690 4944 lilii

2125 4958 2277 5011 Jesse
2327 4960 2376 5010 ιιι
2411 4961 2507 5011 Ιιοε
2556 4959 2705 5011 titulo
2750 4964 3182 5015 determinatam.
3235 4964 3345 5015 lloc
3374 4958 3517 5016 enim
3566 4963 3689 5015 ideo

2127 5030 2321 5081 factum
2345 5038 2457 5101 est,
2489 5039 2545 5081 ut
2576 5044 2668 5101 per
2700 5030 2800 5083 hoc
2829 5034 3152 5100 intelligatur
3180 5035 3299 5099 quia
3330 5031 3510 5101 hymni
3542 5032 3688 5086 dele-

2127 5108 2313 5149 ceruut
2344 5098 2395 5149 in
2429 5099 2624 5150 carnali
2659 5103 2870 5166 populo,
2928 5098 3205 5154 his'toriali'
3233 5098 3393 5153 David
3426 5103 3690 5169 subjecto,

2128 5184 2231 5240 non
2250 5169 2506 5240 spirituali
2536 5168 2749 5236 populo,
2770 5172 3026 5238 Spirituali
3057 5172 3217 5225 David
3235 5168 3531 5240 supposito.
3550 5176 3694 5236 Quo—

2129 5238 2248 5291 dam
2279 5239 2421 5290 enim
2453 5248 2689 5305 tempore
2745 5242 2936 5294 \eiei‘is
2984 5238 3312 5302 testamenti,
3337 5238 3468 5295 cum
3520 5246 3695 5293 auhuc

2128 5308 2180 5360 in
2214 5311 2327 5374 ipso
2361 5322 2555 5359 novum
2588 5318 2958 5364 testamentum
3012 5316 3200 5365 lateret
3230 5312 3373 5365 velut
3410 5314 3610 5365 fructus
3638 5313 3691 5363 in

2129 5379 2327 5450 radice,
2361 5376 2522 5429 David
2569 5378 2682 5444 ipse
2726 5381 2859 5432 lilius
2889 5381 3038 5435 .lessie
3086 5397 3174 5434 rex
3210 5383 3482 5435 lsraelitici
3515 5387 3689 5450 populi

2130 5448 2245 5498 luit.
2279 5448 2475 5498 Eodem
2526 5458 2796 5515 tempore,
2845 5454 3090 5513 scilicet,
3146 5456 3340 5505 Veteris
3394 5448 3694 5505 testamenti

2131 5516 2283 5570 factio
2315 5528 2438 5570 sunt
2468 5520 2845 5596 promissioites
2874 5522 2948 5573 illi
2975 5521 3168 5596 populo
3194 5531 3439 5596 tanquajii
3471 5520 3694 5596 carnali,

2136 5599 2365 5640 terrente
2417 5597 2471 5659 et
2499 5592 2840 5655 temporales,
2895 5595 3016 5659 quia
3050 5592 3390 5653 promissum'
3414 5604 3499 5645 est
3524 5594 3571 5645 ei
3606 5608 3692 5643 re-

2131 5672 2316 5725 gnum,
2346 5658 2606 5725 subjectio
2633 5659 2884 5722 hostium,
2916 5658 3195 5714 successus
3223 5664 3469 5721 liliorniu,
3514 5660 3691 5714 fecun-

2131 5731 2271 5778 ditas
2303 5741 2550 5791 uxorum,
2584 5726 2878 5782 Jerusalem
2926 5733 3129 5795 civiuis,
3181 5744 3233 5783 ei
3261 5734 3434 5783 omnis
3468 5733 3552 5784 illa
3582 5740 3695 5783 ter-

2133 5811 2262 5851 rena
2291 5798 2539 5865 felicitas,
2569 5814 2685 5867 qua:
2717 5800 2815 5868 ipsi
2845 5815 2938 5870 pro
2965 5817 3154 5869 magno
3179 5814 3522 5869 acCcpcniui,
3546 5802 3695 5870 quasi
