4010 6190
325 302 428 354 869

320 493 451 542 dare
483 500 682 553 posset.
737 490 799 540 Et
833 504 926 552 pro
953 491 1034 540 his
1061 489 1187 541 solis
1229 489 1571 540 laudaverunt
1620 487 1806 542 Dearin.
1839 499 1889 538 et

324 560 638 616 coluerunt.~
664 558 757 611 llis
789 569 963 611 autem
994 560 1244 626 acceptis,
1279 574 1397 610 cum
1431 559 1620 610 merito
1650 567 1893 620 peccati)-

325 646 448 682 rum
471 644 690 682 suorum
724 638 1113 695 oppugnarent,
1154 640 1207 682 et
1243 636 1694 694 expugnarentur,
1737 637 1789 678 et
1815 627 1887 677 ci-

327 702 459 752 vitas
489 713 671 753 eorum
697 708 1045 759 everteretur,
1096 698 1463 765 promissionis
1509 709 1647 750 terra
1687 698 1763 750 eis
1793 711 1892 748 au-

329 771 576 830 ferretur,
618 768 756 836 quod
809 770 1163 820 necessarium
1192 776 1330 828 erat,
1379 769 1496 835 quia
1537 767 1720 819 umbra
1750 774 1885 829 erat,

333 851 456 891 tunc
489 839 665 907 hymni
698 840 747 889 in
779 838 856 891 eis
891 840 1218 899 defecerunt,
1273 838 1411 900 ideo,
1466 839 1583 904 quia
1619 839 1667 889 in
1704 836 1894 890 talibus

331 912 586 962 cordibus
631 907 767 960 Deus
819 924 921 960 non
973 910 1252 970 laudatur,
1306 913 1412 959 iino
1465 908 1883 974 blasphematur.

321 980 457 1045 Quae
488 980 566 1032 vel
601 989 781 1043 putant
809 995 927 1030 eum
954 978 1203 1044 injusttim
1235 993 1372 1038 esse,
1405 980 1486 1029 vel
1519 978 1756 1030 mortalia
1790 992 1892 1028 non

324 1064 535 1112 curare,
571 1060 847 1116 propterea
879 1050 999 1114 quia
1031 1049 1140 1100 hate
1170 1049 1479 1114 temporalia
1521 1050 1653 1100 bona
1685 1050 1894 1098 subtra-

329 1121 408 1172 hit
453 1121 660 1181 amicis,
706 1128 760 1169 et
808 1119 1096 1170 cultoribus
1141 1122 1269 1181 suis,
1311 1126 1366 1171 et
1410 1121 1499 1169 dat
1542 1133 1602 1170 ea
1643 1117 1891 1181 inrinicis,

328 1188 677 1256 blasphemis,
705 1189 929 1245 scilicet.
957 1202 1008 1239 ci
1041 1188 1358 1240 idololatris.
1415 1189 1486 1240 Ex
1522 1192 1600 1239 his
1631 1203 1754 1238 vero
1779 1203 1894 1254 qui-

326 1259 453 1310 dam
485 1260 732 1319 correcti,
787 1261 863 1309 vel
897 1273 1018 1326 quia
1058 1260 1214 1310 etiam
1249 1262 1350 1310 nuit
1383 1259 1669 1310 del’ucrunt
1716 1259 1767 1309 in
1802 1274 1893 1322 po-

332 1329 457 1396 ptilo
488 1327 599 1393 illo,
629 1328 714 1395 qui
741 1328 992 1394 Spiritum
1014 1343 1122 1380 san.
1147 1336 1252 1380 tttm
1283 1329 1660 1396 intelligerent,
1691 1336 1746 1380 et
1769 1327 1892 1394 quid

325 1399 680 1463 accepissent,
696 1409 744 1448 ei
765 1399 886 1461 quid
906 1399 1040 1449 Deus
1058 1399 1133 1451 eis
1159 1398 1510 1465 proauisisset,
1529 1408 1583 1451 et
1599 1411 1762 1463 quare
1784 1399 1894 1450 lucc

331 1471 644 1535 temporalia
672 1470 749 1520 eis
778 1469 1161 1530 subtraxisset,
1192 1477 1245 1520 et
1278 1468 1501 1520 inimicis
1532 1468 1786 1521 dedisset.
1831 1467 1892 1518 lli

328 1541 464 1592 tales
502 1539 830 1591 associaiites
857 1555 914 1591 se
960 1537 1082 1602 illis,
1137 1551 1190 1590 ut
1224 1547 1368 1591 tanto
1400 1539 1614 1590 liberius
1662 1553 1780 1591 cum
1811 1537 1893 1590 eis

328 1624 486 1678 agere
515 1611 738 1676 possint,
790 1610 1075 1676 loquuntur
1123 1609 1170 1659 iii
1204 1609 1305 1661 hoc
1355 1611 1580 1674 psalmo,
1630 1619 1682 1660 et
1709 1607 1892 1660 redar-

329 1691 497 1746 guunt
532 1681 670 1744 illos,
719 1690 880 1745 atque
926 1678 1220 1745 corrigunt,
1269 1678 1615 1732 exhortantes
1663 1693 1779 1741 eos,
1827 1691 1894 1730 ne

332 1750 557 1814 amplius
593 1750 906 1802 aemulentur
955 1752 1138 1801 liorem
1193 1750 1470 1801 malorum.
1523 1750 1585 1800 Et
1616 1759 1670 1802 ut
1702 1749 1890 1800 iiitellio

331 1831 459 1883 gatit
485 1822 622 1886 quod
676 1820 798 1872 ideo
839 1822 976 1873 Deus
1019 1818 1342 1872 subtraxerit
1366 1822 1443 1872 eis
1475 1818 1586 1872 hate
1638 1836 1740 1871 non
1771 1832 1894 1871 vera

334 1891 472 1940 hOna
501 1890 833 1954 temporalia,
882 1900 938 1942 ut
968 1891 1293 1956 inquirerent
1338 1889 1436 1941 alia
1487 1903 1610 1941 vera
1662 1889 1797 1940 bona
1844 1897 1896 1940 et

331 1969 553 2026 :cterns,
588 1975 689 2011 non
720 1975 836 2028 quae
868 1962 918 2012 in
949 1961 1055 2013 illis
1084 1976 1185 2012 non
1217 1971 1388 2027 erant,
1441 1961 1533 2012 sed
1564 1974 1681 2026 qua:
1711 1959 1764 2010 in
1795 1958 1898 2011 illis

333 2028 587 2082 latebant.
655 2029 720 2080 Et
765 2030 894 2084 dicit
944 2034 1048 2094 ita,
1096 2031 1206 2084 sive
1244 2039 1602 2084 correctorum
1657 2029 1895 2094 quilibet,

332 2099 449 2152 sive
479 2101 829 2167 perfectoruin
851 2141 864 2161 ,
900 2101 1001 2154 illis
1028 2114 1085 2152 se
1115 2100 1486 2154 associantium
1515 2117 1526 2150 :
1561 2096 1703 2150 Deus
1737 2096 1897 2151 Israel

337 2171 474 2231 vcri,
505 2187 654 2236 quam
685 2169 842 2224 bonus
871 2170 1054 2240 est,id
1085 2179 1186 2232 est,
1215 2187 1372 2238 quam
1398 2169 1664 2240 jucnndUs
1709 2178 1788 2222 est
1819 2171 1899 2240 his

338 2239 420 2306 ἰιιὶ
448 2251 564 2292 sunt
589 2249 726 2292 recto
757 2243 906 2293 corde
928 2244 946 2294 .’
979 2239 1223 2294 Distortis
1253 2238 1428 2292 autem
1452 2241 1612 2294 Corde
1641 2241 1787 2302 solis,
1812 2238 1902 2304 qui

339 2310 416 2362 rel
451 2319 637 2377 putant
663 2324 782 2364 eum
814 2309 1066 2379 injustum
1095 2325 1234 2374 esse,
1268 2312 1348 2363 vel
1383 2312 1625 2363 mortalia
1670 2325 1773 2362 non
1805 2325 1902 2361 cu-

330 2394 474 2442 rare,
522 2389 598 2434 est
633 2394 937 2447 perversos,
1000 2395 1105 2434 non
1147 2381 1286 2444 quod
1341 2395 1463 2434 vere
1508 2395 1789 2447 perversos
1833 2389 1904 2447 sit

335 2449 492 2513 Deus,
527 2450 616 2503 sed
649 2451 860 2516 quando
892 2459 945 2503 tu
995 2465 1302 2515 perversos,
1339 2460 1461 2504 tunc
1492 2465 1775 2518 pet-versus
1805 2451 1899 2502 tibi

339 2519 563 2574 videtur.
601 2521 666 2572 Et
692 2535 795 2572 non
827 2535 907 2574 εει
938 2520 1029 2573 tibi
1071 2520 1240 2575 bonus
1264 2563 1278 2585 ,
1328 2521 1378 2574 id
1415 2534 1519 2582 est,
1551 2535 1656 2572 non
1695 2529 1779 2572 est
1809 2521 1902 2574 tibi

334 2591 614 2652 Iucundus,
648 2591 754 2642 imo
784 2590 1118 2660 injiicuudus,
1160 2592 1297 2645 sicut
1345 2606 1514 2660 neque
1562 2591 1662 2642 mel
1705 2592 1903 2656 jucun—

334 2661 462 2712 dum
486 2669 568 2715 est
588 2662 900 2713 febricitanti
926 2663 1127 2730 palato,
1158 2677 1327 2729 neque
1355 2662 1530 2714 clarus
1556 2663 1634 2712 sol
1663 2661 1904 2727 lippienti

331 2732 512 2802 oculo,
543 2731 661 2797 quia
687 2731 796 2795 lux,
846 2749 965 2802 qua:
994 2741 1202 2800 vegetat
1230 2747 1416 2785 sanum
1449 2733 1686 2794 oculum,
1714 2747 1898 2783 rever-

331 2799 483 2872 berat
513 2803 778 2856 inlirmum
800 2841 814 2865 ,
844 2799 898 2855 et
937 2799 1227 2872 quaehunc
1258 2805 1506 2865 illustrat,
1539 2803 1683 2854 illum
1712 2815 1907 2855 excru-

330 2871 458 2924 ciat.

407 2939 512 2994 Mei
539 2952 704 2994 autem
733 2959 856 3012 pene
881 2946 1005 3000 moti
1037 2953 1155 2997 sunt
1184 2943 1354 3012 pedes.
1400 2941 1560 3007 Quasi
1592 2941 1771 2994 dicat:
1802 2940 1906 2994 Re-

330 3011 434 3064 ctis
457 3013 667 3079 quidem
699 3011 861 3068 curde
890 3015 1059 3067 bonus
1100 3025 1180 3066 est
1214 3014 1374 3076 Deus,
1424 3027 1522 3079 ego
1550 3022 1725 3064 autem
1760 3013 1906 3080 prius

333 3095 482 3134 eram
509 3082 732 3138 distorto
757 3083 936 3144 corde.
991 3092 1046 3137 et
1073 3082 1192 3136 ideo
1243 3085 1368 3136 milii
1415 3081 1585 3135 bonus
1635 3097 1735 3133 no.i
1766 3097 1900 3135 erat.

337 3150 652 3223 Nampedes
685 3154 806 3205 ini/ii
835 3168 958 3223 pene
988 3154 1110 3205 moti
1137 3163 1272 3217 sunt,
1313 3163 1360 3205 et
1391 3153 1745 3223 gressusmihi
1778 3169 1900 3218 pene

333 3220 650 3292 e/fasisunt.
684 3220 852 3277 Pedes
881 3224 1145 3290 pertinent
1172 3223 1238 3277 ad
1272 3220 1496 3292 lapsum,
1527 3222 1648 3291 quia
1683 3225 1901 3288 pedibus

331 3290 597 3362 labimur;
628 3305 841 3362 gressus
883 3309 1010 3347 vero
1055 3290 1338 3362 pertinent
1370 3299 1434 3348 a~l
1480 3290 1785 3346 errandum.
1840 3297 1904 3345 ιςι

337 3361 497 3428 pedes
524 3361 722 3430 accipit
748 3363 832 3417 hic
858 3361 1182 3428 affectiones,
1215 3379 1430 3432 gressus
1470 3379 1596 3417 Vt‘l'o
1626 3368 1894 3430 Operatio-

333 3445 481 3495 iiem,
504 3433 624 3498 quia
656 3433 806 3500 pedes
835 3449 935 3491 non
957 3449 1023 3487 ex
1055 3443 1163 3486 toto
1186 3433 1335 3497 moti,
1356 3436 1447 3488 sed
1471 3450 1596 3500 pene
1625 3436 1743 3484 maii
1765 3443 1902 3497 sunt,

341 3509 399 3552 et
426 3515 626 3570 gressus
680 3518 785 3556 non
833 3518 894 3557 ex
926 3514 1035 3557 toto
1077 3503 1251 3571 effusi,
1299 3505 1390 3557 sed
1422 3519 1548 3570 pene
1590 3503 1735 3570 el/‘usi
1763 3513 1901 3565 sunt,

333 3572 458 3642 quia
487 3571 751 3642 cogitabat
771 3574 981 3639 quidem
1016 3583 1069 3627 et
1099 3576 1235 3642 piam
1264 3573 1619 3637 aﬂ'ectioueui,
1665 3589 1822 3641 quam
1853 3576 1905 3626 in

336 3640 530 3705 Deum,
563 3650 616 3710 et
645 3640 688 3694 si
721 3657 815 3710 pro
850 3640 1149 3697 carnalibus
1177 3645 1366 3697 habeat
1396 3655 1630 3708 mutare,
1661 3640 1712 3695 et
1745 3658 1906 3710 Opera

337 3709 614 3763 servitutis
643 3709 757 3779 ejus
781 3712 835 3766 in
868 3714 1250 3767 daemoniorum
1281 3716 1539 3767 culturam
1589 3709 1900 3781 transiet-re,

337 3781 434 3834 sed
467 3783 708 3848 resipuit,
736 3794 788 3836 et
812 3783 930 3837 ideo
957 3785 1084 3837 dicit
1113 3801 1126 3836 :
1153 3784 1316 3836 Pedes
1344 3785 1440 3836 mei
1466 3799 1593 3851 pene
1617 3783 1744 3836 moti
1770 3796 1906 3848 sunt,

334 3858 388 3902 et
415 3865 615 3922 gressus
645 3855 736 3904 mei
757 3869 884 3922 pene
911 3853 1060 3920 e/fasi
1076 3864 1214 3908 sunt.
1242 3855 1402 3921 Quasi
1430 3855 1568 3906 dicat
1589 3854 1908 3920 :Cadebam,

336 3925 433 3973 sed
465 3921 698 3974 nondum
729 3921 1062 3989 ceciderain;
1094 3926 1272 3987 ibam,
1301 3924 1393 3976 sed
1427 3925 1656 3977 nonduin
1687 3926 1870 3976 ieram.

413 3989 547 4063 Quia
573 3993 749 4045 zelavi.
798 3993 918 4047 Ideo
946 4011 1146 4063 gressus
1175 3998 1274 4047 mei
1306 4011 1428 4062 pene
1452 3993 1601 4061 effusi
1629 4005 1767 4055 sunt,
1791 3997 1913 4063 quia

335 4074 440 4128 ego
471 4061 646 4132 zelaoi,
681 4063 732 4116 id
755 4073 854 4127 est,
879 4061 1292 4132 indignationem
1324 4067 1500 4128 habui,
1557 4061 1914 4120 l'aciendo‘ine

335 4144 492 4202 super
512 4131 740 4202 iniquos,
770 4136 819 4186 id
846 4144 948 4197 est,
975 4131 1314 4202 justilicando
1345 4152 1449 4197 me.
1497 4145 1550 4188 et
1577 4141 1624 4188 iii
1657 4138 1755 4187 lioi:
1783 4151 1917 4202 pra--

337 4199 562 4274 ierendo
588 4203 822 4274 iniquis;
872 4215 922 4256 et
954 4199 1077 4258 inde
1106 4208 1296 4271 zelavi,
1348 4207 1468 4274 quia
1498 4207 1599 4259 vztli
1635 4224 1699 4273 pa
1730 4199 1828 4265 ein.
1862 4211 1913 4260 id

335 4279 443 4328 est.
471 4271 777 4349 felicitatem
800 4284 1137 4342 peccatorum,
1167 4271 1388 4341 scilicet,
1413 4278 1550 4347 quod
1581 4271 1712 4345 ipsis
1734 4289 1916 4332 essent

337 4345 516 4394 omnia
550 4357 643 4406 pro
675 4345 808 4397 velle
841 4358 957 4396 suo.

413 4409 547 4474 Quia
596 4427 696 4465 non
738 4422 811 4466 est
852 4424 1106 4484 respectus
1154 4417 1305 4468 morti
1345 4433 1536 4470 eorum.
1582 4417 1704 4472 ldeo
1746 4421 1909 4473 zelavi

1029 304 1091 357 IN
1133 303 1545 359 l‘SALMURUM
1590 303 1845 359 LIBRUM
1889 301 2244 359 EXEGESIS.
2286 333 2352 344 —-
2393 304 2634 359 PSALM.
2679 307 2886 362 LXXII.

326 423 467 472 Deus
500 418 629 472 nihil
665 417 856 486 majus,
907 417 1034 472 nihil
1077 418 1286 483 melius,
1340 418 1579 480 haberet,
1627 418 1766 483 quod
1816 417 1893 467 eis
1925 422 1967 476 Α

3461 316 3566 372 870

2074 413 2136 466 In
2162 416 2331 468 labore
2377 417 2639 470 hominum
2685 436 2784 470 non
2820 429 2953 473 sunt.
3008 421 3204 476 Eadem
3242 427 3565 481 continuatio

2000 497 2083 560 est
2125 488 2416 538 secundum
2467 499 2744 560 utramque
2796 492 3136 554 sententiain,
3185 498 3334 560 quasi
3386 496 3564 550 dicit:

2000 555 2124 635 little
2154 565 2375 635 apparet
2404 557 2539 634 quod
2565 555 2762 635 nonest
2785 571 3038 635 respectus
3061 555 3420 629 morti-eorum,
3447 568 3566 635 quia

2005 627 2150 702 iinlla
2182 627 2441 702 medicina
2487 629 2569 702 eis
2599 627 2898 681 adhibetur.
2938 631 3078 702 erain
3113 648 3211 682 non
3239 647 3353 684 sunt
3381 627 3476 702 per
3512 655 3568 688 se

1999 697 2144 768 ipsos
2173 712 2222 746 in
2252 698 2424 748 labore
2448 700 2624 761 aliquo
2658 714 2897 750 verorum
2927 701 3222 766 hominum,
3257 697 3480 768 Scilicet,
3515 723 3569 758 ut

2002 767 2219 832 vigilcnt
2252 767 2629 839 Vt‘ljcjlllletil,
2663 771 2745 820 vcl
2771 771 2965 831 aliquid
2993 772 3092 822 tale
3120 773 3330 835 lactant,
3356 786 3400 823 et
3436 792 3570 839 prte-

2010 845 2154 887 teiea
2187 853 2285 886 non
2312 836 2672 909 tingi-llantnr,
2717 855 2888 906 neque
2922 855 3146 905 unquam
3175 836 3570 909 ﬂagellabiintur

2005 922 2119 978 cum
2155 910 2289 958 veris
2318 908 2697 978 hominibusab
2731 911 2840 970 illo,
2869 911 2987 974 quia
3023 908 3256 978 ﬂagellat
3278 928 3472 963 omnem
3504 918 3565 978 [i-

2003 977 2129 1027 lium
2159 992 2306 1044 quem
2353 978 2548 1043 recipit.
2602 977 2664 1028 lat
2695 982 2815 1045 quia
2850 994 2945 1029 nec
2976 996 3067 1045 pci'
3095 1000 3152 1031 se
3184 981 3443 1045 laborant,
3476 977 3572 1038 nec

1999 1060 2026 1096 a
2061 1046 2167 1098 Deo
2209 1046 2561 1112 llagellaiitur,
2613 1049 2727 1098 ideo
2774 1049 2934 1098 leltttll
2983 1065 3066 1101 eos
3111 1050 3373 1116 superbia,
3421 1059 3570 1116 quasi

2000 1117 2315 1188 tltllllttdetll
2348 1121 2588 1188 manibus
2617 1132 2726 1169 sms
2757 1133 2820 1170 ne
2839 1119 3170 1185 aulugerent.
3205 1124 3263 1173 lit
3289 1131 3570 1188 propterea

1999 1185 2162 1250 aperti
2190 1196 2328 1247 sunt,
2361 1186 2409 1237 id
2441 1196 2522 1238 est
2543 1227 2555 1244 ,
2589 1203 2653 1238 ex
2683 1198 2791 1239 toto
2819 1189 3036 1241 invtiluti
3074 1199 3225 1253 sunt,
3261 1185 3411 1256 quasi
3441 1209 3573 1256 quo-

1997 1269 2117 1305 uam
2154 1258 2335 1328 pallio,
2366 1258 2629 1322 iniquitate
2663 1269 2848 1309 contra
2896 1260 3213 1323 pl‘thlllllllll,
3246 1271 3292 1312 et
3320 1264 3575 1328 impietate

1998 1337 2184 1376 contra
2216 1327 2403 1378 Deum.
2439 1327 2720 1394 Iniquitate
2751 1332 2831 1379 vel
2875 1331 3160 1394 impietate,
3204 1332 3344 1394 illeo,
3376 1349 3491 1390 sua.
3523 1337 3570 1383 id

1997 1407 2102 1466 cst,
2149 1410 2211 1446 ex
2244 1411 2427 1448 eorum
2473 1403 2600 1448 vztio
2629 1399 2704 1449 eis
2734 1400 2944 1461 innata;
2999 1415 3169 1466 neque
3210 1403 3350 1452 enim
3395 1403 3575 1455 sobrie

2001 1464 2051 1515 in
2085 1480 2142 1518 se
2179 1467 2380 1528 vivunt,
2413 1482 2532 1533 qua
2564 1467 2897 1531 snpei'biuut,
2931 1464 3104 1536 neque
3129 1472 3270 1536 juste
3313 1473 3362 1523 in
3396 1488 3568 1538 proxi-

1998 1549 2164 1592 tiiuiii,
2197 1550 2368 1601 neque
2398 1553 2478 1600 pie
2509 1540 2557 1588 in
2583 1539 2766 1590 Deum.

2069 1602 2275 1656 Prodiit
2320 1608 2463 1670 quasi
2493 1623 2554 1658 ει)
2593 1610 2742 1674 adipe
2770 1609 3031 1672 iniquitas.
3089 1609 3269 1674 Operti
3315 1619 3452 1672 sunt,
3497 1611 3576 1662 iii-

2002 1690 2184 1747 quam,
2215 1675 2501 1747 iniquitate,
2534 1681 2711 1729 ethoc
2751 1696 2854 1730 non
2902 1695 2965 1730 ex
3008 1681 3328 1732 necessitate
3373 1682 3570 1747 aliqua,

1929 1772 1971 1830 Β
1999 1748 2144 1825 quia.
2168 1746 2412 1830 iniquttas
2455 1762 2645 1830 eorum.
2673 1750 2863 1826 prodiit
2919 1764 3026 1800 non
3077 1764 3140 1801 ex
3172 1754 3437 1813 siccitate,
3467 1746 3573 1804 sed

1999 1815 2144 1882 quasi
2173 1831 2234 1886 ea:
2257 1817 2428 1881 adipe.
2477 1815 2530 1870 Si
2559 1818 2676 1885 quis
2717 1820 2860 1872 enim
2906 1833 3125 1885 pauper,
3174 1830 3408 1886 egestate
3447 1835 3573 1872 coa-

1998 1899 2140 1950 cms,
2171 1885 2366 1938 lurtniii
2401 1888 2480 1940 vel
2515 1887 2848 1940 latrocinium
2876 1889 3184 1954 committit,
3221 1893 3360 1942 illius
3387 1892 3576 1954 iniqui-

2000 1966 2081 2008 tas
2113 1955 2308 2022 prodiit
2337 1957 2486 2022 quasi
2517 1971 2582 2010 ex
2611 1958 2879 2022 siccitate;
2919 1958 2962 2010 si
2994 1961 3111 2025 quis
3145 1975 3269 2012 vero
3298 1960 3576 2014 abundans

1999 2035 2054 2076 et
2083 2034 2270 2092 potens
2300 2027 2497 2094 aliquid
2527 2029 2727 2094 rapiet,
2759 2030 2915 2095 hujus
2945 2031 3193 2096 iniquitas
3243 2046 3348 2082 iiou
3380 2046 3570 2094 proce-

2001 2096 2078 2147 dit
2111 2111 2175 2148 εχ
2207 2096 2471 2160 siccitate,
2519 2101 2612 2150 sed
2643 2100 2788 2164 quasi
2815 2115 2876 2151 ea:
2905 2100 3076 2164 adipe,
3127 2101 3174 2151 id
3202 2113 3302 2161 εει,
3337 2115 3400 2151 ex
3425 2115 3575 2151 arro-

1999 2164 2179 2230 gantia
2228 2177 2282 2218 et
2337 2172 2769 2234 pramotcptioue.
2818 2168 3151 2220 Transierunt
3201 2172 3358 2220 etiam
3409 2177 3582 2220 metas

2005 2236 2368 2303 humanitatis,
2401 2239 2480 2289 vel
2511 2241 2744 2304 regulam
2773 2238 3010 2306 justitiae,
3044 2240 3322 2292 tendentes
3366 2240 3417 2290 in
3447 2237 3578 2305 a/fe-

2002 2315 2137 2356 ctum
2168 2307 2356 2370 cordis,
2392 2309 2442 2359 id
2477 2319 2576 2371 νει,
2625 2309 2900 2375 cupientes
2930 2312 3149 2374 implere
3183 2325 3340 2361 omne
3363 2312 3578 2362 deside-

2003 2377 2142 2448 rium
2188 2379 2331 2448 pravi
2363 2378 2542 2429 cord.s
2564 2379 2667 2431 sui.
2725 2377 3080 2441 ﬂagitaverunt
3132 2393 3357 2447 namque
3400 2381 3578 2448 nequi-

2005 2446 2146 2510 tiam,
2177 2456 2230 2499 et
2260 2447 2427 2512 ipsam
2455 2449 2612 2499 etiam
2636 2449 2788 2499 locuti
2814 2459 2948 2513 sunt,
2975 2463 3030 2501 ut
3051 2453 3168 2502 aliis
3198 2446 3582 2516 persuaderent

2005 2529 2156 2586 eam;
2191 2525 2244 2568 et
2275 2521 2375 2569 hoc
2405 2532 2508 2569 non
2539 2526 2738 2570 tantum
2785 2521 2921 2586 apud
2969 2521 3258 2572 l'aiiiiliai'es
3299 2534 3453 2583 suos,
3485 2522 3580 2571 sed

2005 2585 2164 2656 etiam
2197 2587 2349 2638 locuti
2378 2597 2494 2639 sunt
2524 2585 2836 2656 iniquitatem
2867 2593 2918 2641 in
2951 2591 3178 2656 excelso,
3213 2590 3261 2642 id
3280 2600 3378 2652 est,
3409 2592 3458 2641 in
3490 2606 3584 2656 pii-

2005 2655 2166 2720 blico,
2201 2667 2256 2708 ut
2285 2655 2659 2712 universaliter
2695 2665 3072 2725 persuaderent
3100 2677 3240 2714 eam.
3287 2660 3351 2712 Et
3382 2660 3448 2711 ad
3479 2655 3582 2714 lioc

2006 2739 2277 2794 posuerunt
2308 2746 2360 2778 os
2387 2746 2533 2779 suum
2576 2733 2629 2781 in
2658 2741 2853 2795 cretum,
2917 2732 2966 2781 id
2997 2740 3096 2796 εει,
3148 2743 3329 2783 contra
3361 2734 3576 2795 uelum,

2008 2812 2129 2864 quia
2161 2799 2211 2849 iii
2242 2801 2405 2850 Deum
2439 2800 2794 2865 blaspliemias
2843 2803 3108 2854 dixi-runt.
3172 2802 3258 2854 Vel
3304 2811 3584 2868 posuerunt

2007 2883 2063 2919 os
2099 2883 2246 2919 suum
2290 2872 2342 2920 in
2369 2876 2513 2935 cazi’o,
2549 2871 2597 2922 id
2630 2881 2731 2937 est,
2781 2872 2834 2924 in
2878 2875 3211 2935 auctoritate,
3263 2873 3485 2935 scilicet,
3530 2881 3587 2922 ut

2009 2937 2145 2989 dicta
2177 2954 2362 2992 eorum
2387 2942 2462 2991 sic
2491 2943 2796 2994 ιιυιιιιοιιιιειι
2822 2952 3146 3007 tenerentur,
3175 2947 3322 3009 quasi
3346 2942 3584 2993 caelestia

2009 3019 2206 3062 essent.
2239 3010 2324 3062 Vel
2347 3022 2620 3076 posuerunt
2645 3029 2698 3063 os
2719 3028 2866 3064 suum
2887 3030 2937 3063 in
2962 3013 3106 3078 caelo,
3135 3016 3182 3064 id
3207 3024 3306 3076 est,
3336 3015 3385 3062 in
3410 3017 3588 3076 dispu-

2013 3079 2209 3132 talione
2238 3085 2303 3132 de
2335 3083 2545 3143 luturis,
2579 3097 2696 3148 qua:
2735 3093 2967 3148 pertinet
3015 3094 3216 3134 tantum
3269 3083 3334 3135 ad
3361 3084 3578 3144 caelum,

2013 3165 2130 3216 qum
2163 3151 2410 3202 dixerunt
2439 3165 2453 3200 :
2481 3151 2591 3202 lloc
2617 3160 2668 3203 et
2699 3153 2799 3203 lioc
2832 3155 3084 3205 l'aCtetiitis
3107 3195 3119 3216 ,
3155 3155 3252 3204 hoc
3283 3166 3458 3203 autem
3498 3156 3583 3203 di-

2011 3219 2306 3272 iiiitteiiius.
2357 3220 2420 3271 Et
2451 3221 2629 3288 lingua
2670 3237 2846 3272 eorum
2891 3237 3010 3272 cuin
3040 3232 3182 3274 esset
3235 3222 3286 3272 in
3323 3233 3487 3285 terra,
3533 3223 3586 3271 id

2017 3296 2120 3353 est,
2169 3289 2222 3339 in
2252 3291 2429 3341 stabili
2462 3292 2582 3342 loco
2615 3292 2804 3357 posita,
2849 3294 3082 3343 transivit
3133 3303 3347 3356 terrain,
3397 3291 3447 3344 id
3481 3302 3583 3355 est,

2019 3360 2250 3423 seipsam
2277 3360 2542 3424 loquendo
2574 3363 2714 3426 talia,
2740 3377 2859 3429 qua:
2881 3363 3010 3413 nihil
3041 3362 3102 3413 ad
3127 3376 3264 3413 cani.
3295 3363 3382 3415 Vel
3415 3372 3587 3414 trans-

2023 3430 2273 3481 ivnalios
2301 3439 2538 3482 terrenos
2571 3433 2704 3484 ultra
2741 3447 3078 3485 communem
3119 3432 3414 3486 lacullatein
3451 3446 3587 3501 pra:-

2021 3505 2302 3552 sumendo.

2086 3568 2213 3620 Ideo
2249 3578 2559 3643 convertatur
2599 3573 2817 3643 populiis
2867 3590 3005 3625 meus
3046 3573 3143 3625 hic.
3196 3573 3354 3638 Quasi
3403 3573 3591 3627 dicat;

2011 3638 2137 3693 Ideo
2175 3651 2279 3693 tam
2314 3638 2804 3710 diligentereoruiii
2846 3647 3243 3698 damnationem
3276 3660 3368 3709 per
3402 3658 3582 3710 pacein

2012 3714 2100 3783 eis
2121 3725 2430 3764 concessam
2462 3721 2660 3778 notaVi,
2696 3725 2750 3766 ut
2782 3717 2864 3768 hic
2896 3717 3115 3783 populus
3158 3731 3320 3780 naeus,
3351 3716 3439 3782 qui
3477 3718 3589 3766 vult

2013 3781 2144 3834 IIl-lli
2173 3797 2397 3835 consors
2433 3797 2574 3843 esse.
2601 3796 2653 3835 et
2686 3785 2814 3837 mihi
2845 3781 3189 3848 coiitoriiiari,
3218 3781 3586 3849 convertatur,

2014 3851 2149 3924 sicut
2181 3867 2300 3904 vere
2329 3863 2669 3916 eoiwertetur,
2715 3853 2920 3907 scilicet
2971 3869 3026 3907 ut
3057 3873 3142 3924 qui
3190 3871 3335 3922 prius
3369 3857 3590 3923 putabat

2018 3922 2185 3974 Deum
2216 3923 2470 3988 iujustum
2504 3937 2645 3986 esse,
2679 3935 2770 3976 aut
2798 3925 3040 3978 mortalia
3075 3922 3194 3978 riion
3223 3941 3430 3989 curare,
3462 3928 3589 3993 quia

2017 3993 2132 4044 haec
2163 3994 2474 4059 temporalia
2507 3995 2846 4048 subtraheret
2874 3997 3081 4060 amicis,
3125 4010 3177 4049 et
3222 3997 3374 4050 daret
3415 4001 3590 4048 iiiiini-

2018 4062 2097 4114 cis
2122 4078 2136 4124 ;
2166 4077 2320 4115 modo
2351 4078 2381 4116 e
2411 4065 2682 4116 contrario
2710 4069 2929 4130 seiitiit,
2967 4076 3020 4118 et
3053 4077 3332 4134 postquam
3362 4081 3590 4120 conver-

2021 4140 2215 4196 tentur,
2249 4143 2372 4184 tuuc
2420 4136 2524 4184 dies
2568 4135 2705 4200 pleni
2737 4140 3057 4188 invenientur
3088 4137 3140 4188 in
3183 4139 3276 4201 eis,
3327 4153 3418 4203 per
3461 4139 3591 4189 clle-

2019 4215 2161 4256 ctum
2209 4218 2360 4256 suum
2411 4206 2637 4255 Scilicet.
2689 4207 2824 4270 Quia
2883 4209 3034 4273 illud,
3087 4210 3230 4273 quod
3265 4209 3356 4260 ille
3384 4209 3588 4268 docuit,

2021 4289 2109 4342 qui
2137 4275 2188 4326 in
2240 4274 2566 4339 plenitudine
2613 4283 2870 4340 temporis
2921 4289 3078 4344 ιειιιι,
3111 4279 3160 4329 id
3206 4287 3308 4340 est,
3342 4287 3585 4330 contem-

2027 4354 2146 4412 ptus
2176 4357 2532 4409 terrenarum,
2568 4354 2622 4397 et
2652 4360 2804 4398 amor
2831 4351 3129 4400 cwleSiiuin
3157 4357 3259 4399 erit
3284 4362 3334 4399 in
3365 4347 3461 4399 eis.
3494 4347 3585 4401 Vel

2023 4423 2396 4467 convertentur
2431 4415 2515 4466 hic
2561 4416 2613 4466 in
2647 4429 2919 4482 praesenti,
2951 4427 2996 4468 et
3029 4429 3238 4470 tandem
3287 4419 3395 4468 dies
3428 4416 3587 4484 pleni,

335 4480 514 4534 videns
542 4497 718 4549 pacem
741 4480 1081 4553 peccatorum,
1113 4487 1232 4553 quia
1260 4489 1427 4550 morti,
1461 4503 1580 4541 cum
1621 4493 1690 4541 sit
1717 4491 1912 4544 malum
1943 4483 1992 4542 D
2021 4486 2071 4538 id
2101 4495 2203 4549 est,
2232 4486 2416 4537 :eterni
2469 4480 2786 4537 invenientur
2815 4489 2868 4538 in
2902 4489 2994 4539 eis.
3045 4488 3112 4539 Et
3155 4502 3375 4540 necesse
3401 4480 3504 4548 est,
3535 4501 3588 4538 ut

337 4553 584 4604 meritum
615 4567 813 4627 eorum,
857 4571 964 4627 noti
989 4563 1062 4607 est
1090 4565 1264 4627 tamen
1295 4567 1572 4625 respectus.
1621 4560 1741 4627 quia
1777 4577 1913 4613 iiun-

335 4636 513 4695 quam»
528 4624 742 4691 respicit
768 4639 883 4679 eos.
918 4623 986 4676 Et
1013 4627 1065 4678 in
1093 4626 1249 4695 plaga
1271 4623 1466 4691 eorum,
1514 4629 1562 4679 id
1590 4623 1694 4692 est,
1741 4629 1786 4680 si
1815 4632 1915 4683 ali-

337 4692 554 4764 quando
583 4695 886 4762 plagantur,
937 4711 1043 4746 non
1074 4692 1155 4747 εει
1185 4692 1256 4749 ibi
1285 4696 1681 4764 firmamentum,
1729 4699 1781 4750 id
1813 4712 1914 4764 est,

337 4761 624 4828 stabilitas,
655 4761 774 4832 quia
799 4766 841 4816 si
876 4763 1139 4818 interdum
1168 4761 1347 4820 evenit
1376 4780 1470 4819 eos
1499 4768 1675 4834 aliqua
1707 4761 1918 4822 tristitia

340 4833 502 4898 mori,
532 4836 826 4906 succedunt
859 4835 1000 4906 laeta,
1023 4837 1104 4889 vel
1135 4836 1189 4888 in
1237 4837 1392 4906 plaga
1430 4833 1604 4890 eorum
1634 4847 1715 4892 est
1742 4839 1918 4906 ﬁrma-

337 4912 587 4975 mentum,
621 4905 799 4971 idest,
839 4920 946 4960 non
980 4905 1184 4959 laxatur
1209 4905 1356 4975 plaga
1381 4921 1588 4972 eorum,
1619 4909 1712 4962 Sed
1744 4905 1919 4962 lirina-

341 4982 449 5036 iur,
478 4974 527 5025 id
557 4983 659 5046 est,
687 4975 1071 5028 consolidatur.
1125 4974 1536 5046 Aliter’quoque
1581 4984 1720 5032 hunc
1753 4990 1918 5034 totum

340 5055 556 5116 versum
590 5045 767 5113 legere
799 5056 970 5114 potes,
1023 5055 1080 5099 ut
1107 5050 1176 5100 sit
1220 5048 1459 5102 ostensio
1505 5051 1647 5116 quod
1695 5051 1921 5105 l'eliciias

339 5126 446 5163 nou
476 5113 629 5166 datur
662 5121 747 5170 hic
790 5113 1157 5183 peccatoribus
1204 5118 1269 5170 ad
1310 5113 1681 5184 salvatioiiem,
1733 5121 1827 5174 sed
1856 5123 1922 5176 ad

337 5183 759 5238 damnationem.
811 5188 972 5259 Quasi
1003 5189 1143 5240 dicat
1169 5205 1182 5240 :
1234 5185 1435 5253 Zelavi,
1467 5183 1680 5259 inquam
1705 5234 1717 5257 ,
1749 5193 1922 5244 videns

340 5268 516 5326 pacein
541 5265 886 5326 peccatorum.
940 5255 1116 5324 Quare
1144 5267 1322 5312 autem
1364 5261 1518 5312 datur
1540 5255 1642 5313 ἐὶε
1667 5255 1765 5326 pax
1798 5263 1923 5314 illa?

341 5322 428 5401 Ad
459 5325 808 5401 perditionem
835 5322 1017 5395 utique
1048 5329 1280 5396 ipsorum
1304 5345 1318 5394 ;
1347 5329 1650 5401 tiaindatur
1668 5322 1750 5384 eis
1777 5331 1924 5394 ideo.

339 5395 464 5468 quia
494 5395 641 5446 morti
661 5411 835 5448 eorum
857 5415 955 5448 non
980 5407 1052 5449 est
1074 5395 1369 5464 respectus,
1400 5400 1520 5468 quia
1554 5416 1699 5454 mors
1726 5402 1804 5454 eis
1833 5405 1926 5456 de-

342 5467 450 5514 bita
482 5479 750 5538 nunquam
784 5477 942 5520 vertit
973 5485 1032 5522 se
1063 5475 1129 5521 ab
1157 5471 1254 5534 eis,
1283 5481 1340 5523 ut
1366 5467 1650 5538 aliquando
1679 5472 1929 5538 respiciat

341 5549 459 5594 eos,
499 5535 595 5587 sed
626 5551 840 5602 semper
870 5539 1086 5604 respicit
1113 5555 1226 5603 eos,
1260 5541 1307 5592 id
1337 5535 1466 5605 est,'
1478 5541 1584 5607 jam
1620 5535 1926 5596 conclama-

344 5614 454 5653 tum
484 5607 785 5680 εειιιεεδ,
811 5608 938 5680 etin
973 5611 1124 5677 plaga
1165 5626 1335 5662 eorum
1378 5628 1480 5663 non
1524 5623 1604 5665 est
1634 5615 1931 5680 ﬁrmamen-

342 5684 474 5734 tum,
494 5679 612 5741 quia
635 5692 851 5745 semper
877 5679 1082 5731 laxatur
1109 5681 1281 5748 plaga,
1310 5681 1357 5734 id
1382 5692 1485 5744 cst,
1516 5679 1758 5736 ciiiil‘usio
1785 5686 1929 5753 ipso-

2021 4565 2418 4616 tonvertantur,
2454 4558 2575 4623 quia
2605 4558 2780 4609 aversi
2819 4569 2990 4609 erant.
3046 4558 3282 4624 bamque
3323 4559 3588 4616 dixerunt,

2021 4625 2162 4692 quod
2195 4633 2286 4676 aut
2331 4625 2471 4677 Deus
2503 4634 2736 4678 nesciret
2783 4629 2981 4687 omnia,
3016 4638 3104 4678 aut
3152 4626 3194 4678 si
3247 4627 3426 4691 sciret,
3464 4637 3591 4684 tunc

2025 4695 2106 4748 vel
2137 4695 2365 4761 injustas
2388 4706 2553 4761 esset,
2577 4699 2657 4748 vel
2693 4698 2932 4748 mortalia
2961 4712 3066 4749 non
3095 4709 3324 4758 curaret,
3356 4700 3457 4751 hoc
3483 4709 3583 4759 est,

2020 4766 2158 4832 quod
2205 4767 2369 4816 dicit:
2397 4764 2676 4818 Dixerunt.
2721 4768 3001 4832 Quomodo
3054 4778 3230 4835 potest
3285 4768 3388 4820 hoc
3435 4768 3589 4820 esse?

2029 4836 2220 4888 Verutn
2251 4837 2464 4901 quidem
2497 4839 2653 4903 vulgo
2675 4837 2888 4901 dicitur,
2922 4837 3130 4891 scilicet
3159 4839 3297 4904 quod
3330 4839 3471 4892 Deus
3491 4840 3594 4890 scit

2022 4909 2224 4969 omnia,
2255 4919 2376 4958 cum
2410 4907 2690 4964 subtrahat
2717 4910 2854 4960 bona
2882 4909 3089 4974 amicis,
3121 4924 3173 4961 ei
3206 4911 3294 4960 det
3321 4925 3384 4962 ea
3418 4909 3594 4961 inimi-

2023 4980 2132 5029 cis‘.’
2167 4975 2356 5044 Utique
2379 4976 2463 5028 vel
2490 4979 2616 5028 illud
2643 4992 2827 5030 verum
2860 4993 2964 5031 non
2993 4991 3097 5033 est.
3129 4981 3235 5034 Aut
3259 4983 3301 5032 si
3331 4992 3404 5032 est
3432 4981 3595 5032 scien-

2025 5051 2096 5120 tia
2118 5048 2170 5098 in
2196 5049 2414 5110 excelso,
2445 5047 2526 5098 sic
2556 5046 2747 5100 dicitur
2788 5060 2911 5100 tunc
2940 5049 3113 5120 (quasi
3147 5049 3348 5109 dicanti
3369 5062 3462 5104 aut
3502 5064 3595 5102 iii-

2021 5119 2196 5188 justus
2228 5127 2331 5179 est,
2362 5125 2453 5168 aut
2483 5120 2727 5169 mortalia
2762 5135 2867 5171 non
2898 5131 3068 5174 curat.

2098 5187 2226 5241 Ecce
2271 5189 2366 5257 ipsi
2404 5196 2711 5253 peccatores.
2743 5192 2899 5254 Quam
2944 5191 3126 5244 dicat:
3154 5187 3283 5241 Ecce
3325 5204 3420 5243 cur
3465 5186 3588 5244 talia

2028 5257 2228 5322 dicant,
2276 5263 2394 5310 ideo
2424 5257 2652 5320 scilicet,
2685 5263 2806 5324 quia
2855 5261 2933 5312 illi
2969 5262 3213 5314 obtinent
3255 5265 3590 5328 reputatione

2027 5345 2210 5382 eorum
2254 5343 2526 5394 praemium
2577 5328 2801 5396 iustitia:
2840 5345 2970 5382 suae.
3024 5333 3153 5383 Nam
3203 5329 3299 5393 illi,
3336 5334 3423 5397 qui
3473 5335 3600 5382 sunt

2033 5409 2338 5466 peccatores,
2385 5408 2431 5449 et
2465 5410 2638 5451 tamen
2679 5399 2995 5451 abundantes
3033 5401 3088 5452 in
3115 5402 3322 5462 swculo,
3363 5402 3598 5454 obtinue-

2029 5479 2144 5522 runt
2175 5469 2393 5531 divitias,
2446 5483 2540 5534 pro
2565 5470 2758 5536 quibus
2806 5470 2878 5521 illi
2921 5471 3082 5522 Deum
3114 5471 3411 5535 coluerunt,
3451 5481 3505 5525 ει
3540 5482 3599 5520 εε

2027 5541 2479 5607 justilicaveruut.
2533 5541 2673 5594 Ecce
2705 5541 2872 5607 turpis
2913 5542 3145 5593 venditio
3176 5541 3406 5593 Vendere
3440 5543 3595 5608 jusn-

2033 5613 2158 5662 tiam
2207 5626 2358 5662 suam
2405 5625 2499 5675 pro
2530 5621 2739 5664 terrena
2791 5611 3032 5678 pecunia.
3088 5611 3152 5663 lit
3201 5611 3480 5673 dixi:llli,
3517 5614 3601 5661 iii-

2033 5697 2214 5745 quaiit,
2259 5679 2503 5732 conversi
2535 5682 2662 5734 illud
2713 5680 2985 5746 dixerunt,
3019 5691 3073 5736 et
3113 5698 3210 5750 ego
3265 5686 3422 5734 etiam
3454 5684 3600 5734 dixi:

2041 5752 2172 5821 largo
2197 5752 2315 5806 sine
2345 5767 2524 5821 causa,
2557 5765 2664 5808 etc.
2696 5752 2847 5818 Quod
2888 5754 3026 5808 sicut
3072 5769 3100 5807 a
3134 5756 3391 5822 piiiicqiio
3425 5761 3600 5823 potest
