4010 6190
468 335 567 391 871

901 338 1102 392 ΒΕῡΑΞ
1144 337 1600 391 V'ENERABlLlS
1638 337 1792 391 OPP.
1838 336 2015 392 PAllS
2057 336 2121 391 ll.
2165 335 2357 392 SECT.
2401 336 2463 391 ll.
2498 366 2567 378 -
2608 337 2818 394 DUBIA
2857 338 2947 393 ΕΤ
2988 338 3263 396 SPURIA.

3624 346 3734 401 872

467 460 667 519 dicere,
709 453 790 505 vel
842 452 1171 527 aliquis_jam
1214 463 1486 527 correctus
1538 462 1782 527 respectu
1835 450 2032 527 prioris
2064 455 2116 513 Α
2153 449 2429 527 invenient
2462 451 2513 527 in
2544 451 2787 505 manibus
2814 453 2950 527 suis,
2973 454 3098 523 quia
3139 471 3252 527 cum
3282 455 3524 509 interierit
3548 458 3728 527 homo,

468 538 657 586 status,
703 524 784 577 vel
817 524 977 575 etiam
1009 523 1199 591 aliquis
1236 524 1499 591 perlectus
1526 533 1577 575 et
1623 523 1940 589 intelligens,
1981 522 2031 575 itt

471 611 696 663 persona
755 604 927 645 tamen
979 593 1210 653 illorum,
1244 603 1298 644 ct
1326 603 1407 644 est
1444 593 1623 645 dicare
1652 609 1663 643 :
1691 592 2038 663 Quandoqui-

468 662 591 721 dem
622 666 754 717 alius
781 664 987 715 obtinet
1037 664 1308 729 praemium
1337 664 1558 731 justitia}
1599 677 1749 726 meae,
1782 678 1899 728 ergo
1925 662 2038 714 sine

464 753 639 796 causa,
666 736 713 785 id
738 744 838 792 est,
863 733 979 786 sine
1001 733 1519 800 utibtatejustiﬁcavi
1542 748 1629 783 cor
1649 748 1833 795 meum,
1860 733 2031 795 idest.

467 806 814 873 cogitationes
846 818 1011 864 meas,
1042 815 1085 855 et
1119 820 1232 856 stne
1262 819 1419 856 causa
1446 804 1545 855 lavi
1586 820 1767 855 manus
1791 817 1949 866 meas,
1978 801 2033 856 id

463 890 566 942 εει,
596 874 842 926 mandavi
876 889 1035 935 opt-ra
1082 889 1220 935 mea,
1254 885 1309 926 ιιι
1349 889 1523 925 essem
1552 874 1683 925 inter
1712 874 2031 934 innocentes,

464 960 510 998 et
552 948 666 999 sine
706 958 863 996 causa
897 945 970 1003 {ui
994 944 1304 1011 ﬂttgellaltts,
1338 944 1386 995 id
1437 955 1537 1006 est,
1572 944 1773 1011 ﬂagella
1804 944 2032 995 sustinui

466 1027 485 1068 ι
524 1028 572 1069 ta
602 1018 704 1075 die,
734 1014 780 1064 id
814 1024 913 1072 est,
943 1013 1177 1076 assidue,
1208 1023 1257 1068 et
1297 1026 1471 1066 tamen
1504 1015 1771 1082 castigatio
1794 1029 1905 1063 mea
1948 1026 2032 1065 est

459 1089 512 1138 in
544 1085 825 1145 matutinis,
854 1084 903 1136 id
928 1092 1027 1146 εει,
1060 1100 1163 1135 non
1196 1084 1442 1138 dill'ettur
1466 1084 1740 1147 castigatio
1773 1099 1910 1145 mea,
1936 1086 2029 1136 sed

459 1173 673 1220 semper
706 1154 854 1221 quasi
900 1166 979 1207 εει
1009 1156 1061 1205 ιιι
1094 1154 1312 1219 foribus,
1349 1166 1405 1207 ιιι
1438 1158 1486 1205 in
1522 1170 1842 1221 unoquoque
1873 1170 2030 1207 mane

460 1244 546 1281 me
578 1228 811 1281 invadat.
848 1225 1057 1277 Illorum
1088 1234 1265 1278 autem
1315 1226 1595 1293 castigatio
1628 1238 1718 1276 aut
1762 1240 1902 1290 sera,
1941 1236 2032 1277 aut

458 1300 599 1349 nulla
628 1308 727 1350 est.

531 1369 589 1422 Si
619 1369 867 1419 dicebam.
905 1364 1032 1429 lluc,
1069 1368 1302 1429 inquam,
1351 1366 1501 1421 dixi:
1539 1366 1601 1417 Et
1650 1365 1861 1417 tandem
1894 1365 2030 1417 dicc-

461 1442 597 1503 bam,
634 1439 873 1497 Dominc,
909 1436 951 1487 si
1000 1440 1218 1488 narrabo
1267 1438 1384 1490 aliis
1426 1439 1521 1497 sic,
1547 1436 1748 1489 scilicut
1792 1445 1841 1487 te
1892 1435 2028 1501 inju-

460 1520 598 1562 stntn
624 1523 760 1569 esse,
794 1508 875 1557 Vt‘i
921 1518 968 1555 te
999 1524 1104 1559 non
1137 1523 1325 1559 curare
1359 1507 1598 1559 mortalia
1631 1506 1790 1573 :quia
1822 1516 2029 1567 tempoa

454 1580 581 1630 ralia
628 1581 761 1630 bona
809 1576 986 1628 aufers
1036 1579 1244 1641 amicis,
1289 1588 1342 1631 et
1370 1578 1464 1630 das
1508 1592 1568 1629 ea
1615 1577 1881 1639 inimicis;
1916 1593 2027 1628 ecce

452 1665 700 1715 magnum
751 1649 1127 1701 inconveniens
1173 1650 1461 1710 incurram,
1501 1648 1600 1699 hoc
1625 1648 1850 1708 scilicet,
1898 1649 2024 1713 quia

452 1720 769 1786 reprobabo,
802 1718 851 1769 id
897 1725 1000 1774 est.
1033 1721 1293 1784 separabo
1322 1732 1350 1768 a
1383 1733 1467 1771 me
1514 1720 1790 1781 nationem,
1826 1718 1875 1769 id
1918 1731 2023 1780 εει,

2147 536 2246 571 non
2280 521 2542 574 descendet
2569 539 2687 573 cum
2732 539 2789 575 eo
2819 521 3004 591 gloria
3028 527 3159 593 ejus.
3200 525 3348 577 Nihil
3385 528 3538 587 enim,
3572 543 3627 583 ut
3652 521 3729 588 aii

2144 594 2458 657 Apostolus,
2484 594 2539 644 in
2570 593 2706 643 hunc
2735 596 2980 646 mundum
3002 597 3288 657 attulimus,
3323 598 3458 649 haud
3498 598 3722 658 dubium

2143 662 2266 741 quia
2313 676 2413 741 nec
2441 662 2654 741 aul‘erre
2682 664 2805 741 quid
2856 678 3159 741 possumus.
3196 666 3261 717 Et
3291 681 3412 741 vere
3431 669 3719 741 peribunt,

2138 736 2261 795 quia
2292 739 2346 806 tu
2380 732 2602 806 Domine
2637 734 2832 806 redit/es
2862 736 2913 786 in
2941 737 3143 787 civitate
3174 745 3259 787 tua
3281 739 3555 805 imaginem
3580 732 3721 806 ἱρεοξ

2136 816 2251 852 rum
2279 802 2345 852 ad
2374 802 2610 854 nihilum.
2647 802 2795 856 Sicut
2822 807 2963 857 enim
2999 806 3095 869 ipsi
3128 806 3177 858 in
3206 802 3422 861 civitate
3450 824 3544 861 sua
3582 802 3721 867 ima-

2137 874 2315 938 ginem
2347 882 2511 934 luam,
2560 874 2609 924 id
2653 884 2756 936 est,
2788 873 3052 927 rationem
3094 890 3245 928 suam
3296 888 3351 929 et
3383 880 3711 935 intellecturi.

2152 942 2472 1017 redegerunt
2509 941 2572 993 ad
2607 943 2850 1017 nihilum,
2884 945 3270 1017 cotnparabiles
3299 947 3421 999 l'arti
3449 948 3718 1017 junn-ntis

2143 1009 2539 1084 insipientibus,
2586 1014 2665 1065 sic
2707 1023 2760 1065 et
2800 1023 2854 1066 tu
2911 1009 3184 1084 imaginem
3231 1009 3476 1081 ipsorum,
3521 1022 3571 1071 td
3610 1038 3718 1084 est,

2147 1081 2434 1157 imaginem
2467 1084 2733 1157 superbire
2762 1091 2817 1137 et
2855 1081 3034 1157 Διοιὶιιε
3064 1088 3337 1154 nequitiae,
3368 1104 3529 1157 quam
3563 1093 3614 1143 in
3656 1081 3723 1147 se

2142 1150 2274 1228 ipsis
2307 1156 2564 1228 leceruut,
2584 1154 2779 1228 rediges
2799 1154 2863 1228 ad
2886 1155 3102 1206 nihilum
3127 1150 3175 1207 in
3199 1150 3400 1211 civitate
3420 1169 3507 1211 tua
3531 1176 3720 1228 super-

2139 1225 2369 1295 ctelesti,
2405 1222 2454 1274 id
2505 1232 2605 1282 est.
2628 1222 2707 1295 in
2746 1225 3002 1277 societate
3044 1236 3369 1293 sanctorum,
3414 1246 3520 1282 non
3569 1222 3711 1295 quod

2137 1290 2235 1356 ipsi
2272 1294 2341 1345 ibi
2373 1296 2501 1357 sint,
2546 1294 2639 1345 sed
2681 1296 2799 1359 quia
2844 1309 2961 1346 cum
2998 1296 3067 1348 ibi
3106 1311 3227 1350 esse
3260 1290 3541 1361 deberent.
3590 1290 3714 1354 inde

2133 1362 2335 1433 exclusi
2367 1378 2396 1414 a
2424 1378 2552 1416 vero
2593 1378 2712 1417 esse
2740 1366 3151 1433 separabantur,
3182 1375 3237 1420 ει
3262 1367 3342 1422 sic
3368 1370 3433 1423 ad
3484 1373 3712 1426 uitulum

2134 1432 2459 1497 redigentur.

2204 1500 2336 1564 Quia
2365 1504 2738 1571 inﬂammatum
2785 1514 2855 1558 est
2905 1522 2995 1558 cor
3031 1524 3215 1559 meum.
3263 1507 3385 1562 ldeo
3416 1510 3613 1563 merito
3643 1517 3710 1567 ad

2135 1572 2355 1625 nihilum
2408 1575 2616 1641 rediges
2668 1590 2783 1639 eos,
2816 1576 2936 1643 qttia
2984 1578 3099 1629 altis
3148 1581 3307 1631 etiam
3356 1582 3703 1636 occa~ionem

2132 1644 2384 1709 peccandi
2408 1643 2692 1697 dederont.
2720 1644 2848 1698 Nam
2870 1663 2958 1698 cor
2985 1663 3151 1700 meum
3175 1650 3555 1715 inﬂammatum
3590 1655 3707 1704 illo-

2133 1727 2251 1764 rum
2285 1719 2530 1781 exemplo
2558 1715 2824 1767 desiderio
2858 1726 3209 1784 terrenorom,
3240 1730 3286 1770 et
3317 1735 3461 1771 renes
3495 1723 3612 1785 mei,
3649 1726 3701 1776 id

449 1805 664 1842 omnem
718 1788 1112 1858 generationem
1167 1788 1420 1853 ﬁliorum,
1472 1786 1522 1858 id
1564 1797 1680 1851 est,
1736 1788 2025 1858 electorum
2065 1800 2108 1858 Β
2136 1795 2238 1858 est,
2271 1785 2839 1858 delectationesmeat,
2871 1802 2990 1853 qugc
3015 1788 3275 1841 deberent
3298 1803 3418 1841 esse
3446 1792 3699 1855 spiritua.

453 1872 657 1912 tuorum
689 1856 1123 1925 pratcedentiutn,
1162 1859 1423 1909 Abraham
1451 1857 1649 1911 scilicet
1673 1866 1725 1910 et
1746 1856 1931 1917 Jacob,
1965 1870 2017 1911 et

451 1931 678 1982 aliorum
710 1929 916 1985 talium.
946 1929 1069 1994 quia
1094 1930 1268 1981 nullus
1299 1928 1505 1979 illorum
1548 1936 1652 1990 est,
1685 1928 1774 1995 qui
1808 1943 2016 1982 meeum

455 2000 507 2051 itt
536 1999 636 2051 hoc
667 1999 986 2050 consentiat.
1022 1998 1086 2050 Et
1114 1998 1290 2070 inhac
1313 1997 1624 2070 dilticultate
1655 1999 1852 2066 positus
1878 2000 2015 2070 cogi-

452 2073 617 2121 tabam
648 2078 703 2120 nt
734 2080 1104 2137 cognoscerem,
1142 2068 1191 2120 id
1223 2076 1325 2130 est,
1361 2069 1657 2137 cogitabam
1686 2068 2017 2135 cognost-eu-

455 2139 580 2191 dum
603 2154 724 2191 esse
750 2155 761 2189 ε
791 2138 868 2189 vel
901 2150 951 2188 ut
983 2139 1109 2190 dicit
1142 2140 1324 2191 beatus
1362 2138 1710 2203 Augustinus,
1758 2137 2014 2205 Proposui

451 2219 508 2261 ut
535 2222 934 2278 cognoscerem.
968 2208 1100 2273 Qtud
1152 2209 1578 2277 cognoscerem?
1619 2210 1834 2263 Scilicet
1861 2211 2015 2279 teju-

442 2292 581 2333 stum
636 2294 777 2337 esse.
833 2289 887 2331 et
936 2278 1176 2332 mortalia
1226 2292 1438 2341 curare,
1482 2290 1535 2331 et
1575 2288 1751 2332 tamen
1804 2290 2013 2335 terrena

449 2350 584 2402 bona
618 2350 807 2403 amicis
862 2348 1194 2411 snhtraltere,
1240 2358 1295 2403 ει
1343 2349 1571 2401 inimicis
1612 2352 1862 2405 tribuere.
1907 2354 2013 2406 Sed

442 2422 536 2472 hoc
566 2433 888 2487 cognoscere
917 2419 1059 2471 labor
1085 2431 1183 2479 est,
1216 2420 1265 2472 id
1313 2430 1413 2482 est,
1445 2419 1729 2474 difﬁcultas
1770 2423 2011 2489 quaedam

454 2491 623 2554 posita
655 2500 773 2542 ante
794 2506 891 2551 mc,
918 2489 1182 2558 volentem
1208 2490 1335 2541 illud
1368 2489 1706 2558 investigare,
1736 2492 1903 2545 donec
1929 2509 2015 2547 me

440 2561 633 2613 laciam
658 2572 779 2612 ante
806 2567 874 2611 te.
901 2557 996 2610 Vel
1022 2560 1114 2610 hoc
1135 2573 1458 2628 cognoscere
1485 2557 1574 2612 me
1598 2561 1741 2612 labor
1770 2573 1888 2613 ante
1909 2579 2010 2624 me.

440 2629 493 2681 id
522 2639 625 2692 est,
656 2629 827 2696 maior
875 2643 978 2691 me,
1034 2631 1195 2681 donec
1236 2631 1419 2681 intrem
1454 2632 1534 2682 vel
1580 2634 1631 2681 in
1661 2634 2013 2685 sanctuarium

439 2698 557 2761 Dei,
589 2699 765 2761 idest,
798 2699 848 2750 iu
890 2709 1122 2752 mentem
1176 2714 1346 2752 meam
1377 2697 1615 2753 faciendo
1668 2701 1834 2767 ipsam
1883 2718 2011 2756 san-

438 2771 700 2821 ctuarium
739 2769 856 2832 Dei,
888 2769 970 2821 vel
998 2771 1048 2821 in
1078 2772 1427 2822 sanctuarinm
1462 2770 1571 2836 Dei,
1619 2771 1666 2823 id
1695 2780 1795 2829 est.
1830 2771 1881 2823 in
1927 2788 2013 2827 se-

437 2848 640 2892 cretam
669 2840 1074 2906 disposntionetn
1105 2841 1221 2905 Uci,
1254 2840 1334 2893 vel
1364 2842 1415 2892 in
1442 2844 1790 2894 sanctuarium
1818 2843 1932 2901 Dei.
1960 2844 2009 2896 id

440 2918 544 2972 est,
582 2909 635 2962 in
665 2923 845 2962 sacras
871 2909 1200 2975 Scripturas,
1234 2911 1438 2964 scilicet
1468 2912 1553 2965 ubi
1583 2924 1744 2965 certa:
1778 2916 2009 2967 rationes

435 2979 503 3031 de
548 2979 628 3033 his
660 2980 914 3049 omnibus
962 2982 1176 3032 dantur.
1228 2982 1293 3034 Et
1345 2981 1529 3033 tandiu
1561 2992 1645 3034 est
1678 2982 1804 3035 mihi
1832 2984 2006 3049 labor,

436 3051 610 3103 donec
662 3050 855 3103 intrent
905 3048 957 3101 in
1008 3052 1304 3103 novissima
1348 3066 1560 3111 eorunt,
1603 3051 1653 3103 id
1706 3064 1809 3117 εει,
1839 3048 2010 3108 donec

434 3130 612 3173 mente
644 3134 950 3187 percurram
970 3120 1047 3191 ad
1080 3120 1311 3173 futuram
1357 3121 1776 3188 damnationem,
1806 3134 1862 3177 et
1892 3140 2003 3191 pte-

433 3205 529 3243 nas
560 3192 817 3243 malorum
844 3207 858 3253 ;
888 3200 936 3242 ct
968 3190 1019 3242 in
1053 3193 1152 3244 illis
1198 3191 1484 3243 novissimis
1516 3195 1771 3255 existens,
1810 3190 2004 3247 intelli-

434 3276 553 3331 gam
580 3263 722 3328 quod
751 3274 889 3314 nunc
921 3276 1025 3313 tton
1057 3262 1440 3333 intelligebam,
1487 3263 1700 3316 Scilicet
1730 3265 1893 3318 Deum
1919 3267 2008 3333 jn-

433 3342 573 3383 stnm
614 3346 755 3395 esse,
790 3340 845 3383 et
876 3332 1070 3384 mortal
1095 3347 1123 3383 a
1155 3346 1364 3393 cut-are,
1397 3342 1453 3386 et
1499 3341 1675 3385 tamen
1711 3333 1824 3387 htec
1867 3332 2003 3389 butta

430 3404 618 3454 amicis
660 3403 995 3463 subtrahere,
1040 3412 1092 3455 et
1132 3402 1360 3456 inimicis
1405 3402 1534 3456 dare
1569 3419 1583 3456 :
1616 3404 1738 3472 quia
1779 3406 1844 3458 ad
1906 3408 2006 3461 hoc

430 3477 523 3524 dat
551 3487 612 3525 ea
645 3473 894 3536 inimicis,
932 3481 989 3523 ut
1039 3474 1082 3524 ti
1131 3473 1268 3538 quod
1323 3473 1517 3525 booutn
1550 3474 1788 3539 letterint,
1823 3491 1917 3542 per
1941 3492 2004 3532 ea

432 3554 921 3605 remunerarentur,
950 3548 1004 3594 ct
1034 3555 1087 3595 ut
1118 3553 1263 3595 tanto
1295 3545 1506 3608 gravius
1539 3544 1588 3596 in
1638 3545 1812 3598 futuro
1843 3547 2005 3600 dam-

432 3622 642 3666 ttentur.

508 3681 861 3735 Verumtamen
921 3692 1168 3755 propter._
1199 3682 1362 3747 Dixit,
1409 3683 1474 3736 Et
1502 3684 1787 3755 intelligam
1830 3687 1882 3739 in
1913 3704 2003 3739 no-

428 3753 672 3806 uisssimis
702 3768 1011 3817 eorum,per
1032 3753 1170 3820 quod
1203 3755 1390 3819 innuit,
1422 3757 1543 3822 quia
1574 3756 1624 3806 ιιι
1650 3753 1828 3810 futuro
1854 3756 2000 3809 dam-

434 3824 718 3877 nabuutur.
772 3824 877 3878 Sed
913 3833 1085 3876 tamen
1116 3824 1290 3892 (quasi
1342 3826 1501 3892 dicat)
1535 3826 1621 3878 hic
1668 3828 1828 3880 etiam
1859 3829 2003 3881 dant-

428 3904 642 3956 nantur,
678 3893 797 3962 quia
841 3901 915 3959 tu,
951 3894 1194 3956 Domine,
1252 3897 1471 3962 posuisti
1526 3896 1603 3946 eis
1641 3895 1813 3949 dolos.
1855 3898 2002 3962 Quos

428 3964 615 4016 dolos?
647 3966 849 4016 scdicet
876 3975 927 4015 ut
956 3966 1176 4016 interius
1203 3967 1453 4019 εχσιεειιιί
1486 3976 1685 4018 ωιετιιιι
1721 3967 1859 4020 bona
1891 3982 2003 4021 οιιι-

426 4032 584 4085 ιιίΙιυε
615 4034 886 4100 proposita
930 4035 1255 4105 relinquant,
1284 4048 1339 4089 et
1382 4037 1714 4103 temporalia,
1748 4053 1865 4105 quae
1896 4038 1997 4090 lal-

426 4109 541 4176 lnnt
584 4117 698 4168 eos,
732 4113 1003 4176 appetant.
1037 4104 1099 4157 Et
1142 4105 1241 4176 hoc
1297 4106 1493 4159 laetum
1542 4118 1626 4158 est
1668 4109 1748 4160 eis
1766 4104 1999 4176 propter

426 4175 579 4224 dolos
610 4188 823 4246 eorun,
851 4174 917 4246 _id
962 4184 1064 4237 est,
1095 4175 1234 4226 tnalo
1264 4179 1456 4229 merito
1487 4190 1606 4239 suo,
1650 4177 1852 4230 scilicet
1875 4174 1995 4246 quia

425 4255 681 4313 quantum
718 4244 768 4294 in
814 4243 891 4295 eis
945 4252 1049 4303 est,
1081 4245 1270 4297 dolose
1314 4255 1494 4313 agunt;
1530 4246 1709 4299 Potest
1749 4258 1804 4299 et
1843 4243 1998 4302 aliter

429 4312 515 4365 hic
545 4313 682 4365 idem
714 4327 898 4367 VBI'SHS
943 4314 1329 4381 aliquantulum
1358 4312 1623 4381 superius
1665 4319 1986 4371 continuari.

422 4384 584 4447 Quasi
632 4385 810 4436 dicat:
838 4381 1160 4446 Peccatores,
1220 4387 1454 4452 inquam,
1501 4387 1825 4438 obtinuerunt
1867 4388 1995 4439 divt-

423 4466 541 4525 ttas,
571 4454 621 4506 in
668 4468 774 4522 quo
806 4464 1007 4525 putant
1041 4454 1175 4507 bene
1219 4470 1398 4508 secum
1443 4457 1526 4525 agi
1554 4474 1565 4508 :
1592 4456 1686 4509 sed
1716 4468 1892 4510 tamen
1936 4460 1989 4512 in

2031 3156 2078 3220 (Ξ

2136 1856 2235 1930 l_cs_,
2270 1863 2490 1907 mutata:
2515 1866 2635 1907 sunt
2667 1856 2719 1930 in
2759 1858 3001 1909 carnales
3026 1875 3039 1909 :
3066 1869 3111 1909 et
3156 1861 3231 1930 sic
3261 1875 3352 1927 ego
3390 1860 3475 1927 qui
3509 1864 3703 1930 ahquid

2133 1922 2389 1994 deberem
2435 1939 2575 1991 esse,
2615 1927 2851 1978 redactus
2876 1942 2989 1979 sum
3029 1930 3097 1979 ad
3135 1922 3376 1993 nihilum,
3408 1922 3457 1982 id
3502 1922 3611 1994 est,
3637 1939 3705 1988 ad

2126 1991 2250 2059 hoc,
2299 2002 2599 2067 utterrena
2633 2005 2832 2048 tantum
2866 2007 3192 2065 appeto-rem,
3225 1991 3510 2067 qute'nihil
3544 1991 3696 2067 sunt,

2119 2073 2168 2113 et
2185 2064 2403 2137 nescivi,
2435 2065 2486 2118 id
2519 2075 2622 2130 est,
2654 2064 2911 2137 nesciens
2946 2068 3113 2120 lactus
3164 2064 3303 2123 sunt.
3352 2070 3410 2122 Et
3441 2073 3561 2137 quia
3609 2064 3706 2127 nti.

2120 2133 2297 2186 sciens
2330 2136 2423 2198 lui,
2459 2138 2579 2188 ideo
2608 2146 2662 2190 et
2686 2137 2729 2190 si
2751 2132 2887 2203 apud
2922 2139 3040 2190 illos
3064 2140 3190 2191 satis
3223 2132 3702 2204 prttdens'viderer

2120 2215 2171 2280 et
2218 2208 2455 2280 sapiens,
2485 2218 2695 2280 tamen
2720 2208 2859 2280 apud
2888 2218 2935 2280 te
2965 2209 3131 2276 factus
3160 2225 3269 2261 sum
3304 2219 3357 2261 ut
3386 2212 3701 2280 jumentnm,

2121 2272 2173 2325 id
2206 2288 2311 2339 εει,
2349 2276 2728 2330 irrationabilis
2754 2272 2813 2330 et
2836 2272 3115 2345 insipiens,
3146 2284 3268 2330 dum
3297 2272 3533 2347 captiua:
3563 2272 3692 2335 Illitli

2116 2355 2258 2405 Sunt,
2313 2357 2645 2412 appeterem,
2703 2357 2752 2399 et
2802 2363 3105 2416 quanquatn
3141 2358 3470 2415 appeterent,
3519 2363 3694 2407 tamen

2116 2429 2207 2480 ego
2234 2431 2431 2481 semper
2483 2417 2552 2468 lui
2604 2428 2789 2481 tecum,
2822 2421 2944 2487 quia
2992 2435 3093 2471 non
3148 2424 3260 2471 haec
3313 2439 3340 2471 a
3392 2423 3691 2485 daemoniis,

2115 2497 2254 2558 sicut
2280 2486 2575 2558 idololatrtn
2603 2486 3004 2555 faciunt,peto,
3036 2492 3133 2543 sed
3163 2505 3189 2539 a
3224 2503 3274 2543 te
3305 2492 3421 2543 solo
3456 2504 3593 2558 peto.
3630 2496 3692 2547 Lt

2116 2554 2234 2629 ideo
2261 2566 2330 2629 tu
2372 2556 2620 2622 adjuvisti
2658 2574 2764 2620 me.
2801 2554 2867 2611 ne
2916 2559 3129 2625 penitus
3154 2560 3401 2613 eatleretn
3432 2554 3589 2629 z'quaa
3625 2580 3692 2615 te-

2115 2627 2269 2676 nuisti
2297 2642 2504 2678 manum
2535 2644 2698 2681 meam
2749 2630 2992 2682 faciendo
3036 2644 3152 2683 Cant
3186 2627 3549 2691 dextet'nmftd
3590 2650 3689 2691 est.

2116 2695 2285 2747 iecisti
2314 2706 2369 2747 ut
2399 2711 2563 2762 opera
2606 2714 2721 2750 mea
2759 2701 2902 2765 prius
2935 2701 3172 2764 sinistra,
3207 2702 3257 2752 id
3299 2712 3381 2753 est
3416 2718 3685 2766 perversi,

2115 2766 2303 2817 tierent
2331 2766 2572 2829 dextera,
2608 2768 2659 2819 id
2708 2778 2810 2835 est,
2845 2770 3003 2833 bOua,
3035 2782 3083 2821 et
3118 2786 3195 2822 me
3230 2771 3479 2824 eductum
3513 2773 3576 2824 de
3611 2783 3684 2826 te~

2113 2836 2293 2889 nehris
2319 2838 2519 2889 erroris
2549 2837 2827 2900 deduxisti,
2864 2840 2915 2892 id
2958 2853 3059 2903 est,
3088 2841 3156 2894 de
3204 2843 3401 2895 virtute
3446 2844 3497 2893 ιιι
3528 2844 3689 2897 virtu-

2115 2914 2218 2956 tem
2249 2907 2567 2972 provexisti.
2596 2908 2659 2961 Et
2688 2910 2788 2962 hoc
2834 2926 2937 2961 non
2990 2912 3041 2963 ιιι
3080 2911 3232 2963 merit
3256 2928 3281 2963 ε
3311 2914 3467 2973 meis,
3504 2913 3597 2967 sed
3638 2917 3688 2965 in

2112 2976 2371 3027 voluntate
2418 2986 2529 3042 tua,
2580 2989 2625 3030 et
2654 2981 2925 3045 suscepisti
2968 2998 3044 3031 me
3071 2982 3177 3045 jam
3220 2982 3586 3046 dispositione,
3634 2999 3687 3037 et

2112 3046 2327 3119 tandem
2371 3048 2631 3119 suscipies
2677 3064 2761 3102 tne
2795 3065 2913 3101 cum
2961 3051 3147 3119 gloria.
3184 3050 3411 3104 PoSsunt
3456 3064 3510 3105 et
3538 3055 3689 3105 aliter

2115 3117 2235 3190 duo
2268 3118 2574 3190 superiores
2625 3135 2811 3173 versus
2860 3117 2984 3190 legi.
3030 3122 3188 3186 Quasi
3241 3122 3423 3174 dicat:
3454 3123 3687 3187 ipsorum

2111 3186 2638 3259 quidemnimaginem
2683 3190 2879 3259 rettiges
2906 3186 2973 3243 5.1
3004 3192 3245 3252 nihilum,
3287 3207 3459 3244 meam
3488 3186 3684 3247 autem

2113 3272 2217 3309 non
2260 3257 2470 3323 redigas
2520 3260 2583 3313 ad
2629 3257 2873 3324 nihilum,
2902 3263 3023 3326 quia
3074 3278 3160 3313 cor
3201 3276 3366 3313 meum
3414 3264 3688 3316 desiderio

2115 3330 2185 3379 tui
2213 3337 2289 3380 est
2317 3328 2715 3396 inﬂammatum,
2747 3340 2795 3383 et
2818 3347 2957 3384 renes
2985 3332 3104 3396 mei,
3134 3332 3182 3384 id
3231 3340 3336 3395 est,
3373 3332 3685 3386 delectatio-

2110 3412 2207 3451 nes
2236 3413 2370 3451 mere
2398 3402 2544 3466 prius
2573 3403 2818 3454 carnales
2849 3412 3065 3455 mutata:
3098 3410 3223 3453 sunt
3254 3402 3303 3454 in
3330 3406 3638 3469 Spirituates
3667 3422 3680 3455 :

2108 3474 2153 3519 et
2176 3484 2267 3539 ego
2293 3480 2530 3523 reaactus
2556 3488 2666 3523 sunt
2687 3473 2753 3522 ad
2782 3472 3022 3539 nihilum,
3070 3471 3244 3536 idest,
3272 3488 3367 3539 pro
3399 3472 3566 3525 nihilo
3598 3490 3685 3527 me

2108 3542 2369 3607 reputavi,
2398 3552 2654 3606 quantum
2684 3542 2749 3595 ad
2785 3556 2871 3603 ea,
2914 3557 3033 3608 quae
3067 3543 3213 3608 prius
3244 3543 3445 3595 institui
3474 3557 3490 3595 :
3516 3552 3572 3595 et
3601 3555 3682 3595 ta-

2107 3623 2230 3662 men
2260 3611 2538 3664 venialiter
2569 3612 2805 3679 peccavi,
2836 3612 2958 3678 quia
3004 3613 3207 3675 nescivi,
3240 3612 3289 3664 td
3334 3622 3439 3675 est,
3472 3614 3683 3665 nescius

2109 3681 2252 3746 prius
2279 3679 2373 3733 fui.
2403 3679 2553 3734 Nunc
2599 3693 2774 3734 autem
2806 3682 2974 3750 [actus
3002 3699 3115 3735 sum
3161 3685 3299 3747 apud
3334 3692 3380 3734 te
3409 3685 3686 3748 utjumen—

2106 3760 2235 3813 tum,
2269 3753 2318 3803 id
2351 3760 2452 3813 est,
2483 3754 2621 3805 sicut
2648 3752 2923 3821 subjugate
2977 3762 3310 3806 mansuetum
3362 3765 3415 3807 et
3455 3756 3678 3814 huaute,

2104 3822 2189 3871 cui
2214 3835 2427 3887 semper
2459 3822 2665 3875 scilicet
2693 3838 2828 3876 unus
2862 3834 3009 3877 tuutn
3041 3839 3203 3876 suave
3231 3834 3283 3876 et
3317 3824 3433 3876 leve
3480 3823 3564 3877 sit.
3610 3823 3683 3875 Et

2106 3890 2225 3942 ideo
2264 3907 2354 3959 ego
2399 3895 2585 3944 amodo
2632 3909 2829 3959 semper
2874 3909 2967 3947 ero
3012 3903 3197 3952 tecum,
3243 3894 3361 3961 quia
3405 3908 3680 3957 nuntuam

2103 3975 2228 4014 caro
2258 3976 2344 4014 me
2367 3964 2588 4015 retrahit
2627 3977 2658 4014 a
2690 3966 2961 4017 voluntate
2990 3973 3102 4020 tua.
3150 3962 3213 4016 Et
3246 3965 3438 4016 merito
3467 3976 3685 4031 semper

2102 4045 2195 4083 ero
2225 4043 2420 4096 tecum,
2452 4035 2577 4100 quia
2605 4035 2812 4085 tenuisti
2842 4050 3049 4086 manant
3101 4050 3264 4087 meam
3293 4034 3533 4089 laciendo
3559 4047 3677 4087 eam

2101 4100 2390 4164 dexteram,
2421 4103 2554 4155 sicut
2589 4117 2751 4171 supra
2781 4105 2979 4157 dictum
3008 4114 3111 4157 est.

2176 4170 2312 4236 Quid
2331 4171 2467 4223 enim
2493 4173 2617 4225 mihi
2647 4170 2721 4226 est
2751 4176 2803 4226 in
2828 4176 2974 4227 caelo.
3009 4174 3148 4228 Vere
3178 4174 3392 4227 tandem
3418 4174 3680 4238 suscipies

2100 4256 2186 4312 me
2214 4256 2335 4295 cum
2361 4243 2525 4309 gloria
2554 4260 2565 4294 :
2593 4260 2711 4295 nam
2744 4246 2867 4311 quid
2891 4256 2963 4295 est
2985 4246 3109 4297 mihi
3145 4256 3386 4312 paratum
3429 4248 3482 4295 in
3510 4260 3583 4295 co:
3605 4260 3635 4294 o
3659 4248 3685 4296 .9

2102 4311 2292 4379 Utique
2335 4328 2583 4382 maguum
2633 4315 2854 4381 aliquid.
2903 4312 3083 4367 Gloria
3131 4315 3338 4368 scilicet
3386 4316 3497 4375 illa,
3528 4332 3683 4381 quam

2097 4397 2185 4433 nec
2215 4385 2391 4434 oculus
2431 4384 2577 4447 vidit,
2625 4400 2713 4435 nec
2743 4387 2885 4437 auris
2916 4388 3129 4448 audivit,
3174 4393 3219 4437 et
3252 4386 3304 4436 in
3347 4401 3434 4436 cor
3464 4387 3685 4436 hominis

2095 4468 2197 4504 non
2247 4454 2469 4525 ascendit
2496 4467 2513 4503 :
2545 4464 2808 4525 etrtamen
2856 4458 2976 4524 quid
3005 4470 3104 4525 ego
3158 4460 3318 4509 misc‘r
3354 4456 3487 4507 volui
3527 4472 3683 4521 super

422 4523 523 4575 huc
547 4519 734 4577 eodem
769 4519 904 4577 male
931 4524 1101 4592 agitur
1130 4538 1250 4577 cum
1277 4525 1424 4590 ipsis,
1470 4519 1591 4594 quia
1624 4536 1699 4591 tu,
1736 4527 1981 4592 Domine,
2018 4519 2067 4578 Ι)
2096 4524 2318 4574 terram?
2355 4523 2545 4594 Utique
2576 4524 2680 4577 vile
2709 4519 2962 4591 quiddam
2992 4542 3005 4578 :
3036 4519 3135 4579 hoc
3166 4538 3340 4578 autem
3378 4532 3546 4591 (quasi
3589 4519 3681 4575 ot-

422 4596 636 4663 posuisti
664 4611 749 4647 eos
779 4595 929 4647 dolos
952 4602 1157 4663 propter
1177 4609 1361 4649 eorum
1389 4596 1556 4661 dolos,
1591 4606 1645 4649 ut
1678 4600 1983 4659 praedictum

422 4674 525 4717 est.
558 4666 623 4718 Et
652 4666 702 4718 in
736 4666 835 4718 hoc
883 4675 1106 4732 posuisti
1142 4668 1219 4717 eis
1243 4666 1416 4730 dolos,
1451 4669 1574 4735 quia
1617 4669 1841 4736 dejecisti
1873 4686 1980 4733 eos,

423 4736 547 4786 dum
576 4736 941 4800 allevarentur,
974 4737 1021 4787 id
1049 4744 1149 4798 est,
1176 4737 1295 4804 quia
1329 4738 1438 4804 ipsa
1470 4754 1653 4791 eorum
1681 4738 1904 4792 elevatio
1934 4742 1984 4792 in

425 4817 647 4858 terrenis
673 4816 753 4858 est
782 4820 964 4857 eorum
992 4806 1241 4873 dejectio,
1274 4809 1342 4877 id
1379 4818 1480 4873 est,
1527 4813 1829 4872 damnatto;
1862 4824 1984 4877 pro-

420 4876 651 4940 speritas
678 4877 817 4927 enim
850 4880 1133 4927 stultorum
1161 4876 1344 4943 perdet
1375 4893 1489 4931 eos.

494 4945 761 5008 Quomodo
793 4945 912 5012 {acti
937 4955 1055 4997 sunt
1083 4950 1135 4997 in
1166 4948 1547 4999 desolationem.
1581 4948 1718 5013 lluc,
1744 4948 1985 5014 inquam,

422 5024 581 5067 modo
605 5014 831 5082 dejecisti
860 5030 964 5085 eos,
993 5031 1111 5080 quia
1143 5021 1261 5085 [acti
1292 5030 1407 5069 sunt
1438 5021 1489 5071 in
1518 5020 1905 5081 desolationem,
1934 5022 1984 5073 id

422 5093 526 5150 est,
555 5087 679 5152 quia
711 5084 1026 5156 praecipitati
1056 5098 1200 5151 sunt,
1222 5086 1331 5153 jam
1362 5088 1713 5156 dispositione
1746 5090 1797 5142 itt
1828 5100 1988 5143 ςιιιετ·

420 5173 542 5210 nam
573 5154 993 5210 damnationem.
1030 5158 1091 5208 Et
1119 5160 1409 5223 quomodo,
1452 5154 1503 5211 id
1549 5172 1651 5221 est,
1680 5176 1839 5227 quant
1874 5161 1988 5211 iuo-

422 5228 604 5295 piuate
647 5231 747 5281 hoc
791 5228 870 5280 eis
901 5226 1159 5294 contigit:
1194 5236 1249 5281 et
1296 5230 1415 5281 ideo
1457 5230 1578 5282 dico
1611 5226 1729 5281 tacti
1781 5240 1903 5281 sunt
1935 5232 1987 5281 in

419 5299 833 5361 desolationem,
875 5302 996 5365 quia
1044 5297 1207 5350 subito
1269 5298 1707 5367 defeceruttt,jatt1
1762 5300 1987 5367 disposi-

421 5371 564 5421 tione
608 5370 1065 5439 etiatnperierunt
1095 5384 1113 5421 :
1145 5381 1197 5421 et
1241 5372 1341 5422 hoc
1388 5386 1490 5422 non
1537 5388 1599 5424 ex
1631 5370 1834 5439 justitia
1878 5380 1985 5438 tua,

419 5440 512 5491 sed
538 5449 745 5506 prapter
776 5438 1094 5503 iniquitatem
1133 5456 1295 5492 suam.
1327 5445 1385 5491 ιιι
1432 5446 1502 5493 ita
1547 5438 1667 5493 dico
1698 5441 1990 5506 defecerunt

418 5519 465 5560 et
514 5511 793 5576 perierunt,
819 5510 972 5579 rcelut
1012 5512 1266 5561 somnium
1309 5513 1627 5579 surgentium
1675 5512 1849 5576 periit,
1899 5510 1990 5576 qui

424 5580 549 5631 licet
578 5580 769 5631 multas
798 5578 1011 5630 divitias
1040 5579 1358 5633 dormienda
1398 5578 1821 5642 Somniaverunt,
1864 5594 1987 5632 sur-

421 5657 608 5714 gentes
632 5657 810 5700 tatuen
843 5650 971 5700 nihil
1000 5650 1276 5701 inveniunt
1304 5652 1356 5701 ιιι
1386 5656 1630 5703 mantbus
1661 5652 1791 5701 suis.
1825 5648 1913 5703 Sic
1937 5664 1989 5703 et

422 5717 513 5769 isti
542 5718 593 5768 ιιι
630 5718 727 5768 hac
760 5717 862 5768 vita
893 5717 1042 5783 quasi
1074 5720 1125 5770 in
1150 5735 1339 5772 somno
1369 5734 1515 5783 sunt,
1547 5734 1669 5773 eum
1704 5734 1830 5772 vero
1870 5729 1989 5771 tau-

420 5788 639 5841 demde
665 5786 766 5838 hoc
815 5800 1004 5839 somno
1048 5790 1340 5843 educentur
1365 5802 1420 5843 et
1465 5791 1811 5860 evtgilabuut,
1852 5791 1985 5844 nitul

2090 4593 2197 4660 cat)
2227 4592 2457 4661 contigit
2506 4609 2570 4647 ex
2618 4594 2829 4649 defeetu
2886 4612 3004 4650 meo
3034 4596 3085 4648 in
3116 4597 3290 4648 anima
3344 4607 3399 4648 et
3427 4610 3673 4657 corpore.

2095 4662 2197 4715 [ἐπ’
2266 4665 2757 4732 praevaricationem
2824 4682 3053 4734 namque
3111 4666 3239 4719 Adae
3310 4668 3678 4732 multipliciter

2094 4735 2243 4800 prius
2269 4735 2449 4803 defecit
2499 4750 2617 4787 caro
2662 4752 2771 4788 utea
2812 4748 2858 4789 et
2909 4751 2993 4788 cor
3015 4751 3203 4799 meum,
3257 4739 3303 4786 id
3351 4746 3677 4800 t‘Sl,('0l‘pltS

2092 4818 2268 4857 meum
2295 4818 2348 4858 et
2376 4807 2549 4857 anima
2603 4822 2741 4858 mea.
2795 4807 2946 4860 Nunc
2994 4817 3172 4860 autem
3222 4822 3282 4858 es
3343 4804 3475 4856 Οτω
3502 4804 3675 4855 cordis

2090 4877 2211 4939 mei,
2242 4884 2346 4928 etc.
2383 4876 2474 4929 Vel
2500 4876 2673 4929 aliter.
2704 4879 2864 4941 Quasi
2894 4878 3036 4930 dicat
3061 4894 3074 4928 :
3098 4878 3251 4928 Prius
3281 4877 3495 4943 quidem
3542 4874 3677 4925 utire

2092 4945 2343 5008 quiddam
2377 4948 2517 4997 voltti
2546 4961 2707 5011 super
2740 4959 2956 5013 terram,
2990 4962 3131 5000 nunc
3174 4956 3349 4998 autem
3374 4949 3486 5012 jam
3518 4943 3666 5009 defe-

2091 5014 2159 5065 cit
2190 5031 2311 5067 caro
2341 5032 2471 5077 utea,
2502 5025 2548 5067 et
2574 5033 2661 5068 cor
2692 5034 2856 5069 meum
2882 5032 2911 5070 a
2943 5033 3018 5077 se,
3054 5026 3113 5069 ut
3146 5018 3457 5084 proﬁci-rent
3505 5014 3557 5066 in
3593 5026 3667 5065 te.

2096 5085 2162 5137 Et
2193 5097 2245 5137 tu
2281 5085 2417 5137 Deus
2447 5102 2506 5139 es
2552 5087 2722 5139 cordis
2766 5090 2882 5152 mei,
2931 5090 2979 5140 id
3023 5096 3127 5149 est,
3160 5102 3218 5139 es
3246 5089 3332 5139 ille
3374 5104 3531 5153 quem
3576 5099 3673 5136 cor

2091 5170 2267 5209 meum
2291 5158 2463 5224 diilgll
2489 5165 2545 5207 ut
2570 5158 2752 5215 Deum.
2778 5169 2823 5209 ct
2844 5175 2901 5210 es
2924 5174 3041 5223 pars
3064 5173 3175 5208 mea
3198 5158 3244 5207 in
3269 5168 3533 5209 retentum.
3567 5155 3672 5207 Eti-

2090 5236 2217 5291 gant
2263 5227 2407 5278 enim
2436 5227 2526 5278 alii
2569 5240 2794 5293 partem,
2826 5244 2981 5296 quam
3017 5228 3187 5280 velint
3218 5228 3269 5281 iu
3322 5226 3540 5287 mundo,
3566 5239 3669 5291 ego

2095 5307 2145 5372 te
2177 5298 2351 5372 solum
2388 5309 2592 5362 partem
2625 5298 3015 5372 haereditariam
3041 5298 3169 5350 mihi
3202 5302 3389 5364 eligam
3422 5298 3473 5348 in
3501 5299 3669 5372 coelo.

2095 5367 2227 5429 Quia
2254 5382 2387 5428 ecce,
2414 5369 2533 5419 ideo
2558 5370 2748 5421 merito
2776 5380 2825 5420 te
2850 5370 3010 5421 Deum
3041 5379 3242 5433 patrem
3272 5381 3509 5430 assumo,
3537 5367 3663 5431 quia

2092 5452 2277 5491 omnes
2306 5440 2381 5492 liil
2410 5442 2667 5507 peribunt,
2710 5440 2798 5506 qui
2841 5442 3078 5507 elongant
3105 5456 3158 5490 se
3185 5456 3215 5489 a
3242 5450 3311 5499 te,
3356 5438 3405 5489 id
3436 5449 3537 5496 est,
3573 5450 3665 5501 qut

2093 5524 2197 5559 ιιυιι
2238 5516 2288 5561 te
2319 5524 2523 5576 partem
2570 5518 2867 5562 assumunt.
2899 5508 2964 5563 Et
2999 5524 3123 5565 vere
3166 5510 3420 5573 peribunt,
3452 5521 3573 5573 quia
3608 5515 3666 5556 tu

2088 5578 2200 5644 jam
2235 5580 2501 5653 perdidisti
2528 5581 2884 5653 dispositione
2914 5594 3126 5653 omnem
3161 5582 3329 5641 illum,
3369 5579 3457 5653 qui
3489 5576 3664 5653 torntf

2092 5659 2243 5700 catur
2276 5650 2577 5702 recedeudu
2616 5651 2711 5702 abs
2742 5662 2813 5701 te.
2867 5650 2938 5700 llli
2982 5652 3307 5701 toruicantur
3337 5663 3366 5697 a
3414 5648 3543 5705 Deo.
3570 5648 3664 5710 qui

2094 5722 2265 5783 ipsum
2311 5735 2415 5771 non
2448 5730 2594 5772 caste
2622 5722 2825 5781 colunt,
2878 5719 2998 5785 quia
3029 5736 3133 5772 non
3164 5727 3378 5787 propter
3406 5718 3674 5783 scipsuut,

2092 5790 2187 5844 sed
2216 5800 2430 5858 prepter
2460 5790 2599 5843 aliud
2632 5804 2753 5845 eum
2786 5795 2988 5843 colunt.
