4010 6190
288 337 399 394 875

1004 338 1070 393 IN
1110 336 1524 397 PSALMOIIUM
1566 337 1823 396 LIBRUM
1865 335 2296 394 EXEGESIS.~—
2318 335 2561 393 I‘SALM.
2606 334 2839 391 LXXIII.

3455 343 3558 397 ετι

368 454 499 509 Mihi
519 461 687 507 autem
719 452 981 506 adhtvrere
1008 450 1112 507 Deo
1139 454 1442 507 bonum'est.
1478 453 1822 508 Fornicantes
1852 493 1865 516 ,
1905 454 1947 510 Α
1980 449 2151 503 sione.
2184 450 2315 503 Cum
2359 449 2499 504 enim
2549 449 2625 504 sic
2657 448 3068 515 tribulahantur,
3094 458 3182 504 tot
3216 451 3377 507 millia
3407 458 3547 510 occi-

290 529 536 592 iuquam,
562 526 658 579 abs
690 536 738 578 te
769 524 1070 593 perdidisti,
1100 540 1187 579 me
1208 534 1383 578 autem
1417 538 1518 579 non
1549 523 1824 591 perdidisti
1854 539 1866 572 :

290 600 418 663 quia
449 611 550 661 ego
582 611 687 649 non
726 592 1018 649 fornicatus
1064 612 1180 648 sum
1217 596 1312 648 abs
1345 604 1414 648 te.
1449 594 1710 660 Quoniam
1738 592 1873 645 mihi

287 677 368 720 est
410 667 617 727 bonum,
653 666 701 719 id
752 674 857 729 est,
903 665 1031 718 mihi
1064 666 1275 719 videtur
1302 666 1430 718 utile
1470 675 1525 721 et
1548 664 1865 733 jucundum,

296 741 509 791 tandem
553 737 646 789 tibi
706 735 810 788 Deo
840 736 1121 790 adhwrere.
1174 736 1241 789 Et
1287 747 1342 787 ut
1388 745 1512 789 tunc
1541 734 1867 795 adhaeream,

294 823 437 875 pono
458 823 597 861 nunc
628 806 839 859 interim
871 821 1018 871 spem
1053 821 1224 859 meam
1253 806 1303 859 in
1324 817 1373 859 te
1403 807 1627 858 Domino
1656 805 1875 858 redeem-

298 889 470 943 plore,
505 887 559 931 et
588 876 697 930 Deo
725 886 967 930 crealore
999 894 1011 927 :
1039 877 1107 929 ita
1133 886 1184 928 ut
1213 878 1509 929 annuntiem
1539 891 1711 928 omnes
1740 890 1876 942 pra:-

294 949 576 1001 dietstiones
600 956 732 1009 tuas,
768 946 818 1000 id
849 955 951 1009 est,
992 961 1179 1000 omnes
1210 947 1560 1006 laudationes,
1592 945 1786 1013 quibus
1815 953 1871 997 tu

295 1034 354 1070 es
385 1017 779 1086 prtedicandus,
829 1019 1154 1081 annuntiem,
1189 1017 1308 1069 dico
1340 1016 1467 1069 Sion
1495 1016 1639 1084 ﬁlim,
1686 1016 1738 1069 id
1767 1023 1875 1079 est,

298 1088 580 1146 Ecclesite.
627 1088 748 1155 quia
782 1094 929 1140 extra
965 1086 1255 1139 Ecclesium
1287 1101 1390 1138 non
1435 1088 1699 1139 est'loeus
1731 1100 1880 1140 verze

298 1159 711 1224 praedicationis,
740 1172 858 1225 quas
885 1157 1116 1210 Ecclesia
1152 1166 1365 1224 propter
1397 1156 1649 1209 virtutum
1704 1170 1879 1209 orna-

295 1239 499 1293 menta,
559 1238 612 1280 et
663 1228 889 1280 tiliorum
923 1226 1299 1280 fecunditatem
1342 1226 1463 1279 tilize
1503 1235 1878 1292 comparatur,

295 1306 353 1353 et
379 1298 556 1352 hocin
589 1299 765 1367 portis,
800 1297 849 1349 id
882 1306 984 1360 est,
1018 1297 1068 1348 in
1097 1297 1330 1365 publico,
1364 1298 1445 1350 vel
1482 1298 1534 1350 in
1569 1297 1878 1351 virtutibus.

739 1408 803 1460 IN
844 1405 1169 1461 PSALMUM
1210 1406 1445 1461 LXXIII.

810 1520 1113 1574 Intellectus
1144 1520 1341 1589 Asaplt.

896 1628 1276 1667 ABGL’MENTU”.

368 1704 804 1760 Machabazorum
855 1711 910 1757 et
959 1702 1195 1771 pericula
1238 1710 1546 1767 narrantur,
1600 1714 1653 1758 et
1701 1720 1886 1772 preces

298 1784 713 1830 CODIICCIUIIIUI'.

915 1881 1275 1922 EXPLANATIO.

374 1959 503 2013 Ideo
545 1957 830 2012 intellectus
875 1958 927 2009 in
958 1959 1104 2011 titulo
1134 1968 1471 2024 prwnotatur,
1519 1961 1645 2028 quia
1686 1957 1882 2024 duplex

297 2031 566 2098 captivitas
608 2030 833 2096 sequitur
877 2030 1157 2099 corporalis
1201 2038 1249 2081 et
1288 2029 1560 2099 spiritalis.
1611 2028 1725 2083 Una
1767 2044 1882 2096 qua:

299 2099 489 2169 templo
527 2102 782 2152 destructo
820 2101 871 2151 in
906 2098 1239 2167 Babyloniam
1265 2101 1429 2160 duxit,
1455 2102 1617 2153 altera
1640 2114 1753 2169 qute
1779 2100 1881 2165 [ide

294 2174 537 2224 subversa
579 2185 807 2223 errorum
855 2169 1151 2236 confusione
1187 2169 1501 2238 subjugavit.
1556 2169 1712 2222 Hunc
1742 2169 1882 2237 psal-

298 2258 443 2293 mum
480 2240 821 2310 Hieronymus
868 2250 1043 2310 contra
1093 2238 1360 2292 Chaldtcos
1409 2249 1669 2293 cantatum
1712 2248 1879 2310 putat,

300 2309 638 2364 Cassiodorus
678 2308 865 2362 contra
908 2308 1184 2372 Romanos,
1216 2310 1468 2363 Arnobius
1508 2320 1681 2362 contra
1716 2309 1881 2361 Phili-

300 2383 462 2444 sliim,
494 2383 698 2448 quando
724 2381 895 2447 Opimi
918 2392 963 2433 et
992 2381 1208 2432 Phineas
1229 2380 1571 2433 sacerdotibus
1603 2380 1882 2448 interfectis

298 2469 425 2506 arca
480 2450 573 2503 Dei
614 2461 765 2521 capta
808 2460 899 2503 est.
969 2450 1246 2519 Synagoqa
1296 2466 1385 2519 per
1435 2459 1593 2502 totum
1651 2448 1881 2512 loquitur

296 2527 577 2593 psalmum.
608 2520 684 2573 In
720 2522 884 2587 prima
912 2526 1127 2593 sectione
1150 2522 1425 2593 deplorat,
1452 2537 1542 2572 cur
1566 2521 1741 2571 traditi
1764 2524 1877 2587 [ηρ-

298 2589 406 2644 rinl
432 2594 679 2662 gentibus,
706 2594 777 2642 ita
803 2592 1150 2643 sanctuarium
1180 2589 1389 2643 Domini
1411 2592 1734 2662 inimicorum
1758 2606 1880 2657 pro-

301 2660 527 2729 {anaiset
574 2662 823 2720 audacia,
878 2676 1164 2713 memorans
1195 2663 1538 2729 quorumdam
1575 2660 1879 2714 Judteorum

296 2748 390 2784 cor
419 2733 754 2797 impaenitens,
795 2730 999 2782 Domini
1028 2746 1325 2798 provocasse
1361 2747 1643 2793 censuram,
1674 2748 1735 2784 ex
1762 2732 1875 2797 qui-

294 2803 395 2854 bus
439 2812 602 2853 tamen
631 2805 681 2852 in
703 2802 805 2869 ﬁne
837 2802 1009 2871 steculi
1039 2802 1403 2853 conrertendos
1444 2818 1551 2855 esse
1579 2800 1872 2871 prophetat.

296 2873 543 2925 Secunda
570 2874 689 2925 dicit
718 2873 935 2924 adventu
971 2869 1158 2923 Christi
1203 2872 1584 2939 superstitiones
1615 2882 1660 2923 et
1679 2869 1877 2940 iniqui-

295 2950 431 2995 tates
472 2941 736 2995 hominum
783 2943 941 3007 {uisse
988 2943 1294 3001 destructas,
1342 2957 1644 2994 enumerans
1679 2942 1878 2994 diversa

295 3028 419 3064 eum
447 3013 621 3079 fecisse
650 3014 933 3081 magnalia,
965 3013 1095 3063 inter
1114 3027 1229 3081 qua?
1254 3012 1375 3080 petit
1404 3021 1452 3062 et
1476 3011 1675 3063 Judwis
1700 3027 1877 3064 erran-

295 3083 433 3133 tibus
460 3084 730 3135 subveniri.
760 3082 932 3133 Tertia
973 3092 1140 3149 rogat,
1174 3091 1227 3133 ut
1264 3096 1454 3133 memor
1483 3082 1875 3149 promissionum

294 3167 511 3203 suarum
537 3154 599 3203 ab
621 3154 828 3203 interitu
868 3166 1039 3204 semen
1066 3152 1246 3216 eripiat
1270 3153 1507 3213 Abrahae,
1534 3162 1579 3205 et
1616 3151 1682 3203 ad
1711 3153 1877 3219 ipsum
1905 3157 1951 3219 (ζ

294 3223 543 3276 ascendat
573 3222 805 3290 superbia
832 3221 1074 3285 hostium,
1116 3222 1203 3290 qui
1232 3239 1283 3274 se
1312 3224 1528 3275 inaniter
1567 3222 1870 3277 extulerunt.

875 3327 1305 3370 CIIMXIENTARIUS.

378 3402 444 3457 Ut
472 3401 596 3469 quid
632 3400 765 3453 Deus
796 3402 1025 3470 repit/isti
1056 3403 1106 3455 in
1132 3402 1332 3473 ﬁnem?
1365 3402 1666 3473 Intelligens
1696 3404 1874 3472 Asaph

293 3471 539 3540 loquitur
572 3474 621 3524 iu
655 3473 754 3524 hac
800 3478 1024 3539 psalmo,
1068 3476 1187 3540 quia
1218 3481 1273 3524 ut
1297 3471 1405 3540 jam
1437 3471 1579 3540 saepe
1620 3471 1872 3539 diximus,

298 3541 603 3611 phrenetici
659 3541 829 3595 Judaei
866 3557 971 3594 non
1014 3553 1395 3610 cognomines
1446 3552 1654 3610 tempus
1692 3544 1878 3597 visita-

296 3613 489 3675 tionis,
525 3622 577 3664 et
610 3614 856 3666 timentes
899 3612 1123 3679 perdere
1167 3612 1314 3672 illttd,
1350 3612 1488 3678 quod
1536 3624 1874 3680 acceperant,

298 3682 617 3735 occiderunt
661 3681 831 3745 illum,
876 3683 964 3750 qui
1009 3680 1250 3734 dederat.
1284 3681 1388 3735 Sed
1419 3681 1544 3749 quid
1574 3683 1767 3735 tactum
1798 3695 1879 3737 est

299 3753 422 3807 eis?
448 3751 799 3807 Perdiderunt
829 3761 985 3804 etiam
1013 3762 1244 3814 terrena,
1272 3764 1321 3804 et
1350 3753 1435 3804 ubi
1467 3755 1637 3820 ipsum
1665 3752 1876 3808 occide-

302 3833 453 3883 runt,
499 3825 564 3875 ibi
616 3823 711 3887 ipsi
757 3824 915 3875 occisi
969 3832 1114 3874 sunt.
1169 3824 1229 3873 Et
1277 3821 1524 3889 quoniam
1573 3832 1876 3877 metuentes

304 3892 536 3963 perdere
588 3902 803 3955 terram,
837 3890 1089 3963 datorem
1116 3894 1233 3944 vita:
1274 3892 1540 3955 occidunt,
1578 3892 1701 3945 idco
1730 3908 1876 3946 eam-

308 3961 439 4016 dem
472 3972 664 4016 terram
719 3963 879 4015 occisi
913 3961 1275 4026 perdiderunt.
1331 3963 1394 4014 Et
1442 3964 1493 4015 in
1526 3964 1713 4016 eodem
1746 3976 1875 4017 tem-

308 4048 441 4101 pore
470 4048 573 4100 quo
603 4034 774 4099 ipsum
802 4030 1132 4095 occiderunt,
1166 4042 1221 4084 ut
1261 4046 1329 4085 ex
1366 4033 1481 4100 ipso
1515 4045 1755 4101 tempore
1776 4034 1868 4087 ad-

308 4112 683 4166 monerentur,
718 4117 812 4155 cur
845 4102 963 4153 talia
998 4112 1321 4167 paterentur.
1354 4105 1576 4167 Quando
1622 4105 1762 4156 enim
1802 4108 1877 4157 ci-

303 4173 445 4225 vitas
486 4172 787 4226 Judmorum
821 4186 1075 4225 conversa
1126 4183 1229 4235 est,
1272 4175 1463 4240 pasaha
1506 4174 1868 4235 celebrabant.

304 4250 369 4296 ct
398 4242 448 4294 in
482 4243 660 4296 multis
684 4244 917 4295 millibus
952 4249 1059 4294 tota
1089 4242 1174 4295 illa
1196 4259 1324 4309 gens
1346 4244 1411 4297 ad
1440 4245 1595 4311 hujus
1623 4254 1877 4297 venerant

308 4312 618 4365 festivitatis
643 4314 1076 4367 celebrationem.
1110 4313 1213 4366 Ubi
1259 4314 1392 4366 Deus
1424 4330 1518 4381 per
1546 4329 1650 4367 non
1688 4317 1873 4379 Ιιοιιιιε,

308 4385 426 4450 ipse
457 4392 631 4436 tamen
660 4383 825 4436 bonus
854 4401 865 4434 :
894 4398 985 4449 per
1007 4397 1109 4435 ιιοιι
1133 4383 1321 4449 justus,
1349 4386 1458 4451 ipse
1485 4398 1656 4437 tamen
1679 4388 1873 4452 justus,

307 4463 366 4506 et
394 4455 534 4522 juste
564 4454 636 4505 ita
664 4452 953 4505 vindicavit
999 4454 1049 4505 in
1094 4468 1207 4516 eos,
1243 4464 1298 4506 nt
1349 4455 1507 4505 multa
1553 4457 1712 4506 millia
1746 4457 1878 4522 peri-

1978 520 2262 581 dehautur,
2297 522 2444 573 totin
2466 521 2823 588 captivitatem
2851 520 3200 583 ducebantur,
3233 538 3355 577 vere
3383 526 3450 579 ab
3483 541 3550 579 eo

1980 592 2175 657 repulsi
2231 590 2561 644 videbantur.
2621 590 2687 644 Ut
2714 590 3039 665 quid_dico,
3091 592 3259 665 iratus
3289 602 3366 665 est
3406 597 3554 665 [uror

1980 668 2109 735 tuus~
2126 677 2281 735 super
2308 676 2419 735 oves
2441 676 2645 727 pascuae
2675 674 2799 735 tute,
2831 660 2878 735 id
2908 669 3011 735 est,
3060 676 3219 728 super
3249 663 3383 728 illos,
3406 660 3555 735 'quos

1982 740 2036 783 tu
2065 732 2270 797 «διεξωδιί
2305 732 2469 795 prius,
2508 739 2564 784 et
2604 733 2791 798 pavisti
2844 731 3099 797 legalibus
3139 743 3193 787 et
3224 731 3554 798 propheticis

1979 800 2212 865 scriptis,
2246 802 2381 855 sicut
2418 802 2534 867 pius
2573 810 2755 869 pastor
2803 817 2927 854 oves
2956 815 3077 855 suas
3111 806 3279 867 pascit
3305 803 3333 854 ?-
3369 804 3552 871 Certe,

1980 872 2133 939 quasi
2174 871 2353 925 dicat:
2381 872 2502 925 ideo
2544 872 2806 939 repulisti,
2858 880 2913 924 et
2959 871 3077 925 ideo
3104 875 3271 926 iratus
3298 888 3356 927 es
3386 893 3398 927 :
3426 877 3547 941 quia

1980 956 2084 1014 nos,
2107 943 2332 997 terrenis
2358 942 2771 1004 inhazrebamus,
2803 952 2855 995 et
2878 952 2928 995 te
2952 952 3218 1008 pastorem
3256 959 3360 997 non
3389 960 3553 1014 agno-

1981 1013 2281 1067 scebamus.

2053 1081 2253 1137 Memor
2278 1092 2383 1136 esto
2411 1082 2813 1151 congregationis
2839 1090 2957 1135 tute.
3000 1081 3159 1147 Quasi
3190 1083 3333 1137 dicat
3360 1103 3372 1137 :
3404 1087 3469 1140 Et
3499 1099 3554 1139 ιιι

1984 1168 2088 1224 non
2117 1154 2349 1222 repellas
2378 1153 2431 1206 in
2464 1153 2643 1217 linem,
2675 1168 2865 1224 memor
2888 1162 2992 1205 esto
3023 1156 3428 1224 congregationis
3456 1167 3556 1211 nuc

1982 1223 2045 1275 ab
2069 1224 2242 1287 initio,
2271 1224 2321 1277 id
2359 1232 2462 1287 est,
2495 1225 2593 1277 etsi
2635 1225 2716 1276 isti
2746 1223 2944 1291 indigni
2974 1225 3100 1286 sint,
3134 1234 3188 1277 ut
3215 1241 3401 1279 eorum
3443 1244 3557 1281 me-

1984 1310 2100 1347 mor
2126 1296 2222 1352 sis.
2256 1308 2462 1346 memor
2503 1302 2620 1347 esto
2649 1295 2838 1347 saltem
2869 1294 3162 1354 Abraham,
3204 1311 3362 1364 quem
3408 1301 3556 1363 prius

1986 1364 2225 1418 liherasti
2262 1364 2539 1418 educendo
2569 1365 2636 1417 de
2665 1364 2795 1417 urbe
2843 1364 3241 1435 Chaldaeorum,
3273 1382 3300 1418 a
3345 1382 3449 1435 quo
3475 1384 3561 1434 po-

1985 1437 2142 1501 pulus
2180 1436 2301 1499 iste,
2348 1448 2505 1502 quem
2540 1434 2872 1503 congregasti
2924 1444 2978 1487 et
3008 1436 3241 1501 elegiSIi,
3270 1434 3559 1491 carnaliter

1988 1504 2267 1571 processit,
2318 1514 2376 1557 ut
2416 1519 2512 1572 per
2550 1504 2724 1572 ipsum
2763 1505 3046 1573 aliquando
3096 1506 3307 1561 liberes.
3360 1506 3558 1560 Memor

1987 1586 2113 1637 esto,
2136 1576 2275 1640 dico,
2296 1577 2847 1645 congregationistute,
2871 1592 3021 1643 quam
3044 1585 3099 1628 ttt
3128 1577 3396 1645 possedisti
3425 1580 3563 1631 inter

1987 1647 2118 1697 alias
2151 1656 2353 1712 gentes,
2382 1646 2557 1697 dando
2578 1647 2626 1698 ei
2652 1646 2817 1715 legem
2858 1655 2916 1698 et
2947 1657 3234 1711 praecepta.
3270 1647 3381 1699 Non
3414 1650 3559 1702 enim

1990 1716 2068 1767 sic
2091 1719 2236 1787 iouini
2270 1715 2471 1767 nationi
2509 1716 2694 1768 iecisti.
2732 1714 2967 1787 Perghoc
2997 1717 3118 1783 quia
3150 1717 3273 1769 dicit
3304 1716 3561 1787 :Congre-

1993 1786 2355 1850 gationistuw,
2401 1794 2454 1837 et
2478 1801 2631 1851 quant
2660 1785 2962 1853 possedisti,
3007 1788 3228 1838 attrahit
3270 1789 3368 1839 sibi
3412 1785 3561 1843 audi-

1996 1866 2163 1908 torcm
2198 1856 2478 1923 populum,
2521 1855 2727 1908 scilicet
2755 1856 2923 1921 illum,
2953 1855 3035 1907 cui
3066 1856 3318 1923 loquitur,
3351 1867 3406 1912 et
3431 1875 3559 1912 cnu-

1985 1934 2155 1978 inerat
2186 1926 2271 1978 hic
2301 1926 2446 1992 plura
2496 1924 2586 1978 Dei
2620 1924 2876 1978 benelicia
2905 1925 3054 1992 prius
3084 1926 3157 1978 illi
3193 1929 3390 1993 popqu
3429 1945 3560 1982 con—

1982 2009 2156 2055 cessa.
2190 2005 2247 2048 ut
2275 2010 2369 2063 per
2398 1994 2501 2048 hoc
2547 1995 2761 2047 inducat
2802 2008 2924 2049 eum
2967 1996 3031 2048 ad
3079 1996 3182 2049 alia
3211 1997 3561 2054 conferenda.

2060 2066 2337 2118 Hedemisti
2379 2066 2574 2132 virgam
2603 2063 2916 2117 hwreditatis
2947 2075 3067 2118 tute.
3104 2066 3225 2119 Ideo
3260 2069 3417 2121 etiam
3452 2086 3563 2123 me-

1984 2151 2099 2187 mor
2132 2150 2252 2188 esse
2273 2134 2440 2189 debes
2464 2137 2891 2204 congregationis
2919 2144 3041 2195 tum,
3069 2135 3190 2202 quia
3223 2146 3277 2191 tu
3298 2139 3560 2193 redemisti

1982 2207 2173 2280 virgam
2208 2206 2519 2280 [nereditatis
2550 2216 2669 2280 tuor,
2704 2205 2754 2257 id
2787 2216 2888 2280 est,
2923 2215 2974 2258 ιιι
3005 2206 3241 2260 liberasti
3273 2209 3340 2261 de
3367 2209 3556 2280 iAﬂgy-

1984 2277 2152 2348 ptiaca
2183 2277 2439 2331 servitute
2479 2277 2613 2348 hanc
2640 2274 3002 2348 htercditatem
3036 2284 3179 2348 tuam
3209 2292 3301 2344 per
3328 2274 3554 2348 virga'm,

1980 2345 2032 2420 id
2072 2357 2189 2411 est;
2216 2362 2309 2420 per
2340 2348 2502 2420 multa
2545 2345 2802 2420 miracula
2827 2347 2959 2400 tacta
2987 2362 3035 2420 a_
3063 2346 3242 2416 MOY3e
3297 2349 3350 2401 in
3383 2345 3550 2420 virga.

1984 2415 2151 2489 liabet
2186 2418 2328 2471 enim
2380 2415 2619 2478 hiStoria,
2664 2415 2957 2489 quodcum
2988 2416 3195 2489 Moyses
3236 2428 3381 2472 esset
3418 2415 3555 2489 apud

1980 2486 2165 2539 Jetltro
2195 2501 2441 2541 socerum
2471 2500 2647 2549 suum,
2674 2485 2929 2556 D_otninus
2956 2487 3201 2554 apparuit
3223 2490 3294 2554 ei,
3336 2500 3391 2543 et
3423 2485 3558 2556 prte-

1982 2562 2124 2623 cepit
2151 2556 2222 2621 ei,
2257 2565 2314 2609 ut
2361 2557 2561 2625 rediret
2591 2556 2642 2625 in
2670 2554 2982 2625 :Egyptum,
3016 2568 3067 2609 et
3116 2560 3395 2612 reduceret
3424 2554 3560 2614 inde

1982 2628 2237 2698 populum
2263 2641 2440 2698 suum.
2471 2624 2568 2698 Cui
2596 2624 2880 2698 dubitanti,
2908 2641 2973 2678 an
3009 2640 3102 2693 per
3126 2640 3251 2680 eum
3283 2630 3393 2683 lieri
3429 2645 3556 2698 pos-

1983 2707 2084 2760 set,
2120 2696 2265 2751 dedit
2287 2698 2333 2750 ei
2368 2694 2623 2749 Dominus
2650 2695 2749 2748 hoc
2779 2696 3009 2764 signum,
3046 2699 3401 2766 praecepitque
3426 2694 3473 2753 ei
3502 2713 3558 2755 ιιι

1982 2769 2201 2833 virgam,
2250 2781 2405 2835 quam
2454 2780 2615 2818 manu
2665 2766 2898 2829 tenebat,
2955 2768 3004 2819 in
3038 2778 3175 2820 terra
3228 2770 3553 2835 projiceret:

1980 2839 2230 2905 projecit,
2255 2844 2309 2889 et
2336 2838 2387 2889 in
2414 2836 2690 2908 colubrum
2718 2851 2868 2890 versa
2891 2845 2989 2889 est.
3015 2838 3252 2907 Cumque
3282 2841 3369 2892 ille
3392 2856 3560 2908 expa-

1982 2912 2168 2969 visset,
2199 2907 2451 2975 praecepit
2480 2907 2528 2959 ei
2565 2905 2840 2965 Dominus,
2873 2917 2929 2960 ut
2957 2905 3258 2974 serpentem
3306 2926 3399 2975 per
3429 2905 3559 2963 (εζιιι-

1980 2977 2101 3030 dam
2136 2985 2371 3042 caperet.
2404 2974 2577 3044 Cepit,
2626 2983 2680 3030 et
2726 2992 2847 3030 mox
2900 2979 3045 3045 virga
3080 2981 3219 3031 inse
3267 2974 3443 3037 rediit.
3492 2981 3557 3034 Et

1980 3061 2074 3115 per
2099 3049 2235 3101 hanc
2265 3048 2464 3115 virgam
2501 3047 2835 3113 postmodum
2869 3048 2991 3102 fecit
3015 3048 3227 3118 Moyses
3260 3050 3343 3103 illa
3374 3056 3557 3104 omnia

1982 3118 2156 3187 signa,
2183 3118 2376 3189 quibus
2408 3118 2734 3189 Israeliticus
2762 3120 2984 3185 populus
3007 3121 3072 3171 de
3106 3120 3414 3189 zEgyptiaca
3446 3139 3561 3175 scr~

1984 3186 2148 3243 vitute
2197 3196 2281 3242 Cal
2310 3187 2555 3259 eductus.
2596 3186 2982 3257 Designahutur
3009 3186 3190 3243 autem
3212 3186 3323 3258 'per
3356 3193 3557 3259 virgam

1982 3260 2035 3314 itt
2067 3271 2318 3327 serpente
2348 3258 2593 3311 Christus
2637 3260 2686 3311 in
2736 3269 2929 3321 morte,
2959 3260 3099 3327 quod
3131 3262 3373 3325 Apostoli
3415 3277 3559 3318 evu-

1982 3337 2234 3382 muerunt
2261 3331 2407 3395 :quia
2434 3330 2675 3381 videntes
2704 3343 2824 3381 eum
2857 3344 3123 3382 mortuum
3149 3330 3557 3392 dubitaverunt.

1981 3400 2076 3454 sed
2125 3400 2376 3451 Dominus
2428 3399 2680 3465 praecepit
2724 3399 2801 3451 eis
2830 3407 2885 3450 ut
2922 3399 3144 3452 caudam
3193 3411 3472 3467 Cnpcrcnt,
3510 3405 3559 3457 id

1981 3480 2083 3531 est,
2116 3484 2219 3521 non
2252 3477 2497 3527 mortem,
2534 3468 2809 3539 sed‘illud,
2838 3471 2975 3537 quod
3008 3472 3350 3538 sequebatur,
3379 3475 3427 3525 id
3458 3485 3559 3539 est,

1980 3540 2430 3592 resurrectionem
2464 3536 2886 3604 considerarent,
2919 3550 2971 3592 ct
2999 3536 3095 3593 sic
3122 3541 3272 3594 liberi
3317 3536 3344 3593 ιι
3375 3536 3566 3598 timore

1981 3621 2182 3663 essent.
2216 3609 2395 3661 Potest
2435 3608 2606 3680 etiam,
2628 3622 2723 3680 per
2762 3610 2956 3662 lluxum
3002 3620 3265 3677 SCI‘ptBIIIIS
3294 3613 3564 3680 designari

1984 3680 2157 3732 ﬂuxus
2175 3687 2371 3733 nostra:
2401 3677 2740 3748 mortalitatis
2771 3696 2783 3731 :
2812 3695 2965 3744 quem
2996 3695 3060 3733 ne
3092 3695 3187 3734 nos
3224 3677 3562 3748 timeremus,

1984 3752 2237 3818 prazcepit
2265 3748 2516 3803 Dominus
2537 3746 2706 3821 Moysi
2732 3753 2952 3802 caudam
2984 3765 3199 3817 capere,
3225 3752 3273 3804 id
3298 3762 3400 3816 est,
3430 3746 3565 3821 tirch

1982 3821 2121 3885 cepit
2148 3820 2301 3873 nobis
2325 3833 2536 3885 seltlper
2562 3820 2720 3872 linem
2757 3821 2902 3872 Illum
2935 3822 3227 3887 attendere,
3264 3820 3478 3890 quando
3508 3824 3562 3878 in

1980 3894 2263 3964 cmlestctn
2276 3890 2513 3964 habitum
2546 3891 2883 3964 commutati,
2909 3893 3145 3964 racquales
3170 3896 3372 3946 erimus
3401 3911 3566 3964 ange-

1980 3960 2045 4013 lis
2075 3962 2189 4014 Dei.
2222 3958 2318 4012 Vel
2349 3960 2539 4013 aliter:
2566 3957 2846 4012 Redemisti
2869 3957 3064 4027 virgam
3092 3961 3404 4017 luereditatis
3438 3957 3562 4028 ιιῖιε,

1980 4030 2031 4083 id
2064 4041 2167 4095 est,
2199 4030 2437 4083 lilterasli
2470 4029 2536 4082 de
2579 4033 2838 4084 servitute
2862 4030 2999 4084 hanc
3030 4031 3392 4087 lizercditalem
3418 4045 3564 4090 tuam

1980 4102 2143 4170 virgas
2165 4100 2601 4166 comparabilem,
2631 4100 2835 4154 scilicet
2857 4102 2980 4170 quia
3007 4107 3169 4154 multa
3198 4106 3454 4158 miracula
3488 4108 3565 4161 le-

1979 4175 2096 4226 cisti
2130 4186 2223 4240 per
2252 4185 2392 4232 eam,
2424 4170 2562 4224 sicut
2606 4170 2814 4239 Moyses
2856 4186 2950 4240 per
2982 4172 3185 4239 virgam
3235 4176 3564 4239 pratdictatn.

1985 4243 2079 4296 Vel
2128 4242 2400 4296 redemisti
2447 4255 2563 4294 eam
2596 4242 2661 4294 ad
2712 4242 2833 4307 hoc,
2869 4250 2926 4294 ut
2956 4253 3099 4295 esset
3140 4244 3231 4297 tibi
3277 4246 3564 4300 hrcreditas

1982 4324 2287 4367 meusurata
2312 4315 2478 4380 virga,
2505 4314 2553 4365 id
2582 4322 2683 4373 est,
2715 4315 2930 4381 proprie
2952 4313 3097 4378 prius
3130 4315 3435 4369 haereditas.
3469 4318 3563 4371 Vel

1983 4394 2041 4435 ut
2074 4391 2218 4437 esset
2246 4382 2337 4434 tibi
2370 4384 2516 4451 virga
2548 4383 2894 4447 litereditatis,
2927 4383 2977 4435 id
3007 4394 3107 4446 est,
3152 4385 3351 4436 directa
3386 4392 3559 4439 luere-

1982 4456 2141 4506 ditas.
2190 4454 2405 4505 Ponitur
2449 4453 2594 4506 enim
2646 4455 2792 4519 virga
2842 4467 2937 4519 pro
2964 4452 3281 4506 directione.
3338 4454 3402 4506 Et
3433 4457 3553 4521 quia

308 4518 609 4586 merentur,
650 4532 705 4594 et
745 4525 932 4577 civitas
972 4532 1320 4577 everteretur.
1357 4523 1466 4575 Hoc
1499 4525 1697 4594 plangit
1724 4518 1877 4577 intel-
1910 4518 1952 4573 D
1983 4523 2275 4577 secundum
2349 4526 2442 4594 has
2507 4523 2640 4577 duas
2703 4518 2915 4594 ultimas
2989 4524 3282 4581 sententias
3354 4518 3565 4579 videtur

314 4596 483 4646 lectus
523 4593 699 4661 Asaplt
728 4595 778 4645 in
812 4594 913 4647 hoc
935 4598 1158 4661 psalmo,
1188 4595 1319 4646 etin
1353 4594 1466 4661 ipso
1496 4593 1702 4659 planctu
1738 4598 1881 4649 velut

311 4664 640 4729 intellectus,
700 4664 751 4717 id
803 4674 904 4726 est,
952 4664 1256 4730 intelligens
1296 4663 1549 4717 discernit
1598 4675 1804 4718 terrena
1851 4685 1877 4718 a

311 4735 643 4797 cmlestibus,
701 4750 832 4787 nova
873 4749 902 4785 a
956 4735 1245 4795 veteribus,
1302 4743 1359 4785 ιιι
1404 4735 1563 4800 scias,
1619 4749 1712 4803 per
1762 4752 1881 4801 qua:

314 4812 581 4873 transeas,
613 4805 736 4870 quid
768 4813 1067 4870 eXSpectes,
1100 4804 1224 4872 quid
1257 4806 1547 4868 relinquas,
1578 4806 1770 4873 quibus
1802 4808 1880 4859 in-

313 4872 544 4927 haereas.
580 4876 836 4943 Loquitur
860 4884 1037 4927 autem
1068 4876 1321 4942 propheta
1356 4874 1405 4926 in
1440 4878 1540 4929 hoc
1574 4872 1800 4940 psalmo,
1826 4887 1881 4929 ιιι

315 4944 523 5011 Asaph,
558 4944 608 4995 id
648 4954 749 5009 est,
794 4954 850 4997 ut
893 4959 1242 5012 congregans,
1294 4945 1498 4998 scilicet
1543 4958 1596 4996 ιιι
1644 4946 1776 4998 alios
1815 4947 1882 5000 de

316 5020 517 5081 p0pul~o
544 5015 633 5067 illo
657 5027 900 5083 aggreget
924 5014 1022 5067 sibi
1055 5015 1105 5066 in
1137 5014 1237 5069 hoc
1260 5015 1552 5081 intellectu,
1593 5025 1649 5068 ιιι
1678 5016 1882 5070 discer-

318 5094 413 5134 nat
454 5093 663 5137 terrena
721 5100 750 5136 a
801 5085 1130 5147 cmlestibus,
1182 5096 1235 5137 et
1281 5096 1487 5139 terrena
1542 5095 1881 5154 postpouaut,

319 5154 628 5207 cmlesttbus
658 5155 970 5208 inhaereant.
1023 5157 1087 5206 Et
1134 5154 1375 5220 deplorat
1425 5156 1507 5207 hic
1558 5156 1881 5211 historialem

318 5223 728 5277 subversmnetn
756 5226 964 5277 illorum
1002 5239 1032 5276 a
1068 5229 1338 5286 Romanis,
1362 5235 1416 5277 et
1443 5227 1561 5279 'l‘ito
1591 5240 1638 5278 et
1682 5228 1880 5294 Vespa-

320 5296 474 5346 siano
505 5298 696 5348 laetam
725 5312 737 5347 :
771 5312 891 5362 quta
942 5308 1148 5361 tempus
1195 5296 1509 5347 visitationis
1542 5314 1644 5348 non
1687 5312 1885 5365 cogno-

320 5373 509 5414 verant
539 5374 600 5414 atl
630 5365 1050 5418 coutintcudatn
1083 5380 1267 5416 eorum
1301 5366 1568 5427 duritiam,
1603 5368 1802 5420 scilicet
1831 5376 1888 5421 ut

319 5432 410 5499 qui
467 5434 732 5487 Inedicum
788 5443 1102 5501 prwscotetn
1154 5450 1536 5501 recognoscere
1574 5439 1882 5499 noluerunt,

322 5518 420 5569 per
448 5511 554 5555 tatu
582 5507 860 5557 tuanilcsln
892 5506 1025 5555 mala
1055 5505 1334 5566 admoniti,
1383 5506 1573 5558 saltem
1610 5514 1884 5561 absentem

324 5584 731 5644 recognoscant.
759 5576 849 5628 Sic
887 5591 1016 5641 ergo
1049 5576 1267 5643 incipit:
1296 5578 1339 5629 0
1365 5574 1525 5641 Deus,
1576 5587 1629 5629 ut
1660 5576 1782 5644 quid
1808 5594 1887 5631 re-

321 5642 499 5711 puliin
539 5658 655 5705 nos,
692 5644 743 5696 id
768 5656 868 5714 est,
905 5656 1119 5713 propter
1145 5646 1269 5714 quid
1301 5648 1468 5700 fecisti
1516 5662 1614 5710 nos
1643 5642 1680 5699 ai
1701 5649 1886 5703 defen-

320 5715 476 5766 sione
505 5726 587 5767 tua
614 5713 779 5767 videri
812 5716 1093 5784 repulsos?
1122 5713 1381 5783 Repuliin
1414 5733 1510 5770 nos
1540 5719 1592 5769 in
1621 5716 1773 5783 linem
1803 5735 1887 5773 re.-

324 5783 598 5849 pulsiunis,
631 5784 680 5835 id
709 5794 812 5848 est,
843 5784 1150 5839 onmimoda
1181 5796 1235 5842 et
1265 5787 1662 5857 irrecuperabiti
1699 5792 1881 5856 repol-

606 5877 877 5934 Pariter.
928 5876 1143 5937 XCIII.

1985 4596 2129 4664 virga
2184 4591 2508 4664 hazrcditatis
2561 4594 2627 4645 ad
2676 4607 2804 4645 oves
2856 4592 2942 4664 de!
2974 4594 3225 4664 gentibus
3271 4597 3559 4659 pertinere,

1983 4662 2116 4732 quas
2146 4663 2555 4729 praedicantibus
2577 4664 2834 4731 apostolis
2859 4678 2909 4712 tn
2933 4662 3301 4732 haereditaletn
3330 4668 3565 4720 maxime

1982 4730 2207 4801 accepit,
2254 4734 2571 4786 determinat
2599 4732 3066 4804 subsequentilms,
3097 4730 3165 4786 de
3195 4735 3384 4798 quibus
3416 4749 3559 4804 agat,

1984 4820 2045 4855 ac
2072 4808 2115 4857 si
2139 4804 2280 4857 dicat
2306 4822 2319 4855 ς
2348 4805 2475 4867 Quae
2497 4814 2673 4855 autem
2705 4805 2789 4854 illa
2818 4802 3139 4856 lucri-ditus?
3169 4806 3395 4869 scdicet,
3423 4802 3567 4860 mons

1985 4874 2133 4938 Sion,
2191 4876 2241 4927 id
2298 4884 2404 4933 est,
2453 4872 2704 4925 Judaicus
2760 4873 3008 4939 papulas,
3053 4876 3141 4941 qui
3208 4874 3462 4929 habitavit
3516 4884 3567 4931 iu

1986 4956 2168 4999 monte
2201 4944 2328 5015 Sion
2361 4941 2724 5015 ltistorialiter.
2758 4941 2906 4994 Mons
2929 4943 3313 5015 Sion,dico,in
3339 4962 3439 5015 quo
3471 4948 3567 5002 ha-

1986 5015 2155 5067 bitasti
2197 5028 2288 5080 per
2316 5014 2503 5084 legalia
2534 5012 2791 5084 insoluta,
2828 5023 2904 5074 tu,
2935 5013 3079 5084 dico,
3111 5030 3207 5067 eos
3235 5018 3285 5067 in
3325 5012 3404 5083 eo,
3439 5022 3566 5084 quia

1990 5097 2111 5138 tam-
2136 5084 2432 5137 manifestis
2461 5081 2628 5148 signis
2671 5099 2790 5135 cum
2825 5084 2928 5137 illis
2957 5083 3134 5150 egisti,
3165 5098 3217 5138 ut
3247 5081 3483 5153 praesens
3516 5093 3567 5141 ιιι

1986 5172 2051 5210 eo
2084 5170 2205 5209 esse
2234 5153 2636 5220 intelligereris.

2061 5227 2552 5285 Levamanustuas.
2600 5224 2731 5277 Ecce
2774 5224 3074 5294 intelligens
3123 5225 3299 5293 Asaph
3351 5242 3446 5293 pro
3473 5228 3573 5280 iui-

1989 5299 2141 5349 micis
2172 5306 2314 5355 orat,
2341 5310 2402 5346 ac
2432 5294 2476 5345 si
2509 5294 2691 5347 dicat:
2726 5295 2926 5348 Memor
2946 5310 3063 5349 esto
3095 5305 3287 5360 nostri,
3325 5296 3568 5361 Domine,

1989 5382 2197 5419 memor
2242 5377 2360 5418 esto
2388 5367 2549 5417 etiam
2586 5365 2919 5425 inimicorum
2954 5380 3255 5417 IIOSIrorum
3277 5405 3290 5423 ,
3344 5369 3569 5430 scilicet,

1988 5438 2096 5489 leva
2124 5451 2306 5487 manus
2334 5448 2469 5494 tuas,
2526 5436 2573 5485 id
2603 5444 2705 5496 est,
2759 5451 2951 5487 exerce
3003 5437 3291 5498 potentiam
3322 5445 3462 5487 tuam
3497 5440 3571 5501 in,

1992 5508 2041 5558 id
2064 5518 2166 5568 εει,
2200 5516 2405 5569 contra,
2436 5504 2701 5570 superbius
2732 5522 2927 5568 eorum,
2963 5520 3055 5573 per
3078 5520 3212 5573 quos
3246 5523 3342 5560 nos
3371 5510 3579 5576 repulis-

1989 5578 2080 5640 sti,
2110 5586 2163 5628 et
2191 5576 2321 5628 iram
2363 5584 2506 5628 tuam
2536 5591 2699 5642 super
2742 5590 2839 5628 nos
2867 5576 3167 5628 ostendisti.
3218 5578 3385 5641 Leva,
3431 5578 3574 5637 uico.

1992 5663 2096 5700 non
2127 5648 2191 5699 ad
2239 5648 2458 5707 malum,
2488 5646 2581 5699 sed
2614 5648 2679 5697 ad
2713 5647 2928 5710 bonum,
2961 5647 3189 5709 scilicet,
3237 5647 3579 5713 perducendo

1991 5734 2083 5771 eos
2115 5718 2167 5769 in
2198 5716 2370 5784 ﬁam,
2416 5717 2463 5766 id
2512 5726 2618 5779 est,
2668 5716 2721 5769 iu
2770 5717 3061 5780 Christum.
3113 5717 3202 5785 qui
3239 5718 3359 5772 linis
3398 5730 3484 5772 est
3509 5719 3578 5772 ad

1988 5789 2249 5858 justitiam
2292 5786 2435 5840 oraui
2463 5788 2727 5843 credenti.
2786 5785 2875 5842 Vel
2916 5791 3036 5844 leva
3070 5792 3297 5844 tendens
3332 5789 3388 5843 iu
3418 5788 3581 5846 tinctu

3113 5879 3198 5940 28
