4010 6190
362 279 377 311 ε
423 283 443 297 -γ
471 274 575 333 87ἲί

929 273 1135 329 ΙὶΕὓᾸέ
1180 275 1621 337 VENERABHJS
1660 278 1808 336 OPP.
1853 281 2028 336 PARS

2174 277 2363 334 SECT.
2409 280 2469 335 ll.
2511 309 2580 323 -
2620 279 2824 335 DUBIA
2872 279 2955 333 ET
2996 276 3269 333 SPURM.

3625 278 3730 333 876

469 397 787 459 levationis,
835 394 884 448 id
917 405 1016 455 est,
1062 402 1263 466 tantum
1308 392 1444 466 leva,
1492 407 1751 463 quantum
1783 412 1917 466 opus
1964 408 2046 453 est
2074 404 2121 463 Α
2157 398 2284 460 rito,
2315 396 2541 461 scilicet,
2576 398 2698 465 quia
2752 395 3423 466 terrenisinhterebamus,
3458 406 3512 451 et
3541 408 3593 454 te
3632 414 3723 466 pa-

468 487 526 529 tit
552 474 714 530 leves,
753 467 983 526 scilicet,
1026 464 1160 517 adeo
1208 463 1448 529 credant,
1501 478 1549 520 et
1582 483 1650 520 ex
1689 463 2043 535 persécutori-

373 560 385 602 ἐ
471 547 571 601 bus
602 552 652 595 et
684 537 916 592 inimicis
948 536 1243 606 imitatores
1286 536 1408 588 liant
1436 548 1489 590 et
1515 542 1691 591 amici.
1744 540 1806 592 Et
1851 542 1900 593 in
1929 540 2045 606 qui-

471 622 569 669 pus
593 606 967 677 dominabatur
991 605 1329 677 superStitio,
1355 606 1407 660 in
1427 610 1505 661 eis
1530 609 1811 677 praevaleat
1837 605 2039 677 religio.

472 688 550 742 Ne
573 690 747 737 autem
775 686 827 731 te
855 676 1029 729 turbet
1054 677 1192 748 quod
1227 676 1399 731 nullus
1432 694 1496 732 ex
1524 676 1768 748 gentibus
1800 681 1903 734 illis
1939 676 2044 734 lto-

474 756 664 819 manis,
716 766 810 815 t‘er
851 762 984 815 quos
1013 747 1220 819 eversio
1253 748 1340 802 illa
1368 748 1504 801 facta
1536 747 1639 813 est,
1691 753 1865 805 nullus
1909 767 2043 804 cou-

471 818 657 880 versus
680 831 799 885 est;
834 836 938 873 non
970 818 1109 871 enim
1154 819 1255 889 hoc
1286 820 1523 887 impedit,
1557 823 1679 889 quia
1714 832 1887 875 tamen
1932 823 2045 876 haec

474 895 644 951 oratio
677 894 727 946 in
754 890 977 960 posteris
1007 888 1269 960 eumpleta
1298 901 1399 954 est,
1442 902 1494 944 et
1518 888 1669 959 quau
1693 892 1863 945 dicat:
1897 893 2044 959 Opus

436 1002 439 1003 ν
474 978 558 1021 est
584 959 863 1026 levatione,
896 961 1016 1028 quia
1052 959 1273 1027 pepulus
1324 961 1411 1014 ille
1448 976 1573 1014 vere
1600 962 1847 1017 inimicus
1885 980 2041 1016 crea-

474 1049 668 1099 turam,
702 1034 926 1092 scilicet,
952 1045 1109 1097 quain
1140 1031 1287 1091 colit,
1316 1032 1557 1085 Creatori
1589 1030 1902 1101 praeferens,
1934 1050 2045 1086 ma-

471 1109 696 1177 lignatns
725 1112 845 1177 est,‘
867 1103 916 1154 id
948 1111 1051 1177 est,
1088 1102 1318 1177 maligne
1344 1104 1451 1168 egit
1488 1104 1650 1177 multa
1676 1105 1727 1156 in
1752 1118 1948 1165 sancto,
1972 1105 2043 1177 id

428 1202 439 1215 ε»
472 1173 575 1235 est.
603 1178 656 1230 in
687 1173 885 1242 templo
912 1173 1290 1234 subvertenda,
1314 1182 1366 1226 et
1386 1173 1683 1227 sacerdotio
1712 1176 2040 1240 perimendo,

428 1278 431 1281 λ
472 1258 525 1301 ιιι
578 1249 629 1301 in
674 1254 904 1303 caeli-ris,
955 1258 1071 1314 qua:
1120 1251 1300 1314 sancta
1337 1253 1421 1296 tua
1470 1243 1694 1298 fuerant.
1750 1245 1808 1297 Et
1852 1254 2045 1314 quanta

470 1318 780 1387 malignalus
808 1324 875 1367 est
903 1314 927 1366 Ρ
964 1312 1377 1387 Νεΐθιιάίξςίηιιι,
1406 1316 1630 1369 scilicet.
1680 1317 1741 1368 Et
1775 1312 1895 1368 ideo
1925 1317 2045 1369 dico

469 1384 683 1456 quanto,
716 1388 834 1452 quia
860 1384 1167 1456 paenitentia
1194 1384 1486 1456 malefacta
1510 1401 1692 1439 eorum
1716 1400 1895 1439 secuta
1940 1402 2043 1439 non

470 1454 574 1523 est,
611 1460 714 1510 imo
755 1456 960 1525 gloriati
984 1462 1119 1511 sunt.
1155 1454 1204 1505 id
1234 1464 1335 1519 est,
1393 1471 1488 1522 pro
1519 1457 1685 1525 gloria
1721 1456 1868 1510 ncl'as
1893 1473 2042 1509 sum-

471 1545 614 1583 mum
647 1524 969 1588 habuerunt,
1009 1524 1093 1591 qui
1118 1526 1331 1576 oderunt
1360 1534 1406 1578 te
1436 1526 1488 1579 in
1521 1524 1685 1580 inedia
1707 1528 2044 1580 solemttilatis

472 1610 596 1663 tute,
639 1598 688 1652 id
733 1606 855 1659 est,
905 1598 956 1647 iii
999 1598 1265 1648 comtnmii
1307 1605 1361 1648 et
1410 1612 1617 1650 summa
1663 1599 1755 1652 tibi
1807 1598 2043 1651 instituta

468 1668 832 1725 solemnitate.
881 1667 937 1719 ln
970 1665 1162 1731 pascha
1194 1667 1333 1718 enim
1364 1666 1534 1720 Judaei
1569 1670 1801 1734 undique
1831 1669 2042 1722 ciillecti

471 1740 525 1794 in
549 1740 819 1816 Christum
861 1736 1172 1797 saevierunt,
1228 1736 1279 1789 in
1314 1740 1507 1805 pascha
1547 1752 1760 1807 quoque
1798 1738 2045 1794 similiter
2077 1755 2123 1816 Β
2150 1734 2231 1816 sic
2267 1750 2279 1785 :

462 1819 832 1934 “ﬁmi-imi
876 1877 1021 1945 signa
1047 1892 1165 1928 sua.
1213 1878 1458 1931 Ostendit
1501 1878 1550 1931 in
1590 1889 1843 1947 quantum
1876 1879 2044 1934 victo-

468 1966 559 2006 res
590 1950 784 2003 iniutici
814 1946 1019 2017 gloriati
1049 1955 1191 2010 sunt,
1244 1948 1469 2011 scilicrt,
1521 1949 1571 2001 in
1612 1946 1849 2013 tantum,
1902 1951 2041 2019 quod

470 2030 748 2093 posuerunt
788 2019 932 2093 signa
970 2032 1084 2080 sua,
1128 2019 1453 2093 tton_tua,_id
1483 2030 1585 2081 est,
1639 2022 1865 2086 aquilas,
1915 2025 2039 2075 dra-

470 2088 651 2155 cones,
688 2090 899 2152 vexilla,
934 2103 1052 2154 qua:
1081 2101 1191 2140 suae
1214 2088 1452 2142 victoria:
1482 2092 1815 2158 erantsigna,
1854 2106 2042 2159 posue-

470 2174 591 2216 rtmt
622 2178 771 2231 super
802 2170 1053 2212 sumntum
1085 2159 1259 2231 locum
1285 2158 1538 2219 civitatis,
1570 2161 1681 2213 sive
1715 2163 1917 2229 templi,
1972 2166 2043 2215 si-

470 2245 554 2287 cut
593 2233 767 2287 solent
797 2240 985 2283 statua:
1030 2230 1151 2294 poni
1182 2230 1235 2281 in
1275 2233 1414 2281 exitu
1458 2230 1681 2294 viarum,
1738 2232 1790 2283 id
1837 2242 1938 2294 est,
1989 2232 2041 2287 in

470 2305 641 2358 triviis
670 2302 748 2354 vel
782 2299 1091 2365 ιιιιίιότίιὶἱε,
1126 2309 1230 2350 uta
1266 2300 1501 2364 pluribus
1526 2302 1827 2367 videantur,
1859 2312 1913 2355 et
1944 2304 2045 2357 hoc

467 2374 609 2437 ideo,
654 2372 774 2439 quia
816 2387 914 2423 non
958 2378 1314 2442 cognoverunt.
1348 2373 1483 2434 Quid
1525 2386 1624 2424 non
1660 2376 2045 2442 cognoverunt?

467 2445 705 2501 Scilicet,
740 2442 1013 2493 victoriam
1047 2440 1186 2492 illam
1213 2455 1315 2492 non
1344 2456 1436 2492 sua
1460 2456 1581 2495 esse
1608 2440 1830 2505 virtute,
1854 2445 1945 2496 sed
1974 2460 2042 2497 ex

465 2523 645 2567 nostra
690 2512 1007 2579 iniquitate;
1056 2525 1154 2562 nec
1197 2511 1539 2563 attenilerunt
1584 2512 1703 2578 quia
1746 2522 1929 2566 essent
1960 2514 2044 2567 in-

465 2592 759 2637 strumenta
794 2582 863 2631 tui
897 2580 1034 2642 irati,
1068 2593 1171 2632 non
1204 2595 1423 2646 regnum
1458 2583 1671 2645 placati.
1717 2582 1866 2636 Facit
1895 2588 2040 2638 enim

467 2652 525 2707 Dt
547 2669 605 2706 us
636 2656 767 2705 sicut
802 2651 983 2715 homo,
1019 2652 1177 2702 homo
1202 2651 1363 2703 filium
1389 2656 1633 2705 verberat
1658 2654 1897 2718 quolibet
1926 2670 2042 2708 sar-

466 2734 667 2788 mento,
718 2722 911 2773 deinde
955 2728 1283 2793 sarmentum
1332 2721 1628 2793 projicitiiu
1680 2723 1879 2793 ignem,
1932 2726 2044 2779 filio

468 2808 595 2849 vero
643 2802 818 2847 servit
870 2790 1284 2855 haereditatem;
1327 2793 1402 2844 sic
1439 2802 1493 2846 et
1542 2790 1825 2861 Deus'per
1866 2790 2045 2852 malos

466 2863 693 2931 casrigat
721 2862 912 2922 benos,
960 2870 1013 2913 et
1043 2876 1135 2928 per
1162 2863 1509 2928 temporalem
1538 2872 1859 2932 potestatem
1890 2865 2041 2919 dam-

464 2936 761 2988 nantlorum
813 2943 1024 2985 exercet
1079 2931 1413 2998 disciplinain
1469 2931 1883 2990 liberandorum.
1949 2937 2043 2991 Vel

464 3006 653 3058 aliter:
690 3001 977 3054 Posuerunt
1014 3001 1160 3073 signa
1188 3018 1304 3067 sua,
1336 3011 1505 3054 etnon
1537 3015 1899 3073 cognoverunt,
1944 3007 2044 3061 hoc

2148 475 2349 520 storem
2382 480 2486 520 non
2511 468 2950 535 agnoscehamus.
2986 465 3115 520 Nam
3142 482 3240 520 non
3264 468 3503 533 vidimus,
3535 470 3587 523 id
3620 465 3726 535 est,

2151 552 2257 590 non
2284 538 2609 591 attendimus
2634 538 2783 608 signa
2829 548 3020 601 nostra,
3063 537 3115 591 id
3139 547 3244 603 est,
3275 539 3421 606 signa
3454 540 3521 592 de
3545 542 3723 595 visita-

2149 608 2307 661 tionis
2340 617 2578 674 tempore
2620 612 2773 661 nobis
2802 610 2921 661 data
2948 610 3057 676 jam
3088 623 3209 662 esse
3253 610 3543 676 completa.
3595 619 3727 674 Uua

2147 688 2321 749 tamen
2364 679 2545 731 videre
2574 679 2860 745 potuimus,
2904 678 3024 748 quia
3064 680 3178 748 jam
3204 696 3305 731 non
3340 690 3411 733 est
3453 681 3729 749 praplteta.

2150 747 2285 821 licet:
2316 764 2474 801 unum
2507 764 2573 821 ex
2604 750 2788 816 signis,
2818 747 2954 817 quod
2988 747 3106 803 ideo
3134 752 3365 802 maxime
3397 747 3567 817 ponit,
3599 760 3728 821 quia

2149 818 2202 871 in
2233 820 2351 872 aliis
2389 820 2638 873 omnibus
2669 821 3114 888 raptivationihus
3147 835 3340 885 printer
3372 824 3508 876 hanc
3536 818 3727 878 novis-

2144 892 2334 942 simam
2369 889 2585 944 fuerunt
2629 905 2844 957 semper
2873 891 3033 958 aliqui
3067 889 3365 957 prophetae,
3415 898 3502 957 qui
3531 907 3611 947 eis
3639 911 3729 947 re-

2144 959 2313 1013 ditum
2347 960 2414 1014 de
2462 959 2771 1028 captivitate
2823 964 3196 1027 praedicerent,
3248 971 3302 1014 et
3354 962 3725 1019 liberationem

2146 1031 3012 1105 promitterent.Fueruntautem
3056 1043 3109 1084 et
3135 1032 3238 1085 alia
3273 1036 3526 1100 praedicta
3571 1037 3728 1105 signa

2144 1101 2212 1153 de
2243 1111 2484 1169 tempore
2515 1102 2852 1163 visitationis,
2882 1101 3105 1167 scilicet,
3138 1106 3278 1169 quod
3312 1117 3412 1173 nec
3442 1119 3531 1159 res
3553 1101 3725 1173 esset,

2147 1185 2245 1243 nec
2275 1174 2549 1235 sacerdos,
2603 1172 2723 1239 quia
2777 1189 2879 1224 non
2910 1184 3053 1227 esset
3101 1177 3305 1238 unctio,
3353 1172 3503 1243 juxta
3552 1172 3725 1231 illud:

2146 1239 2274 1293 Cum
2303 1244 2487 1295 venerit
2516 1253 2721 1295 sanctus
2748 1255 3058 1308 sanctorum,
3114 1245 3328 1297 cessabit
3355 1239 3549 1299 unctio.
3592 1250 3728 1313 Quas

2147 1326 2327 1365 omnia
2370 1324 2494 1366 tunc
2534 1323 2899 1378 (ξομδιινειύιιι,
2932 1316 3051 1381 quia
3080 1325 3231 1367 erant
3276 1317 3483 1368 umbra.
3539 1316 3605 1371 Et
3633 1334 3727 1372 ve-

2146 1386 2326 1435 niente
2368 1383 2611 1445 veritate,
2662 1398 2880 1437 ιιρρεεειε
2912 1395 2992 1438 est
3025 1396 3079 1437 ut
3109 1385 3321 1438 tollatur
3347 1388 3554 1441 umbra.
3603 1386 3722 1442 Non

2146 1452 2497 1519 attendimus,
2542 1455 2778 1522 inquam.
2822 1458 2969 1522 signa
3016 1464 3218 1518 nostra,
3258 1466 3308 1509 et
3358 1458 3533 1510 omnia
3584 1463 3727 1513 malo

2148 1524 2341 1575 merito
2371 1533 2554 1576 nostro
2581 1541 2680 1575 non
2706 1535 2968 1594 coynoscet
3008 1542 3099 1578 nos
3122 1527 3361 1593 amplius,
3403 1527 3453 1578 id
3482 1538 3586 1592 est,
3618 1544 3725 1583 non

2147 1595 2285 1646 ultra
2332 1593 2583 1660 reSpiciet
2630 1593 3127 1656 nos,’uttlcleudat
3157 1598 3224 1647 ali
3273 1597 3526 1650 inimicis.
3584 1600 3724 1651 Dicit

2152 1664 2337 1716 beatus
2355 1666 2677 1733 Augustinus
2695 1666 2845 1732 jvma
2861 1666 3282 1719 'I'ranslatiouem
3308 1682 3455 1719 suam
3485 1668 3722 1723 litteram

2326 1734 2388 1786 Et
2420 1750 2510 1786 nos
2541 1750 2641 1787 non
2688 1744 2952 1805 cognoscet
2992 1737 3183 1797 adhuc,
3230 1746 3283 1790 et
3326 1737 3633 1803 Sttbjungit:
3667 1740 3726 1792 Si

2150 1814 2325 1877 autem
2358 1814 2409 1857 tu
2443 1820 2547 1858 non
2575 1821 2873 1874 cognoscis,
2908 1807 3142 1872 nunquid
3171 1806 3284 1876 ipse
3313 1812 3590 1877 cognoscit
3624 1821 3673 1863 te
3692 1810 3720 1861 ’ἒ

2151 1875 2343 1943 Utique
2374 1877 2662 1945 cognoscit,
2691 1879 2811 1942 quia
2832 1877 2942 1946 jani
2977 1878 3139 1930 venit.

2223 1967 2514 2037 Usquequo,
2568 1966 2801 2021 Domine.
2861 1969 2970 2022 llnc
3019 1967 3150 2021 dicit
3199 1968 3499 2037 intelligens
3538 1972 3723 2039 Asapls

2148 2039 2213 2092 tle
2245 2041 2514 2108 geminus,
2547 2044 2843 2108 przevidens
2873 2056 2991 2104 qua:
3032 2041 3150 2091 alia:
3177 2054 3305 2095 oves
3337 2041 3411 2093 illi
3452 2042 3723 2094 adducan-

2147 2118 2252 2181 tur,
2281 2122 2333 2162 et
2362 2120 2624 2181 convertit
2651 2126 2708 2164 se
2734 2111 2800 2163 ad
2834 2110 3017 2162 Dentri.
3049 2110 3207 2181 Quasi
3233 2111 3372 2163 dicat
3398 2128 3412 2163 :
3456 2111 3571 2164 Non
3595 2116 3722 2181 qui-

2145 2180 2288 2243 dem,
2321 2194 2353 2231 0
2383 2179 2546 2243 Deus,
2580 2184 2769 2234 merito
2798 2190 2981 2233 Ilorll'O
3008 2180 3241 2247 amplius
3271 2196 3378 2234 non
3406 2179 3719 2249 cognosces.

2147 2250 2265 2303 illas
2296 2261 2471 2303 autem
2499 2252 2630 2304 alias
2677 2266 2825 2313 oves,
2854 2266 3129 2319 quumque
3167 2250 3424 2305 ditl'eres?
3484 2255 3595 2306 Hoc
3640 2267 3724 2307 est

2144 2320 2286 2389 quod
2316 2322 2442 2374 dicit
2468 2339 2481 2373 :
2512 2322 2555 2375 0
2585 2320 2745 2389 Deus,
2779 2322 3036 2384 inimicus,
3079 2322 3128 2374 id
3159 2331 3259 2385 est,
3295 2322 3509 2390 gentilis
3552 2338 3721 2391 popu-

2147 2394 2250 2455 lus,
2290 2407 2569 2459 usquequo,
2610 2392 2663 2445 id
2705 2402 2809 2456 est,
2832 2392 3068 2460 quandiu
3100 2393 3465 2461 persequendo
3497 2403 3549 2447 et
3587 2407 3720 2448 con-

2146 2464 2407 2533 culcando
2432 2478 2551 2525 nos,
2579 2474 2632 2515 et
2655 2464 3013 2525 adversarius,
3048 2464 3276 2527 scilicet,
3304 2463 3529 2530 populus
3555 2478 3725 2533 quan-

2144 2532 2234 2603 diu
2275 2533 2519 2597 irritabit,
2547 2533 2595 2585 id
2624 2543 2727 2596 est,
2758 2533 2824 2585 ad
2852 2535 2982 2585 iram
3026 2543 3076 2586 te
3107 2534 3433 2600 provocabit,
3470 2532 3585 2600 per,
3622 2551 3722 2587 no.

2146 2617 2265 2656 men
2296 2614 2462 2666 tuum,
2500 2606 2548 2655 id
2588 2614 2691 2667 est,
2726 2619 2815 2671 per
2843 2605 3049 2657 laudem
3084 2614 3225 2656 tuam
3265 2613 3318 2657 et
3356 2607 3603 2672 gloriam,
3635 2607 3724 2661 cui

2144 2686 2330 2725 contra
2355 2676 2480 2725 ticit.
2535 2673 2720 2727 Eritne
2771 2678 2871 2728 hoc
2897 2675 2947 2725 in
2979 2674 3179 2740 ﬁnem?
3219 2672 3427 2743 Utique,
3460 2676 3611 2743 quasi
3641 2677 3724 2728 di-

2145 2758 2227 2796 cat
2257 2761 2269 2795 :
2314 2743 2426 2795 Non
2459 2745 2559 2797 crit
2583 2746 2633 2797 in
2661 2746 2842 2811 linem,
2873 2746 2993 2813 quia
3024 2759 3161 2797 verte
3192 2743 3295 2796 itl.e
3320 2752 3439 2798 ana:
3469 2761 3600 2799 oves
3624 2749 3722 2797 ad-

2148 2814 2433 2867 ducentur.
2469 2817 2531 2867 Et
2560 2814 2771 2883 quando
2797 2818 3012 2883 quidem
3044 2816 3143 2867 hoc
3170 2813 3333 2867 facies
3363 2818 3433 2869 de
3463 2816 3714 2879 inimicis,

2144 2886 2371 2950 utquid,
2414 2885 2464 2937 id
2491 2896 2591 2951 est,
2638 2893 2854 2954 propter
2899 2885 3045 2952 quid,
3099 2885 3337 2949 Domine,
3385 2888 3572 2938 avertis
3611 2902 3722 2938 ma-

2144 2957 2377 3021 ttnm,-id
2406 2966 2507 3019 est,
2547 2971 2645 3008 nos
2670 2957 2756 3023 qui
2803 2955 2949 3022 prius
2995 2954 3189 3008 fuimus
3236 2969 3422 3008 manus
3471 2965 3559 3008 tua
3612 2972 3715 3008 non

2149 3026 2385 3090 sinistra,
2412 3026 2507 3080 sed
2537 3028 2778 3091 dextera,
2809 3029 2932 3095 quia
2973 3040 3067 3092 per
3094 3040 3191 3079 nos
3222 3026 3384 3079 multa
3415 3027 3555 3079 bona
3583 3039 3711 3090 one-

461 3090 581 3129 csse
621 3089 779 3142 super
817 3071 1069 3136 summo,
1111 3071 1162 3125 id
1200 3084 1302 3136 e5t,
1346 3088 1410 3125 ex
1438 3071 1616 3126 divina
1664 3075 2034 3169 dispositione,

466 3162 567 3169 μη--
597 3160 654 3169 Α..
684 3160 771 3169 ...η
806 3144 996 3169 υἷα...οΑ
1044 3144 1174 3169 οἱιι...
1210 3142 1256 3169 ζ..
1285 3143 1425 3169 ηηῖι..
1456 3143 1695 3169 Anna—“:-
1800 3160 2027 3169 ......_.-_-

2148 3107 2294 3169 ratus
2322 3071 2399 3169 es.
2453 3098 2649 3163 Quare,
2682 3071 2915 3165 inq’ua'tu,
2945 3071 3142 3169 avertis
3168 3110 3265 3149 nos
3296 3097 3557 3169 de_medio
3601 3071 3716 3150 situt

464 3162 570 3199 non
594 3160 657 3199 ex
682 3160 774 3196 sua
806 3144 1016 3215 virtute,
1043 3144 1180 3215 sicut
1210 3142 1260 3195 in
1283 3143 1425 3215 esitu
1454 3143 1716 3212 apparuit.
1752 3142 2029 3215 Nunquam

462 3217 602 3269 enim
632 3226 735 3267 tam
763 3213 913 3282 pauci
939 3222 1012 3286 tot
1035 3212 1220 3286 millia,
1250 3225 1302 3286 et
1327 3214 1376 3266 in
1403 3222 1506 3286 tam
1530 3216 1737 3269 nmnito
1768 3212 2041 3286 loco—pos-

460 3297 581 3341 sent
614 3298 888 3351 superare,
915 3283 1015 3336 nisi
1047 3284 1227 3336 divina
1256 3284 1624 3351 dispositione.

506 3409 514 3416 _
537 3356 695 3422 Quasi
724 3356 777 3407 in
802 3353 926 3406 silva
953 3354 1228 3425 lignorum.
1274 3354 1592 3420 Exsequitur
1620 3370 1680 3408 ea
1704 3370 1822 3425 qua:
1867 3357 2039 3412 inimi-

462 3443 552 3480 cus
581 3428 635 3480 in
672 3434 850 3478 sancta
880 3422 1193 3496 malignatus
1232 3434 1326 3479 est.
1366 3425 1495 3478 Nam
1528 3422 1823 3479 exciderunt
1842 3431 2039 3496 januas

459 3500 605 3568 ejus,
649 3496 699 3550 id
741 3505 862 3558 est,
908 3495 1078 3568 sancti
1125 3497 1302 3568 templi
1352 3496 1613 3549 securibus
1653 3498 1763 3549 suis
1801 3495 1947 3565 quasi
1985 3502 2037 3554 in

458 3564 589 3621 silva
620 3569 895 3638 lignorum,
930 3564 978 3638 i_d
1008 3575 1106 3638 est,
1156 3566 1225 3617 ita
1256 3568 1370 3638 sine
1415 3568 1563 3638 omni
1595 3564 1862 3638 respectu,
1895 3569 2036 3625 sicut

458 3638 623 3693 arbor
649 3632 899 3690 inciditur
944 3632 996 3687 in
1038 3636 1171 3688 silva
1215 3634 1314 3687 sub
1361 3636 1506 3706 nulla
1555 3636 1794 3690 custodia
1841 3632 2030 3706 posita,

461 3709 557 3763 sed
588 3708 639 3761 iit
672 3722 824 3759 usum
854 3713 1057 3756 tantum
1097 3706 1354 3772 lignorum
1378 3705 1650 3773 deputata,
1683 3717 1735 3759 et
1768 3705 1867 3761 hoc
1893 3709 2033 3763 lece-

460 3787 590 3834 I‘ttnt
637 3780 916 3831 tendentes
959 3776 1011 3826 iit
1056 3775 1301 3841 idipsum,
1356 3775 1405 3828 id
1437 3786 1538 3837 est,
1598 3777 1923 3832 unanimiter
1955 3781 2033 3834 vel

466 3855 890 3917 perseveranter,
924 3854 978 3899 et
1006 3846 1298 3918 deiecerunt
1335 3860 1420 3909 ea,
1464 3846 1515 3899 id
1556 3856 1657 3909 est,
1710 3849 1907 3913 templo
1934 3864 2031 3918 ap-

459 3916 763 3989 pendentia,
796 3917 877 3989 vel
906 3932 1037 3989 eam,
1084 3916 1133 3989 id
1168 3924 1269 3975 est.
1299 3925 1535 3989 sanctam
1562 3918 1832 3972 civitatem
1863 3919 1914 3973 in
1941 3916 2030 3974 se-

464 3986 578 4043 cur]
607 3998 661 4041 et
707 3986 868 4039 ascia.
915 3987 1039 4057 llaec
1079 3986 1186 4039 duo
1229 3986 1373 4053 ponit
1417 4004 1511 4053 pro
1539 3989 1684 4041 omni
1728 4003 1924 4057 genere
1955 3990 2033 4044 iti-

464 4068 903 4111 strumentorum.
955 4056 1032 4127 Ad
1067 4058 1165 4108 hoc
1187 4070 1397 4124 qquue
1424 4056 1755 4111 incenderunt
1782 4061 1886 4127 igni
1914 4077 2033 4114 san-

459 4130 712 4181 etuarium
742 4134 904 4186 tuum,
952 4125 1002 4176 id
1050 4135 1164 4197 est,
1208 4129 1384 4197 ipsum
1430 4129 1611 4194 templi
1653 4125 2025 4197 secretarium,

461 4213 568 4267 quo
600 4212 721 4250 arca
756 4195 1061 4267 testamenti
1092 4204 1146 4267 et
1171 4195 1273 4267 alia
1302 4207 1642 4252 sacrosancta
1674 4195 2029 4255 contineban4

459 4264 566 4323 tur.
601 4268 665 4321 Et
693 4266 982 4333 polluerunt
1009 4264 1232 4318 stabulis
1258 4281 1513 4334 equorum
1539 4284 1778 4334 suorum,
1810 4279 1861 4322 et
1890 4274 2031 4326 mulo

458 4342 529 4393 tis
556 4339 726 4392 modis
740 4336 858 4388 aliis
880 4334 1260 4388 tabernaculum
1281 4337 1517 4390 exterius
1547 4340 1745 4391 nomini
1775 4349 1863 4392 tuo
1877 4341 2028 4395 dedi-

457 4420 657 4473 catum,
706 4408 845 4476 quod
894 4408 1066 4459 solum
1112 4417 1227 4459 erat
1270 4407 1324 4459 in
1363 4417 1515 4460 terra.
1571 4408 1639 4461 Et
1684 4410 1924 4463 dixerunt
1974 4413 2028 4466 in

456 4481 610 4533 corde
635 4454 747 4542 iuo',
780 4477 828 4530 id
857 4488 957 4535 est.
1012 4478 1233 4530 lirtuiler
1272 4489 1660 4546 proposuerunt
1703 4496 1807 4532 non
1854 4454 2028 4537 solum

2141 4454 2370 4546 u‘ndique
2398 4461 2643 4546 gentibus
2669 4456 3017 4519 etreutndato,

2141 4528 2152 4546 .
2186 4540 2299 4546 ..ημ
2337 4540 2371 4546 -.
2732 4540 2753 4546 -

456 4551 533 4604 illi
576 4546 822 4615 Romani,
868 4547 961 4601 sed
1001 4550 1236 4617 cognatio
1264 4563 1460 4613 eorum,
1504 4550 1555 4603 id
1594 4561 1697 4616 est,
1729 4550 1887 4605 etiam
1936 4555 2027 4607 alii

454 4619 695 4691 ejusdem
725 4620 1077 4691 cognationis,
1129 4618 1181 4670 id
1233 4632 1333 4680 est,
1380 4621 1616 4687 gentilis,
1666 4620 1806 4677 sicut
1849 4622 2028 4677 Nabu-

456 4688 831 4760 chodonosor,
873 4688 964 4760 qui
996 4690 1140 4757 prius
1164 4702 1259 4741 eos
1284 4694 1670 4757 captivaverat,
1704 4702 1757 4745 et
1785 4692 1873 4746 alii
1907 4707 2029 4760 per-

457 4771 754 4815 secutores.
797 4758 908 4823 His,
944 4759 1178 4828 inquam,
1211 4760 1463 4813 dixerunt
1495 4762 1668 4824 simul,
1701 4763 1751 4815 id
1779 4771 1882 4828 est,
1909 4758 2029 4816 om-

455 4846 554 4901 nes
594 4835 697 4901 hoc
742 4844 901 4881 unum
929 4825 1263 4901 :_raciatnus
1300 4844 1472 4901 omnes
1518 4831 1627 4884 dies
1673 4825 2027 4901 festoquuos

454 4900 545 4955 isti
574 4900 757 4953 dicunt
784 4914 903 4952 esse
937 4898 1029 4950 Dei
1052 4900 1328 4968 quiescere,
1362 4900 1413 4952 id
1442 4912 1543 4966 est,
1581 4898 1795 4956 cesSare
1833 4920 1864 4954 a
1892 4898 2027 4957 terra

452 4986 676 5040 prorsus
703 4970 970 5023 exclusos.
1022 4970 1117 5022 ilic
1151 4970 1240 5042 Dei
1272 4970 1500 5042 positum
1546 4981 1629 5026 est
1671 4983 1927 5042 quantum
1958 4975 2025 5028 ad

450 5043 659 5108 Asaplt,
705 5054 807 5092 non
850 5048 1106 5106 quantum
1136 5040 1201 5091 ad
1252 5042 1389 5094 illos.
1449 5041 1628 5096 Potest
1656 5040 1815 5097 etiam
1841 5059 2025 5098 versus

452 5116 556 5167 iste
583 5110 767 5165 relerri
813 5114 879 5183 ad
920 5109 1064 5183 ipsos
1112 5108 1562 5183 Jud:_eos.7Quasi
1610 5113 1791 5167 dicat:
1844 5116 2022 5183 Asapli

454 5182 756 5249 intelligens
801 5181 866 5232 de
894 5181 1005 5243 eis,
1053 5182 1191 5251 quia
1228 5180 1474 5235 inimicus
1514 5192 1657 5235 tanta
1706 5180 2024 5251 malignat'us

450 5265 534 5307 est
560 5253 614 5306 iii
640 5266 756 5313 eos.
792 5251 913 5305 ideo
942 5250 1197 5303 excecati
1235 5251 1472 5305 uixerunt
1501 5254 1550 5305 in
1578 5257 1730 5306 corde
1758 5250 1872 5318 suo,
1916 5269 2021 5308 non

451 5324 603 5392 pauci
626 5338 693 5376 ex
714 5324 811 5385 eis,
844 5321 937 5375 sed
953 5322 1196 5392 cognatio
1218 5337 1389 5374 eorum
1414 5324 1588 5385 simul,
1619 5324 1673 5376 id
1699 5332 1804 5389 est,
1837 5340 2026 5378 omnes

452 5389 553 5448 hoc
595 5394 851 5464 dixerunt
881 5410 893 5445 :
936 5389 1215 5464 lt‘ueiarttus
1258 5394 1510 5464 quiescere
1536 5410 1707 5446 omnes
1734 5396 1839 5447 dies
1870 5396 2026 5464 festos

449 5465 545 5517 Dei
569 5481 601 5517 α
626 5473 783 5517 terra.
830 5462 1269 5531 Quandoquidem
1305 5462 1441 5517 Deus
1492 5466 1683 5532 repulit
1724 5480 1822 5517 nos
1850 5462 1905 5519 et
1936 5479 2026 5532 pa-

450 5535 581 5589 titur
627 5536 781 5587 nobis
825 5533 1085 5587 dominari
1132 5533 1375 5587 inimicos
1403 5550 1418 5599 ;
1448 5548 1577 5604 ergo
1604 5546 1656 5589 et
1689 5550 1787 5588 nos
1815 5540 2026 5590 subtra-

450 5606 642 5657 hamus
673 5606 719 5655 ei
752 5605 950 5657 cultum
977 5619 1130 5656 suum
1160 5616 1413 5670 quantum
1448 5606 1499 5657 in
1532 5605 1686 5659 nobis
1707 5614 1807 5659 est.

524 5674 690 5742 Signa
721 5682 895 5726 nostra
922 5689 1021 5725 non
1052 5674 1298 5727 videmus.
1334 5676 1470 5729 licce
1494 5677 1634 5742 justa
1666 5690 1823 5729 causa
1852 5678 2027 5742 repul-

449 5744 635 5799 sionis.
684 5744 847 5809 Quasi
868 5745 1006 5798 dicat
1037 5759 1051 5798 :
1091 5742 1158 5797 Ut
1182 5745 1303 5811 quid
1326 5744 1461 5799 Deus
1489 5747 1723 5816 repulisti
1743 5760 1839 5804 nos
1862 5748 1883 5801 ἵ
1909 5763 2024 5803 ine-

2140 3172 2250 3229 tuo,
2286 3167 2336 3217 id
2362 3176 2463 3229 est,
2496 3182 2660 3234 quare
2678 3164 2947 3221 subtrahis
2976 3164 3127 3220 nobis
3159 3164 3541 3234 protectiouem
3573 3178 3715 3221 tuam

2142 3237 2386 3289 laeteudo
2433 3252 2530 3290 nos
2580 3237 2650 3289 ita
2702 3236 2871 3290 videri
2924 3236 3263 3299 immundos,
3310 3239 3448 3290 sicut
3497 3252 3715 3291 manum

2139 3307 2388 3359 emissam
2420 3308 2486 3360 de
2515 3306 2676 3361 sinu?
2710 3308 2823 3360 Erit
2851 3311 2949 3359 hoc
2979 3306 3030 3360 in
3065 3307 3221 3359 linem
3245 3308 3266 3357 7
3295 3306 3393 3359 Hic
3420 3308 3586 3361 mittit
3615 3321 3713 3361 nos

2137 3377 2205 3428 ad
2231 3376 2503 3431 historiam
2531 3393 2546 3443 ;
2583 3376 2744 3431 habet
2769 3379 2906 3431 cnim
2941 3378 3178 3441 hismria,
3205 3377 3419 3445 quando
3451 3379 3709 3431 Dominus

2138 3447 2369 3515 signum,
2397 3448 2536 3516 quod
2563 3448 2926 3515 prmdiximus,
2970 3447 3136 3516 Moysi
3170 3447 3221 3499 in
3257 3448 3401 3514 virga
3449 3451 3713 3512 ostendit,

2142 3518 2243 3570 hoc
2270 3522 2429 3571 etiam
2458 3518 2597 3570 aliud
2619 3518 2829 3586 signum
2856 3521 2901 3571 ei
2931 3518 3095 3570 dedit.
3147 3517 3395 3588 l‘rtecepit
3438 3520 3484 3570 ei
3521 3527 3574 3571 ut
3606 3534 3719 3569 nta-

2137 3603 2257 3658 ttum
2284 3590 2347 3641 de
2374 3588 2489 3641 sinu
2508 3589 2743 3641 educeret
2760 3606 2777 3653 ;
2794 3589 2990 3653 eduxit,
3017 3597 3063 3641 et
3086 3603 3198 3640 ecce
3216 3586 3421 3653 lepr‘osa
3449 3591 3716 3658 apparuit.

2136 3656 2271 3710 Item
2301 3660 2536 3728 pra-cepit
2557 3659 2605 3711 ei
2633 3666 2687 3710 ut
2716 3673 2827 3711 eam
2855 3660 2907 3710 in
2949 3660 3065 3711 sinu
3086 3663 3382 3728 reduceret;
3413 3656 3641 3723 reduxit,
3668 3666 3718 3710 et

2134 3742 2251 3781 ecce
2277 3726 2699 3795 similisrreliqute
2723 3730 2863 3781 carni
2888 3730 3006 3797 fuit.
3048 3730 3103 3781 lu
3134 3744 3237 3794 quo
3266 3726 3599 3796 designatum
3632 3736 3718 3782 est

2135 3803 2257 3867 quia
2310 3814 2431 3852 cum
2464 3802 2704 3867 quiSquis
2729 3801 2797 3854 de
2824 3801 2943 3853 sinu
2978 3798 3091 3862 Dei,
3126 3797 3177 3851 id
3205 3807 3305 3861 est,
3340 3799 3405 3850 de
3437 3800 3562 3863 tide,
3592 3812 3713 3864 spe,

2135 3875 2405 3923 enaruate
2450 3876 2740 3938 egreditur,
2792 3873 2933 3923 velut
2982 3868 3221 3922 haeretici
3255 3878 3309 3922 et
3356 3868 3714 3930 schisuiatici.

2134 3941 2314 3992 statim
2346 3942 2582 4007 repletur
2612 3941 2754 4008 lepra
2786 3940 2984 4007 peccati
3012 3955 3026 4004 ;
3056 3939 3102 3992 si
3133 3940 3346 4007 quando
3374 3953 3503 3994 vero
3536 3938 3712 4008 putui-

2137 4018 2255 4064 tens
2285 4012 2525 4074 redierit,
2558 4024 2678 4062 mox
2712 4012 2992 4063 sanitatem
3026 4010 3253 4077 recipit:

2207 4101 2344 4155 Deus
2373 4114 2541 4155 autem
2569 4117 2659 4155 rex
2690 4112 2876 4155 noster.
2919 4105 3046 4167 Nos,
3077 4102 3312 4169 inquam,
3338 4101 3565 4155 dicimus
3589 4099 3715 4169 quia

2133 4172 2274 4226 Deus
2303 4189 2399 4226 nos
2428 4176 2652 4236 avertit;
2688 4188 2799 4240 ipse
2834 4184 3010 4227 autem
3057 4180 3234 4240 potius
3259 4174 3369 4239 jam
3400 4177 3466 4224 ad
3500 4187 3593 4224 nos
3624 4186 3718 4222 ve-

2134 4247 2233 4309 nit,
2262 4255 2317 4297 et
2344 4258 2441 4297 uos
2468 4245 2691 4298 Vocavil.
2738 4243 2865 4306 Νυμι,
2898 4247 3018 4310 quia
3051 4248 3189 4294 Deus
3219 4257 3309 4293 rex
3336 4256 3506 4295 noster
3544 4245 3715 4294 lactus

2134 4330 2229 4382 per
2257 4315 2606 4367 humititatetu
2641 4326 2761 4366 ante
2786 4317 2995 4382 stecula.
3034 4316 3269 4367 existens
3318 4329 3414 4379 per
3463 4313 3717 4379 majesta-

2135 4378 2239 4437 ἰειιι
2271 4402 2322 4436 ιη
2350 4388 2512 4437 medio
2543 4395 2710 4449 teme,
2752 4385 2799 4436 id
2829 4396 2932 4448 est,
2962 4378 3019 4437 in
3048 4384 3244 4450 pepulo
3276 4378 3463 4434 uestro
3485 4378 3714 4435 Jtidaico

3066 4464 3140 4505 est
3182 4465 3423 4519 operatus
3467 4452 3712 4504 salutem.

2134 4527 2303 4591 Quam
2334 4528 2561 4577 salutem
2588 4524 2611 4577 l
2643 4537 2698 4577 ut
2726 4534 3132 4579 eonteiiinerent
3181 4523 3425 4577 homines
3475 4531 3709 4584 terrena,

2132 4606 2185 4649 et
2205 4606 2513 4664 appeterent
2542 4596 2806 4649 cmlestia.

2203 4686 2278 4741 Tu
2302 4689 2615 4756 conﬁrmasti
2644 4689 2695 4741 iii
2724 4688 2907 4740 virtute
2936 4695 3043 4739 tua.
3091 4686 3411 4754 Exsequitur
3440 4685 3712 4753 quomodo

2132 4762 2358 4814 salutem
2386 4760 2456 4812 sit
2485 4775 2756 4827 (ψει-ειυς.
2788 4761 2948 4825 Quasi
2980 4760 3121 4809 dicat
3146 4773 3161 4810 :
3190 4756 3324 4811 Vere
3351 4766 3427 4819 tu,
3466 4757 3709 4821 Domine,

2127 4832 2354 4884 salutem
2385 4846 2443 4883 es
2472 4841 2742 4897 operatus,
2788 4832 2907 4896 quia
2941 4831 3079 4882 sicut
3106 4844 3227 4880 cum
3270 4832 3526 4895 populum
3558 4836 3706 4879 tuum

2127 4903 2195 4955 de
2224 4899 2456 4970 [Egypto
2486 4903 2764 4963 educeres,
2799 4914 2937 4951 mare
2974 4898 3199 4951 divisum
3231 4909 3516 4970 utrumque
3543 4897 3711 4970 quasi

2128 4966 2345 5024 murum
2368 4966 2703 5038 oon/iratasti,
2752 4980 2809 5023 et
2835 4983 2999 5036 aquas
3041 4970 3092 5022 in
3138 4969 3314 5022 medio
3343 4966 3579 5030 siccasti,
3633 4968 3710 5019 ita

2127 5057 2293 5104 utare,
2323 5042 2373 5095 id
2401 5051 2502 5102 est,
2535 5057 2772 5094 amarum
2804 5040 3010 5092 fluxum
3036 5040 3280 5094 v.tinrum
3314 5039 3366 5093 in
3400 5038 3550 5089 nobis
3580 5052 3713 5089 eou-

2128 5111 2371 5174 firmasti,
2408 5127 2513 5164 non
2546 5120 2719 5164 tamen
2760 5118 2899 5165 Sicut
2927 5111 3053 5163 vitia
3094 5117 3391 5171 titanerent,
3412 5106 3510 5161 sed
3539 5122 3607 5161 ne
3635 5107 3711 5161 ita

2128 5192 2187 5236 ut
2216 5186 2360 5251 prius
2393 5199 2485 5251 per
2514 5182 2632 5235 vitia
2664 5182 3052 5243 ddtlueremus,
3084 5191 3139 5234 et
3182 5182 3283 5233 hoc
3314 5179 3487 5232 fecisti
3516 5192 3621 5232 non
3650 5178 3708 5233 in

2128 5254 2334 5306 meritis
2363 5251 2580 5316 nostris,
2626 5252 2720 5305 sed
2750 5254 2802 5305 in
2830 5252 3010 5303 virtute
3035 5266 3142 5315 tua,
3180 5252 3230 5304 id
3256 5260 3356 5313 est,
3391 5264 3487 5316 per
3518 5259 3709 5318 poten-

2130 5330 2236 5377 tem
2261 5324 2482 5391 gratiam
2517 5332 2679 5374 tuain.
2737 5324 2801 5375 Et
2829 5324 2969 5374 sicut
3008 5322 3059 5373 ιιι
3105 5322 3258 5390 aquis
3306 5322 3470 5373 maris
3518 5320 3715 5374 milites

2133 5394 2441 5458 Pharaonis,
2493 5394 2580 5461 qui
2632 5402 2886 5446 venerant
2932 5394 2996 5445 ad
3041 5391 3405 5448 derorandutu
3455 5393 3711 5458 populum

2132 5474 2278 5518 tuum
2337 5477 2392 5518 ut
2436 5464 2719 5527 dracones,
2773 5462 3129 5521 subiueisisti,
3176 5474 3228 5514 et
3276 5464 3470 5529 capita,
3524 5463 3574 5514 id
3604 5468 3711 5521 est,

2128 5536 2263 5602 prim
2284 5534 2399 5603 ipes
2429 5536 2662 5598 illorum,
2706 5536 2775 5586 ita
2811 5535 2897 5587 hic
2940 5534 2993 5585 in
3022 5532 3188 5603 aquis
3221 5534 3554 5603 baptismatis
3580 5544 3714 5603 cou-

2128 5600 2412 5670 iribulasti,
2443 5606 2491 5657 id
2524 5614 2628 5671 est,
2673 5606 2971 5657 contrivisti
2998 5613 3051 5656 et
3074 5601 3359 5657 debiLtasti
3390 5616 3494 5654 nou
3539 5600 3713 5653 solum

2127 5676 2409 5739 dracones,
2457 5676 2505 5728 id
2527 5686 2625 5738 est,
2654 5676 2929 5728 interiores
2954 5675 3224 5727 dgcmones
3253 5671 3568 5725 distributos
3594 5671 3717 5724 siu-

2127 5748 2264 5817 gulis
2296 5744 2361 5801 ad
2407 5747 2800 5813 accusandum,
2853 5760 2937 5814 qui
2989 5742 3563 5819 spiritualitervolunt
3612 5755 3718 5797 nos
