4010 6190
404 373 504 429 877

1080 372 1143 427 IN
1180 373 1597 430 PSALMORUM
1638 374 1891 430 LIBRUM
1938 373 2291 430 EXEGESIS.
2339 404 2405 414 —-
2445 373 2686 428 PSALM.
2730 372 2963 426 LXXIII.

3549 367 3653 419 S73

401 486 658 557 devorare
687 495 740 537 ut
771 482 1052 557 dracones.
1105 486 1196 539 scd
1229 487 1388 541 etiam
1420 490 1590 554 capita
1641 487 1875 550 illorum,
1925 487 1974 541 id
2008 491 2052 548 Α
2085 486 2324 541 vocando
2357 498 2407 541 te
2432 487 2595 541 lilium
2628 487 2782 548 labri,
2811 487 3121 542 violatorem
3145 486 3296 554 legis,
3329 496 3382 542 et
3404 489 3638 557 simiiia;

401 568 505 615 est,
538 554 659 608 illos
688 558 773 623 qui
802 555 902 607 illis
935 556 1274 610 interici-ibus
1298 568 1548 622 praesunt.
1581 559 1643 610 Et
1669 561 1779 624 plus
1810 560 1971 612 etiam

400 625 595 689 fecisti,
646 632 766 695 quia
796 624 1087 694 confregisti
1127 630 1177 680 in
1206 626 1407 681 eisdem
1456 630 1607 695 aquis
1637 628 1808 689 capita
1849 628 1973 679 dra-

400 698 563 760 conis,
614 694 669 748 id
702 705 801 752 est.
852 696 966 747 illos
1006 711 1243 749 summos
1288 694 1610 759 daemonum,
1657 698 1744 764 qui
1780 697 1974 764 princi-

405 776 596 836 pautur
624 768 722 818 sub
770 765 885 836 ipso
912 764 1097 836 Satan,
1129 768 1214 833 qui
1258 781 1564 836 siipretnum
1606 778 1763 835 caput
1789 776 1889 828 est,
1920 777 1975 821 et

402 839 575 901 ipsum
601 838 757 888 etiam
784 835 947 906 Satan
977 835 1157 889 dedisti
1198 838 1397 906 populis
1427 835 1753 905 zEt/tiOpunt,
1791 838 1840 889 id
1868 846 1970 899 est,

405 906 509 960 illis
539 908 649 973 qui,
704 907 846 970 prius
898 903 1159 967 denigrati
1212 903 1274 959 in'
1314 909 1562 972 peccatis,
1615 903 1753 960 nunc
1793 916 1971 960 autem

404 985 531 1030 sunt
558 990 650 1041 per
678 976 900 1045 gratiam
923 974 1153 1029 dezilbati
1185 978 1321 1029 sicut
1342 977 1511 1030 sancti
1551 978 1773 1042 apostoli
1805 987 1859 1030 et
1888 977 1973 1030 alii

407 1044 784 1109 praedicatores
816 1046 1070 1098 veritatis.
1123 1047 1254 1109 Illis,
1292 1047 1527 1115 inquam,
1577 1045 1769 1102 dedisti
1800 1047 1972 1115 ipsum

404 1118 563 1168 Satan
604 1115 654 1168 in
680 1130 871 1177 escam,
902 1115 1122 1178 scilicet,
1158 1126 1211 1167 ut
1233 1132 1427 1184 corpus
1457 1117 1594 1183 ejus,
1636 1115 1690 1169 id
1730 1127 1832 1179 est,
1864 1132 1974 1170 ma-

409 1186 488 1239 los
517 1188 564 1238 ei
606 1196 853 1251 tanquam
882 1186 1040 1251 capiti
1080 1185 1413 1240 adhaerentes
1439 1185 1741 1251 comedant,
1791 1187 1840 1240 id
1870 1196 1973 1251 est,

403 1256 571 1308 verbo
602 1254 989 1325 prmdicationis
1017 1256 1115 1308 sibi
1145 1257 1502 1321 conforment,
1551 1267 1603 1310 et
1643 1258 1694 1310 in
1740 1272 1798 1311 se
1828 1257 1975 1325 traji-

404 1326 565 1379 ciant.
610 1323 763 1379 Unde
791 1324 997 1377 cuidam
1027 1325 1235 1379 illorum
1262 1326 1327 1379 de
1356 1326 1455 1381 hac
1482 1342 1601 1380 esca
1628 1325 1827 1381 dictum
1858 1323 1971 1381 est:

409 1394 655 1466 Mactaet
682 1395 951 1446 manduca.
998 1394 1162 1449 Macta
1194 1398 1406 1464 quidem
1443 1398 1495 1450 in
1539 1397 1616 1452 eis
1646 1397 1787 1466 quod
1826 1406 1970 1464 sunt,

404 1477 461 1520 et
491 1464 671 1533 traiire
700 1479 793 1518 eos
824 1466 873 1516 in
905 1480 1097 1533 corpus
1124 1476 1287 1520 tuum.

479 1535 557 1588 Tu
581 1535 847 1603 disrupisti
874 1534 1037 1602 fontes
1067 1548 1110 1588 et
1140 1545 1405 1592 torrentes.
1436 1536 1536 1591 Per
1576 1538 1694 1603 hoc,
1738 1538 1973 1606 inquam,

408 1607 594 1659 dedisti
634 1607 894 1677 dracones
934 1607 984 1657 in
1031 1622 1194 1659 escam
1234 1609 1435 1674 populis
1473 1608 1807 1677 /Ethiopum,
1853 1610 1974 1674 quia

409 1676 676 1744 disrupisti
703 1675 865 1744 fontes
907 1688 951 1727 et
1001 1685 1267 1731 torrentes.
1302 1679 1454 1732 l‘etra
1500 1675 1734 1733 euint‘in
1764 1678 1978 1732 deserto

412 1748 492 1798 bis
531 1752 676 1803 vir-,ta
717 1761 963 1812 percussa
994 1759 1144 1813 rupta
1185 1760 1288 1815 εει,
1337 1760 1389 1801 ει
1431 1748 1551 1803 inde
1590 1756 1976 1801 emanaverqu

2078 568 2132 628 et
2160 558 2235 628 sic
2279 559 2499 628 populus
2529 558 2617 611 ille
2646 558 2913 624 insipiens,
2964 558 3012 609 id
3043 566 3143 620 est,
3199 573 3303 611 non
3350 558 3639 625 providens

2071 627 2169 679 sibi
2210 627 2262 681 iri
2308 627 2597 695 posterum,
2642 627 2872 680 incitavit
2904 643 3081 679 nomen
3126 635 3290 693 tuum,
3341 628 3391 682 id
3418 639 3522 693 est,
3571 632 3642 687 ad

2074 696 2205 750 iram
2236 706 2285 750 te
2313 707 2616 766 provocavit
2647 713 2741 765 per
2782 712 2973 751 nomen
3017 706 3181 761 tuum,
3229 702 3366 765 quod
3400 699 3467 754 de
3496 710 3639 756 terra

2075 769 2285 832 penits
2334 766 2542 821 auferre
2582 768 2766 820 voluit.
2818 767 2880 820 Et
2908 768 3316 835 quandoquidem
3361 769 3451 823 tibi
3490 771 3643 825 viridi

2074 838 2211 906 ligno
2235 836 2328 889 hoc
2352 842 2593 903 fecerunt,
2624 839 2745 904 quid
2770 838 2952 905 facient
2977 839 3029 890 in
3056 839 3201 890 arido
3224 839 3247 892 Ρ
3278 839 3499 894 Constat
3520 843 3643 905 quia

2076 908 2243 959 multo
2292 909 2465 961 minus
2517 916 2733 973 parcent
2768 908 2937 967 arido,
2988 922 3108 961 cum
3156 924 3259 961 non
3290 920 3645 976 pepercerunt

2076 976 2166 1031 tibi
2200 976 2350 1030 viridi
2378 978 2536 1045 ligno.
2574 978 2730 1047 Ergo,
2787 978 3031 1047 Donine,
3063 994 3125 1030 ne
3158 979 3333 1031 tradas
3363 980 3553 1043 bestiis,
3588 982 3640 1036 id

2076 1056 2176 1109 est,
2231 1046 2665 1112 persecutoribus
2711 1046 3053 1113 quibuslibet,
3106 1049 3381 1102 bestialem
3426 1066 3643 1105 sensum

2075 1116 2410 1182 habentibus,
2442 1119 2639 1170 animas
2667 1118 2985 1183 confitentes,
3020 1118 3070 1171 id
3112 1128 3214 1181 est,
3265 1120 3350 1183 qui
3380 1134 3437 1174 se
3466 1120 3642 1175 humi-

2078 1188 2206 1240 liant
2236 1196 2290 1239 et
2319 1188 2641 1241 conlitentur
2686 1198 2897 1253 peccata
2931 1204 3023 1240 sua
3055 1188 3167 1241 tibi.
3216 1190 3449 1251 Animas,
3498 1191 3641 1255 dico,

2074 1273 2354 1326 pauperum
2403 1266 2605 1309 tuorum
2654 1273 2717 1309 ne
2765 1258 3094 1311 obliviscaris.
3150 1258 3308 1322 Quasi
3356 1258 3533 1313 dicat:
3583 1261 3646 1315 Et

2082 1336 2243 1392 terra,
2282 1328 2330 1381 id
2363 1338 2464 1388 est.
2514 1342 2736 1393 corpora
2788 1327 3065 1381 traduntur
3103 1328 3155 1379 in
3189 1344 3374 1381 manus
3405 1337 3649 1393 peccato-

2075 1413 2235 1458 rum;
2283 1400 2480 1451 animas
2533 1409 2708 1452 tamen
2758 1413 3059 1465 pauperum,
3118 1397 3165 1450 id
3212 1409 3315 1459 est,
3367 1399 3645 1453 humilium

2078 1476 2280 1520 tuorum
2310 1485 2375 1520 ne
2395 1468 2729 1531 obliviscaris,
2765 1477 2820 1520 ut
2848 1468 3192 1521 devocentur.
3244 1475 3344 1520 Aut
3373 1469 3417 1521 si
3448 1468 3644 1524 oblivi-

2079 1539 2267 1604 sceris,
2303 1555 2367 1591 ne
2409 1539 2740 1590 obliviscaris
2792 1539 2842 1589 in
2874 1538 3042 1602 ﬁnem,
3094 1537 3143 1591 id
3175 1546 3288 1597 est.
3334 1539 3404 1592 ita
3438 1548 3493 1591 ut
3540 1554 3644 1593 non

2078 1609 2304 1672 amplius
2338 1609 2669 1672 resipiscam.
2698 1606 2996 1660 Humanum
3022 1608 3151 1659 enim
3181 1619 3253 1659 est
3276 1623 3504 1676 peccare,
3538 1610 3650 1662 dia-

2079 1679 2293 1731 lrolicum
2324 1694 2675 1747 perseverare,
2708 1676 2770 1730 Et
2817 1694 2882 1729 nn
2909 1679 3238 1731 obliviscaris
3268 1689 3477 1732 tuorum
3512 1694 3641 1744 pau-

2081 1762 2286 1811 perum,
2335 1747 2476 1810 ideo,
2530 1746 2771 1806 Domine.
2819 1749 3015 1811 respice
3046 1748 3464 1801 misericordiam
3489 1751 3646 1803 exhi-

410 1831 561 1882 aquzc
600 1816 781 1870 dulces
914 1814 1449 1899 largissimapnfetra
1491 1827 1667 1899 autem
1708 1817 1971 1899 hisnvirga
2007 1840 2052 1899 Β
2082 1814 2254 1899 bendo
2280 1816 3500 1899 omnibusintendentibusrestituuntumtuum,
3528 1819 3649 1873 ideo

410 1901 682 1954 percussa,
706 1896 787 1939 est
815 1886 1058 1938 Christus
1078 1886 1269 1953 duplici
1300 1888 1440 1956 ligno
1459 1890 1632 1943 crucis
1661 1888 1970 1951 crucilixus,

409 1956 479 2010 de
520 1971 624 2024 quo
654 1956 921 2026 emanavit
956 1970 1087 2023 aqua
1128 1959 1402 2012 abundans
1439 1967 1494 2012 et
1532 1958 1673 2026 larga
1713 1957 1976 2020 doctrina,

408 2041 529 2092 qua:
568 2027 679 2077 sola
733 2023 903 2077 dulcis
943 2026 993 2077 iu
1043 2026 1201 2094 hujus
1239 2030 1361 2080 vitte
1405 2023 1644 2082 deserto}
1704 2027 1803 2081 Per
1843 2028 1981 2081 hanc

413 2096 536 2149 facti
567 2104 689 2148 sunt
711 2094 922 2163 quidatn
965 2096 1137 2149 fontes
1182 2111 1331 2164 aqu:e
1371 2098 1502 2150 viva:
1541 2099 1780 2150 salientis
1829 2098 1881 2150 in
1912 2099 1982 2151 vi-

414 2179 522 2219 tam
549 2175 823 2228 mteruaui,
874 2174 930 2219 et
968 2164 1177 2232 quidam
1219 2175 1503 2220 torrentes.
1544 2167 1676 2234 Quia
1708 2177 1881 2221 autem
1925 2168 1977 2221 in

410 2238 646 2289 fontibus
670 2234 809 2304 iugis
836 2250 968 2305 aqua
1001 2246 1103 2299 est,
1150 2252 1242 2301 per
1273 2235 1443 2290 fontes
1472 2242 1653 2302 accipe
1686 2239 1980 2305 praecipuos

416 2306 663 2376 doctores
711 2305 872 2357 verbo
912 2314 967 2358 et
1002 2306 1246 2373 exemplo
1294 2306 1568 2372 docentes,
1618 2311 1739 2376 quia
1792 2307 1979 2361 horum

411 2375 652 2429 doctrina
683 2376 889 2429 Stabilis
920 2384 1024 2430 est.
1059 2377 1159 2428 Per
1199 2387 1460 2431 torrentes
1490 2394 1615 2431 vero
1639 2375 1821 2445 accipe
1860 2378 1980 2431 illos

409 2447 520 2514 qui,
563 2448 659 2499 etsi
702 2446 919 2498 verbum
972 2446 1207 2499 veritatis
1243 2461 1347 2499 non
1380 2449 1601 2515 implent
1643 2463 1824 2516 opere,
1873 2463 1979 2501 noti

412 2527 586 2569 tamen
626 2517 891 2569 abstinent
939 2530 997 2569 se
1040 2516 1518 2587 aprmdicatione,
1568 2522 1655 2587 qui
1705 2518 1812 2572 cito
1848 2516 1981 2571 deli-

408 2589 560 2638 cinnt
598 2597 651 2638 ut
701 2595 982 2640 torrentes.
1058 2586 1150 2641 Vel
1195 2602 1225 2641 e
1269 2602 1531 2641 converso
1583 2586 1675 2655 per
1713 2597 1981 2642 torrentes

412 2670 694 2721 possumus
721 2657 966 2717 accipere
1002 2657 1119 2711 illos
1151 2658 1217 2725 in
1242 2660 1432 2725 quibus
1463 2660 1688 2725 impetus
1719 2657 1977 2723 doctrinm

408 2737 510 2791 est,
545 2727 593 2779 id
619 2737 717 2787 est,
761 2725 1029 2795 majores;
1079 2742 1169 2795 per
1200 2724 1375 2782 fontes
1409 2724 1549 2781 vero
1580 2730 1832 2790 minores,
1873 2729 1979 2781 sci-

414 2796 557 2865 licet,
590 2813 617 2848 a
643 2796 830 2865 quibus
874 2798 1123 2863 paulatim
1151 2797 1392 2852 doctrina
1434 2800 1580 2851 ﬂuet.
1620 2798 1770 2865 Quod
1802 2810 1978 2853 autem

410 2864 573 2919 dicit:
626 2864 873 2929 Dirupisti
925 2872 1089 2935 [antes
1130 2877 1177 2920 et
1213 2878 1497 2931 torrentes,
1549 2864 1830 2935 dupliciter
1875 2869 1979 2923 dici

451 2942 626 3000 otest,
666 2939 907 3001 scilicet,
956 2937 1218 3003 dirupisti,
1273 2937 1325 2990 id
1366 2950 1467 3001 est,
1512 2954 1760 2992 emanare
1805 2935 1977 2991 fecisti

436 3006 623 3066 'ontes.
675 3006 754 3059 vel
804 3010 974 3060 l‘ontes
1023 3010 1163 3076 ipsos
1207 3017 1261 3061 et
1316 3016 1577 3061 torrentes
1620 3007 1884 3076 dirupisti,
1930 3008 1981 3062 id

419 3087 520 3139 est,
567 3077 714 3144 quasi
739 3091 834 3145 per
862 3078 1101 3145 (Lversos
1126 3074 1267 3129 rivtts
1293 3076 1534 3143 sparsisli
1565 3086 1618 3132 et
1645 3074 1849 3131 siccasti
1874 3074 1980 3143 [lu-

406 3146 516 3198 vias
538 3144 747 3226 Etltan..'
775 3144 1540 3241 initiati.liuierpqetatunfortis,
1579 3149 1692 3229 sive
1720 3152 1973 3241 robustus,
2007 3181 2050 3241 ρ

412 3230 510 3284 per
540 3230 695 3281 quem
728 3214 1036 3287 intelligitur
1068 3216 1206 3287 male
1246 3218 1396 3271 tortis
1420 3219 1531 3286 ille,
1559 3222 1644 3287 qui
1681 3235 1743 3271 ex
1786 3234 1844 3273 se
1876 3214 1978 3273 fur?

409 3288 478 3338 tis
498 3300 615 3339 esse
642 3285 823 3357 voluit.
852 3298 902 3339 et
924 3285 1086 3357 dixit;
1121 3285 1321 3357 Portam
1349 3285 1523 3342 sedent
1544 3285 1706 3342 nteant
1730 3290 1800 3340 ad
1828 3290 1980 3357 Aqui-

409 3356 596 3426 Ionem.
643 3354 716 3408 De
755 3357 853 3407 hac
885 3370 1020 3407 mata
1063 3356 1367 3426 lenitudine
1402 3361 1645 3426 poculum
1673 3359 1858 3411 mortis
1882 3354 1981 3424 pri-

411 3424 514 3496 mis
553 3426 861 3496 parentibus
894 3425 1232 3496 propinavit,
1263 3424 1472 3494 quando
1511 3430 1587 3482 eis
1630 3427 1892 3496 persuasit
1924 3438 1979 3481 ut

412 3494 514 3563 ἱρπὶ
558 3511 651 3562 ρει·
678 3509 735 3546 se
781 3493 944 3548 fortes
982 3504 1037 3547 et
1073 3495 1144 3547 dii
1194 3493 1293 3548 sibi
1339 3511 1458 3552 esse
1494 3493 1709 3549 vellent.
1754 3497 1835 3550 Ab
1880 3497 1982 3551 hoc

406 3580 619 3632 queque
650 3564 842 3617 diversi
869 3575 1239 3633 processerunt
1262 3567 1424 3631 lluvii,
1458 3566 1707 3632 diversae,
1754 3567 1978 3633 scilicet,

413 3635 646 3688 haereses
682 3643 736 3687 et
782 3648 1013 3699 errores,
1054 3648 1185 3703 quos
1233 3634 1371 3688 Deus
1419 3636 1614 3690 dicavit
1660 3652 1754 3705 per
1793 3637 1981 3690 ﬂuvios

418 3717 545 3757 suos
598 3714 649 3756 et
699 3712 986 3758 torrentes.
1050 3705 1226 3757 l’otcst
1276 3709 1434 3758 etiam
1492 3716 1633 3759 totus
1682 3721 1864 3759 versus
1914 3706 1981 3761 ad

415 3772 594 3827 Ethan
624 3771 833 3839 referri,
868 3782 925 3827 ut
961 3772 1039 3827 sic
1070 3774 1345 3827 dicamus:
1401 3775 1535 3831 Vere
1578 3776 1762 3829 dedisti
1788 3775 1977 3831 draco-

413 3859 538 3897 nem
572 3844 775 3914 populis
805 3845 856 3896 in
882 3860 1067 3906 escam,
1098 3845 1218 3911 quia
1260 3854 1311 3896 tu
1352 3846 1611 3914 dirupisti,
1654 3845 1705 3899 id
1756 3857 1858 3909 est,
1889 3848 1981 3899 de-

409 3917 647 3984 struxistt
683 3913 861 3967 l‘ontes‘
885 3914 1077 3967 Etban.
1122 3914 1338 3976 Fontes,
1382 3913 1522 3973 dico.
1556 3930 1708 3984 aqua)
1748 3916 1981 3971 salientis

410 3983 465 4035 in
504 3983 896 4037 damnationem
943 3994 1230 4044 aeternam,
1274 3995 1325 4036 rt
1374 3983 1637 4039 torrentes
1675 3995 1727 4039 et
1769 3984 1978 4050 ﬂuvios,

352 4086 353 4089 η
408 4068 530 4121 qua:
569 4053 816 4106 similiter
841 4056 891 4106 in
932 4054 1069 4106 malo
1109 4052 1357 4120 acetpias,
1404 4058 1473 4108 ita
1505 4065 1560 4109 ut
1598 4058 1664 4108 de
1696 4056 1887 4109 minori
1914 4057 1980 4109 ad

406 4122 582 4176 maius
621 4123 896 4176 ascendas.

532 4209 627 4245 uus
652 4204 725 4245 est
752 4194 876 4245 dies.
918 4193 1075 4258 Quasi
1107 4192 1245 4247 dicat
1272 4211 1284 4246 :
1329 4194 1548 4247 Siccatis
1582 4194 1750 4248 ﬂuviis
1786 4196 1975 4261 Ethan,

413 4260 540 4315 facti
583 4275 701 4315 sunt
733 4263 945 4331 quidam
987 4264 1132 4329 dies,
1178 4262 1394 4333 quidam
1442 4280 1544 4318 nox
1584 4276 1637 4317 et
1680 4267 1895 4321 similia.
1929 4260 1983 4319 et

410 4335 515 4385 hoc
543 4348 646 4385 nou
676 4347 767 4400 per
793 4347 872 4398 se,
900 4334 991 4386 sed
1025 4348 1116 4400 per
1150 4345 1217 4394 Ie.
1250 4338 1371 4401 quia
1405 4335 1511 4386 dies
1536 4346 1607 4387 est
1640 4346 1772 4393 tuus.
1802 4348 1847 4387 et
1879 4351 1981 4388 nos:

405 4412 491 4473 est
536 4401 821 4473 tuasDies
869 4414 994 4456 sunt
1042 4405 1378 4470 spirituales,
1431 4406 1503 4456 illi
1548 4406 1636 4473 qui
1681 4406 1976 4467 spiritualia

410 4471 780 4544 spiritualibus
820 4473 1130 4539 praedicant,
1165 4483 1221 4526 ut
1246 4476 1334 4526 ille
1374 4475 1460 4544 qui
1488 4471 1655 4527 dixit:
1690 4474 1754 4527 In
1787 4476 1977 4540 princi-

2082 1888 2351 1951 omnibus,
2387 1889 2473 1954 qui
2505 1887 2743 1940 cmlestia
2775 1896 2827 1939 et
2850 1894 3048 1938 aeterna
3083 1887 3338 1955 promissa
3370 1899 3644 1955 appetunt.

2085 1955 2147 2008 Et
2180 1956 2299 2010 ideo
2332 1958 2451 2009 dico
2478 1956 2596 2009 illos
2626 1971 2865 2024 reSpuas,
2893 1957 3010 2020 quia
3045 1957 3382 2012 intendentes
3413 1960 3464 2011 iri
3489 1967 3651 2013 testa-

2084 2037 2321 2097 mentum
2352 2025 2516 2089 servi,
2555 2027 2741 2097 idest,
2790 2035 3103 2097 appetentes
3149 2035 3357 2080 terrena
3397 2029 3650 2097 despicis.

2083 2095 2236 2160 Quod
2265 2098 2430 2149 innuit
2460 2110 2577 2148 cum
2608 2096 2736 2150 dicit
2762 2113 2773 2147 :
2813 2096 2946 2160 Quia
2966 2098 3146 2162 repleti
3175 2105 3291 2149 sunt
3321 2095 3654 2163 iniquitatium

2085 2165 2160 2218 illi
2189 2167 2276 2234 qui
2304 2166 2580 2229 obscurari,
2613 2165 2663 2219 id
2690 2174 2790 2229 est,
2815 2166 3064 2220 excaecati
3093 2168 3318 2220 interius
3346 2177 3471 2221 sunt
3497 2183 3526 2221 a
3557 2169 3654 2221 do-

2083 2235 2245 2288 mibus
2273 2246 2439 2302 terrae,
2471 2236 2519 2288 id
2552 2244 2654 2300 est,
2708 2236 2829 2304 quia
2878 2238 3039 2288 corda
3087 2251 3272 2290 eorum
3317 2246 3527 2291 terrena
3570 2255 3657 2292 sa-

2085 2305 2253 2372 piunt,
2284 2316 2337 2359 et
2365 2320 2582 2373 semper
2616 2316 2825 2360 terrena
2855 2307 3090 2373 sapiunt,
3122 2316 3174 2358 et
3205 2320 3416 2373 semper
3444 2316 3656 2361 terrena

2083 2384 2358 2445 appetunt,
2392 2390 2488 2428 nec
2517 2391 2747 2445 unquam
2781 2376 2844 2428 ad
2876 2377 3114 2429 ctelestia
3148 2390 3207 2428 se
3234 2375 3464 2445 erigunt,
3513 2380 3656 2433 unde

2084 2444 2234 2513 quasi
2266 2450 2450 2511 vulpes
2480 2444 2727 2499 inferiora
2762 2453 2919 2499 terrai
2947 2447 3162 2499 intrant.

2156 2514 2239 2567 Ne
2261 2526 2516 2568 avertatur
2546 2516 2773 2567 Immitis.
2811 2517 2903 2580 Ita,
2940 2516 3174 2583 inquam,
3222 2516 3364 2582 dico,
3409 2526 3465 2569 ut
3488 2518 3662 2581 restri-

2082 2585 2212 2649 cias,
2240 2602 2303 2639 ne
2327 2584 2414 2639 ille
2439 2586 2526 2653 qui
2560 2600 2683 2639 vere
2713 2594 2795 2639 est
2818 2586 3025 2637 Immitis
3045 2596 3325 2651 avertatur,
3356 2587 3405 2639 id
3433 2597 3534 2652 est,
3564 2586 3654 2640 de-

2083 2666 2325 2716 vocetur,
2370 2671 2489 2707 cum
2522 2657 2568 2709 ei
2602 2656 3067 2724 improperabitur,
3112 2654 3253 2723 quod
3291 2658 3341 2709 in
3384 2667 3646 2710 mortuum

2084 2726 2353 2779 hominem
2378 2725 2614 2787 credant,
2669 2726 2775 2777 imo
2803 2736 3104 2791 serpentem
3137 2742 3228 2792 per
3254 2726 3477 2780 caudam
3505 2727 3650 2779 acci-

2087 2796 2215 2860 piat,
2255 2794 2306 2848 id
2346 2805 2448 2858 est,
2482 2795 2702 2865 gloriam
2735 2796 3141 2850 resurrectionis
3168 2798 3443 2861 attendat;
3490 2804 3544 2850 et
3571 2798 3653 2850 sic

2082 2865 2349 2918 Chrismm
2400 2882 2504 2917 non
2548 2866 2816 2918 hominem
2857 2874 3083 2933 tantum,
3125 2866 3217 2919 sed
3259 2875 3313 2920 et
3360 2866 3526 2920 Deum
3561 2881 3651 2921 ve-

2083 2950 2202 2989 rum
2229 2935 2501 3001 intelligat.
2538 2937 2649 2999 Ille,
2694 2936 2834 3002 (lico,
2879 2941 3041 3005 [actus
3066 2946 3332 3005 con/usus,
3360 2937 3405 2989 si
3436 2946 3648 2990 averta-

2087 3015 2190 3067 tur,
2239 3008 2320 3058 vel
2354 3006 2521 3059 factus
2553 3006 2807 3059 confusus
2836 3021 2899 3058 ex
2930 3005 3255 3059 conscientia
3288 3015 3649 3073 peccatorum.

2087 3075 2180 3127 Eti
2222 3090 2289 3127 eo
2316 3091 2420 3128 non
2448 3076 2605 3130 debet
2629 3076 2817 3138 averti,
2839 3075 2959 3138 quia
2988 3091 3204 3142 pauper,
3235 3077 3283 3128 id
3311 3086 3408 3139 est,
3439 3075 3530 3129 ille
3557 3078 3647 3143 qui

2084 3147 2182 3197 sibi
2226 3156 2306 3198 est
2339 3146 2687 3213 insul‘iiciens,
2733 3156 2787 3199 et
2815 3145 2933 3198 ideo
2965 3146 3126 3199 habet
3153 3160 3212 3199 se
3251 3161 3370 3212 erga
3400 3156 3449 3198 te
3478 3148 3651 3198 Immi-

2085 3216 2222 3276 liter,
2251 3225 2304 3267 ut
2332 3232 2527 3282 pauper
2551 3229 2674 3281 erga
2705 3216 2946 3281 divitem,
2970 3226 3016 3267 et
3045 3216 3212 3283 inops,
3245 3217 3293 3266 id
3315 3224 3415 3280 est,
3445 3215 3532 3268 ille
3559 3218 3649 3284 qui

2083 3294 2293 3350 reputat
2320 3290 2542 3352 gratiam
2576 3285 2674 3337 εεΙιί
2702 3286 3081 3338 necessariam.
3135 3286 3219 3350 lli,
3253 3286 3487 3351 inquam,
3520 3299 3647 3338 vere

2084 3354 2412 3406 huutilinudo
2440 3370 2520 3420 se,
2549 3366 2601 3405 et
2633 3354 2766 3407 bene
2809 3356 3101 3419 operando,
3152 3354 3433 3407 laudabunt
3464 3369 3647 3408 nomen

2081 3431 2243 3493 luunt.
2281 3425 2343 3476 lﬁt
2371 3426 2492 3490 quia
2518 3424 2571 3476 lii
2604 3424 2891 3477 laudabunt
2912 3432 2985 3493 te,
3013 3438 3139 3492 ergo
3183 3423 3343 3490 Deus,
3370 3425 3458 3493 qui
3504 3430 3651 3478 Vide-

2083 3492 2224 3546 baris
2245 3492 2447 3562 jacere,
2496 3508 2740 3562 exturge,
2793 3492 2876 3546 vel
2909 3492 2994 3546 hic
3036 3493 3086 3546 in
3130 3494 3313 3547 notitia
3348 3492 3643 3555 hominum,

2088 3562 2174 3633 vel
2214 3577 2440 3633 exsurge
2466 3563 2675 3617 tandem
2699 3563 2764 3615 ad
2797 3563 3239 3616 remunerandum
3270 3567 3319 3615 iu
3345 3563 3568 3633 judicio.
3597 3576 3650 3617 et

2072 3632 2283 3701 judico,
2317 3632 2369 3685 id
2396 3642 2497 3699 est,
2550 3634 2794 3687 discerne
2822 3649 3027 3685 causam
3053 3642 3211 3697 tuam,
3258 3634 3308 3686 id
3340 3632 3440 3698 est,
3491 3633 3650 3688 ﬂdent

2085 3713 2250 3767 tuam,
2276 3718 2417 3756 nunc
2438 3704 2649 3769 quidem
2673 3703 2968 3757 mortaliter
2994 3705 3170 3757 dando
3192 3706 3543 3757 constantiam
3565 3706 3648 3756 bis

2080 3772 2168 3839 qui
2199 3776 2250 3825 in
2282 3783 2333 3827 te
2354 3776 2599 3839 credunt,
2632 3774 2842 3826 tandem
2866 3787 2991 3826 vero
3013 3773 3169 3826 etiam
3197 3773 3348 3826 locali
3375 3787 3455 3826 er.
3484 3774 3647 3838 Quasi

2080 3841 2256 3894 dicat:
2293 3845 2368 3896 Ne
2398 3843 2615 3909 frustra,
2647 3843 2893 3907 Domine,
2919 3842 3011 3909 sit,
3059 3845 3198 3909 quod
3233 3844 3284 3896 in
3330 3852 3380 3896 te
3422 3844 3646 3905 crediti,

2082 3926 2185 3964 non
2221 3928 2454 3979 peream,
2490 3912 2611 3981 quia
2657 3913 2858 3965 credidi
2887 3913 3028 3980 quod
3062 3926 3167 3965 neu
3193 3913 3336 3981 vidi._
3354 3910 3469 3964 Non
3501 3914 3649 3964 fallat

2080 3995 2168 4033 me
2196 3997 2316 4050 spes
2365 3979 2518 4047 mea,
2565 3983 2816 4049 accipiam
2861 3979 3000 4050 quod
3046 3984 3264 4035 credidi.
3304 3979 3518 4045 Judica,
3568 3983 3649 4033 in-

2081 4067 2258 4118 quam,
2307 4066 2512 4104 causam
2553 4062 2715 4113 tuam,
2760 4061 2815 4122 et
2862 4067 3051 4104 memor
3077 4063 3184 4104 esto
3226 4054 3649 4122 improperiorum

2082 4130 2287 4173 tuorum
2318 4137 2613 4186 servorum,
2665 4121 2890 4185 scilicet,
2942 4138 3008 4176 ne
3047 4123 3124 4175 eis
3156 4128 3493 4191 praevaleant.
3540 4123 3651 4174 lm-

2080 4194 2425 4261 properiorum
2448 4192 2566 4246 dico
2589 4207 2761 4245 eorum
2779 4207 2892 4260 qua:
2911 4202 3028 4245 sunt
3052 4207 3311 4247 venientia
3337 4205 3440 4244 tota
3464 4194 3566 4255 die,
3600 4192 3651 4245 id

2081 4273 2192 4327 est,
2242 4264 2456 4315 assidue
2482 4263 2541 4313 ab
2564 4263 2831 4329 insipiente
2862 4263 3061 4331 potiulo
3086 4277 3304 4331 persecu
3331 4278 3506 4324 orum,
3557 4263 3649 4331 qui

2089 4346 2191 4385 non
2218 4333 2313 4385 sibi
2342 4333 2592 4399 prospicit
2631 4335 2682 4386 in
2714 4345 3000 4396 posterum.

2154 4400 2274 4454 Non
2305 4403 2640 4456 obliviscaris.
2682 4403 2841 4467 Quasi
2868 4402 3045 4455 dicat:
3077 4402 3151 4455 lta
3179 4401 3298 4455 dico
3336 4417 3529 4455 memor
3545 4412 3652 4456 esto

2081 4472 2527 4542 improperiorum,
2574 4482 2754 4525 utnon
2793 4471 3100 4525 obliviscaris
3147 4487 3288 4524 voces
3321 4472 3655 4542 inimicorum

406 4534 497 4609 pio
526 4551 632 4593 erat
667 4534 903 4609 Verbum,
931 4555 1034 4595 etc.
1080 4534 1191 4596 Nox
1223 4559 1347 4597 vero
1377 4534 1502 4596 sunt
1530 4546 1602 4597 illi
1650 4547 1736 4612 qui
1772 4534 1973 4597 tantum
2007 4534 2057 4594 Ι)
2086 4534 2312 4605 tuorum,
2362 4544 2410 4594 id
2440 4534 2544 4606 est,
2594 4542 2935 4612 improperia‘
2962 4544 3101 4593 illata
3151 4542 3253 4612 tuis
3286 4540 3352 4612 ab
3381 4541 3655 4612 inimicis,

416 4612 652 4664 carnalia
678 4612 976 4663 carnalibus
1004 4613 1339 4665 annuntiant.
1370 4613 1483 4666 Nox
1515 4613 1611 4667 fuit
1638 4615 1829 4667 Paulus
1854 4630 1973 4667 cum

406 4681 553 4734 dixit.
575 4695 605 4732 ε’
620 4678 766 4733 Nihil
786 4682 1020 4751 jurlicari
1049 4698 1127 4735 me
1145 4685 1273 4735 scire
1302 4685 1428 4735 inter
1455 4701 1559 4748 vos,
1590 4684 1686 4735 nisi
1716 4683 1976 4737 Christum

407 4760 632 4813 tantum,
660 4761 706 4802 et
730 4751 863 4803 hunc
891 4752 1215 4818 cruci/idum,
1244 4755 1359 4806 dies
1389 4768 1514 4807 vero
1534 4769 1651 4806 cum
1683 4754 1814 4808 dixit
1838 4772 1850 4806 :
1880 4754 1978 4809 Stt-

405 4819 649 4891 pientiam
673 4821 928 4887 loquimur
959 4822 1086 4874 inter
1108 4829 1376 4890 periectas.

485 4887 563 4941 Tu
585 4891 862 4962 rubricata:
891 4906 1130 4943 auroram
1153 4887 1222 4946 es.
1253 4892 1305 4945 ld
1336 4901 1437 4957 est,
1470 4907 1894 4962 unumquemque
1925 4895 1975 4946 in

394 4959 604 5015 virtute
652 4961 988 5027 incipientem
1046 4962 1241 5017 lucere.
1304 4962 1415 5015 Lux
1464 4965 1609 5016 enim
1651 4959 1834 5030 prima
1892 4972 1977 5017 est

407 5045 624 5083 aurora.
657 5032 720 5083 Et
749 5042 803 5082 tu
839 5031 1124 5100 fabricatus
1150 5048 1201 5082 es
1228 5034 1408 5097 solent,
1442 5033 1490 5085 id
1523 5043 1633 5099 est,
1688 5033 1977 5100 quemlibet

409 5100 550 5153 adeo
577 5102 896 5167 periecutm,
945 5111 999 5153 ut
1046 5103 1097 5153 in
1141 5103 1259 5156 aliis
1290 5104 1429 5155 diem
1484 5100 1658 5155 iaciat.
1708 5100 1787 5155 Tu
1818 5103 1976 5155 etiam

409 5172 575 5237 fecisti
601 5187 774 5223 omnes
799 5172 1038 5224 terminos
1068 5180 1231 5233 terrte,
1281 5173 1331 5223 id
1355 5180 1456 5234 est,
1489 5188 1551 5224 ex
1582 5173 1722 5224 dono
1754 5183 1843 5225 tuo
1873 5181 1976 5237 est,

409 5240 711 5308 quicunque
742 5242 939 5293 faciunt
966 5255 1024 5293 se
1056 5244 1185 5294 lines
1210 5251 1384 5294 terrae.
1441 5242 1503 5293 Et
1530 5252 1581 5294 tu
1618 5242 1733 5294 ieci
1753 5242 1790 5295 li
1819 5252 1975 5296 testa—

412 5323 532 5376 tem,
577 5311 625 5365 id
655 5320 757 5374 est,
794 5326 981 5364 omnes
1004 5312 1205 5379 Spiritu
1237 5312 1502 5364 l‘erventcs
1523 5353 1538 5376 ,
1588 5311 1812 5365 Domino
1859 5328 1977 5366 ser-

414 5383 659 5445 vientes;
690 5391 736 5435 et
763 5397 847 5436 ver
877 5382 1124 5434 virtutum
1151 5381 1280 5434 ﬂore
1319 5394 1624 5446 vernantes,
1657 5382 1769 5434 sive
1798 5382 1981 5435 novel-

412 5450 515 5503 los.
566 5451 666 5513 'l'u,
699 5452 840 5516 dico,
893 5453 1127 5519 inquatn,
1180 5452 1442 5518 plasmasti
1471 5467 1548 5513 ea.
1584 5451 1634 5505 id
1666 5462 1767 5514 est,
1798 5451 1980 5504 omnia

413 5522 690 5589 pradicta.
736 5523 811 5574 Ex
846 5533 897 5575 te
940 5537 1080 5573 enun
1129 5524 1244 5576 solo
1295 5522 1491 5574 habent
1541 5522 1681 5588 quod
1722 5532 1866 5575 sunt.
1916 5522 1982 5574 Et

410 5595 531 5660 quia
562 5594 826 5658 plasmasti
858 5607 936 5655 ea,
987 5590 1125 5657 ideo,
1162 5590 1402 5652 Domine,
1453 5599 1509 5641 ut
1553 5606 1844 5660 conserves
1889 5605 1976 5659 ea,

410 5659 600 5715 memor
627 5670 732 5715 esto
759 5663 910 5731 hujus
942 5660 1090 5723 dicti,
1132 5662 1270 5731 quia
1294 5662 1552 5724 inimicus,
1584 5659 1637 5713 id
1663 5669 1766 5723 est,
1799 5660 1981 5715 Judai—

408 5746 503 5783 cus
534 5734 776 5800 populus.
807 5729 1190 5802 tntprOperaAvit,
1226 5729 1275 5784 id
1304 5743 1406 5795 εει,
1454 5733 1619 5802 multa
1654 5732 1978 5801 itnproperia

411 5804 585 5859 lulL‘iti
631 5804 723 5856 tibi
767 5803 1001 5868 nomino,
1056 5799 1107 5854 id
1136 5811 1237 5868 est,
1292 5802 1451 5856 etiam
1484 5799 1574 5856 tibi
1628 5799 1783 5856 viridi
1813 5803 1977 5870 ligno,

2080 4626 2197 4677 qua:
2228 4621 2558 4676 suntVoces,
2596 4627 2718 4679 quia
2768 4610 3048 4664 manifeste
3096 4612 3146 4663 in
3188 4610 3268 4662 his
3299 4610 3391 4664 tibi
3437 4621 3656 4665 contra-

2079 4681 2281 4735 dicunt.
2329 4682 2432 4735 Sed
2468 4681 2872 4746 sicutsuperbia
2916 4681 3215 4742 eorum'qui
3261 4680 3477 4733 oderunt
3515 4692 3563 4734 te
3604 4681 3656 4734 in

2083 4752 2186 4804 tuis
2215 4767 2411 4819 seraper
2452 4749 2710 4820 ascendit,
2745 4750 2794 4802 id
2826 4757 2927 4811 est,
2970 4751 3134 4816 magis
3183 4759 3236 4804 et
3278 4752 3445 4819 magis
3483 4765 3649 4820 auge-

2085 4830 2189 4883 tur,
2226 4824 2294 4873 ita
2325 4837 2355 4873 e
2378 4835 2565 4873 contra
2594 4819 2820 4872 vindicta
2847 4830 2932 4870 tua
2964 4831 3240 4886 augeatur.

2157 4893 2250 4943 Est
2274 4901 2327 4943 et
2357 4892 2455 4941 alia
2491 4892 2645 4943 lectio
2692 4890 2745 4941 in
2801 4889 2902 4958 hoc
2958 4894 3159 4954 psalmo
3207 4904 3238 4942 a
3270 4890 3556 4958 principio,
3608 4894 3651 4943 si

2080 4960 2198 5027 quis
2229 4975 2331 5011 non
2364 4960 2725 5018 historialem.
2758 4956 2852 5010 sed
2883 4959 3160 5013 mortalem
3207 4956 3414 5013 insistat
3443 4962 3655 5015 destru-

2081 5032 2314 5083 criuuem
2349 5044 2444 5095 per
2473 5031 2614 5082 illam
2667 5028 3042 5097 signiﬁcatam,
3075 5042 3128 5082 et
3168 5027 3311 5083 dicat
3340 5030 3461 5097 quia
3491 5032 3655 5084 intel-

2082 5098 2251 5166 ligens
2296 5099 2513 5166 Asapli.
2568 5099 2782 5166 idest,
2839 5100 3096 5165 propheta
3148 5100 3392 5166 deplorat
3446 5100 3497 5153 itt
3555 5100 3657 5152 hoc

2085 5165 2288 5235 psitlmo
2320 5165 2615 5223 comitatem
2645 5165 2974 5233 Iudaeorum,
3026 5171 3114 5236 qui
3158 5165 3367 5234 tempus
3398 5170 3657 5223 visrtatio-

2083 5254 2164 5292 nis
2205 5256 2309 5291 non
2349 5248 2687 5301 averterunt,
2730 5236 2795 5291 ad
2835 5236 3258 5291 Convincendam
3289 5238 3543 5291 duritiam
3572 5253 3661 5291 eo-

2082 5325 2223 5374 rum,
2272 5310 2512 5374 sciltcet,
2554 5318 2611 5361 ut
2663 5309 2707 5362 si
2756 5308 3057 5375 praecedere
3108 5310 3414 5373 uoluerunt,
3464 5308 3657 5359 saltem

2085 5392 2362 5451 postquam
2406 5380 2629 5451 [repulus
2656 5379 2804 5444 prius
2833 5379 3130 5451 incognitus
3155 5378 3344 5451 servit,
3372 5392 3466 5451 per
3495 5391 3660 5451 attnu-

2083 5449 2336 5501 Iationem
2387 5448 2622 5511 adducti,
2673 5462 2962 5516 sequantur
3010 5446 3099 5512 qui
3145 5446 3460 5516 prtccessit._
3492 5448 3558 5499 Et
3586 5447 3664 5500 ita

2081 5520 2246 5572 dicit:
2288 5522 2332 5571 υ
2362 5517 2518 5583 Deus,
2551 5528 2603 5570 ut
2640 5514 2766 5586 quid
2805 5531 2901 5568 nos
2925 5516 3157 5586 repulisti
3181 5514 3502 5586 excaecando
3540 5528 3660 5577 nos,

2086 5600 2142 5640 ut
2172 5604 2276 5641 non
2305 5583 2677 5642 averterenius
2707 5600 2915 5654 tempus
2941 5583 3256 5639 visitationis
3279 5584 3303 5639 ἲ
3331 5587 3585 5654 HepuliSIi
3610 5587 3664 5638 in

2083 5658 2270 5728 ﬁnem,
2323 5660 2560 5722 scilicet,
2604 5659 2655 5712 iu
2711 5658 2868 5710 linem
2925 5656 3115 5719 illum,
3163 5655 3379 5728 quando
3418 5656 3661 5728 reliquit

2082 5725 2243 5782 Salvae
2273 5740 2448 5783 erunt.
2481 5728 2575 5783 Vel
2616 5731 2667 5780 in
2697 5730 2856 5781 linem
2882 5727 3220 5794 repulsionis,
3268 5725 3321 5781 id
3351 5738 3453 5794 est,
3485 5727 3657 5781 omni-

2086 5799 2239 5854 tnoda
2280 5800 2625 5869 repulsioue?
2656 5798 2848 5871 Utique
2873 5811 2999 5864 non,
3042 5799 3165 5864 quia
3195 5798 3339 5866 [uror
3365 5808 3484 5854 tuus
3515 5796 3656 5851 liabl-
