4010 6190
370 332 480 390 879

820 329 1021 384 DEDJZ
1064 329 1508 389 \‘EVERABILIS
1544 335 1695 399 OI‘P.
1739 330 1913 388 PARS
1954 326 2014 383 li.
2058 329 2250 384 SEL‘T.
2295 329 2355 383 ll.
2402 358 2467 367 --
2513 328 2712 384 DUBIA
2758 328 2841 383 ET
2884 328 3152 385 SNIRIA.

3518 332 3621 387 εει

373 454 458 498 tus
480 456 630 509 super
671 454 781 491 ores
807 454 1007 506 pascua!
1037 450 1156 502 tum,
1192 439 1241 492 id
1283 450 1395 500 est,
1438 456 1597 507 super
1644 456 1759 504 nos,
1808 454 1945 509 quos
1979 444 2022 495 Α
2057 437 2339 502 potuimus.
2376 439 2493 509 quia
2525 454 2624 509 non
2652 448 2725 491 est
2749 440 3032 508 per/ldllt,‘
3065 451 3118 494 et
3150 441 3269 508 quia
3303 442 3448 509 signa
3473 456 3626 495 cuin-

375 514 519 578 prius
559 510 813 579 legalibus
843 517 897 561 et
930 509 1252 576 propheticis
1295 513 1509 573 scriptis
1559 512 1770 573 pavisti,
1801 513 1943 563 sicut

375 586 491 651 plus
536 592 715 651 pasmr
763 593 893 631 oves
931 594 1053 651 suas
1096 591 1315 651 pascet;
1357 594 1427 633 est
1476 583 1669 651 iratus,
1717 582 1765 634 id
1824 589 1933 639 est,

372 649 478 705 trito
517 652 657 702 velut
700 650 773 701 ira
808 650 1065 712 transiet;
1122 650 1194 701 ira
1242 650 1382 702 eiiiiii
1425 651 1602 703 brevis
1646 649 1794 702 furor
1835 659 1937 702 est.

374 723 573 776 Memor
604 729 710 771 esto
735 720 1138 786 congregationis
1171 728 1291 784 tua’,
1324 736 1390 773 ne
1418 722 1467 773 in
1499 722 1654 774 linem
1681 736 1775 773 nos
1801 721 1941 773 Deus

373 791 625 860 repellas,
670 788 763 841 sed
783 803 993 860 ‘memor
1019 798 1123 841 esto
1150 792 1553 860 congregationis
1582 794 1631 843 in
1674 791 1771 842 hoc
1801 789 1942 858 quod

375 856 492 924 iure,
542 858 719 923 idest,
752 856 928 910 sinon
984 856 1284 925 palearum,
1337 856 1542 915 tnemor
1585 868 1701 913 esto
1752 856 1941 913 Saltem

344 944 686 999 λ-ιιι-θηοτιιιηι
727 930 1175 999 congregationis,
1206 929 1351 999 dico,
1393 947 1544 995 quam
1587 941 1640 982 tu
1681 931 1946 996 possedisti

375 997 438 1053 nti
466 1000 630 1062 initio,
662 997 783 1069 quia
824 1012 1083 1069 nusquam
1121 998 1404 1069 defuerunt
1432 1003 1519 1069 qui
1553 999 1825 1068 repiitandi
1860 1014 1948 1053 es-

379 1080 499 1124 sent
533 1071 583 1123 in
628 1066 855 1121 semine.
895 1068 1071 1131 Quare
1108 1068 1271 1122 debes
1312 1066 1515 1123 memor
1554 1066 1673 1123 esse
1706 1070 1947 1132 illorum,

380 1140 501 1196 ideo
530 1136 894 1208 etiamgdebes
939 1152 1062 1208 esse
1097 1152 1301 1193 memor
1337 1141 1785 1207 congregationis,
1825 1140 1949 1208 quia

379 1223 432 1263 in
462 1206 720 1264 redemisti
746 1208 1003 1277 sanguine
1029 1207 1146 1262 Filii
1178 1209 1251 1263 tui
1275 1206 1466 1277 virgam
1491 1206 1799 1263 hrereditatis
1827 1206 1947 1272 tute,

379 1282 563 1343 idest,
604 1275 967 1349 hzereditatein
1012 1278 1155 1349 virga
1201 1275 1577 1343 mensuratam,
1622 1280 1672 1334 id
1713 1289 1814 1344 est,
1859 1280 1951 1333 tibi

382 1352 689 1418 propriam;
730 1348 829 1418 vel
856 1348 1432 1418 talemrliiereditatem
1472 1364 1591 1418 quae
1621 1361 1763 1404 esset
1804 1350 1948 1417 virga

383 1416 731 1483 tia-rediistis,
784 1416 834 1469 id
872 1426 973 1479 est,
1016 1417 1216 1472 directa
1246 1416 1528 1474 bzeredita‘s
1552 1435 1568 1485 ;
1595 1421 1743 1488 quasi
1773 1416 1949 1473 dicat:

384 1492 450 1544 Et
488 1500 689 1542 tantum
722 1488 946 1558 pretium
982 1502 1077 1555 pro
1106 1490 1235 1542 Stllls
1271 1488 1516 1558 gentibus
1547 1490 1784 1543 dedisti?
1823 1490 1953 1556 Quae

380 1570 556 1613 autem
600 1559 687 1610 illa
729 1556 1055 1611 haereditas‘l
1106 1556 1332 1624 scilicet,
1372 1575 1515 1612 mons
1543 1559 1703 1621 Sion,
1757 1560 1806 1613 id
1846 1570 1949 1624 est,

376 1630 665 1685 virtutibus
703 1627 990 1693 sublimes,
1031 1638 1083 1681 et
1130 1627 1304 1682 futura
1348 1639 1551 1683 tantum
1593 1630 1951 1695 speculantes,

385 1715 489 1755 iam
528 1700 595 1753 de
634 1697 849 1759 JUdtBi“,
886 1713 1045 1766 quam
1077 1698 1342 1767 gentibus.
1393 1699 1541 1752 Mons
1572 1699 1700 1755 Sion
1727 1700 1867 1761 dico,
1900 1702 1953 1753 in

2055 514 2189 573 plcta
2216 516 2357 568 sunt,
2392 507 2510 560 ideo
2543 508 2681 561 Dens
2705 526 2803 560 non
2835 521 3102 577 cognoscet
3155 507 3246 562 nos
3292 507 3510 578 aniplius
3565 516 3615 564 in

2055 578 2391 643 disciplinatii
2421 579 2614 647 Moysi;
2645 589 2918 646 postquam
2945 597 3087 634 enini
3112 584 3308 635 vetitas
3330 582 3492 648 venit,
3514 600 3620 636 non

2048 657 2335 714 cognoscet
2368 662 2462 701 nos
2489 649 2710 714 amplius
2740 650 2789 701 in
2822 653 3025 704 umbra.

2122 712 2388 783 lis-queque
2435 712 2593 790 Deus;
2648 719 2770 772 Dico
2817 722 2959 786 quia,
3012 724 3179 783 Deus,
3224 723 3453 790 amplius
3501 738 3606 777 non

2048 802 2342 857 cognosces
2372 802 2470 839 nos
2498 788 2548 840 in
2574 790 2779 842 umbra.
2808 789 3094 858 Usqiicquo
3136 788 3341 855 autem,
3374 792 3535 857 Deus,
3570 796 3621 846 in

2050 858 2150 930 hac
2177 859 2418 930 caecitate
2472 860 2820 930 manebimus,
2862 862 2910 911 id
2963 870 3068 925 est,
3127 877 3406 930 usquequo,
3458 863 3620 926 Deus,

2048 927 2285 999 inimicus
2319 930 2417 981 iste
2448 928 2672 995 populiis
2697 929 2954 982 Jiidaicus
3002 927 3373 999 iniproperaln't
3399 934 3513 996 tibi,
3536 948 3621 986 vo.

2057 998 2230 1072 cando
2258 1006 2599 1072 teguiortuuni
2619 999 2903 1072 latronem.
2930 1010 2984 1054 et
3034 998 3224 1055 similia
3249 1001 3272 1053 ?
3317 1002 3620 1072 Usqueqiio,

2052 1069 2101 1140 id
2131 1076 2232 1127 est,
2263 1068 2585 1140 adversarius
2618 1070 2845 1122 irritabit
2887 1085 2983 1140 per
3014 1087 3208 1125 nomen
3252 1068 3421 1134 tuum,
3474 1068 3617 1140 quod

2050 1136 2328 1191 destruere
2381 1140 2491 1190 vult
2529 1138 2596 1191 de
2650 1140 2837 1192 terra?
2884 1137 2995 1191 Erit
3048 1143 3147 1194 lioc
3200 1143 3252 1195 in
3303 1136 3504 1196 ﬁnem?
3555 1142 3625 1198 Ut

2051 1208 2194 1274 quid,
2225 1208 2366 1273 dico,
2396 1209 2603 1271 avertis,
2636 1208 2685 1261 id
2720 1217 2821 1273 est,
2860 1210 3124 1277 permittis
3149 1227 3245 1266 nos
3270 1213 3432 1265 videri
3472 1229 3625 1267 avero

2051 1290 2140 1349 sos
2170 1292 2266 1330 nos
2292 1279 2551 1330 dexteram
2581 1294 2786 1331 manum
2817 1289 2959 1332 tuam
2988 1282 3052 1335 de
3079 1282 3246 1334 medio
3269 1283 3409 1344 sinu.
3440 1284 3488 1335 id
3518 1292 3627 1349 est,

2052 1347 2119 1420 de
2148 1348 2252 1400 lide
2282 1356 2392 1408 tua,
2438 1357 2493 1400 et
2540 1350 2822 1417 princeptis
2882 1359 3008 1414 tuas,
3040 1353 3146 1405 erit
3198 1353 3380 1405 hocin
3434 1347 3630 1420 ﬁnem?

2055 1415 2192 1469 Deus
2218 1427 2390 1489 autem
2419 1432 2511 1469 rea:
2539 1415 2731 1489 noster.
2766 1420 2872 1473 Nos
2900 1420 3112 1488 quidem
3138 1423 3287 1489 signa
3312 1415 3629 1477 visitationis

2058 1501 2163 1539 non
2188 1488 2531 1549 attendimus.
2569 1487 2709 1542 Deus
2751 1487 3035 1544 autem'rea:
3063 1487 3234 1545 nostir
3263 1504 3501 1555 aperatus
3553 1504 3631 1546 est

2054 1555 2272 1609 salutem
2303 1573 2470 1609 veram
2497 1558 2548 1610 in
2596 1558 2763 1611 medio
2792 1568 2961 1625 terra,
3006 1560 3057 1615 id
3088 1572 3188 1623 est,
3233 1566 3281 1615 in
3313 1565 3472 1615 corde
3502 1578 3631 1627 geu-

2057 1626 2385 1701 tilium,_lioc
2407 1637 2508 1693 est,
2543 1628 2660 1701 alite
2687 1629 2791 1682 ilice
2814 1644 2941 1683 oves
2972 1630 3080 1698 jam
3123 1633 3347 1700 gratiam
3372 1626 3631 1701 suscepe-

2061 1709 2204 1771 runt.
2240 1697 2399 1771 Ergo,
2432 1698 2581 1771 quasi
2609 1698 2751 1771 dicat
2786 1715 2801 1752 :
2860 1701 3065 1767 Asapb,
3096 1697 3304 1771 corrige
3353 1711 3427 1768 te,
3478 1697 3546 1755 et'
3585 1704 3632 1755 si

380 1789 483 1835 quo
511 1768 751 1854 Ιιιιὺὶιςιδιὶ
782 1782 906 1847 vere
944 1783 1049 1848 ens_
1076 1773 1222 1854 lli-I80
1265 1784 1358 1834 per
1398 1770 1552 1849 tidem
1599 1780 1652 1822 ct
1686 1772 1957 1854 pperatio-
1986 1792 2036 1854 Β
2060 1768 2279 1854 noluisti
2308 1767 2637 1854 prazcedere,
2666 1770 2855 1854 saltem
2882 1770 3020 1854 quod
3047 1767 3320 1854 praecessit
3342 1773 3491 1854 sequi
3517 1773 3634 1826 eni-

376 1858 526 1896 siem.
558 1840 615 1893 lii
657 1837 763 1891 illis
802 1836 941 1890 enim
973 1836 1238 1906 prioribus
1273 1841 1424 1907 quasi
1467 1854 1564 1908 per
1592 1836 1833 1894 umbram
1866 1842 1959 1893 ba-

382 1912 580 1966 biiasti.

458 1980 596 2034 Leca
637 1994 819 2031 manus
835 1987 972 2031 tuas.
1001 1977 1134 2042 Quia
1160 1978 1439 2045 possedisti
1467 1980 1953 2049 congregationem,

382 2049 811 2121 qiiia~redeinisti
858 2049 1252 2121 hereditatem;
1281 2064 1429 2119 ergo,
1493 2051 1652 2113 Deus,
1706 2052 1815 2103 leva
1846 2068 1959 2104 ma-

378 2118 489 2177 inus
522 2120 781 2190 potentiae
822 2129 924 2172 tuae
955 2118 1005 2172 in
1057 2118 1574 2187 superbias'eorum,
1618 2136 1777 2186 super
1828 2136 1960 2190 quos

395 2188 543 2246 tiiror
569 2198 691 2242 tuus
717 2188 881 2243 iratus
909 2196 1011 2253 est,
1037 2190 1268 2255 srilicet,
1314 2190 1402 2257 qui
1431 2192 1659 2258 superbe
1686 2188 1875 2244 contra
1909 2201 1959 2245 te

392 2259 553 2315 locuti
578 2268 723 2323 sunt,
736 2259 989 2331 dicentes
1014 2277 1039 2331 τί
1059 2258 1182 2313 Νοη
1205 2261 1443 2312 habemus
1475 2277 1642 2331 regem
1665 2261 1762 2314 nisi
1788 2261 1961 2331 (ξανθα-

380 2350 519 2384 rem.
554 2330 616 2384 Et
652 2346 664 2380 :
724 2328 873 2381 Hunc
907 2330 1154 2383 nescimus
1184 2331 1315 2383 unde
1340 2333 1423 2395 sit,
1458 2345 1509 2383 ei
1533 2328 1765 2384 'similia.
1806 2330 1958 2395 lmen,

400 2405 540 2469 ilico,
571 2402 626 2453 in
655 2401 807 2464 ﬁnem
835 2414 931 2453 eos
957 2400 1320 2467 perducendo.
1353 2400 1445 2453 Vel
1479 2402 1528 2453 in
1553 2401 1707 2455 linem
1732 2401 1963 2455 levatio-

399 2474 502 2538 nis,
532 2471 581 2524 id
613 2480 717 2534 est,
757 2480 955 2537 quanta
1008 2469 1273 2523 lcvatione
1298 2486 1430 2538 opus
1455 2480 1538 2524 est
1569 2481 1624 2524 ut
1678 2471 1842 2537 prius.
1896 2472 1961 2526 Et

394 2558 528 2606 opus
560 2549 717 2609 estut
737 2540 913 2603 leves;
944 2554 1065 2609 nam
1092 2550 1281 2609 quanta
1308 2541 1615 2608 malignatus
1639 2549 1712 2593 est
1729 2542 1962 2596 inimicus

394 2614 484 2665 ille
514 2608 763 2663 .Iudaicus
797 2608 1019 2675 populus
1042 2610 1094 2661 in
1120 2620 1295 2662 sancto
1320 2620 1426 2673 tuo,
1448 2612 1670 2675 scilicet,
1698 2614 1750 2664 in
1773 2622 1960 2666 satirto

391 2689 702 2735 sanctorum
726 2678 740 2729 l
763 2679 1023 2745 Ceperunt
1043 2681 1210 2742 enini,
1234 2681 1549 2748 ligaverunt,
1572 2692 1956 2750 conspuerunt,

398 2750 569 2819 spinis
594 2759 1007 2811 coronuvciunt,
1033 2758 1135 2801 etc.
1171 2750 1318 2802 Talia
1351 2751 1402 2800 iii
1450 2765 1569 2803 eum
1604 2750 1863 2806 iecerunt.
1893 2753 1959 2807 Et

396 2824 518 2876 ideo
544 2820 664 2873 dco
684 2828 894 2884 quanta,
926 2819 1044 2885 quia
1072 2820 1145 2871 illi
1196 2821 1283 2888 qui
1312 2820 1528 2873 oderunt
1557 2832 1603 2876 te
1631 2822 1861 2877 odieiido
1897 2823 1961 2875 il-

394 2891 503 2943 lum
529 2889 821 2961 qiiidiiiit:
860 2888 960 2953 Qui
982 2888 1152 2961 diligit
1192 2906 1288 2952 me,
1324 2891 1491 2959 diligit
1519 2903 1566 2945 et
1596 2892 1741 2945 illum
1764 2894 1851 2961 qui
1885 2910 1961 2947 me

398 2962 559 3023 misit,
591 2958 798 3028 gloriati
823 2968 960 3022 sunt,
992 2960 1041 3011 id
1065 2969 1166 3021 est,
1196 2958 1561 3029 gloriatiiinein
1592 2963 1691 3015 sibi
1719 2958 1962 3016 iecerunt

396 3046 458 3085 ea
488 3029 687 3099 qiimin
718 3037 897 3081 sancta
930 3042 1229 3082 sanetoruiu
1265 3032 1536 3096 nialignati
1559 3033 1751 3086 suntin
1785 3034 1962 3088 medio

401 3098 756 3153 solenioitatis
788 3108 910 3159 tute.
943 3098 1165 3161 scilicet,
1211 3102 1420 3168 quando
1464 3102 1637 3163 potius
1681 3103 1959 3158 intendere

398 3148 1273 3241 debere—titiside’intnitati.‘iEtvttetl‘e
1296 3148 1502 3240 gloriati
1528 3182 1659 3237 sunt,
1687 3173 1805 3240 quia
1856 3148 1959 3241 po:
1987 3148 2033 3210 ϐ

401 3248 612 3294 suerunt
640 3238 788 3308 signa
812 3253 829 3301 ,'
858 3239 1001 3307 signa
1025 3241 1145 3293 dico
1177 3238 1311 3301 sua,—
1332 3241 1380 3292 id
1408 3250 1504 3300 est,
1560 3258 1669 3295 suae
1705 3238 1954 3297 victoriae

399 3314 573 3381 signa,
607 3313 828 3371 scilicet,
885 3312 1098 3381 i_nilites,
1153 3311 1423 3377 custodes,
1472 3322 1525 3364 et
1582 3314 1749 3378 ipsum
1794 3316 1953 3367 etiam

398 3376 597 3449 lignum
626 3381 820 3452 crucis.
878 3376 944 3430 Et
986 3396 1087 3432 non
1136 3392 1476 3449 cngnoverunt
1510 3376 1613 3435 hoc
1640 3399 1757 3436 esse
1808 3402 1959 3452 super

394 3465 618 3511 summa,
646 3449 703 3502 id
734 3457 837 3511 est,
873 3464 972 3502 non
1005 3465 1068 3502 ex
1091 3464 1184 3503 sua
1210 3453 1420 3509 virtute.
1448 3454 1538 3505 sed
1571 3469 1633 3505 ex
1668 3462 1752 3505 tua
1778 3449 1956 3507 divina

396 3520 772 3591 dispositione,
802 3518 1109 3591 jtixtaillud
1139 3519 1294 3574 :Non
1326 3522 1534 3575 [iuberes
1564 3523 1616 3574 in
1647 3540 1722 3575 me
1742 3536 1961 3590 potesta-

397 3589 514 3655 teni,
550 3592 647 3642 nisi
676 3591 892 3655 desuper
938 3589 1028 3641 tibi
1074 3590 1251 3642 datum
1308 3591 1505 3657 fuisset,
1561 3594 1689 3645 sicut
1740 3589 1791 3646 in
1822 3603 1961 3647 exitu

397 3667 536 3731 ipso,
565 3661 615 3712 id
634 3668 765 3731 est,
782 3663 836 3731 in
859 3661 1255 3731 resurrectione
1280 3672 1544 3731 apparuit.

473 3731 632 3797 Quasi
650 3730 702 3782 in
725 3730 851 3782 silva
874 3728 1147 3799 lignorum.
1181 3730 1293 3783 Non
1319 3728 1495 3784 Solum
1535 3732 1586 3783 in
1619 3742 1803 3787 sancto
1838 3749 1961 3787 san-

397 3810 604 3855 ctorum
639 3800 908 3866 maligiiati
942 3810 1084 3861 sunt,
1119 3801 1211 3853 sed
1236 3800 1304 3854 eti
1325 3817 1392 3853 im
1424 3800 1476 3853 in
1526 3802 1644 3868 ejus
1694 3804 1958 3867 membra,

400 3874 525 3940 quia
549 3870 843 3923 exciderunt
869 3871 1064 3942 jnnuas
1085 3871 1217 3939 ejus,
1250 3872 1299 3922 id
1340 3881 1441 3938 est,
1495 3873 1634 3937 illos,
1696 3888 1790 3942 per
1830 3890 1964 3942 quos

404 3942 677 4012 ingressus
711 3949 813 4012 est
862 3941 925 3991 ad
972 3955 1117 4007 eum,
1157 3941 1380 4012 scilicet,
1428 3955 1643 3995 sanctos
1668 3941 1961 4012 a’postOIos,

400 4009 683 4071 securibus,
710 4010 887 4080 idest,
920 4011 1248 4075 gravissimis
1280 4009 1727 4080 tribulationibus,
1766 4024 1820 4069 et
1864 4014 1966 4069 hoc

400 4084 459 4132 in
490 4080 745 4149 idipsum,
769 4079 818 4131 id
851 4088 950 4149 est,
986 4082 1327 4145 unanimiter,
1356 4084 1497 4149 quasi
1529 4079 1823 4137 inciderent
1870 4086 1967 4136 ali-

402 4149 535 4217 quid
579 4150 633 4200 in
682 4148 810 4200 silva
844 4147 1119 4223 lignorum,
1156 4150 1205 4202 id
1226 4147 1376 4223 -εει,
1415 4152 1642 4220 aliquem
1692 4158 1759 4207 de
1807 4168 1966 4223 grege

394 4227 777 4271 damnatorum
808 4224 861 4269 et
888 4219 1171 4273 inutilium.
1225 4219 1291 4272 Et
1320 4219 1608 4287 dejecernnt
1650 4238 1734 4286 ea,
1767 4219 1833 4275 id'
1861 4219 1962 4288 est,

400 4289 784 4356 impendentia,
821 4290 918 4341 hoc
966 4299 1069 4351 est,
1102 4292 1337 4343 minores
1367 4292 1430 4342 ad
1492 4292 1661 4358 ipsum
1722 4302 1966 4347 sanctum

403 4369 707 4413 sanctoiuin
742 4358 1085 4427 pertinentes,
1129 4361 1181 4411 in
1208 4361 1374 4413 securi
1398 4370 1445 4413 et
1498 4363 1652 4415 ascia.
1689 4362 1788 4415 Per
1817 4378 1970 4417 secu-

404 4432 505 4485 rim
540 4430 777 4502 intelligo
805 4429 1095 4502 molestias,
1129 4443 1221 4497 per
1250 4430 1447 4502 asciam
1482 4446 1609 4485 vero
1655 4447 1775 4501 quae
1800 4438 1968 4502 magis

2065 1845 2195 1913 tere.
2222 1838 2285 1890 Et
2312 1837 2574 1913 convertit
2595 1853 2656 1892 se
2688 1841 2752 1891 ad
2784 1837 2955 1907 ipsum
2984 1837 3171 1913 Deum,
3202 1837 3491 1897 ostendens
3507 1857 3633 1913 quo-

2063 1907 2221 1961 modo
2249 1906 2473 1961 salutem
2502 1920 2750 1975 operatus
2776 1906 2866 1974 sit,
2890 1926 3011 1965 cum
3035 1911 3165 1965 dicit
3190 1930 3201 1965 :

2133 1975 2210 2030 Tu
2256 1978 2569 2044 conﬁrmasti
2605 1979 2660 2030 in
2689 1981 2869 2033 virtute
2914 1990 2999 2034 tua
3048 1998 3205 2034 mare.
3234 1982 3385 2049 Quod
3437 1982 3625 2038 itidem

2063 2062 2183 2121 cum
2213 2055 2267 2101 et
2287 2117 2298 2121 _
2308 2050 2523 2121 caeteris
2548 2050 2895 2121 sequentibus
2924 2051 2976 2104 in
3027 2052 3124 2105 hac
3156 2063 3212 2107 ut
3243 2059 3292 2107 in
3348 2054 3511 2121 priori
3557 2056 3635 2110 le-

2062 2116 2241 2189 ctione
2268 2116 2488 2189 dicitur,
2517 2116 2640 2187 quia
2672 2134 2817 2173 mare
2843 2121 2925 2174 hic
2952 2122 3015 2173 ail
3052 2132 3240 2189 gentes
3270 2116 3523 2178 refertur.

2131 2187 2809 2260 Scienduniquoquequia
2863 2207 2967 2244 non
3019 2187 3303 2247 defuerunt
3351 2194 3440 2260 qui
3497 2197 3636 2248 hunc

2063 2257 2325 2337 psalmum
2370 2257 2437 2337 ad
2490 2258 2811 2337 primitivum
2855 2262 3154 2337 _l£celesi:im
3188 2257 3470 2337 reterrent,
3502 2280 3636 2333 quos

2064 2327 2321 2381 imitando
2374 2327 2652 2400 Dominus,
2686 2332 2807 2396 quia
2854 2330 3154 2387 intellectus
3186 2337 3386 2400 Asapli,
3436 2327 3486 2387 id
3520 2327 3636 2398 est,

2064 2401 2324 2464 praplieta
2387 2396 2639 2472 deplorat
2678 2402 2727 2452 in
2781 2401 2880 2453 lioc
2955 2405 3156 2472 psalmo
3214 2396 3636 2472 perSeCiitiOiieiii

2066 2476 2366 2542 martyrum
2395 2467 2463 2521 de
2492 2471 2756 2542 priiuitiva
2775 2467 3055 2542 Ecclesia,
3082 2467 3241 2542 quam
3270 2482 3326 2527 et
3376 2476 3443 2527 ab
3473 2476 3635 2528 inter-

2065 2539 2147 2611 nis
2177 2537 2230 2592 et
2257 2537 2325 2591 ab
2359 2539 2598 2611 externis
2627 2541 2867 2594 hostibus
2892 2537 3198 2609 passisunt,
3252 2560 3355 2596 non
3408 2555 3512 2596 tam
3547 2560 3639 2611 pio

2066 2608 2280 2661 illorum
2316 2609 2680 2683 tribulatione,
2706 2624 2862 2683 quam
2894 2608 2992 2679 pro
3017 2616 3450 2683 persequentium
3479 2608 3635 2667 cici-

2066 2685 2198 2741 tate,
2232 2687 2288 2731 et
2327 2678 2455 2731 dicit
2484 2678 2553 2731 ita
2605 2694 2663 2733 se
2709 2681 2812 2734 illis
2859 2678 3224 2737 associaiido':
3270 2686 3313 2737 0
3369 2683 3529 2746 θέεις,
3581 2694 3638 2735 ut

2061 2749 2185 2815 quid
2216 2748 2447 2822 repulisti
2480 2764 2598 2814 nos,
2632 2752 2810 2822 idest,
2847 2767 3010 2820 quare
3044 2753 3326 2822 permisisti
3358 2769 3453 2807 nos
3486 2754 3634 2806 vide—

2062 2822 2107 2870 ri
2138 2832 2167 2871 a
2194 2827 2243 2870 ιε
2270 2820 2518 2884 repulsos
2545 2831 2596 2871 et
2627 2819 2887 2887 abjectos’,
2920 2819 3058 2876 dum'
3081 2825 3158 2877 sic
3188 2832 3252 2877 ab
3286 2825 3513 2877 inimicis
3541 2826 3636 2875 tri-

2063 2888 2331 2941 bulamur.
2362 2888 2428 2942 Et
2451 2896 2507 2941 ut
2533 2888 2660 2957 quid
2691 2894 2851 2945 iratus
2880 2900 2974 2956 est,
3025 2892 3076 2946 id
3106 2906 3206 2959 est,
3240 2894 3447 2948 videtur
3477 2895 3639 2946 iratus

2062 2959 2208 3026 [uror
2230 2969 2343 3033 tuus
2366 2974 2656 3033 mperatres
2685 2976 2887 3027 pascua:
2916 2972 3036 3033 tum,
3079 2964 3129 3017 id
3172 2974 3273 3031 est,
3304 2980 3465 3033 super
3520 2980 3637 3029 nos,

2066 3042 2201 3096 quos
2230 3036 2281 3081 tu
2314 3029 2364 3081 in
2419 3030 2710 3103 Scripturis
2742 3034 2844 3086 tuis
2876 3032 3068 3098 reﬁcis,
3101 3038 3238 3090 sicut
3261 3029 3267 3031 “
3291 3029 3405 3103 pius
3465 3045 3641 3102 pastor

2064 3113 2191 3152 ures
2219 3112 2343 3172 suas
2371 3099 2586 3172 pascit?
2634 3101 2709 3154 Ne
2753 3104 2976 3170 repellas
3027 3120 3145 3169 nos,
3192 3099 3424 3172 inquam,
3466 3099 3637 3166 Deus,

2067 3184 2243 3245 neque
2272 3169 2516 3223 irascaris
2539 3182 2700 3245 super
2748 3169 2863 3245 nos,
2884 3174 2985 3245 sed
3011 3191 3205 3227 memor
3234 3169 3340 3229 esto
3368 3192 3641 3245 congrega-

2064 3239 2222 3311 tionis
2239 3245 2373 3311 tum,
2404 3240 2737 3308 aggregando
2771 3243 2922 3295 nobis
2951 3258 3138 3298 omnes
3192 3247 3313 3298 illos
3345 3239 3486 3311 quos
3509 3239 3643 3311 pra:-

2070 3309 2249 3362 vidisti
2304 3310 2458 3362 nobis
2505 3314 2893 3383 aggregandos.
2967 3309 3409 3383 Congregatioiiis
3475 3309 3633 3377 dico,

2062 3395 2225 3454 quam.
2248 3388 2309 3454 tu
2342 3380 2612 3447 possedisti
2640 3381 2703 3454 ab
2737 3384 2903 3445 initio,
2933 3380 3231 3449 juxiailliid
3262 3403 3274 3437 :
3327 3385 3425 3448 Qui
3455 3386 3506 3437 in
3532 3387 3641 3454 ipso

2063 3464 2155 3501 nos
2177 3448 2475 3523 elegitaiite
2503 3452 2680 3523 manili
2719 3448 3151 3507 constitutionem.
3190 3457 3256 3509 Et
3296 3470 3454 3523 quam
3482 3448 3639 3509 etiam

2065 3527 2122 3591 tu
2153 3519 2430 3591 redemisti,
2462 3522 2694 3591 pretiOso
2717 3525 2975 3591 sanguine
3008 3525 3129 3579 Filii
3156 3528 3252 3590 tui,
3286 3519 3341 3577 ιιί
3371 3534 3513 3578 esset
3546 3524 3639 3578 tibi

2066 3589 2603 3663 virgabzereditatis,
2658 3591 2707 3663 id
2752 3589 2855 3654 est,
2907 3594 3109 3649 directa
3170 3589 3480 3659 hereditas,
3524 3609 3644 3663 qua:

2065 3659 2351 3734 basi-editas
2372 3668 2630 3734 estmons
2661 3662 2786 3715 Sion
2837 3674 2891 3716 ut
2919 3679 3075 3732 supra
3107 3664 3303 3719 dictum
3334 3676 3437 3719 est.
3467 3666 3519 3717 lii
3539 3659 3645 3734 quo

2068 3729 2315 3803 liabitasti
2343 3742 2438 3783 ens
2472 3730 2524 3782 in
2558 3745 2622 3784 eo
2656 3747 2747 3798 per
2781 3735 2938 3787 tidem
2968 3729 3431 3803 etoperationem.

2138 3798 2271 3852 cha
2298 3816 2477 3851 manus
2506 3811 2639 3853 tuus.
2675 3805 2804 3867 tloc,
2854 3798 3089 3872 inquam,
3142 3807 3300 3858 modo
3330 3806 3453 3859 dico
3487 3823 3498 3856 :
3533 3803 3647 3858 Me-

2067 3885 2176 3920 mor
2205 3880 2307 3921 esto
2350 3873 2777 3939 congregationis,
2812 3887 2867 3926 ut
2918 3876 3046 3927 leves
3092 3892 3269 3928 manus
3296 3887 3409 3927 tuas
3450 3876 3504 3928 in
3548 3892 3635 3929 su-

2067 3940 2266 4013 perbius
2296 3955 2489 4013 eorum,
2543 3957 2635 4007 per
2692 3958 2825 4010 quos
2885 3946 3081 3998 videris
3113 3963 3209 3999 nos
3258 3947 3544 4013 repulisse.
3586 3943 3640 3999 id

2068 4020 2172 4075 est,
2208 4011 2568 4082 insuperbias
2615 4024 3037 4079 persecuturum,
3090 4011 3436 4082 perducendo
3468 4031 3561 4070 eos
3589 4016 3645 4069 in

2070 4082 2241 4143 ﬁnem.
2276 4080 2365 4155 γει
2399 4081 2506 4131 leva
2539 4082 2605 4155 in
2646 4084 2804 4155 liuent
2838 4080 3137 4147 levationis.
3196 4097 3452 4155 quantum
3512 4099 3644 4154 opus

2068 4162 2174 4214 est,
2205 4159 2261 4202 ut
2292 4150 2465 4224 leves,
2491 4151 2720 4215 scilicet,
2754 4153 2986 4219 inti-riui,
3021 4167 3076 4208 ut
3113 4150 3381 4224 qui'prius
3436 4150 3645 4209 luer'ant

2070 4234 2424 4293 praeces‘sores
2454 4223 2581 4293 [iant
2602 4224 3002 4289 subsecutores,
3034 4237 3087 4279 et
3117 4223 3485 4293 persecutores
3517 4228 3643 4277 itaut

2072 4290 2473 4363 prtedicatores.
2531 4292 2595 4343 Et
2626 4294 2745 4345 ideo
2794 4296 2913 4347 dico
2942 4295 3053 4348 leva
3102 4290 3151 4348 in
3194 4296 3478 4363 superbius,
3521 4293 3644 4363 quia

2072 4371 2285 4433 quanta,
2318 4361 2366 4412 id
2399 4368 2499 4433 est,
2534 4376 2689 4429 quam
2721 4367 2973 4431 snperba,
3003 4376 3057 4419 et
3084 4382 3239 4433 quain
3260 4361 3504 4419 crudelia
3536 4361 3647 4418 ma-

2075 4430 2297 4499 lignntus
2325 4440 2395 4483 est
2425 4432 2681 4496 inimicus,
2733 4430 2915 4496 idest,
2972 4430 3288 4502 persecutor
3338 4437 3565 4504 populos
3592 4437 3647 4488 in

406 4507 563 4576 cavat
583 4500 889 4561 blanditias,
912 4500 1030 4565 quia
1062 4514 1204 4566 saepe
1236 4499 1352 4576 plus
1390 4513 1546 4576 n_ocet
1579 4499 1751 4571 lingua
1789 4499 1971 4555 aduia-
2008 4504 2050 4563 ο
2078 4512 2266 4576 suncto_
2287 4504 2477 4576 populo
2508 4511 2594 4554 tuo
2634 4499 3016 4558 demoliendo!
3051 4505 3113 4557 Et
3144 4499 3353 4576 gloriati
3402 4499 3542 4567 sunt,
3592 4504 3641 4557 id

402 4571 557 4632 toris,
586 4584 745 4639 quam
776 4584 965 4623 manus
988 4571 1363 4637 persecutoris.
1395 4570 1759 4626 Sancluarium
1801 4584 1973 4627 autent

401 4651 569 4706 tuum,
603 4640 653 4694 id
701 4650 804 4705 est,
834 4708 843 4711 Α
869 4641 1040 4706 ipsum
1073 4639 1366 4705 Christum,
1410 4643 1743 4694 incenderunt
1771 4645 1894 4711 igni,
1928 4646 1978 4698 id

398 4720 508 4775 est,
544 4708 938 4765 lerventissima
972 4710 1333 4777 tribulatione,
1366 4720 1418 4765 et
1475 4708 1857 4764 tabernaculum
1890 4731 1981 4765 no-

404 4781 559 4834 minis
583 4784 676 4845 tui,
704 4781 845 4846 quod
874 4781 1044 4833 soloin
1070 4791 1184 4833 erat
1214 4781 1267 4832 in
1299 4790 1455 4843 terra,
1487 4782 1537 4835 id
1579 4793 1681 4843 est,
1736 4785 1979 4836 taberna-

406 4853 651 4903 culaiites
684 4851 775 4904 tibi
802 4852 868 4904 de
893 4850 1056 4917 priori
1092 4852 1288 4920 populo
1315 4852 1611 4921 polluerunt
1643 4858 1980 4919 reputatione

408 4934 526 4983 sua,
557 4933 713 4986 quain
737 4934 961 4988 corpora
980 4935 1164 4971 eorum
1185 4923 1489 4975 devoranda
1510 4924 1695 4977 bestiis
1718 4934 1772 4976 et
1793 4926 1980 4978 avibus

411 4992 772 5058 projeceriint,
805 4991 888 5042 vel
916 4990 1220 5057 polluerunt
1265 4990 1570 5058 dejicieiido
1602 4993 1732 5047 illud
1766 4996 1815 5046 iii
1870 5004 1979 5048 ter-

408 5076 546 5122 ram,
573 5069 826 5126 quantuni
873 5060 938 5112 ad
968 5061 1248 5127 quosdam,
1278 5076 1412 5128 quos
1460 5064 1881 5128 devocaverunt,
1926 5073 1981 5118 et

407 5131 645 5183 dixerunt
668 5132 721 5181 in
751 5129 901 5182 corde
922 5145 1012 5182 suo
1042 5144 1062 5181 :
1093 5128 1338 5196 Cognatio
1370 5148 1547 5185 eorum
1567 5136 1740 5198 simul,
1797 5136 1844 5187 id
1873 5145 1977 5198 est,

411 5215 599 5253 omnes
627 5200 679 5253 in
706 5200 806 5253 hoc
834 5210 1217 5262 convenerunt,
1269 5210 1326 5251 ut
1373 5203 1733 5255 Christianum
1784 5219 1977 5258 nomen

416 5284 637 5342 prorsus
676 5271 1047 5342 destruerent,
1092 5270 1366 5342 dicentes:
1400 5269 1673 5325 Faciamus
1726 5275 1979 5342 quiescere

410 5356 580 5392 omnes
605 5341 713 5393 dies
745 5339 896 5408 festos
928 5339 1023 5391 Dei
1051 5357 1084 5412 ιι
1104 5348 1256 5391 terra.
1291 5341 1413 5394 Dies
1439 5344 1629 5412 aCCipit
1660 5339 1979 5411 evangelica:

412 5412 648 5462 veritatis
681 5406 796 5463 luce
819 5412 1026 5473 claros;
1054 5406 1227 5480 festos
1265 5427 1390 5463 vero
1418 5414 1469 5464 in
1497 5406 1689 5480 quibus
1721 5406 1857 5467 Deds
1906 5416 1975 5467 ita

414 5481 728 5542 delectatur,
764 5486 903 5533 sicut
924 5478 1168 5533 homines
1197 5482 1450 5535 delectari
1488 5478 1660 5536 solent
1695 5485 1744 5537 in
1778 5484 1978 5538 festivi-

416 5550 631 5620 tatibus,
658 5551 738 5601 vel
767 5548 949 5614 l‘estos,
976 5550 1027 5603 id
1054 5558 1157 5610 est.
1190 5550 1346 5620 digne
1381 5552 1633 5607 leriantes
1678 5558 1804 5608 Deo.

483 5618 647 5694 Signa
674 5627 978 5694 nOstrdnon
1007 5618 1341 5694 vidimust
1368 5623 1510 5691 quid,
1546 5624 1782 5693 inquam,
1818 5623 1974 5694 Deus,

410 5692 646 5762 repulisti
678 5690 814 5741 nos?
846 5689 992 5752 Ideo,
1023 5691 1245 5762 scilicet,
1304 5689 1422 5759 quia
1465 5708 1560 5762 nos
1615 5689 1716 5747 non
1760 5689 1978 5749 vidimus

414 5760 556 5826 signa
580 5770 773 5826 nostra,
805 5768 859 5813 ut
888 5773 1047 5829 supra
1077 5760 1273 5814 dictum
1298 5776 1408 5828 est;
1438 5760 1553 5834 quia
1587 5774 1759 5821 tanien
1796 5767 1975 5822 videre

2085 4581 2185 4630 est.
2219 4571 2479 4646 gloriosos
2508 4586 2567 4646 se
2588 4584 2922 4646 putaverunt,
2948 4578 3089 4629 unde
3108 4571 3281 4642 iiitius
3306 4576 3641 4646 ignouiiuiosi

2084 4654 2235 4693 erant
2268 4642 2340 4693 illi
2373 4643 2457 4708 qui
2488 4645 2701 4694 oderunt
2733 4656 2798 4707 te,
2829 4645 2881 4697 id
2913 4655 3018 4710 est,
3064 4648 3244 4699 odium
3290 4642 3646 4699 eiercueriint

2082 4712 2137 4762 in
2170 4719 2221 4764 te
2250 4718 2303 4763 in
2332 4713 2493 4764 medio
2524 4713 2854 4767 solemnitatis
2875 4727 2992 4779 tum,
3028 4715 3079 4769 id
3134 4727 3236 4780 est,
3270 4719 3319 4769 in
3371 4716 3477 4769 ilhs
3523 4715 3648 4767 viris

2084 4785 2345 4847 quierant
2373 4795 2727 4836 coniinuiiitcr
2758 4796 2880 4837 nota
2902 4788 3149 4840 omnibus
3192 4790 3502 4841 soleiniiitas
3536 4794 3646 4838 tua.

2084 4850 2312 4924 Medium
2361 4855 2502 4905 enim
2553 4855 2813 4919 accipitur
2867 4872 2961 4922 pro
3012 4860 3301 4921 communi,
3334 4860 3454 4924 quia
3503 4854 3645 4923 quod

2084 4922 2315 4973 niediuiii
2347 4932 2449 4985 est,
2482 4925 2759 4990 mqualttet‘
2786 4929 3045 4979 accedunt
3074 4929 3142 4979 ad
3173 4922 3380 4988 omnes,
3413 4935 3467 4977 et
3495 4922 3648 4979 rece-

2084 4994 2217 5043 dunt
2244 4992 2310 5045 ab
2335 4992 2606 5046 omnibus.
2639 4993 2961 5048 Solemuitas
3010 5009 3186 5049 autem
3222 4997 3309 5049 Dei
3357 5011 3479 5049 rere
3528 5004 3651 5048 sunt

2084 5060 2161 5114 illi
2192 5060 2280 5128 qui
2306 5078 2408 5114 non
2439 5063 2608 5115 solum
2643 5066 2966 5128 praeteritam
3001 5077 3159 5119 Vitam
3190 5082 3337 5119 suain
3365 5067 3643 5129 damnant,

2083 5133 2176 5185 sed
2206 5146 2417 5206 semper
2457 5146 2516 5184 se
2550 5145 2857 5199 peccatores
2907 5138 3068 5189 fuisse
3123 5139 3525 5206 recogitant,et
3573 5138 3652 5187 sic

2082 5201 2221 5253 cauti
2250 5204 2313 5254 ad
2340 5204 2511 5255 futura
2542 5212 2684 5266 sunt,
2718 5213 2772 5256 et
2796 5206 2955 5273 digne
2994 5208 3101 5260 Deo
3132 5201 3408 5260 l'eria'ntur.
3451 5205 3647 5258 l'osue-

2081 5283 2222 5347 ruut_
2244 5273 2404 5325 etiam
2436 5274 2581 5341 signa
2608 5290 2723 5347 sua,
2758 5274 2901 5337 ilico,
2953 5278 3119 5347 signa,
3153 5278 3380 5340 scilicet,
3414 5276 3655 5329 divam:

2082 5344 2370 5406 cruciatus,
2406 5352 2459 5395 et
2492 5346 2723 5395 inaudita
2746 5360 2940 5411 genera
2989 5344 3379 5400 tormentorum
3433 5348 3653 5400 adiuve-

2082 5424 2276 5487 iiei-uiit
2301 5422 2494 5487 contra
2516 5426 2742 5487 sanctos
2767 5430 3051 5487 martyres,
3086 5419 3138 5469 in
3169 5418 3359 5485 quibus
3382 5419 3452 5468 ita
3504 5414 3654 5483 quasi

2082 5482 2133 5533 in
2166 5483 2436 5550 prOplietis
2478 5484 2863 5557 gloriabantur,
2906 5482 2960 5539 et
3007 5503 3105 5539 non
3155 5482 3655 5557 cognoveruntliuc

2078 5566 2199 5625 esse
2228 5569 2380 5621 super
2399 5569 2612 5625 summa,
2646 5554 2696 5607 id
2725 5567 2827 5616 est,
2852 5560 2918 5609 de
2939 5559 3113 5609 divina
3144 5554 3509 5625 dispositione,
3537 5570 3657 5624 qua:

2079 5623 2246 5673 thltltl
2277 5635 2330 5675 ut
2362 5624 2915 5695 sanguissaiictorum
2945 5623 3241 5695 martyrum
3264 5627 3649 5695 etl'iiuderetur,

2079 5706 2187 5767 quo
2212 5694 3019 5767 $0888”ECClCSililllplllgUDIa
3056 5700 3359 5766 pullularet,
3381 5708 3433 5749 et
3462 5706 3657 5750 rentu-

2084 5764 2331 5831 plicatuin
2365 5765 2589 5820 fructum
2621 5764 3029 5834 adcrretfsicni
3057 5764 3124 5822 ιη
3172 5769 3329 5839 exitu,
3384 5769 3434 5825 id
3463 5778 3565 5835 est,
3596 5767 3649 5818 iii
