4010 6190
434 369 532 428 881
916 396 917 399 η
1117 368 1179 424 ΙΝ
1220 368 1633 427 ρδλωιοηυιι
1675 368 1929 425 LIBRUM
1968 367 1995 422 Ε

2101 366 2328 424 LGESIS.
2371 398 2438 408 -
2479 368 2723 425 ρεΑωί.
2768 368 3008 424 Lxxw.

3585 366 3690 419 88'}

430 485 783 539 conversione
834 493 888 539 et
953 484 1384 553 incorporatiOne
1438 494 1840 553 persecuturum
1913 499 2005 553 ap-
2040 484 2085 537 Α
2119 476 2287 553 dium,
2318 480 2416 532 nisi
2447 482 2496 534 in
2524 481 2797 548 promissis
2839 481 2975 549 ejus.
3010 481 3170 548 Cujus
3220 480 3400 536 titulus
3431 493 3503 534 est
3543 503 3550 533 :
3618 484 3679 535 In

466 556 626 610 aruit.

430 570 667 691 palatiis.“
693 626 746 676 in
790 626 915 678 silva
944 626 1221 693 lignorum.
1276 624 1597 693 Exseqnitnr
1626 634 1815 695 quanta
1847 626 2000 678 ntali-

430 707 615 764 gnatus
636 704 707 747 est
732 696 987 759 inimicm,
1019 696 1158 748 sicut
1179 704 1234 747 et
1259 696 1422 763 prius,
1455 695 1691 759 scilicet,
1719 696 1837 760 quia
1868 698 2007 749 exci-

431 769 616 819 derunt
629 768 827 835 januas
874 767 983 835 ejus
1031 766 1199 818 sancti
1254 764 1457 832 templi,
1491 764 1539 816 id
1599 775 1701 825 est,
1744 765 1865 818 illos
1915 782 2006 831 per

433 852 568 901 quos
601 838 869 895 ingressus
918 844 1034 889 erat
1073 835 1124 889 in
1173 835 1302 890 illud
1352 835 1706 895 consortium,
1756 836 1904 904 quasi
1948 836 2001 889 iu

431 908 559 959 silva
584 908 859 975 lignorum,
891 906 943 959 id
973 914 1077 966 est,
1124 905 1273 973 quasi
1308 905 1514 972 aliquos
1550 905 1760 959 inutiles
1809 917 1862 959 et
1919 906 2005 960 in-

431 977 751 1031 fructuosos.
783 976 847 1030 Et
876 977 1162 1046 dejecerunt
1190 990 1271 1041 ea,
1305 975 1354 1028 id
1380 984 1478 1046 est,
1512 978 1888 1042 appemlentia,
1921 978 2000 1030 vel

430 1062 541 1099 eam
572 1048 838 1101 civitatem
867 1045 1114 1099 inisecuri
1142 1056 1186 1099 et
1212 1046 1370 1099 ascia.
1396 1045 1524 1111 Quia
1548 1048 1916 1111 sanctuarium,
1952 1047 2002 1102 id

427 1128 531 1175 est,
563 1116 909 1184 perfectiores
939 1118 1267 1169 incenderunt
1314 1116 1439 1185 igni.
1474 1115 1541 1169 Et
1573 1126 1737 1170 totum
1769 1119 2005 1171 taberna-

426 1188 603 1239 culum
633 1188 852 1240 nominis
898 1189 972 1239 tui
1012 1188 1303 1255 polluerunt
1352 1188 1405 1239 in
1455 1195 1611 1252 terra,
1654 1188 1793 1242 sicut
1838 1190 2002 1258 prius.

433 1259 678 1323 Sequens
709 1272 919 1323 quoque
946 1271 1132 1309 vt'rsns
1165 1272 1270 1309 non
1304 1265 1559 1311 mutatur.

503 1327 664 1396 Signa
698 1335 885 1400 nostra
899 1343 999 1379 non
1037 1327 1280 1400 ridimus.
1312 1328 1472 1400 Quasi
1503 1327 1678 1382 dicat:
1729 1328 1796 1382 Ut
1844 1332 2000 1400 quid,

436 1396 600 1459 Deus,
654 1398 886 1464 repulisti
915 1398 1055 1450 nos?
1090 1399 1233 1463 Iuleo,
1282 1398 1505 1464 scilicet,
1537 1406 1592 1451 ut
1624 1400 1782 1466 capiti
1819 1396 2003 1454 nostro

430 1468 870 1521 assimiluremur.
904 1468 1034 1533 Quia
1058 1482 1233 1520 nonne
1262 1468 1494 1520 vidimus
1521 1469 1673 1537 signa
1713 1479 1917 1533 nostra,
1949 1482 2001 1524 et

430 1538 577 1601 signa
613 1538 972 1591 tribulationis
1018 1547 1072 1589 et
1104 1539 1492 1605 persecutionis
1518 1550 1714 1593 nostrae
1747 1540 1798 1593 in
1828 1543 2000 1607 capite

432 1618 619 1661 nostro
640 1610 661 1661 ?
684 1607 810 1676 Ejus
830 1608 972 1660 enim
998 1607 1271 1661 tribulatio
1300 1610 1509 1675 signum
1558 1608 1655 1662 fuit
1681 1618 1876 1664 nostra:
1904 1617 2002 1662 tri-

436 1679 741 1731 bulationis.
793 1677 919 1731 Nam
953 1693 1285 1746 qui-cunque
1329 1687 1535 1731 restant
1591 1680 1897 1747 passionum
1949 1681 1999 1735 in

430 1764 657 1815 corpore
684 1747 877 1802 Christi
902 1758 1113 1815 oportet
1138 1748 1338 1816 perlici.
1391 1748 1457 1802 Et
1494 1763 1597 1801 non
1628 1750 1799 1804 solum
1829 1752 2000 1804 tribu-

2114 549 2265 615 fmem
2298 568 2357 603 ne
2383 567 2700 611 corrumpas,
2738 553 2963 618 psalmus
3001 552 3284 613 canticum,
3340 554 3418 603 vel
3467 555 3672 617 cantici,

2116 620 2311 684 Asapli.
2349 621 2586 674 l’salmus
2617 624 2713 674 iste
2741 624 2936 676 relatus
2959 623 3011 676 in
3046 624 3202 675 linem
3231 631 3552 689 temporum,
3586 627 3675 690 qui

2112 696 2196 741 est
2217 690 2646 760 canticum,quia
2689 692 2849 745 talem
2880 694 3075 747 insistit
3120 694 3501 758 Operationcm.
3554 710 3673 760 qua:

2115 761 2344 825 pertinet
2371 761 2437 814 ad
2487 761 2762 832 spirituale
2788 764 3059 832 gaudium,
3110 763 3347 827 scilicet,
3385 766 3674 817 conti-ssio-

2113 843 2232 883 nem
2266 845 2467 895 veram,
2494 831 2547 885 in
2580 831 2910 887 vocationem
2954 843 3008 887 et
3047 832 3424 886 narrationem.
3474 833 3665 887 Cami-

2110 901 2392 974 cum_d_i_co
2436 903 2749 974 attributum
2808 905 3003 972 Asapb,
3058 903 3107 956 id
3157 914 3256 974 est,
3291 918 3421 957 vero
3446 919 3669 974 congre-

2110 970 2279 1037 ganti,
2303 971 2399 1034 illi,
2431 973 2654 1042 scilicet,
2704 974 2789 1039 qui
2836 970 3105 1042 dispersos
3159 973 3317 1027 Israel
3379 990 3471 1039 per
3517 970 3675 1028 Iidem

2110 1042 2473 1112 congregavit,
2502 1041 2599 1095 hoc
2630 1042 2855 1095 intendit
2876 1053 2930 1096 et
2962 1045 3225 1101 hortatur.
3250 1058 3316 1097 ne
3338 1058 3675 1112 corrumpas.

2111 1109 2247 1173 Quid
2270 1120 2377 1184 est,
2410 1129 2469 1163 ne
2491 1114 2825 1184 corrumpas?
2858 1113 2967 1168 IIoc
2994 1122 3096 1177 est,
3129 1123 3185 1166 ut
3212 1123 3265 1167 tu
3295 1114 3512 1181 quisque
3535 1109 3676 1184 quod

2110 1180 2399 1252 promisisti
2434 1183 2632 1238 solvas.
2664 1184 2958 1237 PromisiSti
2980 1184 3122 1238 enim
3148 1185 3256 1239 Deo
3280 1180 3330 1237 in
3359 1180 3675 1252 baptismate.

2108 1250 2249 1322 quod
2273 1250 2488 1305 diabolo
2513 1261 2566 1306 et
2588 1256 2834 1307 omnibus
2862 1254 3069 1322 pompis
3097 1256 3214 1322 ejus
3245 1250 3639 1309 abrenuntiaris
3664 1274 3676 1320 ;

2105 1329 2159 1372 et
2188 1319 2289 1375 hoc
2316 1338 2380 1375 ne
2404 1338 2708 1389 corrumpas
2737 1319 2913 1378 eundo
2937 1319 3000 1377 in'
3039 1319 3217 1389 linem,
3253 1335 3308 1378 ttt
3333 1326 3519 1379 beatus
3574 1328 3679 1379 Au-

2105 1391 2345 1464 gustinus
2370 1393 2498 1457 vult,
2536 1392 2583 1446 id
2612 1406 2713 1457 est,
2745 1395 3068 1449 attendendo
3100 1395 3214 1464 ejus
3244 1395 3676 1463 promissionem.

2108 1461 2233 1513 Illuc
2257 1463 2398 1535 enim
2429 1478 2637 1517 animus
2667 1466 2941 1534 dirigitur,
2974 1476 3028 1519 et
3058 1461 3312 1535 quidquid
3344 1467 3395 1519 in
3428 1470 3676 1533 prtesenti

2106 1533 2357 1603 occurrit,
2391 1541 2560 1587 totum
2594 1533 2940 1600 transiliatur,
2964 1547 3016 1589 ut
3037 1538 3100 1589 ad
3129 1533 3285 1591 linem
3311 1537 3674 1603 perveniatur.

2104 1600 2212 1654 Nec
2243 1614 2326 1675 est
2356 1604 2650 1675 timendum
2707 1622 2773 1658 ne
2818 1607 3009 1671 aliquis
3056 1600 3329 1675 potentum
3376 1617 3683 1674 corrumpat

2108 1674 2368 1737 promissa
2400 1674 2538 1742 ejus,
2569 1676 2611 1728 si
2648 1685 2703 1729 tu
2751 1685 2835 1729 tua
2883 1692 2986 1729 non
3038 1674 3357 1745 corrumpis.
3392 1678 3505 1746 Ipse
3537 1679 3679 1732 enim

2108 1756 2212 1794 non
2238 1746 2551 1812 corrumpit,
2582 1748 2702 1813 quia
2742 1760 2935 1806 verax;
2970 1750 3237 1813 potentior
3284 1764 3387 1801 non
3437 1763 3680 1801 Corrum-

431 1818 681 1891 Iationem
714 1819 1038 1891 nostram_in
1085 1815 1200 1884 ipso
1241 1818 1743 1891 capitervidemus,
1798 1821 1891 1875 sed
1946 1835 1995 1875 et

2109 1820 2215 1891 pet,
2242 1816 2376 1891 quia
2409 1815 2584 1867 nullus
2626 1816 2889 1881 potentior
2932 1826 3061 1891 e~t;_
3102 1819 3231 1891 certi
3281 1833 3408 1891 ergo
3446 1819 3514 1873 de
3544 1836 3677 1891 pro-

429 1890 753 1953 mercetlem,
782 1889 900 1956 quia
936 1888 1193 1958 Propheta
1209 1888 1491 1954 singularis
1520 1897 1573 1942 et
1597 1891 1915 1960 praecipuus,
1950 1892 2000 1946 id

423 1969 531 2026 est,
559 1960 953 2026 Cbristus,jam
992 1975 1091 2011 non
1118 1968 1187 2011 ist
1219 1969 1271 2010 ut
1305 1960 1472 2026 prius,
1520 1961 1640 2028 quia
1672 1971 1753 2015 est
1783 1962 2001 2015 immor-

429 2031 546 2081 talis
578 2039 629 2082 et
679 2029 1022 2095 itnpassibilis
1053 2029 1244 2083 factus.
1295 2027 1445 2083 Unde
1490 2027 1778 2097 Apostolus
1812 2050 1824 2085 :
1856 2030 1924 2085 Et
1956 2035 2000 2087 si

425 2098 682 2152 Christum
710 2101 1035 2167 cognovimus
1050 2103 1162 2170 jam
1192 2100 1467 2170 secundum
1513 2116 1735 2170 carnem,
1785 2120 1885 2158 non
1915 2121 2001 2157 co-

424 2173 707 2235 gnovimus.
739 2171 802 2223 Et
831 2171 949 2235 quia
982 2168 1061 2223 et’
1083 2168 1363 2240 quidpati.
1399 2177 1453 2222 et
1482 2170 1606 2237 quid
1653 2168 1872 2240 sperare
1902 2176 1998 2228 de-

428 2241 667 2304 beamus,
702 2240 753 2293 in
788 2240 902 2302 ipso
925 2240 1177 2303 vidimus,
1206 2239 1313 2307 jam
1337 2242 1563 2301 amplius
1588 2239 1999 2307 noncognosctzt

426 2325 523 2363 nos
552 2312 602 2363 in
635 2311 973 2377 disciplinam
1001 2312 1190 2379 Moysi,
1233 2326 1334 2363 non
1367 2311 1509 2363 enirn
1543 2324 1749 2366 terrena
1782 2316 1996 2369 insista-

426 2397 564 2445 mns,
594 2390 647 2435 et
678 2382 729 2433 in
758 2382 964 2435 deliciis
1005 2380 1308 2434 carnalibus
1353 2381 1541 2434 simus.

499 2450 767 2523 Usqtthtto
809 2451 967 2523 Deus.
1020 2452 1160 2523 Ecce
1189 2451 1456 2515 quomodo
1481 2453 1781 2523 intelligens
1817 2457 1996 2523 Asaplt

429 2524 603 2594 magis
634 2522 886 2576 condolet
939 2522 1163 2576 ett-citati
1221 2522 1676 2594 persequentium,
1711 2542 1868 2594 quam
1904 2522 1995 2580 tri~

428 2592 683 2645 bnlationi
724 2603 1030 2646 sanctorum
1078 2601 1399 2661 martyrum.
1446 2592 1606 2657 Quasi
1637 2592 1817 2649 diciit:
1871 2597 1995 2652 Dico

423 2664 544 2728 quia
565 2678 669 2716 non
692 2677 983 2737 cognosces
1015 2678 1111 2717 nos
1135 2660 1363 2737 amplius
1390 2660 1692 2737 indeliciis.
1724 2665 1994 2737 Usquaquo

425 2743 623 2793 autc-tn,
658 2749 689 2786 ο
742 2731 910 2807 Deus,
959 2732 1341 2807 impropcrabit_
1369 2732 1472 2807 tibi
1512 2736 1767 2800 inimicus,
1799 2731 1847 2790 id
1891 2731 1995 2807 est,

425 2804 659 2878 quandiu
695 2804 911 2878 patieris
941 2807 1239 2878 caecitatem
1270 2803 1507 2857 inimicis
1538 2822 1635 2859 nos
1673 2803 1997 2878 persequenQ

426 2871 587 2947 tibus.
618 2883 672 2947 et
702 2882 757 2947 ut
787 2873 910 2940 quid
941 2875 1134 2929 avertis
1170 2889 1383 2947 manum
1411 2883 1573 2947 tuam,
1608 2871 1797 2943 idest,
1829 2871 1996 2947 quian-

422 2943 513 3019 diu
546 2943 761 3019 patieris
792 2947 954 3019 etiam
984 2962 1086 3019 nos
1117 2944 1279 2997 videri
1304 2946 1622 3019 immundos
1650 2958 1703 3001 et
1731 2943 1993 3019 abje'ctos,

423 3014 548 3064 dmn
580 3014 779 3090 abillis
802 3083 812 3090 _
838 3015 1188 3090 tribulamur,
1218 3024 1272 3069 et
1303 3014 1376 3067 illi
1408 3016 1560 3070 nobis
1607 3034 1711 3071 non
1745 3014 1996 3090 incorpoé

421 3083 636 3135 runtur?
660 3079 771 3137 Erit
801 3083 965 3137 hocin
993 3086 1192 3139 linem?

494 3152 630 3247 Dius
674 3162 884 3235 autem._
922 3155 1034 3247 N‘osl
1083 3157 1295 3247 quidem
1355 3157 1603 3247 dicimus,
1659 3162 1800 3227 quod
1856 3163 2068 3247 Densa

418 3226 917 3299 avertitnos,_quia
952 3226 1299 3299 tribulamnr;
1356 3228 1471 3295 ipse
1516 3226 1694 3284 autem
1750 3248 1842 3299 per
1893 3235 1993 3288 hoc

420 3293 596 3359 potius
627 3295 815 3361 recipit
839 3310 953 3359 nos,
985 3297 1231 3370 quiajam
1262 3293 1513 3370 operatus
1538 3310 1621 3353 est
1642 3293 1867 3356 salutem
1899 3318 1993 3370 per

417 3372 636 3438 sanctos
685 3374 1129 3438 martyres_snos
1183 3366 1234 3420 in
1259 3366 1443 3438 medio
1491 3380 1669 3436 teme,
1704 3374 1752 3425 id
1805 3366 1912 3438 est,
1941 3375 1992 3427 in

416 3434 585 3485 corde
632 3434 892 3502 gentium.
954 3435 1137 3490 Efl‘uso
1184 3437 1325 3490 enim
1382 3434 1993 3506 sanguine'sanctor'um

420 3514 737 3578 martyrum,
774 3519 925 3574 seges
956 3506 1208 3560 Ecclesiae
1239 3506 1562 3578 impinguata
1592 3511 1893 3578 pullulavit,
1940 3525 1996 3569 et

417 3574 833 3642 centuplicatum
860 3578 1106 3650 _Iructum
1152 3574 1429 3650 iecitIEt’
1459 3574 1695 3650 ostendit
1725 3574 1995 3650 quomodo

417 3653 663 3721 aperatus
697 3654 767 3697 cs!
788 3648 1001 3721 salutem
1034 3662 1126 3713 per
1149 3648 1287 3712 illos,
1320 3648 1501 3721 dicens
1534 3666 1549 3702 :
1576 3649 1649 3702 Tu
1678 3648 1997 3721 conﬁrmasti

415 3726 512 3778 per
538 3714 656 3767 illos
687 3730 845 3778 mare,
903 3718 971 3769 ita
1005 3727 1181 3771 tamen
1214 3726 1275 3771 ut
1306 3717 1637 3772 conﬁrmatio
1667 3722 1753 3775 illa
1776 3714 1899 3777 'non
1929 3741 1991 3778 ex

413 3786 493 3858 eis
516 3795 685 3858 esset,
733 3788 826 3858 sed
852 3788 904 3838 in
939 3798 1024 3839 tua
1055 3789 1259 3853 virtute,
1279 3792 1366 3857 qui
1394 3789 1569 3842 dixisti
1598 3808 1610 3842 :
1638 3793 1765 3858 Quia
1783 3794 1890 3849 sine
1918 3812 1995 3849 me

415 3853 546 3907 nihil
574 3855 781 3923 potestis
828 3857 1012 3926 facere.
1042 3859 1249 3913 Caetera
1283 3853 1387 3912 non
1420 3853 1710 3917 mutantur.

848 3994 913 4047 IN
964 3994 1284 4050 PSALSIUM
1338 3994 1574 4050 LXXIV.

452 4084 507 4139 In
540 4086 725 4153 linem,
759 4102 827 4142 ne
864 4101 1199 4155 corrumpas,
1241 4089 1475 4154 psalmus
1512 4090 1707 4143 eantici
1753 4093 1949 4159 Asapb.

1013 4195 1392 4235 ARGUIENTUM.

495 4267 624 4323 I‘ost
651 4269 929 4343 victoriam
955 4270 1020 4324 de
1048 4269 1437 4343 _Sennacberib,
1485 4286 1549 4325 ex
1603 4271 1763 4326 totius
1817 4275 1992 4343 papuli

424 4352 653 4407 persona
679 4341 976 4395 redduntur
1008 4341 1182 4396 ol'licia
1206 4353 1435 4410 vmaque
1463 4343 1749 4411 gratiarum

1039 4449 1390 4488 EXPLANATIO.

485 4502 688 4570 Asapb,
720 4514 774 4556 ut
806 4519 949 4572 smpe
979 4505 1229 4578 diximus,
1263 4505 1649 4571 interpretatur
1682 4507 1983 4578 Synagoga,

416 4574 507 4627 illa
538 4578 741 4646 utique,
766 4590 891 4642 quae
945 4574 1194 4639 credidit,
1230 4591 1333 4628 non
1379 4590 1499 4646 quae
1552 4574 1985 4646 olistinata‘per-

415 4643 631 4696 mansit.
662 4645 789 4698 Nam
826 4654 946 4713 post
979 4643 1427 4698 resurrectionem
1477 4645 1683 4699 Domini
1740 4643 1987 4702 confessa

414 4712 643 4780 legimus
671 4712 835 4767 multa
880 4715 1044 4769 millia
1092 4714 1422 4777 Judzcorum,
1472 4731 1607 4782 quos
1658 4720 1833 4785 Asapb
1889 4722 1989 4775 iste

417 4799 557 4855 nunc
586 4785 857 4848 admonet,
889 4802 954 4838 ne
985 4786 1140 4839 Iidem
1166 4801 1314 4838 suain
1342 4797 1686 4850 corrumpant
1719 4789 1768 4841 in
1804 4792 1985 4855 tinum,

412 4853 596 4927 idest,
640 4856 711 4927 in
768 4856 1053 4909 Dominum
1094 4854 1452 4927 Salvatorent.
1516 4857 1695 4909 Primo
1746 4853 1987 4927 ingressu

417 4923 599 4977 Iideles
626 4926 795 4978 Judaei
825 4927 1063 4979 dicturos
1093 4941 1151 4980 se
1182 4927 1359 4978 omnia
1392 4926 1507 4992 ejus
1528 4923 1987 4995 mirabilia'proli-

412 5002 611 5069 tentur.
647 4997 899 5069 Secundo
933 4997 1042 5050 Rex
1093 4999 1205 5063 ipse
1238 4995 1469 5063 loquitur
1518 4997 1782 5061 Christus,
1822 5000 1986 5069 justi-

411 5064 539 5139 tiam
567 5081 627 5118 se
651 5065 1008 5139 jndmatunpn
1046 5070 1381 5139 promittens,
1428 5083 1547 5121 cum
1583 5078 1792 5135 tempus
1823 5064 1984 5139 gene-

418 5136 545 5187 ralis
573 5137 981 5190 resurrectionis
1007 5139 1304 5189 advenerit.
1350 5138 1667 5191 Commonet
1708 5136 1868 5194 etiam
1920 5159 1986 5198 ne

410 5203 532 5270 uuis
556 5207 747 5259 audeat
776 5208 974 5274 aliquid
1000 5218 1183 5261 tontra
1212 5207 1387 5260 divina
1425 5209 1668 5263 mandata
1696 5225 1987 5279 prassume-

412 5290 493 5341 re,
515 5286 562 5329 ct
584 5291 704 5330 cum
731 5279 896 5346 possit
918 5290 1115 5331 interna
1145 5294 1296 5344 pinna
1324 5288 1588 5344 torquere.

981 5387 1411 5428 CODIMEN'I‘ARIUS.

486 5460 849 5533 Conﬁtebimur
895 5465 1025 5529 t'bi,
1086 5464 1269 5528 Deus,
1328 5467 1696 5533 conﬁtebimur.
1749 5468 1990 5525 Psalmus

416 5532 518 5586 iste
540 5538 693 5587 atlert
736 5536 1055 5588 medicmam
1119 5532 1431 5589 humilitatis
1488 5550 1671 5590 contra
1730 5550 1985 5595 lumen-nt

412 5605 679 5666 elationis,
713 5607 809 5657 lioc
836 5621 1017 5671 agens,
1050 5616 1101 5659 ut
1129 5621 1223 5660 nec
1242 5609 1519 5675 quisquam
1540 5611 1799 5674 superbus
1829 5613 1895 5664 de
1928 5628 1985 5664 se

413 5684 718 5740 prmsmnat,
752 5692 846 5729 nec.
881 5678 1072 5742 aliquis
1101 5679 1313 5729 humilis
1345 5677 1411 5729 de
1448 5678 1670 5731 Domino
1700 5683 1942 5748 desperet
1969 5700 1981 5745 ;

409 5746 501 5797 sed
524 5746 575 5797 in
610 5761 932 5815 quocunque
962 5757 1097 5800 statu
1136 5763 1312 5799 rerum
1366 5751 1524 5800 Inoino
1556 5751 1606 5801 in
1642 5752 1736 5804 bac
1788 5746 1888 5803 vita
1923 5769 1979 5807 sc

407 5816 594 5886 rgerit,
630 5832 730 5871 non
756 5820 817 5871 sit
847 5819 892 5872 ci
925 5818 1181 5887 refugium
1211 5819 1310 5874 nisi
1345 5820 1501 5887 Deus,
1533 5836 1625 5875 ItL't:
1674 5822 1741 5876 sit
1770 5839 1814 5879 ci
1839 5838 1973 5893 giu-

2107 1880 2289 1955 missis
2325 1881 2463 1955 ejus,
2523 1894 2800 1939 cantemus
2859 1886 3000 1941 unde
3040 1880 3236 1955 incipit
3272 1880 3555 1955 psalmus.‘
3581 1890 3681 1943 Pro

2104 1950 2415 2025 nobisenim
2436 1965 2593 2025 caput
2616 1965 2858 2009 nostrum
2884 1956 2996 2010 haec
3019 1950 3250 2025 loquitur
3273 1950 3284 2009 Ξ
3308 1960 3352 2012 υ
3381 1959 3533 2021 Deus,
3555 1974 3679 2011 cou-

2105 2021 2489 2097 ﬁtebimurtibi,
2524 2027 2623 2097 lioc
2649 2036 2754 2097 est,
2787 2021 3184 2081 Inimitiabimus
3216 2043 3335 2095 nos,
3368 2038 3423 2083 et
3459 2040 3676 2097 peccatu

2104 2102 2286 2166 nostra
2319 2093 2414 2147 tibi
2440 2095 2657 2166 pet-lecti
2685 2097 3056 2163 conﬁtebimur,
3102 2100 3221 2166 quia
3273 2093 3541 2154 nmltoties
3573 2100 3673 2154 boc

2105 2161 2381 2237 faciemus,
2412 2172 2486 2237 Aet
2513 2165 2590 2219 sic
2620 2161 2803 2237 nomen
2845 2177 2987 2219 luunt
3024 2161 3381 2224 incumbimus.
3416 2170 3574 2237 Quasi
3600 2170 3679 2223 di-

2102 2242 2189 2285 cat
2220 2250 2234 2287 :
2268 2233 2385 2286 Noli
2411 2234 2660 2289 invocare
2693 2236 2795 2288 nisi
2823 2239 3150 2299 conﬁtearis,
3201 2241 3293 2293 sed
3327 2233 3475 2305 prius
3501 2242 3674 2293 conli-

2105 2311 2238 2368 tere,
2271 2311 2326 2357 et
2348 2306 2424 2376 sic
2456 2306 2663 2358 invoca.
2692 2306 2969 2360 Confessio
2992 2310 3132 2362 enim
3162 2310 3380 2363 tmmdat
3399 2312 3675 2376 templum,

2104 2387 2211 2448 quo
2231 2374 2420 2448 veniat
2464 2376 2760 2448 invocatus.
2816 2376 2968 2443 Quod
3015 2388 3189 2433 autem
3244 2380 3438 2434 iterato
3478 2374 3626 2448 punit
3663 2397 3677 2434 :

2102 2440 2491 2515 Conﬁtebimur,
2524 2446 2642 2499 ideo
2671 2447 2813 2512 facit,
2839 2440 2929 2500 'ne
2960 2458 3009 2503 te
3039 2450 3292 2515 poeniteat
3318 2464 3436 2504 esse
3466 2440 3679 2504 confes-

2102 2527 2237 2566 sum.
2285 2514 2682 2588 Stepiusjenim
2736 2518 2975 2572 conliteri
3026 2514 3185 2585 judici
3240 2522 3462 2585 bomiui,
3521 2532 3673 2588 parat

2106 2591 2358 2658 mortem,
2391 2586 2585 2650 sumius
2607 2601 2733 2639 vero
2756 2588 2998 2642 contiteri
3056 2590 3161 2643 Deo
3199 2590 3384 2654 jndici,
3418 2586 3564 2658 parat
3594 2607 3678 2643 sa-

2108 2653 2303 2725 lutem;
2337 2672 2553 2709 securus
2577 2672 2704 2723 ergo
2731 2660 3007 2720 conlitere,
3066 2653 3205 2725 quia
3241 2653 3429 2713 bonuf
3454 2672 3536 2715 est
3590 2663 3675 2714 cui

2101 2723 2390 2787 conﬁteris,
2442 2735 2497 2779 tit
2546 2727 2818 2780 Psalmista
2865 2730 2941 2783 ait
2982 2748 2993 2781 :
3051 2723 3375 2795 Conﬁtemini
3435 2732 3673 2793 Domino,

2101 2796 2341 2872 quoniam
2383 2796 2545 2849 bonus
2575 2808 2698 2872 est.__
2722 2801 2895 2872 Bonus
2926 2809 3025 2865 est,
3057 2801 3178 2868 quia
3211 2803 3485 2855 conlltenti
3521 2802 3675 2872 igno-

2102 2864 2358 2941 sc:t.ﬁFa-c
2386 2883 2537 2941 etgxr
2565 2869 2869 2941 conlitcntlo
2918 2864 3224 2938 pt'Opiiitlttt,
3258 2888 3412 2941 quem
3450 2864 3673 2927 tacéndo

2103 2948 2206 3008 non
2236 2935 2362 3008 lacis
2393 2938 2655 2992 nescium.
2694 2937 2883 2993 Venire
2911 2935 3040 2994 vero
3067 2958 3167 2994 non
3202 2935 3310 2995 vnit
3353 2955 3596 3008 vocatus,
3629 2946 3674 2998 si

2104 3012 2155 3082 tn
2188 3004 2348 3082 lueris
2375 3009 2577 3082 elatus.
2603 3009 2785 3063 Elatus
2814 3010 2854 3062 si
2889 3010 3075 3078 fueris,
3101 3014 3342 3068 conliteri
3370 3030 3472 3067 non
3525 3004 3675 3082 pote-

2102 3076 2194 3129 ris.
2230 3076 2367 3145 Ergo
2399 3077 2678 3133 Iittmiliare
2699 3092 2751 3132 et
2779 3082 3042 3146 conliteri,
3066 3076 3125 3136 et
3151 3084 3228 3137 sic
3251 3100 3375 3137 vere
3400 3076 3678 3138 invocabis

2102 3160 2296 3222 nomen
2327 3147 2461 3216 ejus,
2491 3150 2640 3222 quia
2661 3150 2905 3205 faciendo
2938 3162 2989 3205 te
3019 3168 3234 3206 servum
3271 3157 3680 3222 repriesentabit

2101 3214 2153 3267 in
2187 3225 2239 3269 te
2270 3214 2369 3291 Ito_c
2392 3214 2584 3291 nomen
2612 3220 2898 3291 Dominus.
2929 3224 3027 3288 Qui
3084 3239 3210 3275 vero
3261 3214 3528 3291 superbit,
3575 3225 3678 3278 hoc

2099 3298 2294 3363 nomen
2328 3287 2659 3363 Dominusiu
2691 3304 2749 3344 se
2780 3306 2882 3345 non
2915 3287 3166 3357 oStendit,
3202 3292 3308 3347 imo
3331 3287 3559 3363 ’ωιιυιιιίε
3590 3298 3675 3349 vel

2098 3358 2270 3412 maior
2296 3359 2401 3409 vult
2432 3358 2618 3412 videri.

2230 3427 2510 3504 arrabimus
2565 3430 2820 3504 mirabilia
2844 3440 2952 3486 tua.
2984 3433 3393 3500 Conﬁtebimur,
3432 3435 3671 3504 inquam,

2099 3504 2151 3548 ct
2176 3496 2557 3561 invocabimus,
2586 3509 2639 3552 et
2670 3502 2860 3555 deinde
2901 3504 3225 3557 narrabimus
3276 3496 3532 3559 mirabilia
3561 3496 3671 3561 tua;

2098 3567 2229 3629 Qua:
2261 3566 2570 3644 mirabilia?
2615 3570 2864 3636 Scilicet,
2908 3573 3317 3642 dispositionem
3364 3577 3670 3644 antiquam,

2102 3638 2485 3713 reparationem
2518 3654 2730 3708 novam,
2759 3638 3066 3699 felicitatem
3095 3656 3372 3698 aeternam.
3398 3638 3533 3713 Quid
3574 3638 3674 3701 mi:-

2098 3707 2320 3787 rabilius
2349 3724 2507 3790 quam
2559 3707 2893 3767 mortuorum
2947 3716 3223 3790 suscitatio
3255 3717 3274 3768 ?
3303 3707 3501 3771 Omnes
3528 3720 3672 3771 enim

2100 3786 2412 3849 It:_lt|ltl,_clsi
2439 3786 2619 3834 vivunt
2649 3797 2898 3849 corpore,
2925 3786 3066 3837 exuti
3101 3797 3278 3839 tamen
3307 3797 3431 3839 sunt
3463 3797 3662 3841 mente.

2101 3846 2345 3925 Alioquin
2378 3865 2481 3901 non
2512 3852 2708 3907 diceret
2742 3846 2820 3906 eis
2850 3846 3135 3919 Apostolus
3169 3873 3179 3906 :
3215 3856 3383 3925 Surge
3431 3859 3519 3923 qui
3547 3860 3671 3911 dor-

2100 3917 2212 3979 mis,
2243 3929 2288 3969 et
2318 3934 2529 3992 exsurge
2549 3938 2580 3972 a
2608 3924 2838 3982 mortuis.
2869 3917 2913 3976 ci
2940 3926 3249 3978 illuminabit
3281 3917 3370 3980 tibi
3415 3917 3670 3992 Christus,

2098 3993 2153 4039 et
2182 3997 2265 4041 eat
2292 3990 2424 4065 ordo
2445 3993 2729 4065 videndus.
2763 3991 3039 4049 Conlitens
3077 4012 3337 4065 namque,
3392 3990 3673 4053 evacuavit

2097 4071 2159 4110 se
2187 4072 2217 4108 a
2240 4058 2408 4133 malis,
2444 4060 2695 4115 invocans
2724 4066 2945 4132 replevit
2996 4080 3054 4120 se
3086 4058 3255 4133 bonis,
3290 4058 3513 4123 narrans
3543 4084 3669 4123 eru-

2098 4131 2537 4221 ctualtqnibusﬁse
2583 4131 2838 4199 implevit.
2878 4131 3249 4216 Narrabimus,
3277 4140 3512 4221 inquam,
3566 4141 3665 4221 mi-

2097 4197 2285 4277 rabilia
2313 4210 2415 4251 tua.
2448 4200 2510 4253 Et
2534 4197 2669 4277 posti
2692 4206 3049 4277 narrationem
3081 4222 3179 4277 ego
3213 4197 3528 4277 pracipuos,
3560 4212 3667 4265 sci-

2100 4268 2243 4344 licet,
2269 4269 2407 4344 inter
2436 4268 2768 4344 contuentes,
2797 4268 3186 4333 invocantes'et
3213 4268 3526 4344 'narra'ntes,
3589 4283 3669 4336 in-

2098 4336 2239 4417 juste
2262 4340 2530 4417 judicatus
2553 4336 2805 4412 judicabo
2827 4348 3084 4415 justitias,
3132 4350 3332 4417 gratias
3362 4336 3668 4405 misericor-

2099 4407 2197 4487 dia;
2230 4412 2366 4487 ejus,
2397 4414 2483 4487 qui
2509 4407 2653 4487 prius
2682 4407 2849 4469 voluii
2871 4407 3110 4480 narrare,
3134 4407 3576 4487 quamjudicare.
3605 4422 3662 4475 Si

2100 4480 2244 4532 enim
2279 4480 2425 4548 prius
2451 4480 2736 4551 judicarct,
2790 4487 2990 4541 nullum
3032 4480 3335 4542 liberandus
3380 4489 3667 4545 inveniret.

2098 4552 2387 4625 Audiamus
2416 4570 2542 4623 ergo
2566 4571 2687 4608 eum
2722 4567 3048 4621 narrantem,
3098 4559 3218 4625 quia
3251 4560 3386 4612 sicut
3436 4570 3668 4623 tenipsc-

2096 4622 2271 4695 rimns
2314 4622 2658 4688 narrantem,
2715 4631 3055 4694 experiemur
3101 4622 3449 4695 judicautetn.
3512 4622 3666 4685 Nunc

2093 4692 2327 4764 enimio
2349 4704 2586 4761 tempore
2611 4692 2991 4751 IIIISCI'ICOI'dit'B
3036 4692 3199 4752 donat
3230 4708 3491 4764 praecepta
3533 4715 3663 4755 cou-

2096 4761 2629 4838 litenti,‘_in:tem_pore
2650 4781 2777 4819 veto
2816 4767 3001 4833 judicii
3034 4768 3160 4823 nulli
3196 4761 3375 4838 parcet
3408 4761 3663 4825 contem-

2094 4833 2261 4885 nenti.
2291 4832 2539 4901 Quisquis
2570 4851 2697 4906 ergo
2726 4832 2837 4891 vult
2886 4854 2990 4892 non
3042 4832 3228 4895 timere
3259 4851 3385 4895 tunc
3437 4843 3661 4909 punito—

2094 4916 2231 4979 reni,
2255 4913 2396 4956 amet
2436 4920 2575 4958 nunc
2601 4909 2932 4963 domitorem.
2970 4910 3221 4979 Sequitur
3254 4930 3266 4965 :

2163 4972 2290 5025 Cum
2339 4990 2589 5049 accepero
2615 4987 2829 5046 tempus.
2880 4972 3100 5048 Accepit
3140 4992 3348 5049 tempus
3385 4997 3489 5036 non
3520 4980 3607 5036 ille
3634 5000 3664 5037 a

2091 5056 2197 5123 quo
2222 5057 2406 5096 sumus
2430 5047 2620 5123 creati,
2652 5051 2746 5101 sed
2778 5049 2867 5103 ille
2896 5066 2989 5116 per
3018 5067 3173 5118 quem
3198 5047 3382 5109 sumus
3404 5056 3659 5123 reparati.

2096 5114 2190 5166 Ille
2219 5129 2321 5165 non
2374 5118 2582 5190 accepit
2637 5128 2848 5190 tempus
2897 5114 2933 5173 a
2985 5114 3092 5190 quo
3140 5128 3300 5177 homo
3352 5114 3660 5189 assumptus

2092 5192 2545 5261 cotnmt‘ttatusest
2573 5188 2623 5239 in
2658 5188 2869 5253 melius,
2912 5188 3119 5259 accepit
3151 5205 3358 5261 tempus
3406 5204 3461 5246 ut
3493 5188 3659 5245 Filius

2094 5257 2344 5318 hominis,
2374 5259 2634 5323 gubernat
2661 5271 2921 5327 tempora,
2961 5275 3016 5315 ut
3049 5257 3232 5317 Filius
3265 5257 3388 5316 'liei.
3430 5264 3493 5315 Et
3523 5264 3661 5316 sicut

2093 5334 2296 5401 accepit
2324 5337 2529 5401 tempus
2550 5332 2835 5401 nascendi,
2859 5343 2912 5384 et
2942 5335 3200 5386 moriendi
3237 5343 3290 5386 et
3321 5333 3663 5401 resurgcndi,

2096 5398 2164 5449 ita
2188 5399 2512 5470 accepitjaut
2531 5398 2900 5470 tlispositione,
2925 5411 3308 5470 etaccepturus
3336 5414 3415 5455 est
3443 5398 3659 5455 tundent

2096 5478 2303 5534 tempus
2333 5468 2644 5540 ‘judicandi.
2700 5470 3036 5537 Accipiamus
3088 5468 3217 5540 ergo
3268 5483 3323 5526 et
3380 5490 3476 5527 nos
3519 5487 3660 5526 nunc

2095 5548 2303 5604 tempus
2327 5536 2560 5605 justitias
2608 5536 2857 5604 faciendi,
2889 5553 2944 5594 ut
2987 5559 3089 5595 non
3122 5536 3403 5597 timeamus
3433 5546 3483 5598 in
3515 5555 3655 5597 tem-

2096 5623 2220 5690 pore
2244 5608 2535 5690 jtltilCiI-Idtii.
2570 5608 2924 5690 Quod-autem
2956 5612 3387 5690 dicit;_Judicabo
3402 5615 3657 5690 justitins,

2097 5680 2369 5755 tripliciter
2397 5678 2608 5755 dicitur,
2642 5682 2869 5755 scilicet,
2901 5686 2981 5737 vel
3026 5684 3275 5751 iudicabo
3320 5678 3574 5755 jus'titias,
3606 5685 3658 5738 id

2093 5758 2193 5811 est,
2224 5748 2367 5816 justc
2393 5749 2659 5818 judiCaba,
2697 5753 2774 5824 vel
2806 5752 2923 5806 illos
2964 5748 3049 5823 qui
3083 5748 3382 5824 etnpbatice
3420 5767 3543 5810 sttit
3573 5757 3655 5806 di-

2094 5824 2241 5875 cendt
2272 5824 2379 5891 ipsi
2428 5823 2647 5892 justitia,
2679 5822 2833 5895 digne
2856 5822 3132 5896 jtttltCabo,
3174 5822 3233 5884 id
3270 5838 3372 5897 est,
3407 5839 3653 5886 seorsum
