4010 6190
365 352 471 410 88⁸5

374 478 633 544 separabo
695 477 832 530 sicut
888 484 1102 528 sanctos
1157 470 1463 540 apostolos,
1519 465 1601 520 vel
1668 461 1928 533 separabo
1959 452 2005 509 Δ

359 546 1003 618 justitiasabittjUstitiis.
1053 612 1082 618 _
1422 607 1434 618 _
1678 606 1688 617 ,
1749 604 1783 618 ,,

438 617 733 685 Liquefacta
757 604 830 668 Est
859 626 1012 685 terra:
1044 612 1189 685 qus
1213 620 1293 663 est
1319 618 1376 663 tit
1405 607 1647 685 ⁸Ῑιιειίιίτιιε
1672 604 1927 685 iudicem,

364 687 485 757 quia
514 676 642 748 tale,
676 686 815 750 quod
836 696 918 757 est
946 682 1256 757 adniistum,
1279 679 1416 746 quod
1441 691 1656 757 necesse
1679 676 1749 757 sit
1776 688 1931 754 sepa-

366 749 526 821 rare;
561 771 678 807 nam
708 756 846 822 quod
878 764 1011 806 terra
1041 752 1316 824 liquefacta
1340 749 1671 824 __est._id_est,
1704 749 1931 824 terrenis

366 819 809 891 concupisceniiis
859 825 1034 876 carnis
1087 822 1275 887 dediti,
1322 819 1561 895 dissoluti
1621 824 1763 895 sunt,
1805 819 1927 895 quia

365 896 487 965 «inid
510 887 657 947 aliud
678 896 778 947 vita
814 895 994 946 talium
1023 902 1124 965 est,
1154 907 1311 965 quam
1352 887 1922 965 quzedamditnuxioa

365 964 616 1019 Creatore
643 981 745 1037 suo
767 965 797 1018 7
818 965 964 1037 Sicut
992 963 1132 1018 enim
1156 960 1420 1037 charitate
1441 958 1786 1037 superiorum
1807 958 1926 1037 ani-

370 1050 489 1088 mus
510 1035 893 1095 consolidatttr,
947 1034 1016 1087 ita
1048 1032 1339 1098 cupiditate
1369 1039 1703 1083 terrenorum
1734 1024 1929 1078 dissol-

366 1107 526 1170 vitur,
552 1115 597 1157 et
628 1122 798 1158 omnes
817 1106 905 1171 qui
931 1103 1160 1157 habitant
1188 1103 1239 1154 in
1277 1117 1355 1153 ea.
1388 1099 1444 1151 Si
1472 1106 1683 1171 terram
1708 1111 1802 1164 pro
1823 1105 1929 1171 ter-

368 1167 593 1228 r'enitate
621 1167 934 1237 accipimus,
968 1184 1093 1227 tunc
1139 1174 1373 1226 dicemus
1398 1168 1516 1244 quia
1573 1167 1647 1220 illi
1698 1168 1928 1244 maxime

367 1244 628 1317 liquefacti
660 1236 803 1303 sunt.
832 1246 917 1312 qui
936 1244 1173 1317 [tabitant
1200 1244 1253 1294 in
1282 1258 1339 1294 ea
1358 1283 1371 1303 ,
1401 1236 1458 1317 id
1490 1246 1599 1317 est,
1623 1236 1711 1317 qui
1759 1236 1927 1317 magis

365 1310 699 1368 delectamur
736 1317 785 1368 in
817 1310 899 1368 ea.
929 1313 983 1368 Si
1018 1328 1145 1366 vero
1176 1322 1367 1367 terram
1401 1310 1469 1362 ita
1493 1310 1743 1373 accipias,
1774 1315 1830 1358 ιιι
1858 1310 1929 1357 ειι

366 1384 648 1457 continens
679 1401 771 1457 pro
800 1393 1072 1457 contento,
1099 1392 1223 1457 tunc
1269 1380 1582 1447 simpliciter
1611 1378 1715 1457 erit
1743 1385 1927 1457 osten-

366 1455 447 1507 sio
472 1470 636 1521 quare
666 1446 803 1507 dicat
834 1466 1026 1509 terram
1052 1446 1403 1519 liquefactam,
1427 1457 1641 1517 propter
1662 1446 1924 1511 homines,

371 1525 595 1591 scilicet,
633 1526 719 1579 oui
745 1524 983 1577 habitant
1015 1526 1063 1575 in
1095 1538 1177 1576 ea.
1204 1522 1491 1590 Sequitur:

439 1593 504 1647 Et
526 1590 828 1662 conﬁrmavi
855 1592 1116 1647 columnas
1147 1594 1274 1663 ejus.
1305 1590 1591 1663 Columnas
1634 1597 1797 1663 terrae1
1829 1601 1926 1640 vo-

366 1674 455 1717 cat
482 1664 602 1717 illos
623 1657 809 1729 'super
837 1678 972 1731 quos
1024 1657 1244 1718 terra'in
1274 1676 1332 1716 se
1375 1661 1632 1731 dissoluta
1663 1657 1923 1710 aedificata

370 1734 758 1801 consolidatur,
794 1730 1015 1793 scilicet.
1048 1743 1261 1786 sanctos
1289 1730 1770 1801 apostolos,;_super
1788 1741 1921 1794 quos

369 1798 650 1857 aedilicium
702 1805 825 1857 illttd
856 1803 1125 1855 fundatum
1172 1810 1271 1862 est,
1317 1801 1383 1853 de
1430 1814 1534 1865 quo
1562 1798 1761 1850 dictum
1791 1805 1871 1849 est
1906 1812 1921 1849 :

366 1870 465 1945 Dei
493 1874 764 1943 tediﬁcatio
810 1874 958 1932 estis,
1008 1872 1100 1925 Dei
1151 1871 1466 1939 agricultura
1514 1868 1651 1922 estis.
1703 1865 1793 1945 lla;
1836 1880 1926 1945 co-

370 1936 857 2016 lumnae-quodam
892 1953 1045 2016 terra:
1094 1936 1239 1995 moiu
1296 1947 1651 2016 notaverunt,
1701 1936 1822 2016 quia

375 2024 549 2068 morte
574 2004 779 2067 Domini
827 2012 1200 2066 dubitaverunt
1245 2021 1297 2065 et
1342 2010 1783 2071 desperaverunt,
1840 2004 1927 2058 di-

374 2094 559 2137 centes
603 2106 614 2138 ;
665 2085 776 2137 Nos
828 2083 1131 2149 putabamus
1162 2122 1177 2145 ,
1232 2080 1365 2150 quod
1410 2080 1758 2150 redempturus
1800 2084 1930 2150 esset

372 2150 576 2218 Israel;
629 2154 743 2222 ipse
775 2146 900 2207 vero
945 2146 1364 2221 resurgens'eos
1401 2147 1754 2222 confirmavit,
1807 2146 1929 2211 quia

368 2217 695 2296 mortemeis
718 2238 822 2296 non
853 2237 973 2277 esse
992 2217 1276 2296 timeiidam
1304 2217 1707 2296 demonstravit,
1743 2225 1927 2296 osten-

370 2293 545 2348 dendo
574 2294 901 2356 timentibus,
932 2308 1030 2347 nec
1055 2293 1225 2361 ipsmn
1256 2304 1447 2356 corpus
1474 2289 1525 2361 in
1558 2287 1927 2340 morientibus.

441 2362 565 2416 Diri
600 2365 808 2432 iniquis.
837 2358 1158 2435 Conﬁrmavi
1189 2358 1731 2435 itiqttatu_coltitrttias,
1759 2363 1817 2435 et
1836 2369 1932 2435 ρει·

370 2434 487 2487 illas
523 2425 797 2488 columnas
826 2435 933 2487 dixi
979 2434 1163 2499 iniquis
1195 2425 1295 2485 hoc
1329 2448 1341 2483 :
1378 2427 1745 2499 Nolite__agere
1787 2425 1933 2478 dein-

369 2519 497 2576 ceps
524 2505 716 2576 inique.
758 2504 973 2576 Iniquus
1014 2496 1133 2555 ideo
1162 2503 1306 2562 dicit,
1340 2500 1457 2567 quia
1488 2496 1689 2576 nullum
1720 2509 1930 2576 aequ'uq]

367 2564 796 2634 itivenit,'omnes
824 2564 957 2626 enim
999 2564 1420 2637 peccaverunt.'et
1448 2578 1591 2637 egent
1629 2566 1793 2634 gloria
1818 2564 1931 2617 Dei.

374 2642 439 2696 Et
459 2644 862 2710 delinquentibus
890 2636 1007 2709 post
1048 2642 1146 2695 hoc
1168 2636 1801 2710 dictum.iDerelinquere
1831 2642 1930 2710 est,

374 2714 554 2786 datum
589 2703 911 2781 praeceptum
945 2713 1235 2786 prmterire,
1272 2709 1617 2786 ἰιῇε-ἰιιψιιιιιι⁸
1641 2705 1793 2786 dixit
1823 2703 1934 2786 Νο-

370 2776 703 2838 literxaltare
732 2776 909 2836 cornu.
937 2783 1093 2854 Quasi
1120 2783 1257 2854 dicat
1276 2798 1289 2837 :
1307 2781 1361 2854 _Si
1383 2778 1582 2831 fecistis
1607 2776 1934 2854 iniquitatem

371 2868 467 2921 per
503 2854 889 2925 cupiditatem,
930 2846 1094 2906 nolite
1134 2850 1585 2925 dcl‘etulere_eam
1635 2860 1726 2914 per
1751 2846 1938 2925 elatio:

371 2919 515 2977 nem.
550 2925 649 2987 Qui
694 2927 834 2978 enim
880 2924 1207 2991 iniquitatem
1259 2920 1402 2982 facit,
1434 2919 1645 2985 iniquus
1686 2923 1770 2991 est
1801 2932 1812 2967 ε
1845 2919 1937 2991 qui

374 3007 506 3065 vero
550 2984 667 3046 eam
700 2993 953 3065 defendit,
976 2984 1053 3065 "et
1099 2994 1303 3060 iniquus
1345 3000 1447 3065 est,
1479 2984 1838 3065 etsuperbus:

372 3062 498 3131 quid
528 3078 693 3135 cornu
737 3063 896 3127 dicat,
924 3054 1308 3135 Subsequenter
1337 3057 1676 3135 determinat,
1701 3069 1762 3105 ac
1788 3056 1829 3135 si
1859 3054 1938 3106 di-

371 3124 459 3188 cat
489 3149 503 3189 :
541 3134 736 3197 Nolite,
768 3124 905 3197 dico,
935 3124 1172 3204 extollere
1209 3147 1365 3184 cornu
1404 3137 1621 3204 vestrum
1751 3124 1931 3188 altum,

371 3212 427 3259 et
455 3204 735 3259 humiliare
773 3218 936 3257 cornu
984 3204 1072 3256 Dei
1111 3202 1164 3257 in
1212 3205 1411 3255 imum:
1453 3198 1544 3251 sed
1575 3198 1745 3262 potius
1772 3208 1936 3248 cornu

375 3284 615 3346 nostrum
644 3275 931 3343 frangatur,
965 3284 1021 3346 ut
1048 3288 1213 3327 cornu
1245 3271 1347 3346 Dei
1373 3271 1424 3322 in
1458 3267 1609 3346 nobis
1648 3264 1930 3346 excitetur.

370 3345 551 3398 Cornu
583 3336 817 3398 nostrn'm
846 3336 928 3397 est
952 3344 1025 3397 de
1049 3342 1457 3409 pratsuinptione
1482 3348 1546 3409 et,
1571 3337 1638 3389 de
1665 3336 1892 3387 elatione
1920 3354 1931 3388 :

373 3429 538 3469 cornu
568 3430 693 3469 vero
725 3415 814 3468 Dei
864 3424 987 3468 sunt
1032 3408 1293 3487 virtutes,
1340 3426 1459 3487 qua:
1504 3408 1607 3487 alta
1655 3413 1837 3487 petunt
1882 3415 1938 3487 ut

377 3498 566 3556 cornu,
593 3497 645 3538 et
674 3501 765 3551 per
800 3499 891 3538 eas
916 3484 1200 3556 ventilatur
1226 3476 1487 3556 inimicus.
1522 3476 1937 3556 Etaoliteloqui

376 3547 693 3619 iniquitatem
737 3557 979 3608 adversus
1011 3554 1192 3615 Deum,
1231 3552 1373 3619 quod
1402 3550 1489 3604 ille
1517 3549 1669 3619 facit,
1712 3547 1798 3614 qui
1830 3547 1936 3599 Deo

376 3617 639 3678 subtrahit
678 3639 894 3690 regnum
944 3640 1117 3688 suum,
1169 3617 1388 3677 dicens:
1418 3617 1695 3685 Quomodo
1728 3626 1937 3681 putatur

384 3694 522 3749 Deus
550 3709 736 3764 regere
763 3695 1022 3757 incrtalia,
1049 3695 1316 3764 quomodo
1355 3690 1589 3744 creditur
1636 3701 1822 3741 curare
1847 3699 1939 3752 ea,

373 3780 507 3839 quae
535 3762 660 3839 sunt
691 3766 761 3839 _in
813 3765 990 3839 terra?
1018 3762 1224 3839 ‘U’tique
1270 3762 1312 3817 si
1358 3768 1568 3839 curaret
1607 3771 1688 3839 ea,
1723 3772 1825 3836 nou
1858 3765 1935 3810 tot

373 3830 499 3888 mali
532 3835 862 3889 abundarent
893 3830 1251 3907 felicitatibus,
1286 3840 1494 3907 uec‘tot
1518 3830 1641 3881 boni
1670 3830 1938 3907 opprime-

377 3914 559 3958 rentur
607 3906 896 3960 laboribus.
950 3905 1039 3960 Ille
1082 3919 1292 3974 quoque
1333 3901 1669 3974 iniquitatem
1702 3897 1936 3974 loquitur

376 3975 629 4047 adversus
650 3976 843 4047 Deum,
859 3979 947 4040 qui
971 3968 1182 4047 quando
1202 3968 1398 4047 aliquid
1423 3968 1636 4047 patitur,
1656 3968 1850 4047 injuste
1877 3982 1937 4020 se

378 4045 503 4097 illud
525 4048 627 4113 pati
647 4046 794 4099 dicit.
812 4046 875 4098 Et
909 4041 1182 4108 sicvillum,
1205 4041 1355 4110 cujus
1376 4041 1575 4113 judicio
1598 4042 1696 4092 hoc
1714 4041 1934 4113 patitur,

378 4109 630 4180 iujustum
654 4115 862 4178 asserit,
889 4128 949 4167 se
976 4119 1116 4167 enim
1135 4109 1408 4182 justtliciil,
1432 4123 1485 4165 et
1504 4111 1665 4182 Deum
1694 4109 1931 4182 damnat.

452 4184 583 4247 Quia
612 4199 767 4251 neque
794 4186 855 4236 ab
883 4186 1088 4247 oriente,
1131 4178 1289 4247 neque
1312 4183 1396 4235 ab.
1419 4181 1579 4247 Quasi
1605 4180 1744 4232 dieat
1772 4196 1783 4228 :
1811 4178 1933 4251 Ideo

385 4270 492 4328 non
521 4247 728 4328 debetis
759 4254 941 4328 facere
975 4255 1056 4328 vel
1081 4254 1245 4328 loqui
1292 4247 1931 4328 iniquitatem,“quiritium

379 4324 545 4394 judex
576 4333 659 4377 est
690 4324 899 4378 futurus
930 4324 1223 4391 iniquitatis
1255 4318 1463 4375 vestras.
1512 4318 1737 4394 Sedille
1771 4318 1930 4394 judex

380 4388 542 4463 itaque
572 4396 744 4449 veniet
775 4394 838 4446 ab
884 4388 1074 4447 oriente
1114 4403 1339 4451 tantum.
1385 4388 1647 4463 nequeab
1677 4388 1934 4463 occidente

379 4460 608 4529 tantum,
642 4481 801 4533 neque
844 4474 1044 4518 tantum
1076 4479 1109 4515 α
1154 4463 1362 4517 desertis
1392 4460 1662 4533 montibus,
1688 4460 1931 4533 quoniam

815 351 1013 407 BEDrE
1057 343 1502 403 \‘ENERABILIS
1540 340 1688 398 ΟΡΡ.
1734 333 1909 392 ΡΜιὸ
1948 331 2012 385 ιι.
2054 328 2244 388 SECT.
2287 332 2347 389 ll.
2388 362 2456 374 -—-
2497 330 2695 387 θυεμ.
2739 331 2823 385 ET
2864 331 3138 387 SPURIA.

1964 3166 2010 3228 C
2042 3166 2241 3232 dictum
2271 3166 2353 3233 est
2384 3195 2398 3232 :

3490 324 3597 384 834

2032 449 2156 505 dum
2189 451 2377 517 illuxit,
2410 451 2661 505 occidens
2693 449 2959 505 dicuntur.
2996 450 3201 502 Deserti
3231 457 3405 504 autem
3441 465 3594 502 mon—

2035 530 2111 574 tes
2136 533 2259 575 sunt
2290 521 2543 587 haeretici,
2569 522 2655 589 qui
2688 535 2745 574 se
2782 530 2987 573 montes
3020 520 3219 589 faciunt
3246 521 3589 586 usurpatione

2033 594 2342 661 magisterii,
2374 593 2468 645 sed
2502 603 2703 645 tantum
2736 591 2929 644 deserti
2958 599 3105 655 sunt,
3136 588 3259 659 quia
3292 590 3506 644 inutiles
3538 598 3593 642 et

2032 660 2340 717 infructuosi
2368 671 2512 716 sunt.

2105 730 2257 785 (tunc
2285 733 2539 790 humilior.
2564 740 2607 784 et
2637 731 2772 783 hunc
2800 733 3010 783 exaltat.
3042 728 3202 790 Deus,
3235 729 3445 795 inquam
3466 770 3482 795 ,
3509 729 3599 797 ju-

2031 800 2127 852 dex
2166 812 2336 854 vester
2379 814 2479 857 est.
2525 802 2657 867 Quid
2704 810 2879 853 autem
2926 800 3046 852 facit
3082 799 3245 867 jttdett
3299 801 3432 854 ille?
3461 803 3599 853 hunc

2030 871 2257 932 scilicet,
2286 872 2519 938 jactante
2544 889 2571 923 ιι
2622 874 2806 925 iuet-ita
2850 885 2940 923 sua
2991 871 3222 920 humiliat
3252 871 3389 923 sicut
3418 871 3588 923 illum.

2029 941 2118 1007 qui
2150 942 2358 995 dicebat
2390 959 2401 993 :
2440 942 2669 1004 Domine,
2698 942 2893 1010 gratias
2934 941 3022 993 tibi
3049 955 3166 1009 age,
3208 942 3325 1006 quia
3353 956 3453 992 non
3484 958 3599 992 sun.

2028 1010 2156 1062 sicut
2200 1013 2364 1064 ueteri
2391 1012 2676 1075 hominum,
2713 1022 2764 1062 et
2794 1011 3015 1078 reliqua,
3049 1025 3140 1078 per
3171 1026 3325 1075 quem
3352 1011 3600 1076 designa-

2032 1090 2113 1133 tus
2143 1093 2222 1134 est
2254 1084 2472 1149 populus
2497 1083 2604 1146 ille,
2629 1082 2980 1150 quijustitiam
3001 1096 3145 1132 suum
3166 1091 3387 1133 statuere
3407 1081 3595 1147 voluit,

2028 1159 2075 1201 et
2098 1153 2313 1219 justitia:
2346 1153 2435 1204 Dei
2458 1168 2558 1204 non
2587 1168 2691 1204 esse
2718 1152 2993 1219 subjectus.
3027 1150 3176 1204 Hunc
3198 1159 3372 1202 autem
3406 1151 3592 1217 alium,

2029 1222 2232 1274 Scilicet
2261 1222 2579 1276 clamantem
2604 1222 2860 1282 vulnerat,
2888 1234 2939 1274 et
2964 1221 3327 1274 humiliantem
3356 1236 3413 1273 se
3439 1225 3588 1272 exat—

2031 1298 2125 1360 tat,
2156 1293 2290 1344 sicut
2323 1292 2494 1357 illum,
2526 1292 2613 1360 qui
2639 1307 2734 1345 nec
2764 1292 2945 1345 oculos
2971 1291 3035 1343 ad
3067 1290 3257 1344 caelum
3294 1291 3471 1343 levare
3495 1306 3593 1342 au-

2028 1359 2205 1424 debat,
2263 1377 2353 1427 per
2387 1359 2553 1428 quem
2575 1362 2791 1427 gentilis
2840 1362 3064 1429 populus
3110 1361 3175 1413 de
3227 1360 3433 1413 meritis
3486 1376 3595 1413 "0n

2030 1445 2357 1499 prassuuiens
2403 1440 2487 1485 est
2538 1432 2865 1499 designatus.
2922 1431 2986 1483 Et
3036 1430 3157 1483 ideo
3198 1431 3331 1482 Ilu'tc
3385 1430 3598 1493 exultat,

2026 1498 2161 1550 hunc
2190 1500 2424 1553 bumiliat
2460 1516 2478 1554 :
2517 1501 2637 1569 quia
2662 1498 2818 1569 quasi
2849 1501 3012 1564 dicat,
3042 1500 3233 1554 similis
3262 1508 3344 1553 est
3374 1512 3592 1563 pramo-

2029 1570 2160 1623 tcnti
2192 1569 2476 1637 pincernzn,
2506 1572 2593 1638 qui
2640 1572 2691 1623 in
2728 1571 2886 1623 domo
2935 1569 3273 1637 imperatoris
3313 1569 3472 1622 habet
3499 1586 3599 1634 po-

2029 1652 2269 1695 testatcm
2301 1644 2440 1694 hunc
2468 1650 2522 1694 et
2547 1640 2687 1694 hunc
2716 1641 2951 1705 potandi.
3002 1642 3236 1708 Namque
3267 1640 3406 1692 calix
3432 1650 3513 1693 est
3546 1641 3601 1693 in

2026 1727 2182 1764 manu
2215 1708 2438 1771 Domini,
2470 1726 2575 1777 quo
2605 1719 2750 1776 potet
2778 1725 3146 1777 quemcunque
3180 1710 3329 1764 velit.
3361 1709 3594 1763 Calicem

1958 1799 1999 1857 Β
2028 1789 2184 1835 vocat
2225 1780 2543 1857 sententiam
2572 1780 2798 1857 districti
2836 1779 3050 1847 judicis,
3083 1780 3169 1844 qui
3199 1780 3341 1857 calix
3373 1792 3453 1857 est
3486 1781 3599 1846 ple-

2030 1867 2129 1906 nus
2174 1850 2351 1914 misto,
2380 1850 2500 1918 quia
2533 1851 2770 1904 continet
2817 1861 2869 1902 et
2911 1848 3395 1903 remunerationem
3435 1850 3602 1902 bono-

2030 1937 2170 1983 rum,
2198 1929 2250 1973 et
2291 1920 2686 1973 damnationem
2735 1921 3015 1972 malorum.
3052 1920 3118 1972 Et
3148 1929 3323 1972 tamen
3371 1928 3455 1972 cst
3500 1920 3604 1974 vini

2030 1994 2179 2053 meri,
2205 1990 2324 2058 quia
2357 1990 2408 2042 in
2440 1999 2627 2042 neutra
2674 1999 2819 2051 parte
2860 1989 2991 2043 nihil
3028 1989 3125 2041 nisi
3171 1989 3258 2054 qui
3291 2004 3517 2052 merum,
3547 1988 3597 2044 id

2031 2070 2133 2123 est,
2161 2063 2359 2127 justum
2388 2060 2477 2127 sit,
2510 2060 2584 2111 fit.
2629 2059 2693 2112 Et
2738 2061 2875 2113 hunc
2918 2058 3137 2113 calicem
3165 2058 3425 2111 inclinavit
3459 2061 3602 2126 prius

2033 2132 2145 2199 ipse
2184 2131 2237 2182 in
2275 2130 2370 2181 hoc
2394 2128 2504 2198 jus,
2538 2130 2584 2181 id
2617 2139 2717 2194 est,
2762 2131 2813 2181 in
2860 2128 3283 2183 remunerandos
3332 2128 3519 2199 bonos,
3548 2141 3603 2183 et

2032 2198 2095 2254 ea:
2124 2202 2217 2254 hoc
2244 2213 2367 2253 vase
2390 2204 2442 2251 in
2487 2199 2629 2252 aliud
2659 2214 2771 2262 Vils,
2801 2200 2849 2252 ιιι
2880 2208 2982 2263 εει,
3030 2202 3081 2251 in
3122 2198 3452 2251 danmandos
3483 2215 3598 2250 ma-

2035 2271 2115 2323 los
2144 2270 2262 2323 :vel
2288 2283 2319 2323 e
2343 2282 2621 2335 converso,
2655 2280 2807 2336 prout
2838 2268 2925 2321 tibi
2960 2269 3235 2335 placuerit.
3269 2268 3332 2321 Et
3359 2269 3600 2336 quamvis

2034 2340 2333 2405 inclinaret,
2368 2348 2543 2392 tamen
2591 2356 2693 2393 non
2726 2339 2796 2393 ita
2842 2339 3035 2392 factum
3064 2349 3145 2392 est
3191 2340 3242 2391 in
3285 2339 3387 2391 hoc
3415 2338 3599 2402 calice,

2033 2411 2169 2463 sicut
2199 2409 2336 2462 solet
2364 2408 2475 2462 ﬁeri
2526 2411 2577 2462 itt
2605 2411 2746 2474 aliis,
2780 2415 2899 2477 quia
2933 2408 3029 2461 faex
3058 2409 3173 2475 ejus
3202 2418 3596 2477 quantumcun-

2034 2495 2139 2545 que
2175 2479 2541 2542 iuclinaretur,
2587 2496 2687 2532 non
2726 2492 2798 2532 est
2828 2480 3106 2542 exinanita,
3150 2479 3199 2531 id
3246 2493 3353 2541 εει,
3386 2495 3488 2531 nuit
3520 2489 3603 2533 est

2036 2549 2202 2603 elIusa
2231 2568 2243 2601 :
2271 2550 2390 2617 quia
2431 2550 2501 2603 ibi
2533 2552 2675 2603 nulla
2726 2551 2823 2604 iam
2856 2558 2990 2611 erat,
3023 2550 3113 2601 sed
3164 2549 3334 2601 solum
3368 2563 3597 2615 uterum,

2038 2631 2094 2672 ut
2122 2619 2481 2685 praediximus.
2516 2620 2579 2673 Et
2611 2632 2784 2673 tamen
2816 2619 2979 2671 bibent
3008 2619 3074 2672 de
3104 2620 3266 2672 calice
3300 2620 3409 2682 illo,
3443 2635 3597 2686 ptout

2036 2704 2135 2742 con
2149 2690 2361 2741 veniens
2387 2693 2508 2756 erit,
2541 2705 2711 2743 omnes
2752 2699 3033 2757 peccatores
3063 2699 3228 2749 terra,
3261 2689 3310 2741 id
3354 2698 3458 2754 est,
3484 2695 3601 2757 qui-

2038 2774 2246 2826 cunque
2274 2760 2469 2812 terreni
2498 2758 2954 2826 praevaricatores,
2980 2761 3066 2825 qui
3097 2769 3151 2810 ut
3184 2763 3251 2812 ita
3280 2760 3475 2823 dicam,
3510 2763 3601 2812 la:—

2038 2840 2189 2883 ceteo
2220 2839 2341 2892 potu
2372 2838 2577 2882 tantum
2619 2831 2760 2898 digni
2796 2829 3120 2883 viderentur.
3161 2828 3248 2882 Vel
3276 2831 3429 2883 aliter
3457 2848 3469 2881 :
3501 2831 3596 2882 Ca-

2042 2900 2113 2953 lix
2162 2909 2243 2952 est
2288 2900 2549 2967 scriptura
2598 2910 2703 2953 tota
2763 2900 2965 2953 Veteris
3013 2900 3362 2965 Testamenti,
3396 2901 3447 2953 itt
3497 2914 3597 2967 qua

2042 2970 2169 3023 latet
2211 2970 2500 3035 Spiritualis
2531 2971 2850 3030 intellecuis,
2884 2970 3027 3023 velut
3056 2972 3103 3020 in
3152 2972 3278 3023 tscce
3306 2971 3595 3023 carnalium

2041 3051 2520 3094 Sacramentorum.
2568 3039 2635 3094 Et
2667 3042 2786 3093 inde
2830 3040 3094 3106 eliquatur
3140 3055 3343 3092 merum
3396 3042 3597 3103 vinum,

2045 3110 2093 3162 id
2123 3119 2223 3172 est,
2268 3111 2556 3177 spiritualis
2589 3112 2677 3165 ille
2727 3110 3046 3165 intellectus.
3080 3109 3227 3165 Unde
3261 3109 3367 3172 ille,
3402 3112 3468 3162 de
3495 3126 3601 3176 quo

2431 3180 2532 3247 Qui
2565 3197 2623 3234 se
2663 3181 2922 3243 humiliat,
2955 3190 3187 3247 potetur,
3235 3181 3341 3233 imo
3374 3181 3600 3235 inebrie-

2044 3259 2145 3303 tur.
2176 3249 2332 3302 Juxta
2363 3250 2485 3303 illttd
2512 3266 2526 3304 :
2558 3251 2706 3304 Calia:
2738 3250 2943 3303 Domini
2987 3251 3260 3314 inebrians,
3290 3267 3442 3319 quam
3467 3264 3603 3319 pra:-

2039 3321 2209 3374 clarus
2255 3333 2348 3372 est.
2382 3321 2560 3374 Fauces
2598 3331 2773 3375 autem
2805 3321 3118 3375 resederunt
3150 3322 3242 3386 ibi,
3270 3322 3411 3375 unde
3458 3330 3602 3384 pote-

2041 3400 2126 3443 tur
2158 3391 2267 3456 ille,
2293 3393 2357 3443 de
2387 3406 2492 3459 quo
2517 3393 2715 3446 dictum
2738 3399 2820 3446 est
2844 3408 2855 3443 :
2892 3391 2991 3455 Qui
3016 3406 3068 3443 se
3101 3392 3311 3444 exultat.
3340 3390 3492 3457 Quod
3522 3401 3603 3443 est

2038 3461 2218 3515 dicere
2243 3478 2254 3512 :
2292 3460 2412 3514 Ideo
2441 3461 2679 3514 humiliat
2708 3462 2866 3526 hunc,
2892 3469 2937 3513 et
2981 3462 3114 3513 hunc
3147 3461 3358 3527 exultat,
3384 3461 3475 3529 qui
3508 3478 3601 3526 po-

2039 3541 2156 3583 tens
2186 3540 2286 3584 est.
2321 3531 2560 3600 Namque
2587 3531 2722 3585 calix
2777 3530 3059 3598 praedictus
3108 3540 3191 3584 est
3243 3532 3293 3583 in
3346 3547 3524 3598 ntanu,
3554 3530 3601 3583 id

2039 3610 2140 3664 est,
2175 3602 2223 3654 itt
2254 3599 2514 3668 poteState
2546 3600 2772 3654 Domini.
2794 3599 2941 3654 Calix
2972 3600 3094 3655 dico
3119 3601 3221 3654 vini
3251 3602 3396 3664 meri,
3424 3603 3473 3653 id
3498 3612 3604 3667 est,

2038 3672 2319 3725 continens
2369 3668 2695 3739 spiritualem
2747 3672 3096 3736 intellectum,
3130 3682 3376 3739 tanquam
3424 3672 3601 3724 vinum

2039 3756 2265 3794 merum.
2299 3742 2363 3794 Et
2391 3750 2474 3795 est
2505 3749 2680 3796 tamen
2727 3742 2913 3809 plenus
2944 3740 3121 3806 niisto,
3164 3741 3215 3794 id
3264 3750 3363 3806 est,
3405 3744 3601 3794 carnali

2037 3810 2337 3873 intellectu,
2388 3811 2478 3880 qui
2525 3822 2610 3866 est
2653 3812 2803 3881 quasi
2859 3812 3110 3877 mistum,
3163 3812 3213 3864 id
3262 3818 3382 3875 est,
3428 3816 3605 3865 turbu-

2039 3881 2237 3935 lentum
2300 3884 2503 3936 vinum.
2563 3881 2627 3934 Et
2692 3885 2831 3935 hunc
2878 3883 3094 3936 calicem
3143 3882 3400 3934 inclinavit
3466 3883 3604 3947 prius

2039 3952 2153 4019 ipse
2193 3954 2245 4005 iu
2290 3952 2386 4005 hoc
2441 3966 2563 4017 vas,
2619 3951 2669 4006 id
2718 3962 2820 4016 est,
2880 3954 2932 4005 in
2987 3954 3271 4020 superbum
3323 3951 3603 4005 Judaicuui

2039 4025 2325 4089 populum,
2378 4031 2434 4077 et
2483 4023 2672 4076 infudit
2717 4023 2787 4076 ibi
2832 4023 3064 4075 mistum.
3127 4023 3189 4075 Et
3234 4037 3296 4075 ea:
3345 4024 3439 4074 hoc
3486 4037 3605 4076 vase

2037 4093 2307 4146 inclinavit
2348 4095 2401 4145 in
2441 4092 2535 4146 hoc
2571 4092 2714 4146 aliud
2756 4108 2877 4161 vas,
2926 4094 2977 4145 id
3029 4103 3131 4160 est,
3179 4094 3230 4145 in
3278 4092 3503 4146 humiles
3540 4092 3606 4146 de

2035 4164 2313 4230 gentibus,
2382 4171 2438 4216 et
2499 4161 2685 4216 inludit
2739 4163 2811 4216 ibi
2871 4178 3095 4217 merum.
3149 4162 3252 4215 Sed
3304 4176 3603 4231 quanquam

2034 4234 2193 4287 etiam
2236 4234 2336 4287 hoc
2366 4233 2692 4297 inclinasset,
2747 4242 2913 4303 tamen
2952 4234 3055 4303 [rex
3092 4234 3206 4302 ejus
3254 4249 3355 4284 non
3395 4246 3467 4285 est
3495 4234 3605 4285 exi-

2035 4307 2229 4371 nanita,
2278 4305 2371 4358 sed
2420 4303 2619 4357 resedit
2669 4305 2842 4371 potius
2880 4302 3020 4369 facit,
3072 4307 3193 4372 quia
3238 4312 3606 4358 remanserunt

2033 4374 2231 4428 Judteis
2272 4386 2326 4427 et
2376 4376 2549 4428 littera
2604 4385 2656 4426 et
2698 4374 2939 4427 carnales
2983 4373 3357 4435 observantiae,
3412 4385 3465 4426 et
3506 4374 3607 4427 hoc

2038 4448 2195 4498 modo
2222 4444 2387 4497 bibent
2412 4446 2479 4498 de
2502 4444 2665 4498 calice
2693 4445 2785 4496 illo
2809 4458 2980 4496 autnes
3003 4453 3293 4511 peccatores
3319 4452 3484 4508 teri-te,
3518 4446 3610 4497 ltu-

381 4514 1125 4604 insatufuia,atque
1159 4514 1416 4600 praesens
1458 4541 1562 4596 εει,
1611 4514 1804 4604 "biit"?
1836 4544 1929 4604 νει·
1970 4527 2018 4587 υ
2044 4515 2470 4604 ἷ¹ξῖ¹εὲ³ηίέ¹3ἷί¹θέ¹3ν
2502 4524 2581 4604 ῩῙ,
2605 4514 3322 4604 Ρίῗθὲἓῖίῗε,ἓΡέμθθὲίξξῗθΨῩδ
3351 4529 3603 4604 ’319Ψὲμῖ

379 4606 568 4678 blicus,
602 4605 814 4678 tibique
857 4599 1113 4678 occultus.
1156 4599 1340 4678 Neque
1385 4604 1527 4656 enim
1561 4600 1834 4678 venie-t‘de

382 4668 886 4748 \-crsis_locis',ised
934 4676 1118 4748 estin
1148 4668 1398 4748 cordibus
1445 4668 1777 4748 veStris.__Et
1822 4668 1942 4748 talis

380 4750 483 4799 erit
514 4746 606 4809 ibi,
640 4747 809 4814 qualis
840 4756 894 4800 et
932 4756 985 4799 tu
1027 4746 1257 4799 futurus.
1289 4744 1343 4799 Si
1385 4746 1576 4804 bonus,
1606 4739 1818 4814 atljutur
1849 4755 1860 4790 :
1896 4739 1941 4792 si

383 4808 841 4883 malus,ptinitor.
887 4816 1037 4870 Nulla
1085 4830 1212 4882 ergo
1246 4816 1361 4883 fuga
1394 4820 1578 4873 restat,
1616 4811 1714 4863 nisi
1763 4808 1945 4875 lugere

383 4888 451 4938 ab
481 4887 616 4938 irato
644 4886 710 4937 ad
743 4887 1025 4951 placatum.
1052 4885 1300 4939 Desertos
1326 4894 1533 4938 montes
1556 4890 1709 4951 vocat
1738 4890 1946 4931 austra-

383 4956 487 5007 lem
536 4964 589 5024 et
637 4950 1109 5021 septentrionalem
1144 4956 1373 5024 plagam,
1419 4967 1584 5022 quare
1628 4950 1790 5003 altera
1825 4962 1945 5024 pro-

385 5034 501 5091 pter
531 5020 718 5093 frigus,
764 5026 934 5079 altera
981 5020 1197 5093 prepter
1222 5020 1451 5079 calorem
1493 5023 1702 5076 deserta
1745 5031 1846 5093 est.
1880 5020 1948 5093 tit

384 5087 511 5167 sunt
555 5087 785 5167 tribules,
829 5096 949 5162 quia
981 5087 1117 5149 ἐιιιιι
1153 5096 1448 5167 eminentes
1501 5099 1704 5161 partes,
1750 5090 1850 5142 hoc
1876 5087 1947 5167 ad

386 5165 639 5219 litteram.
677 5165 978 5239 Allegorice
1005 5181 1215 5239 quoque
1260 5164 1526 5239 praedictae
1554 5170 1731 5239 partes
1772 5164 1946 5239 accgpi

388 5245 629 5303 possunt,
658 5247 712 5289 ut
740 5231 823 5289 sic
845 5236 1051 5289 dicatur
1080 5253 1091 5287 :
1130 5231 1384 5289 ldeohou
1415 5232 1624 5286 debetis
1667 5231 1947 5303 loquiﬁini-

386 5299 664 5376 quitatem,
691 5308 827 5379 quia
870 5304 1127 5379 judicium
1158 5306 1225 5358 de
1270 5313 1444 5359 vestra
1477 5303 1758 5379 iniquitate
1807 5299 1949 5379 lutu-

390 5370 504 5429 r'utn
542 5370 659 5430 est.
687 5370 801 5430 Non
834 5370 1013 5430 autem
1046 5378 1357 5436 humanum,
1396 5374 1539 5441 quod
1597 5371 1766 5437 possit
1814 5370 1946 5441 l'alli,

387 5448 516 5519 quia
530 5448 704 5519 juilex
738 5458 932 5519 vester
957 5463 1117 5519 neque
1159 5447 1261 5519 erit
1302 5445 1364 5497 ab
1398 5439 1610 5507 oriente,
1630 5441 1839 5519 ,ιε’-εει,
1885 5439 1952 5519 de

389 5510 495 5569 illis
527 5510 853 5589 hominibus,
880 5516 970 5586 qui
998 5510 1122 5571 sunt
1150 5516 1351 5589 oriens,
1395 5528 1573 5589 neque
1611 5512 1678 5565 de
1708 5510 1829 5574 illis.
1858 5510 1952 5589 {illi

388 5594 511 5637 sunt
537 5588 811 5653 occidens,
840 5582 1019 5653 neque
1058 5604 1090 5641 a
1140 5588 1349 5640 desertis
1394 5582 1955 5653 montibus,‘quon‘ia_tn

396 5654 529 5706 Deus
552 5656 715 5726 judex
746 5649 947 5709 tantum
975 5649 1153 5711 vester
1180 5658 1300 5717 erit,
1333 5656 1485 5722 cujus
1533 5651 1791 5726 judicium
1840 5649 1952 5702 falli

394 5736 499 5775 non
532 5722 741 5789 iuuerit.
773 5726 966 5778 Oriens
999 5727 1241 5779 homines
1266 5727 1338 5778 illi
1366 5736 1638 5785 vorantur,
1662 5724 1748 5787 qui
1781 5722 1953 5773 lucem

386 5793 610 5865 justitite
640 5804 989 5862 perceperunt
1025 5813 1035 5847 :
1068 5796 1259 5863 quibus
1291 5809 1414 5849 vero
1456 5794 1532 5848 sol
1571 5792 1785 5862 justiti-.2
1820 5806 1951 5844 nou-

2042 4588 2167 4639 elati
2212 4601 2358 4651 vero,
2389 4596 2441 4638 et
2495 4585 2584 4653 qui
2613 4599 2672 4638 se
2713 4584 3040 4652 justiticant,
3072 4584 3307 4636 mistum.
3361 4585 3424 4637 Et
3468 4594 3607 4635 SlCtll

2043 4658 2287 4709 bibentes
2329 4656 2541 4709 mistum
2589 4663 2947 4717 evanescent,
2983 4655 3052 4706 ita
3084 4654 3324 4706 bibentes
3374 4669 3599 4718 merum,

2045 4726 2342 4795 proﬁcient.
2380 4725 2471 4779 Vel
2513 4725 2707 4795 aliter:
2745 4723 2925 4789 Calix,
2973 4723 3025 4795 id
3071 4732 3173 4787 est,
3207 4724 3465 4795 scriptura
3505 4727 3603 4776 ιε-

2046 4792 2172 4852 ieris
2214 4794 2537 4850 'l‘estainenti
2567 4803 2650 4849 est
2682 4796 2735 4846 in
2765 4810 2916 4846 manu
2960 4792 3188 4854 Domini,
3225 4794 3275 4845 in
3308 4810 3411 4859 quo
3439 4795 3605 4846 calice

2044 4876 2128 4922 est
2152 4868 2328 4920 viuuin
2372 4882 2596 4926 merum,
2624 4867 2673 4917 id
2703 4876 2803 4929 est,
2836 4865 3059 4931 simplex
3089 4873 3144 4917 et
3184 4863 3381 4927 littera,
3413 4866 3492 4916 vel
3526 4864 3605 4915 in-

2046 4939 2307 4999 tellecms,
2343 4946 2597 5002 quantum
2629 4936 2692 4987 ad
2723 4934 2961 4998 Judatos,
2993 4935 3077 5002 qui
3110 4935 3223 4986 sola
3253 4934 3483 4986 carnalia
3521 4938 3601 4986 in-

2045 5012 2239 5061 sistunt
2266 5022 2278 5059 :
2310 5010 2490 5074 plenus
2521 5022 2647 5059 vero
2677 5007 2824 5057 misto
2849 5013 2952 5069 est,
2988 5014 3242 5071 quantum
3270 5003 3335 5074 ad
3370 5018 3487 5069 nus,
3514 5003 3602 5072 qui

2048 5094 2141 5147 per
2169 5073 2399 5131 carnalia
2429 5078 2766 5131 ascendimus
2811 5076 2877 5127 ad
2899 5075 3222 5147 epiritualia.
3254 5073 3318 5125 Et
3347 5076 3486 5126 hunc
3508 5092 3605 5124 ca-

2048 5145 2201 5203 licem
2226 5149 2487 5201 inclinavit
2516 5148 2569 5200 in
2596 5147 2691 5199 hoc
2719 5161 2824 5207 vas,
2859 5145 2909 5198 id
2938 5154 3041 5208 est,
3072 5145 3122 5196 ιιι
3153 5147 3476 5211 primitivum
3508 5157 3605 5210 po-

2050 5221 2239 5287 pulum»
2282 5220 2553 5284 Ecclesize,
2586 5228 2638 5271 et
2687 5216 2882 5287 inludit
2916 5213 3005 5287 ibi
3036 5215 3277 5287 mixtum.
3309 5212 3375 5266 Et
3409 5229 3471 5267 ea:
3518 5214 3613 5266 Ιιοε

2051 5284 2176 5343 vase
2213 5291 2265 5341 ιιι
2314 5291 2416 5341 hoc
2457 5289 2596 5340 aliud
2629 5300 2719 5339 vas
2762 5284 3073 5338 inclinavit:
3103 5285 3229 5352 quia
3260 5298 3354 5351 per
3396 5294 3609 5338 sanctos

2050 5359 2319 5423 apostolos
2351 5369 2403 5412 et
2431 5359 2561 5411 alios
2596 5356 2897 5426 primitivos
2926 5355 3163 5426 mistum,
3186 5365 3238 5409 et
3267 5356 3318 5405 itt
3353 5355 3611 5421 pomerio.

2051 5431 2199 5482 ribus
2227 5431 2294 5483 de
2338 5424 2833 5498 getttibusliuludit.
2862 5424 2965 5478 Sed
2997 5438 3299 5498 quanquam
3335 5432 3390 5498 et
3420 5426 3471 5478 in
3513 5426 3613 5498 bus

2053 5496 2377 5563 inclinasset,
2409 5501 2510 5564 [res
2553 5510 2719 5550 taruen
2765 5498 2877 5566 ejus
2925 5510 3025 5548 non
3070 5504 3148 5566 est.
3179 5496 3463 5560 exinanita,
3489 5496 3613 5563 quia

2052 5572 2225 5624 adhuc
2270 5576 2642 5625 remanserunt
2679 5564 2925 5636 quidam
2972 5564 3225 5636 vilissima
3272 5567 3523 5636 carnalis,
3557 5575 3617 5618 ut.

2053 5655 2172 5709 qua:
2198 5638 2364 5699 Judiei
2395 5654 2589 5709 pueros
2613 5634 3015 5709 circuiiiridunt,
3042 5645 3093 5688 et
3115 5635 3213 5687 alia
3240 5634 3363 5709 talia
3389 5634 3615 5709 faciunt.

2054 5705 2183 5777 Quae
2228 5725 2355 5764 vero
2396 5705 2602 5777 majora
2633 5716 2757 5760 sunt
2800 5707 2954 5775 legis,
2984 5705 3416 5777 praetermittunt,
3447 5716 3505 5761 et
3548 5707 3617 5762 de

2057 5775 2155 5837 hac
2187 5782 2315 5837 ltece
2347 5775 2530 5837 bibent
2569 5792 2754 5836 omnes
2801 5785 3111 5847 peccatores
3143 5784 3298 5830 terra:
3344 5775 3614 5836 inhaeren-
