4010 6190
326 351 434 405 855

1008 346 1072 403 ΙΝ
1111 346 1527 405 Ρειιιιοιιυιι
1568 343 1821 402 LIBRUM
1863 342 1917 397 Εζ

2019 339 2225 399 GESIS.
2266 374 2334 385 —
2378 340 2617 400 I‘SALiI.
2662 338 2875 398 LXXV.

3480 339 3585 397 888

328 471 435 523 tos,
470 474 575 512 non
623 456 765 523 quod
804 457 1056 513 omnibus
1100 459 1209 512 sint
1249 456 1602 513 observantia?
1634 456 1895 517 carnales,
1929 456 1974 511 Α
2005 462 2056 507 et
2088 452 2208 524 ideo
2250 471 2354 507 non
2405 455 2697 521 glorientur
2745 457 2999 521 amplius,
3034 457 3170 524 quoi
3226 458 3275 510 Eu
3312 456 3387 509 eis
3418 468 3578 509 notus

330 532 422 584 sed
456 529 590 584 sicut
640 527 737 593 illi,
769 528 856 595 qui
907 528 958 581 in
1007 528 1359 582 observandis
1388 529 1492 581 illis
1540 528 1898 589 delectantur,

328 602 484 667 quasi
532 598 597 652 de
625 598 759 651 faece
806 598 1026 651 bibunt:
1062 599 1132 652 ita
1160 613 1490 667 quaecunque
1540 598 1591 650 in
1631 596 1903 667 aliquibus

329 666 635 724 carnalibus
665 668 1014 733 delectantur,
1046 674 1194 734 quasi
1242 668 1516 737 cujusdam
1554 669 1698 737 l'a'cis
1741 666 1905 737 parti-

332 741 481 807 cipes
511 748 654 793 sunt.
695 737 802 807 Ego
827 749 993 790 autem
1023 750 1072 789 ct
1105 739 1206 794 mei
1237 735 1428 807 (quasi
1455 738 1589 790 dicat
1614 735 1634 806 )
1667 740 1729 790 de
1775 735 1906 807 hcce

331 805 421 866 illa
457 825 561 862 non
593 805 859 862 bibemus.
894 808 983 862 Vcl
1026 805 1317 862 secundum
1361 809 1569 874 priores
1604 805 1905 860 sententias

332 881 519 934 dieens
543 895 556 933 :
585 878 692 948 Ego
714 889 957 932 autemet
980 881 1082 932 mei
1106 893 1345 932 seorsum
1371 879 1633 940 bibemus,
1654 876 1774 944 quia
1804 891 1905 948 ego

331 945 646 1004 annuntiabo
675 959 727 1001 et
757 950 912 1001 dictis
938 959 993 1002 ct
1035 947 1188 1002 lactis
1216 949 1265 1002 in
1300 964 1382 1002 me
1409 956 1463 1002 et
1492 948 1542 1000 in
1577 950 1730 1007 meis,
1761 945 1903 1014 quad

334 1019 754 1073 annnutiandum
787 1029 868 1071 e~t
897 1020 949 1069 in
979 1020 1072 1070 hoc
1105 1033 1341 1085 praesens
1370 1018 1635 1070 swculutn.
1682 1018 1748 1068 Et
1780 1027 1903 1066 tan-

331 1092 457 1144 dem
502 1105 627 1143 vere
660 1088 874 1140 Cantabo
900 1089 1004 1142 Deo
1027 1087 1207 1151 Iacob,
1240 1090 1289 1141 id
1320 1098 1421 1152 est,
1455 1090 1564 1140 Deo
1594 1086 1908 1151 posterioris

336 1160 539 1229 populi.
570 1158 715 1212 Beati
745 1158 915 1229 enim,
961 1161 1047 1227 qui
1090 1158 1318 1211 habitant
1354 1160 1407 1229 in
1449 1159 1600 1211 domo
1642 1169 1750 1229 tua,
1799 1155 1907 1207 Do-

336 1226 491 1291 inine,
541 1231 592 1281 in
638 1228 827 1282 stecula
883 1226 1181 1282 sa’culorum
1231 1228 1511 1281 laudabunt
1558 1238 1627 1282 te.
1681 1226 1745 1280 Et
1786 1235 1911 1280 tunc

334 1301 655 1367 confringant
683 1298 853 1351 omnia
896 1313 1089 1351 cornua
1118 1308 1461 1367 peccatorum,
1495 1298 1546 1353 id
1592 1307 1696 1361 e~l,
1727 1307 1911 1351 conte-

339 1385 453 1423 ram
485 1366 555 1421 et,
587 1368 897 1422 aunihilabo
942 1384 1154 1422 omnem
1197 1370 1485 1423 elationem
1534 1377 1588 1422 et
1616 1366 1908 1432 potentiam

336 1450 698 1508 peccatorum,
730 1448 784 1493 et
814 1453 905 1506 per
928 1454 1015 1493 me
1036 1450 1090 1492 et
1117 1454 1208 1506 per
1235 1454 1404 1492 ineas.
1433 1438 1748 1491 Judicabunt
1773 1438 1910 1491 enim

334 1511 501 1563 sancti
537 1510 787 1579 nationes,
832 1520 881 1562 et
929 1509 1347 1579 dominabuntur
1384 1511 1625 1579 populis.
1654 1511 1717 1561 Et
1752 1516 1911 1579 extra

336 1596 531 1634 cornua
553 1582 703 1649 justi,
737 1578 787 1632 id
816 1589 920 1645 est,
958 1580 1183 1634 virtutes
1227 1591 1281 1633 et
1321 1577 1460 1633 dona
1502 1577 1798 1645 spiritualia
1825 1577 1911 1644 ju-

335 1659 542 1703 stomui
597 1649 993 1711 excitabuntur,
1039 1649 1164 1719 quia
1215 1658 1418 1703 aeterna
1466 1649 1634 1720 gloria
1685 1662 1913 1702 corona-

337 1721 555 1774 buntur.

781 1790 845 1845 IN
887 1789 1210 1846 PSALMUM
1252 1786 1459 1843 LXXV.

340 1880 395 1932 In
429 1880 587 1933 linem
639 1880 688 1933 in
743 1880 987 1935 laudibus
1017 1880 1261 1961 Psalmus
1304 1880 1507 1949 Asaph,
1553 1878 1818 1933 canticum
1849 1878 1913 1931 ad

992 1956 1264 2005 Assvrtos.

1042 1965 1264 2021 ssyrtos.

924 2054 1303 2097 ABGUMENTUM.

414 2134 481 2191 lit
507 2150 686 2205 supra.
720 2136 889 2191 Aliter
917 2150 1019 2189 vox
1067 2135 1321 2189 Ecclesiae
1352 2135 1418 2188 ad
1446 2133 1740 2188 Christum.

948 2242 1301 2283 EXPLANATIO.

425 2326 616 2394 Assyrii
640 2324 925 2394 dirigentes
955 2324 1371 2391 interpretantur,
1398 2322 1481 2394 qui
1496 2324 1610 2391 jam
1633 2321 1754 2394 [idsi
1770 2337 1922 2394 regu-

342 2396 407 2449 lis
427 2392 563 2448 docti
581 2399 730 2450 rectis
751 2392 943 2449 semitis
962 2394 1219 2446 ambulare
1238 2393 1547 2446 contendunt
1562 2407 1581 2444 :
1595 2395 1685 2445 Iros
1705 2392 1921 2456 alloqui-

343 2475 428 2517 tur
458 2467 629 2534 Λεαρή
660 2467 835 2519 laudes
871 2463 1077 2517 Domini
1101 2463 1323 2534 mirabili
1352 2463 1595 2515 varietate
1622 2468 1918 2534 decantans.

354 2537 573 2597 Quidam
602 2536 799 2589 codices
827 2535 1007 2587 habent
1036 2550 1054 2586 :
1077 2533 1352 2587 Canticum
1398 2542 1583 2586 contra
1616 2533 1915 2602 Assyrium,

345 2606 430 2658 ubi
476 2606 777 2672 intelligitur
823 2615 999 2657 contra
1046 2602 1306 2656 diabolum
1356 2602 1609 2665 psalmum
1650 2600 1783 2672 hunc
1830 2604 1923 2655 sub

345 2692 561 2743 persona
610 2670 956 2731 sennacherib
1001 2675 1133 2744 regis
1182 2674 1377 2744 Assyrii
1416 2670 1924 2744 ca_ntatum.-_Contra

347 2739 464 2798 eum
493 2751 623 2797 enim
653 2756 802 2800 notus
833 2747 995 2811 factus
1025 2739 1099 2795 eist
1140 2748 1190 2796 in
1231 2739 1421 2795 Juda'a
1453 2742 1585 2796 Deus
1615 2742 1668 2793 in
1696 2739 1921 2807 Christo,

349 2816 596 2868 mundam
627 2817 907 2870 concilians
946 2814 1058 2868 sibi.
1092 2814 1263 2880 Asaph
1304 2815 1355 2866 in
1392 2815 1557 2879 prima
1600 2822 1744 2882 parte
1784 2812 1925 2864 diri-

348 2898 550 2956 gentes,
602 2886 658 2940 id
707 2898 799 2954 est,
845 2887 1015 2955 ﬁdeles
1050 2883 1611 2956 alloquitur_.lndo:os,_
1647 2883 1923 2956 designans

347 2952 435 3007 ubi
478 2972 661 3010 nomen
716 2952 922 3010 Domini
970 2952 1175 3022 factum
1205 2956 1265 3007 sit
1308 2954 1547 3005 virtutum
1579 2952 1924 3004 declaratione

347 3025 686 3080 notissimum.
719 3026 959 3081 Secunda
990 3025 1114 3077 dicit
1160 3025 1488 3083 admiranda,
1527 3037 1642 3091 qua:
1693 3024 1918 3089 gesserit.

348 3094 524 3149 Tertia
555 3112 729 3149 omnes
772 3097 976 3149 devotos
1016 3098 1275 3155 almonet,
1327 3104 1377 3144 ιιι
1424 3092 1530 3144 ι)εο
1567 3092 1778 3145 terribili
1806 3110 1920 3146 mu-

348 3182 472 3235 nera
524 3166 710 3229 o/I'erre
760 3182 864 3217 non
918 3166 1171 3222 desinunt,
1210 3179 1321 3235 qua:
1360 3164 1593 3233 spiritum
1626 3164 1923 3235 principum
1953 3165 1999 3226 C

348 3234 569 3288 salutari
600 3235 946 3288 emendatione
972 3234 1231 3301 puri/ient,
1259 3251 1373 3303 qua:
1401 3244 1570 3302 partes
1600 3234 1919 3304 diapsalma—

349 3315 456 3358 tum
487 3314 603 3357 sunt
645 3305 1026 3375 interpositione
1053 3306 1245 3358 diviste.

927 3411 1352 3451 COIISIENTARIUS.

424 3485 593 3539 Notus
639 3487 691 3538 in
721 3483 907 3540 Judtea
936 3486 1091 3540 Deus.
1134 3487 1337 3540 Titulus
1379 3497 1459 3539 est
1488 3486 1640 3539 talis:
1678 3485 1740 3538 In
1770 3485 1925 3553 ﬁnem

351 3559 404 3609 in
432 3556 697 3620 laudibus,
742 3560 966 3627 psalmus
1016 3558 1212 3621 Asaph,
1266 3560 1519 3608 canticum
1564 3556 1631 3608 ad
1663 3555 1921 3627 Assyrios.

354 3628 480 3680 Iltnc
511 3628 672 3679 Verba
716 3626 1019 3682 referuntur
1048 3628 1097 3679 in
1137 3628 1315 3688 linem,
1343 3635 1395 3679 ct
1423 3634 1548 3678 sunt
1574 3626 1809 3692 psalmus
1832 3633 1924 3678 at-

354 3699 585 3750 tributus
616 3698 816 3763 Asaph,
850 3698 900 3749 id
948 3711 1051 3760 εει,
1097 3696 1363 3764 prioribus
1394 3695 1659 3759 ﬁdelibus,
1692 3695 1922 3748 volenti-

356 3769 458 3820 bus
489 3783 671 3819 secum
700 3769 955 3835 colligere
983 3767 1116 3821 alios
1151 3767 1219 3820 de
1250 3767 1444 3833 populo
1471 3780 1591 3828 suo,
1621 3781 1754 3834 quos
1784 3778 1921 3833 prae-

354 3837 603 3889 viderunt
675 3840 977 3902 superbos,
1028 3849 1081 3891 et
1152 3836 1301 3889 durae
1356 3836 1578 3889 cervicis
1630 3835 1761 3889 fore.
1820 3836 1920 3902 Qui

354 3906 595 3973 psalmus
634 3906 975 3975 accipiendas
1024 3916 1109 3961 est
1154 3912 1207 3959 in
1254 3906 1521 3973 laudibus,
1555 3906 1678 3975 quia
1728 3920 1917 3972 magna

355 3991 480 4030 vere
512 3976 605 4030 Dei
653 3977 768 4028 laus
797 3988 898 4039 est,
931 3976 1072 4046 quod
1106 3976 1335 4030 humiles
1364 3978 1597 4043 respicit,
1632 3984 1687 4029 et
1731 3991 1920 4043 super-

356 4061 455 4099 nos
491 4048 804 4101 contemnit.
835 4048 984 4112 Quod
1014 4058 1226 4100 notatur
1256 4047 1307 4099 in
1346 4046 1447 4102 hoc
1473 4047 1694 4115 psalmo,
1743 4055 1796 4098 et
1838 4056 1919 4100 est

351 4115 641 4181 canticum,
659 4116 782 4185 quia
803 4132 922 4170 cum
944 4116 1296 4171 exsultatione
1312 4116 1708 4185 etjucuuditate
1730 4129 1916 4183 magna

353 4196 535 4239 cantat
582 4187 682 4239 hoc
723 4187 903 4308 Δςκὲιι
961 4189 1026 4240 ad
1068 4189 1335 4257 Assyrios.
1389 4187 1587 4255 Assyrii
1648 4186 1917 4255 dirigentes

357 4255 793 4308 interpretantur.
876 4267 893 4308 t
932 4257 1002 4308 illi
1050 4272 1108 4308 se
1138 4259 1367 4308 dirigere
1409 4266 1613 4308 nutant.
1645 4259 1731 4308 aui
1763 4258 1915 4308 iusti-

357 4255 793 4328 interprclanlur.
828 4255 893 4310 Et
932 4257 1002 4310 illi
1049 4272 1108 4328 se
1138 4255 1367 4328 dirigere
1409 4266 1613 4328 putant,
1645 4259 1731 4324 qui
1752 4258 1915 4328 justi-

353 4326 477 4398 tiam
506 4342 650 4398 suam
681 4338 900 4398 statuere
929 4326 1179 4388 volebant,
1221 4325 1267 4384 ei
1299 4330 1511 4398 iustitia:
1551 4325 1646 4381 Dei
1684 4325 1783 4398 non
1812 4342 1917 4380 esse

355 4394 590 4467 subjecti,
624 4409 675 4448 et
717 4396 806 4464 qui
843 4411 946 4450 non
973 4397 1041 4451 de
1082 4414 1139 4450 re
1162 4394 1544 4467 gloriabantur,
1587 4399 1680 4450 sed
1714 4397 1782 4450 de
1822 4414 1915 4449 uo-

357 4469 522 4519 mine.
554 4465 731 4532 Quare
762 4468 874 4519 lucc
901 4465 1201 4532 cantantur,
1234 4478 1290 4523 ut
1314 4470 1419 4522 sint
1460 4470 1558 4522 viri
1602 4468 1827 4537 Assyrii,
1857 4467 1907 4519 id

357 4545 463 4602 est,
484 4518 550 4588 ut
564 4518 835 4590 "vere'non
856 4518 1091 4590 uissus
1119 4518 1453 4605 causam.
1473 4518 1727 4591 's'c'iti'éei'
1743 4518 1801 4590 ut
1814 4518 1907 4591 ’δέ
1945 4518 1990 4574 Ι)

357 4618 456 4660 sua
500 4607 699 4672 iustitia
752 4622 857 4660 non
883 4617 1262 4729 (praesumant,
1307 4611 1397 4661 sed
1440 4608 1657 4676 justitite
1706 4607 1796 4660 Dei
1848 4622 1907 4661 se

358 4674 646 4729 subiiciunt
670 4693 682 4726 :
709 4684 763 4729 et
791 4678 877 4729 oui
950 4680 1019 4729 sit
1046 4693 1168 4729 vera
1199 4679 1401 4729 Iudaea.
1432 4688 1487 4729 et
1528 4694 1682 4729 verus
1722 4676 1906 4729 Israel.

358 4674 646 4744 subjiciunt
670 4693 682 4726 :
709 4684 763 4730 et
791 4674 915 4743 quid
950 4680 1019 4730 sit
1046 4693 1168 4729 vera
1199 4679 1401 4741 Iudaea,
1432 4674 1487 4731 et
1528 4694 1682 4731 verus
1722 4676 1906 4743 Israel,

360 4746 659 4811 attendant,
678 4756 729 4800 et
752 4760 810 4800 se
834 4749 966 4801 tales
996 4747 1303 4809 exhibeant,
1326 4748 1414 4816 qui
1440 4764 1542 4800 nun
1573 4748 1701 4800 falso
1724 4748 1791 4800 de
1814 4762 1907 4799 noo

360 4816 524 4879 mine,
558 4820 650 4869 sed
699 4832 823 4870 vere
853 4819 919 4871 de
966 4832 1021 4871 re
1051 4818 1365 4886 glorientur.
1414 4818 1598 4871 Solent
1642 4819 1781 4870 enim
1813 4816 1912 4869 itii-

361 4886 480 4937 mici
517 4886 719 4939 Domini
769 4889 1017 4940 omnibus
1061 4889 1166 4939 noti
1210 4888 1401 4953 Judrei,
1436 4888 1664 4940 maxime
1713 4886 1763 4939 in
1812 4888 1912 4940 hoc

364 4956 567 5027 psalmo
596 4955 833 5027 gloriari,
858 4967 905 5010 et
954 4958 1197 5027 gentibus
1228 4958 1501 5019 insultare,
1528 4957 1675 5024 quasi
1719 4957 1795 5027 eis
1824 4971 1914 5010 so-

361 5024 429 5096 lis
458 5024 613 5079 nouis
636 5025 704 5079 sit
728 5026 885 5091 Deus,
913 5024 975 5081 et
992 5030 1149 5081 nullis
1173 5027 1310 5091 aliis,
1332 5028 1751 5096 quandoquidem
1785 5026 1912 5081 Pro-

365 5094 521 5163 pheta
570 5105 715 5149 tanto
755 5106 877 5150 ante
928 5107 1165 5163 tempore
1208 5094 1379 5151 dixit:
1416 5097 1581 5151 Notus
1629 5098 1679 5151 in
1730 5096 1915 5152 Ιιιάωα

364 5162 526 5231 Deus,
545 5175 647 5220 ctr.
665 5167 769 5221 Sed
790 5162 1143 5229 sialtendant,
1162 5170 1359 5235 qmcsit
1376 5184 1499 5225 vera
1516 5168 1713 5231 Judtna,
1733 5168 1916 5237 etquis

362 5238 626 5306 sitverus
653 5236 888 5304 Iudaeus,
917 5240 1257 5292 concedimus
1285 5241 1386 5302 eis,
1416 5238 1556 5306 quod
1585 5255 1709 5291 vere
1732 5242 1783 5291 in
1805 5236 1917 5291 sola

362 5303 545 5358 Judaca
578 5318 734 5361 notus
762 5307 831 5361 sit
864 5308 1020 5362 Deus.
1062 5308 1196 5363 Vera
1225 5310 1365 5363 enim
1393 5303 1572 5363 Judtea
1599 5318 1682 5362 est
1721 5307 1916 5362 Lbristi

368 5374 625 5446 Ecclesia,
657 5379 880 5432 credens
922 5378 973 5431 in
1014 5394 1135 5433 eum
1180 5393 1377 5446 regem,
1401 5383 1487 5446 qui
1514 5379 1653 5432 venit
1682 5377 1748 5431 de
1781 5377 1919 5431 tribu

359 5442 501 5519 ._luda
534 5462 627 5513 per
660 5448 874 5519 Mariam
915 5442 1299 5519 virginemfalie
1329 5442 1433 5517 quo
1460 5449 1743 5519 Apostolus
1782 5448 1919 5519 scri-

364 5513 503 5568 bens
543 5519 607 5570 ad
638 5518 971 5571 Timmbeum
999 5513 1121 5572 'ait:
1158 5513 1360 5572 Mentor
1378 5529 1481 5571 esto
1514 5513 1788 5571 Dominum
1827 5516 1919 5570 λε·-

364 5599 485 5636 sum
524 5584 791 5640 Christum
808 5591 1139 5643 resurrexisse
1159 5606 1189 5641 a
1226 5592 1440 5641 mortuis
1463 5604 1529 5642 ex
1548 5588 1731 5641 semine
1758 5586 1923 5640 David

367 5657 649 5710 secundum
679 5674 901 5712 carnem.
950 5657 1023 5711 Dc
1048 5659 1178 5712 .Iuda
1219 5660 1362 5711 enim
1392 5658 1550 5711 David
1579 5671 1632 5711 et
1661 5661 1727 5711 de
1759 5657 1921 5711 David

370 5722 635 5791 Christus,
664 5743 820 5795 quem
853 5727 925 5781 illi
970 5744 1147 5798 regem
1182 5742 1523 5797 negaverunt,
1565 5740 1617 5782 et
1655 5729 1922 5782 Catsat'cm

374 5809 554 5865 regem
582 5799 867 5868 elegerunt.
912 5798 1085 5866 Quare
1116 5815 1233 5856 vera
1266 5798 1445 5857 ludens
1488 5814 1606 5856 esse
1631 5799 1922 5863 desierunt,

2004 524 2072 575 sit
2104 523 2261 576 Dens.
2312 525 2438 578 Item
2473 542 2627 579 verus
2656 526 2873 579 Iudaeus
2906 538 2987 581 est
3030 523 3134 580 non
3187 529 3237 581 in
3271 527 3578 587 manifesto,

2004 597 2097 646 scd
2150 595 2200 645 iu
2249 596 2501 657 occulto;
2556 612 2658 648 non
2713 597 2765 650 in
2799 597 3213 652 circumcisione
3240 598 3437 662 carnis,
3482 598 3581 649 sed

2005 663 2215 737 cordis;
2267 680 2370 717 non
2424 666 2473 737 in
2512 667 2724 737 littera.
2772 667 2864 721 sed
2909 671 2958 719 in
2988 669 3204 737 spiritu.
3245 668 3378 734 Quia
3428 667 3582 721 multi

2005 735 2170 787 sancti
2223 746 2396 801 patres
2438 735 2755 802 habuerunt,
2790 747 2844 791 ct
2890 735 3350 791 circumcisionem
3402 739 3580 791 carnis

2010 815 2225 871 propter
2279 806 2444 873 ipsam
2503 806 2658 860 tidem
2688 849 2702 870 ,
2746 824 2773 858 a
2821 809 3013 873 quibus
3058 809 3141 861 isti
3191 808 3581 875 degenerantcs

2009 888 2378 946 remanserunt
2408 876 2457 928 in
2486 892 2648 930 carne
2684 876 2878 941 Iudici,
2922 879 2975 930 in
3007 878 3168 932 corde
3193 893 3322 932 vero
3350 877 3535 946 pagani
3563 892 3578 939 ;

2011 944 2131 1069 isdeo
2155 960 2363 1025 quoque
2386 962 2489 1001 non
2520 947 2819 1017 glorientur
2839 947 2977 1017 quod
3005 948 3103 1002 sibi
3144 959 3298 1002 notus
3322 944 3392 1002 sit
3418 948 3579 1002 Deus.

2052 1024 2263 1069 canitur
2292 1033 2302 1065 :

2052 1024 2263 1081 equitur
2292 1033 2302 1065 :

2084 1083 2147 1136 In
2180 1084 2341 1138 Israel
2372 1102 2607 1153 magnum
2636 1103 2753 1139 nom
2776 1104 2816 1139 ιη
2858 1090 2985 1149 eius.
3023 1088 3158 1142 Vere
3189 1090 3329 1141 enim
3362 1087 3411 1139 iu
3447 1102 3575 1139 vero

2014 1153 2171 1207 l-rael
2208 1171 2398 1228 nomen
2431 1157 2519 1228 Dei
2557 1174 2648 1222 per
2677 1174 2834 1224 opera
2872 1161 3005 1210 bona
3038 1160 3423 1228 magnilicatur.
3451 1159 3582 1222 Quis

2012 1234 2191 1278 autem
2214 1227 2287 1295 sit
2320 1242 2473 1280 verus
2507 1226 2684 1290 lsr-el,
2736 1228 2849 1288 ipse
2887 1232 2933 1280 in
2978 1226 3270 1290 Evanéelio
3299 1227 3470 1295 aperit
3498 1228 3578 1279 di-

2012 1310 2137 1348 crns
2165 1313 2178 1348 :
2206 1294 2335 1349 Ecce
2380 1313 2524 1348 verus
2560 1295 2813 1360 Israelita,
2851 1298 2904 1350 in
2946 1315 3045 1362 quo
3092 1298 3240 1351 dolus
3281 1294 3494 1350 nonest.
3523 1297 3579 1350 Si

2014 1375 2191 1419 autem
2223 1368 2320 1429 ipsi
2346 1366 2516 1420 dolosi
2549 1377 2672 1420 sunt
2700 1376 2752 1420 et
2776 1368 3079 1431 mendaces,
3111 1368 3377 1436 quomodo
3418 1367 3468 1419 in
3501 1369 3579 1419 eis

2017 1451 2210 1489 nomen
2259 1436 2351 1490 Dei
2385 1452 2633 1505 magnum
2660 1438 2782 1491 est?
2824 1437 3007 1492 Iudaea
3048 1440 3188 1490 cnim
3224 1437 3470 1503 confessio
3499 1436 3581 1488 in-

2019 1514 2363 1573 terpretatur,
2412 1506 2575 1561 Israel
2606 1523 2734 1563 vero
2783 1509 2859 1560 vir
2887 1510 3056 1562 ridens
3088 1508 3268 1561 Deum.
3300 1507 3365 1560 Et
3396 1517 3449 1559 ιιι
3482 1506 3581 1560 ali-

2014 1577 2134 1645 quis
2161 1578 2390 1643 qttandiu
2438 1586 2651 1645 peccata
2690 1587 2774 1631 tua
2808 1594 2900 1642 per
2927 1578 3277 1631 humilitatem
3312 1592 3415 1629 non
3446 1592 3581 1629 con-

2020 1644 2217 1710 ﬁteris,
2268 1644 2496 1714 quodam
2547 1647 2706 1701 modo
2757 1663 2876 1701 cum
2935 1649 3041 1701 Deo
3091 1648 3296 1701 rixaris.
3346 1647 3587 1711 Quandiu

2018 1717 2181 1778 enim,
2215 1716 2353 1782 quod
2405 1718 2512 1770 Deo
2552 1717 2796 1786 displicet
2838 1719 3039 1782 laudas,
3074 1734 3249 1772 noiine
3277 1733 3395 1771 cum
3425 1733 3490 1769 eo
3519 1716 3585 1771 li-

1954 1817 1993 1874 B
2025 1787 2204 1874 ligas?
2238 1787 2373 1864 Ergo
2412 1787 2637 1874 liitiiiilia
2664 1797 2731 1874 ite
2760 1789 2830 1854 ei,
2864 1800 2914 1867 et
2945 1790 3201 1874 ciuilitere
3231 1796 3444 1874 pecuda
3477 1797 3583 1868 tua,

2024 1866 2078 1919 et
2107 1864 2228 1909 tunc
2255 1856 2363 1909 eris
2412 1856 2593 1921 Israel,
2625 1857 2677 1910 id
2719 1866 2818 1922 est,
2864 1860 2942 1910 vir
2996 1860 3179 1911 videns
3231 1859 3415 1920 Dcum,
3448 1868 3501 1911 et
3542 1860 3585 1910 si

2024 1927 2257 1996 nondum
2300 1941 2361 1978 ex
2411 1928 2611 1991 Specie.
2647 1936 2820 1981 tamen
2871 1944 2934 1981 ex
2982 1928 3104 1981 lide.
3162 1927 3226 1981 Et
3267 1929 3403 1981 sicut
3448 1928 3589 1996 prius

2024 1995 2342 2063 displicebas
2368 1997 2413 2048 ei
2445 2012 2538 2062 per
2563 1996 3066 2061 dissimilitudinem,
3112 2002 3179 2050 ita
3220 2008 3267 2052 et
3303 1995 3587 2063 unucpla-

2024 2066 2171 2119 cebis
2199 2068 2247 2119 ei
2278 2079 2372 2130 per
2409 2067 2829 2121 similitudinem.
2864 2066 2927 2120 Et
2958 2069 3035 2122 sic
3064 2070 3274 2122 tandem
3308 2068 3388 2120 lict
3425 2069 3476 2120 in
3512 2079 3582 2129 te,

2026 2136 2164 2206 quod
2195 2134 2467 2200 Scriptura
2518 2146 2762 2197 testatur,
2805 2139 3007 2191 scilicet
3058 2140 3109 2192 in
3158 2155 3277 2202 pace
3319 2138 3483 2206 fat-tus
3512 2146 3584 2190 cst

2027 2204 2166 2257 locus
2206 2207 2314 2275 ejus
2339 2221 2364 2276 7:
2391 2210 2509 2273 quia
2540 2208 2864 2276 relinquetur
2897 2209 2986 2262 tibi
3024 2209 3241 2269 bellum,
3278 2204 3380 2261 nun
3410 2216 3585 2258 tamen

2024 2284 2208 2327 contra
2240 2288 2289 2329 te
2336 2275 2388 2328 in
2435 2284 2486 2329 te
2517 2275 2715 2344 ipsum,
2744 2279 2838 2332 sed
2873 2280 3029 2331 etiam
3061 2289 3247 2332 contra
3289 2276 3590 2344 Spirituiles

2029 2345 2307 2415 nequitias,
2341 2346 2547 2400 scilicet
2576 2359 2629 2399 ut
2658 2348 2703 2399 si
2748 2357 2936 2415 surgat
2984 2349 3037 2402 in
3069 2357 3120 2401 te
3167 2349 3240 2401 ira
3286 2347 3365 2399 Vel
3394 2346 3589 2412 aliquis

2029 2413 2245 2468 illicitas
2279 2427 2471 2473 motus.
2521 2431 2623 2471 non
2668 2416 2773 2472 sint
2816 2413 3051 2473 membra
3102 2427 3188 2471 tua
3234 2417 3584 2470 instrumenta

2028 2484 2318 2548 iniquitatis
2362 2489 2425 2539 ad
2478 2486 2829 2555 iniquitatem,
2862 2490 2950 2555 qui
2999 2499 3081 2541 est
3127 2503 3224 2554 pax
3255 2501 3404 2540 vera.
3452 2484 3585 2539 Vera

2025 2555 2168 2607 enim
2202 2569 2299 2621 pax
2334 2564 2435 2617 est,
2488 2556 2712 2625 litigium
2769 2558 2961 2610 habere
3008 2572 3126 2611 cum
3168 2557 3326 2618 vitiis,
3360 2569 3582 2609 concor-

2026 2624 2166 2694 diam
2205 2640 2327 2678 cum
2359 2624 2596 2679 moribus
2625 2625 2855 2693 optimis.
2891 2626 2959 2680 Et
2988 2628 3037 2680 in
3084 2629 3182 2681 hac
3223 2627 3310 2679 tali
3345 2640 3472 2694 pace
3501 2632 3586 2680 est

2027 2693 2175 2747 locus
2204 2694 2341 2762 ejus,
2373 2696 2492 2763 quia
2536 2697 2721 2749 incolit
2766 2696 2903 2750 Deus
2934 2699 3082 2751 tales.
3120 2693 3376 2750 llabitatio
3405 2704 3581 2750 autem

2027 2766 2163 2837 ejus,
2189 2765 2238 2837 id
2289 2775 2391 2829 est,
2423 2774 2601 2837 certus
2646 2766 2793 2820 locus
2829 2766 2963 2835 ejus,
3006 2768 3145 2837 quod
3194 2782 3284 2835 per
3330 2767 3587 2832 habitare,

2028 2836 2167 2899 quod
2211 2835 2654 2903 frequentativum
2687 2848 2789 2898 est,
2824 2835 3052 2903 notatur,
3077 2848 3157 2891 est
3180 2841 3230 2889 in
3264 2838 3411 2897 Sion,
3440 2837 3586 2901 juxta

2030 2903 2198 2976 illud:
2238 2904 2508 2959 Veniamus
2547 2916 2591 2959 et
2637 2908 2943 2961 mansionem
2983 2910 3120 2974 apud
3167 2924 3282 2960 eum
3327 2908 3587 2976 faciemus.

2032 2973 2186 3028 Venit
2215 2977 2356 3029 enim
2394 2976 2529 3029 Deus
2572 2976 2639 3046 ad
2668 2980 2858 3031 multos
2885 2994 2978 3046 per
3005 2973 3160 3032 iidem
3202 2986 3257 3032 et
3296 2973 3589 3031 confessio-

2030 3059 2175 3110 nem,
2215 3046 2309 3099 sed
2361 3063 2464 3100 non
2508 3047 2577 3100 ibi
2618 3044 2741 3101 facit
2782 3044 3107 3103 mansionem
3140 3066 3152 3101 :
3197 3049 3320 3116 quia
3360 3047 3425 3100 ad
3457 3055 3590 3099 tear-

2033 3130 2129 3180 pus
2158 3117 2402 3179 credunt,
2436 3127 2489 3170 et
2532 3118 2583 3171 in
2618 3127 2854 3183 tempore
2885 3120 3191 3172 tcntationis
3225 3119 3506 3171 recedunt.
3536 3116 3590 3168 In

2031 3185 2160 3241 Sion
2194 3202 2344 3249 vero,
2374 3187 2425 3240 id
2456 3199 2559 3249 est,
2607 3187 2657 3239 in
2700 3188 2826 3249 illis,
2858 3187 2944 3254 qui
2992 3198 3313 3256 postponunt
3361 3202 3594 3253 prtesen-

2031 3258 2123 3320 tia,
2154 3264 2209 3309 ct
2236 3259 2665 3322 cnntemplantur
2694 3256 2889 3320 l'utura,
2923 3272 3047 3310 vcrc
3087 3259 3210 3310 facit
3237 3257 3591 3317 mansionem,

2027 3328 2147 3392 quia
2181 3334 2458 3394 permanet
2489 3328 2540 3379 in
2584 3327 2679 3379 cis.
2712 3327 2813 3380 Fac
2839 3341 2964 3395 erga
3013 3335 3065 3380 tu
3106 3326 3297 3395 aliquis
3337 3334 3388 3380 te
3418 3326 3590 3393 ipsum

2028 3395 2078 3447 in
2106 3396 2258 3461 Sion,
2288 3408 2342 3449 et
2364 3401 2472 3450 eris
2498 3398 2615 3463 ejus
2643 3397 2912 3450 habitatio.

2096 3463 2178 3517 Ibi
2206 3466 2470 3536 confregit.
2504 3467 2643 3522 Ecce
2690 3467 2836 3536 signa
2883 3466 3226 3519 habitationis
3255 3467 3390 3533 ejus.
3423 3467 3586 3531 Quasi

2025 3532 2207 3587 dicat:
2245 3532 2399 3590 Vere'
2420 3536 2622 3592 habitat
2666 3537 2718 3589 in
2740 3532 2900 3591 Sion.
2949 3537 3078 3590 Nam
3121 3537 3189 3589 ibi
3234 3532 3503 3605 confregit,
3534 3537 3586 3591 id

2024 3614 2127 3677 est,
2156 3605 2453 3660 huaiiliavit
2500 3608 2770 3677 potentias.
2811 3610 2871 3660 Et
2921 3606 3197 3676 exequitur
3240 3606 3355 3659 illas
3403 3619 3589 3675 potens

2025 3673 2144 3738 tias,
2185 3677 2389 3729 scilicet
2438 3673 2694 3747 confregit
2738 3677 2809 3731 ibi
2860 3673 3055 3738 arcum,
3110 3678 3158 3730 id
3192 3687 3294 3743 est,
3326 3673 3588 3731 occultam

2023 3746 2529 3811 eoiitradictionem,
2565 3746 2862 3811 etscutum,
2910 3748 2960 3801 id
3009 3758 3110 3811 est,
3153 3763 3302 3800 value
3334 3763 3584 3813 praesum-

2026 3815 2222 3881 ptiottis
2248 3816 2648 3882 protectionetn,
2680 3827 2734 3871 et
2763 3818 3005 3885 gladium,
3034 3822 3083 3870 id
3115 3827 3219 3882 est,
3251 3816 3582 3870 mmil‘esmm

2025 3887 2501 3955 impugnationem,
2532 3897 2579 3940 et
2607 3902 2685 3940 διο
2724 3902 2883 3940 omne
2912 3886 3116 3940 bellant.

2094 3974 2402 4029 Illuminans
2450 3988 2503 4030 tu
2543 3977 2858 4030 mirabiliter.
2892 3977 3041 4032 Facit
3085 3978 3464 4046 apostropham
3510 3980 3574 4031 ad

2023 4046 2194 4113 ipsutn
2232 4051 2419 4108 Deum,
2451 4056 2505 4103 et
2526 4048 2602 4100 Tu
2633 4059 2714 4100 est
2744 4049 3017 4115 tuaguilice
3044 4048 3391 4102 eﬂerendum.
3418 4049 3578 4114 Quasi

2019 4118 2197 4170 dicat:
2227 4118 2302 4169 'I‘u
2339 4118 2495 4188 Deus,
2523 4123 2609 4188 qui
2665 4119 2715 4171 in
2755 4116 2936 4171 Judaia
2981 4127 3136 4172 n-itus
3166 4134 3245 4183 es,
3276 4130 3324 4172 et
3359 4135 3581 4185 magnus

2022 4189 2083 4258 in
2124 4189 2303 4241 Israel.
2336 4187 2415 4242 Tu
2456 4187 2550 4258 qui
2587 4191 2733 4244 solus
2787 4202 2880 4255 per
2912 4197 2961 4240 te
2989 4203 3068 4253 es,
3102 4190 3218 4243 sine
3255 4205 3359 4257 quo
3410 4190 3583 4243 nullus

2018 4257 2154 4310 alius
2214 4266 2315 4325 est,
2365 4257 2585 4313 deberet
2636 4259 2816 4312 die-re
2868 4258 3186 4311 :Terribilis
3235 4259 3440 4313 futurus
3484 4275 3583 4323 es,

2019 4329 2157 4397 quod
2203 4330 2464 4396 posterius
2500 4332 2759 4398 sequitur,
2804 4330 2895 4381 sed
2930 4332 3197 4395 przeniittit
3230 4331 3372 4397 prius
3404 4332 3578 4382 Immi-

2019 4398 2218 4451 luatem
2267 4399 2402 4466 ejus,
2434 4401 2617 4453 dicens
2646 4419 2657 4450 ι
2689 4398 2767 4452 Tu
2803 4415 2856 4452 cs
2904 4400 3197 4452 illuminans
3246 4416 3278 4451 a
3328 4401 3577 4452 montibus

2018 4470 2240 4522 a’ternis.
2275 4470 2479 4523 Montes
2533 4482 2762 4523 auernos
2810 4478 2962 4522 vocat
3006 4470 3298 4536 apostolos,
3336 4484 3468 4537 quos
3496 4470 3579 4523 sol

2012 4539 2230 4605 jusdtim
2256 4539 2398 4605 prius
2422 4539 2717 4598 illustravit.
2740 4538 2959 4591 elevans
2982 4554 3073 4592 eos
3105 4541 3168 4590 ad
3196 4540 3570 4593 mternitatem.

2016 4609 2076 4661 Et
2120 4623 2211 4675 per
2252 4623 2346 4661 eos
2369 4610 2660 4670 convalles,
2694 4609 2742 4660 id
2773 4617 2871 4669 est,
2907 4610 3038 4661 alios
3071 4608 3350 4662 inferiores
3384 4609 3583 4663 illumi-

2014 4680 2177 4739 navit,
2202 4689 2254 4732 et
2286 4679 2384 4732 hoc
2407 4680 2743 4740 mirabiliter,
2769 4678 2818 4730 id
2848 4690 2948 4742 est,
2979 4678 3031 4730 in
3064 4678 3388 4732 mirabilibus
3413 4680 3575 4739 signis

2011 4750 2306 4801 doctrinam
2350 4763 2535 4803 eorum
2582 4748 2903 4813 attestandn,
2945 4747 3094 4816 juxta
3148 4749 3316 4801 illud:
3356 4748 3576 4802 Domino

2012 4829 2329 4887 coaperante,
2360 4828 2463 4872 etc.
2502 4818 2594 4873 Vel
2622 4817 2915 4870 mirabiliter
2944 4834 2995 4870 in
3021 4821 3138 4882 hoc,
3165 4819 3283 4887 quia
3315 4821 3442 4872 satis
3472 4821 3571 4871 mi-

2014 4890 2181 4941 rabile
2210 4888 2324 4950 fuit,
2356 4888 2494 4957 quod
2529 4898 2646 4956 post
2671 4897 2875 4942 tantum
2910 4889 3114 4957 lapsum
3151 4891 3286 4943 lleus
3326 4892 3573 4942 misertus

2014 4967 2097 5012 est
2142 4959 2390 5028 hominis.
2442 4959 2544 5022 'l‘u,
2586 4958 2823 5028 inquam,
2871 4958 3175 5013 illuminasti
3222 4975 3252 5013 a
3312 4961 3578 5013 montibus

2014 5027 2251 5088 aeternis,
2304 5038 2357 5081 et
2400 5036 2451 5082 te
2497 5027 2831 5084 illuminaute
2878 5044 3046 5083 omnes
3085 5030 3375 5097 insipientes
3422 5030 3574 5082 corde

2016 5097 2201 5149 turbati
2229 5108 2363 5152 sunt.
2400 5098 2687 5152 Przcdicata
2717 5108 2801 5152 est
2828 5099 2971 5154 enim
3011 5100 3115 5154 vita
3145 5110 3345 5155 aeterna
3374 5102 3565 5159 futura.

2017 5178 2070 5221 et
2093 5168 2358 5234 sapientes
2384 5167 2635 5222 excmcati
2676 5179 2835 5223 sunt:
2867 5172 2987 5237 quia
3031 5178 3465 5239 contempserunt
3488 5170 3569 5220 vi-

2020 5249 2125 5291 tam
2159 5247 2493 5304 praaseiitem,
2529 5250 2582 5292 et
2620 5239 2917 5294 dilexerunt
2954 5237 3284 5308 sequentem.
3313 5237 3569 5307 [nsipien-

2021 5318 2093 5360 tes
2136 5309 2489 5378 verorturbati
2534 5313 2684 5362 corde
2720 5320 2861 5374 sunt,
2900 5312 3038 5377 quod
3092 5312 3261 5378 primo
3288 5310 3573 5373 obstupue-

2024 5387 2165 5440 runt,
2193 5377 2287 5431 sed
2330 5395 2431 5432 non
2463 5391 2583 5431 sunt
2611 5382 2847 5442 exvitati,
2890 5383 3010 5447 quia
3054 5381 3104 5433 iu
3144 5393 3386 5432 somnum
3421 5392 3576 5430 suum

2024 5450 2341 5502 reciderunt.
2393 5450 2621 5503 Somnus
2652 5465 2775 5503 vero
2804 5465 2986 5502 eorum
3015 5460 3095 5502 est
3138 5450 3349 5502 Caecitas
3377 5447 3577 5508 cordis,

2023 5529 2077 5572 et
2129 5532 2280 5571 amor
2331 5528 2701 5573 terrenorum:
2736 5530 2789 5572 et
2838 5520 2935 5586 ipsi
2984 5518 3293 5572 dormierunt
3345 5530 3582 5573 somnum

2025 5602 2194 5651 suum,
2221 5587 2271 5641 id
2310 5598 2413 5653 est,
2458 5588 2768 5657 quieverunt
2805 5602 2858 5641 et
2904 5588 3145 5642 delectati
3185 5599 3307 5642 sunt
3345 5589 3398 5643 in
3447 5587 3582 5641 dile-

2025 5658 2208 5738 ctione
2245 5669 2595 5739 terrcnorutn,
2645 5660 2783 5739 quia.
2823 5668 3241 5739 [supposuerunt
3273 5658 3581 5739 temporalia

2028 5729 2260 5780 :cturnis.
2330 5727 2395 5780 Et
2448 5732 2571 5796 quid
2632 5727 2709 5784 eis
2772 5728 2933 5780 inde?
3000 5729 3097 5782 hoc
3150 5730 3387 5795 scilicet,
3438 5729 3579 5795 quod

2034 5796 2155 5867 ipsi,
2195 5797 2285 5867 qui
2337 5807 2459 5856 sunt
2512 5799 2683 5868 vn'idt,
2731 5800 3015 5855 vitiarunt:
3055 5801 3173 5871 quia
3223 5802 3359 5871 quod
3394 5803 3579 5857 virium
