  <div class='ocr_page' id='page_1' title='image "/cluster/home/n/w/nwhite01/storage/ocr_20150623/93/hvd.32044052820016/451.png"; bbox 0 0 4010 6190; ppageno 0'>
   <div class='ocr_carea' id='block_1_1' title="bbox 450 339 550 394">
    <p class='ocr_par' dir='ltr' id='par_1_1' title="bbox 450 339 550 394">
     <span class='ocr_line' id='line_1_1' title="bbox 450 339 550 394; baseline -0.02 0"><span class='ocrx_word' id='word_1_1' title='bbox 450 339 550 394; x_wconf 77' lang='lat'><strong>887</strong></span> 
     </span>
    </p>
   </div>
   <div class='ocr_carea' id='block_1_2' title="bbox 943 327 3235 393">
    <p class='ocr_par' dir='ltr' id='par_1_2' title="bbox 943 327 3235 393">
     <span class='ocr_line' id='line_1_2' title="bbox 943 327 3235 393; baseline -0.004 -1"><span class='ocrx_word' id='word_1_2' title='bbox 943 337 1142 393; x_wconf 72' lang='lat' dir='ltr'><strong>BENE</strong></span> <span class='ocrx_word' id='word_1_3' title='bbox 1182 335 1632 393; x_wconf 70' lang='lat' dir='ltr'><strong>YENERABlLlS</strong></span> <span class='ocrx_word' id='word_1_4' title='bbox 1669 334 1818 389; x_wconf 83' lang='lat' dir='ltr'><strong>OPP.</strong></span> <span class='ocrx_word' id='word_1_5' title='bbox 1863 330 2042 388; x_wconf 78' lang='lat' dir='ltr'><strong>PARS</strong></span> <span class='ocrx_word' id='word_1_6' title='bbox 2079 329 2140 385; x_wconf 92' lang='lat' dir='ltr'><strong>ll.</strong></span> <span class='ocrx_word' id='word_1_7' title='bbox 2168 331 2360 386; x_wconf 81' lang='lat' dir='ltr'><strong>SECT.</strong></span> <span class='ocrx_word' id='word_1_8' title='bbox 2404 330 2464 386; x_wconf 90' lang='grc' dir='ltr'>ιι.</span> <span class='ocrx_word' id='word_1_9' title='bbox 2491 359 2559 370; x_wconf 89' lang='lat'><strong>-—</strong></span> <span class='ocrx_word' id='word_1_10' title='bbox 2593 328 2792 385; x_wconf 76' lang='lat' dir='ltr'><strong>DUBIA</strong></span> <span class='ocrx_word' id='word_1_11' title='bbox 2838 327 2924 384; x_wconf 84' lang='lat' dir='ltr'><strong>ET</strong></span> <span class='ocrx_word' id='word_1_12' title='bbox 2964 327 3235 385; x_wconf 74' lang='lat' dir='ltr'><strong>SPUl‘ilA.</strong></span> 
     </span>
    </p>
   </div>
   <div class='ocr_carea' id='block_1_3' title="bbox 3599 330 3704 388">
    <p class='ocr_par' dir='ltr' id='par_1_3' title="bbox 3599 330 3704 388">
     <span class='ocr_line' id='line_1_3' title="bbox 3599 330 3704 388; baseline -0.019 0"><span class='ocrx_word' id='word_1_13' title='bbox 3599 330 3704 388; x_wconf 80' lang='lat'><strong>883</strong></span> 
     </span>
    </p>
   </div>
   <div class='ocr_carea' id='block_1_4' title="bbox 453 439 3707 514">
    <p class='ocr_par' dir='ltr' id='par_1_4' title="bbox 453 439 3707 514">
     <span class='ocr_line' id='line_1_4' title="bbox 453 439 3707 514; baseline -0.001 -14"><span class='ocrx_word' id='word_1_14' title='bbox 453 445 676 514; x_wconf 84' lang='lat' dir='ltr'><strong>habent,</strong></span> <span class='ocrx_word' id='word_1_15' title='bbox 719 454 800 500; x_wconf 83' lang='lat' dir='ltr'><strong>est</strong></span> <span class='ocrx_word' id='word_1_16' title='bbox 847 447 897 499; x_wconf 91' lang='lat' dir='ltr'><strong>in</strong></span> <span class='ocrx_word' id='word_1_17' title='bbox 946 446 1170 499; x_wconf 91' lang='lat' dir='ltr'><strong>terrenis</strong></span> <span class='ocrx_word' id='word_1_18' title='bbox 1200 452 1403 498; x_wconf 88' lang='lat' dir='ltr'><strong>tantum</strong></span> <span class='ocrx_word' id='word_1_19' title='bbox 1439 443 1638 498; x_wconf 66' lang='lat' dir='ltr'><strong>divitiis</strong></span> <span class='ocrx_word' id='word_1_20' title='bbox 1660 443 2013 511; x_wconf 89' lang='lat' dir='ltr'><strong>acquirendis,</strong></span> <span class='ocrx_word' id='word_1_21' title='bbox 2046 440 2094 498; x_wconf 79' lang='grc' dir='ltr'><strong>Δ</strong></span> <span class='ocrx_word' id='word_1_22' title='bbox 2199 440 2454 507; x_wconf 78' lang='lat' dir='ltr'><strong>Quoniam</strong></span> <span class='ocrx_word' id='word_1_23' title='bbox 2478 441 2719 514; x_wconf 84' lang='lat' dir='ltr'><strong>cogitatio</strong></span> <span class='ocrx_word' id='word_1_24' title='bbox 2751 441 2990 514; x_wconf 81' lang='lat' dir='ltr'><strong>hominis.</strong></span> <span class='ocrx_word' id='word_1_25' title='bbox 3019 439 3162 514; x_wconf 86' lang='lat' dir='ltr'><strong>ideo.</strong></span> <span class='ocrx_word' id='word_1_26' title='bbox 3189 442 3422 514; x_wconf 82' lang='lat' dir='ltr'><strong>inquam,</strong></span> <span class='ocrx_word' id='word_1_27' title='bbox 3457 456 3707 510; x_wconf 55' lang='lat' dir='ltr'><strong>mansne.</strong></span> 
     </span>
    </p>
   </div>
   <div class='ocr_carea' id='block_1_5' title="bbox 453 514 2020 581">
    <p class='ocr_par' dir='ltr' id='par_1_5' title="bbox 453 514 2020 581">
     <span class='ocr_line' id='line_1_5' title="bbox 453 514 2020 581; baseline -0.006 -10"><span class='ocrx_word' id='word_1_28' title='bbox 453 515 583 571; x_wconf 82' lang='lat' dir='ltr'><strong>nihil</strong></span> <span class='ocrx_word' id='word_1_29' title='bbox 611 517 905 570; x_wconf 81' lang='lat' dir='ltr'><strong>invenerunt</strong></span> <span class='ocrx_word' id='word_1_30' title='bbox 928 515 978 568; x_wconf 88' lang='lat' dir='ltr'><strong>in</strong></span> <span class='ocrx_word' id='word_1_31' title='bbox 1002 517 1232 568; x_wconf 87' lang='lat' dir='ltr'><strong>manibus</strong></span> <span class='ocrx_word' id='word_1_32' title='bbox 1262 517 1388 579; x_wconf 77' lang='lat' dir='ltr'><strong>suis,</strong></span> <span class='ocrx_word' id='word_1_33' title='bbox 1422 514 1471 566; x_wconf 88' lang='lat' dir='ltr'><strong>id</strong></span> <span class='ocrx_word' id='word_1_34' title='bbox 1500 525 1601 578; x_wconf 89' lang='lat' dir='ltr'><strong>est,</strong></span> <span class='ocrx_word' id='word_1_35' title='bbox 1633 514 2020 581; x_wconf 89' lang='lat' dir='ltr'><strong>comparabiles</strong></span> 
     </span>
    </p>
   </div>
   <div class='ocr_carea' id='block_1_6' title="bbox 456 583 2016 651">
    <p class='ocr_par' dir='ltr' id='par_1_6' title="bbox 456 583 2016 651">
     <span class='ocr_line' id='line_1_6' title="bbox 456 583 2016 651; baseline -0.005 -9"><span class='ocrx_word' id='word_1_36' title='bbox 456 589 577 642; x_wconf 82' lang='lat' dir='ltr'><strong>facti</strong></span> <span class='ocrx_word' id='word_1_37' title='bbox 602 595 724 639; x_wconf 93' lang='lat' dir='ltr'><strong>sunt</strong></span> <span class='ocrx_word' id='word_1_38' title='bbox 753 587 877 639; x_wconf 86' lang='lat' dir='ltr'><strong>viris</strong></span> <span class='ocrx_word' id='word_1_39' title='bbox 919 600 1138 638; x_wconf 89' lang='lat' dir='ltr'><strong>acervos</strong></span> <span class='ocrx_word' id='word_1_40' title='bbox 1165 585 1455 638; x_wconf 76' lang='lat' dir='ltr'><strong>divitiarum</strong></span> <span class='ocrx_word' id='word_1_41' title='bbox 1481 586 1894 648; x_wconf 76' lang='lat' dir='ltr'><strong>somniantibus,</strong></span> <span class='ocrx_word' id='word_1_42' title='bbox 1927 583 2016 651; x_wconf 89' lang='lat' dir='ltr'><strong>qui</strong></span> 
     </span>
    </p>
   </div>
   <div class='ocr_carea' id='block_1_7' title="bbox 458 655 2019 726">
    <p class='ocr_par' dir='ltr' id='par_1_7' title="bbox 458 655 2019 726">
     <span class='ocr_line' id='line_1_7' title="bbox 458 655 2019 726; baseline -0.006 -13"><span class='ocrx_word' id='word_1_43' title='bbox 458 657 768 726; x_wconf 72' lang='lat' dir='ltr'><strong>evigilantes</strong></span> <span class='ocrx_word' id='word_1_44' title='bbox 798 655 927 708; x_wconf 81' lang='lat' dir='ltr'><strong>nihil</strong></span> <span class='ocrx_word' id='word_1_45' title='bbox 951 656 1233 709; x_wconf 86' lang='lat' dir='ltr'><strong>inveniunt</strong></span> <span class='ocrx_word' id='word_1_46' title='bbox 1264 658 1314 708; x_wconf 93' lang='lat' dir='ltr'><strong>in</strong></span> <span class='ocrx_word' id='word_1_47' title='bbox 1348 655 1590 709; x_wconf 88' lang='lat' dir='ltr'><strong>manibus</strong></span> <span class='ocrx_word' id='word_1_48' title='bbox 1617 655 1727 708; x_wconf 85' lang='lat' dir='ltr'><strong>suis</strong></span> <span class='ocrx_word' id='word_1_49' title='bbox 1748 695 1762 718; x_wconf 93' lang='lat'><strong>,</strong></span> <span class='ocrx_word' id='word_1_50' title='bbox 1793 657 1915 723; x_wconf 89' lang='lat' dir='ltr'><strong>quia</strong></span> <span class='ocrx_word' id='word_1_51' title='bbox 1953 656 2019 706; x_wconf 89' lang='lat' dir='ltr'><strong>ita</strong></span> 
     </span>
    </p>
   </div>
   <div class='ocr_carea' id='block_1_8' title="bbox 457 726 2017 794">
    <p class='ocr_par' dir='ltr' id='par_1_8' title="bbox 457 726 2017 794">
     <span class='ocr_line' id='line_1_8' title="bbox 457 726 2017 794; baseline -0.003 -13"><span class='ocrx_word' id='word_1_52' title='bbox 457 739 506 781; x_wconf 88' lang='lat' dir='ltr'><strong>et</strong></span> <span class='ocrx_word' id='word_1_53' title='bbox 546 727 640 793; x_wconf 90' lang='lat' dir='ltr'><strong>ipsi</strong></span> <span class='ocrx_word' id='word_1_54' title='bbox 683 726 896 778; x_wconf 86' lang='lat' dir='ltr'><strong>tandem</strong></span> <span class='ocrx_word' id='word_1_55' title='bbox 945 740 1067 778; x_wconf 89' lang='lat' dir='ltr'><strong>cum</strong></span> <span class='ocrx_word' id='word_1_56' title='bbox 1112 741 1138 776; x_wconf 87' lang='lat' dir='ltr'><strong>a</strong></span> <span class='ocrx_word' id='word_1_57' title='bbox 1169 741 1396 791; x_wconf 64' lang='lat' dir='ltr'><strong>somno;</strong></span> <span class='ocrx_word' id='word_1_58' title='bbox 1431 727 1480 778; x_wconf 91' lang='lat' dir='ltr'><strong>iu</strong></span> <span class='ocrx_word' id='word_1_59' title='bbox 1531 741 1635 794; x_wconf 89' lang='lat' dir='ltr'><strong>qun</strong></span> <span class='ocrx_word' id='word_1_60' title='bbox 1685 739 1824 778; x_wconf 89' lang='lat' dir='ltr'><strong>nunc</strong></span> <span class='ocrx_word' id='word_1_61' title='bbox 1874 733 2017 790; x_wconf 91' lang='lat' dir='ltr'><strong>sunt,</strong></span> 
     </span>
    </p>
   </div>
   <div class='ocr_carea' id='block_1_9' title="bbox 457 795 1781 861">
    <p class='ocr_par' dir='ltr' id='par_1_9' title="bbox 457 795 1781 861">
     <span class='ocr_line' id='line_1_9' title="bbox 457 795 1781 861; baseline -0.003 -9"><span class='ocrx_word' id='word_1_62' title='bbox 457 806 760 861; x_wconf 72' lang='lat' dir='ltr'><strong>exsurgent,</strong></span> <span class='ocrx_word' id='word_1_63' title='bbox 805 795 933 848; x_wconf 84' lang='lat' dir='ltr'><strong>nihil</strong></span> <span class='ocrx_word' id='word_1_64' title='bbox 974 797 1026 848; x_wconf 91' lang='lat' dir='ltr'><strong>in</strong></span> <span class='ocrx_word' id='word_1_65' title='bbox 1068 797 1307 849; x_wconf 91' lang='lat' dir='ltr'><strong>manibus</strong></span> <span class='ocrx_word' id='word_1_66' title='bbox 1353 797 1466 849; x_wconf 90' lang='lat' dir='ltr'><strong>suis</strong></span> <span class='ocrx_word' id='word_1_67' title='bbox 1491 795 1781 848; x_wconf 87' lang='lat' dir='ltr'><strong>invenient.</strong></span> 
     </span>
    </p>
   </div>
   <div class='ocr_carea' id='block_1_10' title="bbox 528 864 2020 932">
    <p class='ocr_par' dir='ltr' id='par_1_10' title="bbox 528 864 2020 932">
     <span class='ocr_line' id='line_1_10' title="bbox 528 864 2020 932; baseline 0.001 -14"><span class='ocrx_word' id='word_1_68' title='bbox 528 867 600 918; x_wconf 78' lang='lat' dir='ltr'><strong>Ab</strong></span> <span class='ocrx_word' id='word_1_69' title='bbox 625 866 970 932; x_wconf 73' lang='lat' dir='ltr'><strong>increpatione</strong></span> <span class='ocrx_word' id='word_1_70' title='bbox 998 877 1083 918; x_wconf 89' lang='lat' dir='ltr'><strong>tua</strong></span> <span class='ocrx_word' id='word_1_71' title='bbox 1115 864 1271 919; x_wconf 85' lang='lat' dir='ltr'><strong>Deus.</strong></span> <span class='ocrx_word' id='word_1_72' title='bbox 1301 865 1458 932; x_wconf 82' lang='lat' dir='ltr'><strong>Quasi</strong></span> <span class='ocrx_word' id='word_1_73' title='bbox 1503 867 1643 918; x_wconf 88' lang='lat' dir='ltr'><strong>dicat</strong></span> <span class='ocrx_word' id='word_1_74' title='bbox 1675 883 1686 918; x_wconf 90' lang='lat'><strong>:</strong></span> <span class='ocrx_word' id='word_1_75' title='bbox 1717 864 1866 920; x_wconf 87' lang='lat' dir='ltr'><strong>Unde</strong></span> <span class='ocrx_word' id='word_1_76' title='bbox 1901 865 2020 931; x_wconf 85' lang='lat' dir='ltr'><strong>hnc,</strong></span> 
     </span>
    </p>
   </div>
   <div class='ocr_carea' id='block_1_11' title="bbox 454 935 2025 1005">
    <p class='ocr_par' dir='ltr' id='par_1_11' title="bbox 454 935 2025 1005">
     <span class='ocr_line' id='line_1_11' title="bbox 454 935 2025 1005; baseline -0.001 -16"><span class='ocrx_word' id='word_1_77' title='bbox 454 937 576 1004; x_wconf 88' lang='lat' dir='ltr'><strong>quia</strong></span> <span class='ocrx_word' id='word_1_78' title='bbox 617 937 930 988; x_wconf 81' lang='lat' dir='ltr'><strong>dormierunt</strong></span> <span class='ocrx_word' id='word_1_79' title='bbox 970 952 1199 988; x_wconf 79' lang='lat' dir='ltr'><strong>somnum</strong></span> <span class='ocrx_word' id='word_1_80' title='bbox 1227 936 1414 989; x_wconf 83' lang='lat' dir='ltr'><strong>suum?</strong></span> <span class='ocrx_word' id='word_1_81' title='bbox 1457 952 1517 989; x_wconf 82' lang='lat' dir='ltr'><strong>ex</strong></span> <span class='ocrx_word' id='word_1_82' title='bbox 1545 935 1692 1005; x_wconf 86' lang='lat' dir='ltr'><strong>justo</strong></span> <span class='ocrx_word' id='word_1_83' title='bbox 1721 935 2025 1003; x_wconf 76' lang='lat' dir='ltr'><strong>scilicetju-</strong></span> 
     </span>
    </p>
   </div>
   <div class='ocr_carea' id='block_1_12' title="bbox 458 1005 2024 1074">
    <p class='ocr_par' dir='ltr' id='par_1_12' title="bbox 458 1005 2024 1074">
     <span class='ocr_line' id='line_1_12' title="bbox 458 1005 2024 1074; baseline -0.001 -14"><span class='ocrx_word' id='word_1_84' title='bbox 458 1007 598 1061; x_wconf 82' lang='lat' dir='ltr'><strong>dicio</strong></span> <span class='ocrx_word' id='word_1_85' title='bbox 627 1016 734 1067; x_wconf 88' lang='lat' dir='ltr'><strong>tuo,</strong></span> <span class='ocrx_word' id='word_1_86' title='bbox 768 1022 800 1059; x_wconf 94' lang='lat' dir='ltr'><strong>o</strong></span> <span class='ocrx_word' id='word_1_87' title='bbox 841 1005 976 1059; x_wconf 85' lang='lat' dir='ltr'><strong>Deus</strong></span> <span class='ocrx_word' id='word_1_88' title='bbox 1013 1006 1196 1072; x_wconf 85' lang='lat' dir='ltr'><strong>Jacob,</strong></span> <span class='ocrx_word' id='word_1_89' title='bbox 1233 1007 1320 1073; x_wconf 92' lang='lat' dir='ltr'><strong>qui</strong></span> <span class='ocrx_word' id='word_1_90' title='bbox 1369 1005 1519 1067; x_wconf 88' lang='lat' dir='ltr'><strong>facis,</strong></span> <span class='ocrx_word' id='word_1_91' title='bbox 1553 1015 1610 1058; x_wconf 84' lang='grc' dir='ltr'><strong>ιιι</strong></span> <span class='ocrx_word' id='word_1_92' title='bbox 1645 1005 1732 1074; x_wconf 89' lang='lat' dir='ltr'><strong>qui</strong></span> <span class='ocrx_word' id='word_1_93' title='bbox 1779 1007 2024 1058; x_wconf 90' lang='lat' dir='ltr'><strong>sordidus</strong></span> 
     </span>
    </p>
   </div>
   <div class='ocr_carea' id='block_1_13' title="bbox 460 1076 2024 1144">
    <p class='ocr_par' dir='ltr' id='par_1_13' title="bbox 460 1076 2024 1144">
     <span class='ocr_line' id='line_1_13' title="bbox 460 1076 2024 1144; baseline -0.001 -14"><span class='ocrx_word' id='word_1_94' title='bbox 460 1087 565 1142; x_wconf 81' lang='lat' dir='ltr'><strong>est,</strong></span> <span class='ocrx_word' id='word_1_95' title='bbox 619 1078 891 1130; x_wconf 84' lang='lat' dir='ltr'><strong>sordescat</strong></span> <span class='ocrx_word' id='word_1_96' title='bbox 929 1077 1124 1130; x_wconf 83' lang='lat' dir='ltr'><strong>adhuc.</strong></span> <span class='ocrx_word' id='word_1_97' title='bbox 1175 1077 1445 1130; x_wconf 66' lang='lat' dir='ltr'><strong>Beneriicit</strong></span> <span class='ocrx_word' id='word_1_98' title='bbox 1493 1076 1631 1130; x_wconf 91' lang='lat' dir='ltr'><strong>Deus</strong></span> <span class='ocrx_word' id='word_1_99' title='bbox 1687 1076 1871 1144; x_wconf 85' lang='lat' dir='ltr'><strong>Jacob,</strong></span> <span class='ocrx_word' id='word_1_100' title='bbox 1903 1077 2024 1144; x_wconf 87' lang='lat' dir='ltr'><strong>quia</strong></span> 
     </span>
    </p>
   </div>
   <div class='ocr_carea' id='block_1_14' title="bbox 459 1145 2028 1215">
    <p class='ocr_par' dir='ltr' id='par_1_14' title="bbox 459 1145 2028 1215">
     <span class='ocr_line' id='line_1_14' title="bbox 459 1145 2028 1215; baseline 0 -14"><span class='ocrx_word' id='word_1_101' title='bbox 459 1147 625 1202; x_wconf 86' lang='lat' dir='ltr'><strong>Jacob</strong></span> <span class='ocrx_word' id='word_1_102' title='bbox 651 1148 796 1202; x_wconf 83' lang='lat' dir='ltr'><strong>dedit</strong></span> <span class='ocrx_word' id='word_1_103' title='bbox 850 1151 1130 1213; x_wconf 76' lang='lat' dir='ltr'><strong>przesentia</strong></span> <span class='ocrx_word' id='word_1_104' title='bbox 1165 1163 1258 1215; x_wconf 90' lang='lat' dir='ltr'><strong>pro</strong></span> <span class='ocrx_word' id='word_1_105' title='bbox 1295 1145 1505 1208; x_wconf 85' lang='lat' dir='ltr'><strong>futuris,</strong></span> <span class='ocrx_word' id='word_1_106' title='bbox 1541 1146 1773 1200; x_wconf 86' lang='lat' dir='ltr'><strong>edulium</strong></span> <span class='ocrx_word' id='word_1_107' title='bbox 1812 1147 2028 1215; x_wconf 52' lang='lat' dir='ltr'><strong>scilicet</strong></span> 
     </span>
    </p>
   </div>
   <div class='ocr_carea' id='block_1_15' title="bbox 461 1212 2024 1287">
    <p class='ocr_par' dir='ltr' id='par_1_15' title="bbox 461 1212 2024 1287">
     <span class='ocr_line' id='line_1_15' title="bbox 461 1212 2024 1287; baseline -0.002 -14"><span class='ocrx_word' id='word_1_108' title='bbox 461 1218 727 1273; x_wconf 62' lang='lat' dir='ltr'><strong>lenticulas</strong></span> <span class='ocrx_word' id='word_1_109' title='bbox 753 1233 848 1286; x_wconf 91' lang='lat' dir='ltr'><strong>pro</strong></span> <span class='ocrx_word' id='word_1_110' title='bbox 877 1212 1262 1287; x_wconf 79' lang='lat' dir='ltr'><strong>primogenitis,</strong></span> <span class='ocrx_word' id='word_1_111' title='bbox 1293 1227 1347 1270; x_wconf 90' lang='lat' dir='ltr'><strong>et</strong></span> <span class='ocrx_word' id='word_1_112' title='bbox 1383 1217 1503 1270; x_wconf 86' lang='lat' dir='ltr'><strong>ideo</strong></span> <span class='ocrx_word' id='word_1_113' title='bbox 1527 1217 1716 1270; x_wconf 91' lang='lat' dir='ltr'><strong>merito</strong></span> <span class='ocrx_word' id='word_1_114' title='bbox 1745 1232 1774 1268; x_wconf 88' lang='lat' dir='ltr'><strong>a</strong></span> <span class='ocrx_word' id='word_1_115' title='bbox 1803 1212 1915 1270; x_wconf 89' lang='lat' dir='ltr'><strong>Deo</strong></span> <span class='ocrx_word' id='word_1_116' title='bbox 1945 1217 2024 1270; x_wconf 87' lang='lat' dir='ltr'><strong>in-</strong></span> 
     </span>
    </p>
   </div>
   <div class='ocr_carea' id='block_1_16' title="bbox 463 1288 2027 1356">
    <p class='ocr_par' dir='ltr' id='par_1_16' title="bbox 463 1288 2027 1356">
     <span class='ocr_line' id='line_1_16' title="bbox 463 1288 2027 1356; baseline -0.001 -14"><span class='ocrx_word' id='word_1_117' title='bbox 463 1298 748 1356; x_wconf 84' lang='lat' dir='ltr'><strong>crepantur</strong></span> <span class='ocrx_word' id='word_1_118' title='bbox 787 1288 891 1350; x_wconf 94' lang='lat' dir='ltr'><strong>isti,</strong></span> <span class='ocrx_word' id='word_1_119' title='bbox 925 1289 1009 1355; x_wconf 92' lang='lat' dir='ltr'><strong>qui</strong></span> <span class='ocrx_word' id='word_1_120' title='bbox 1054 1288 1329 1352; x_wconf 70' lang='lat' dir='ltr'><strong>przesentia</strong></span> <span class='ocrx_word' id='word_1_121' title='bbox 1381 1297 1717 1354; x_wconf 69' lang='lat' dir='ltr'><strong>prmponuut,</strong></span> <span class='ocrx_word' id='word_1_122' title='bbox 1755 1295 1809 1338; x_wconf 89' lang='lat' dir='ltr'><strong>et</strong></span> <span class='ocrx_word' id='word_1_123' title='bbox 1854 1288 2027 1342; x_wconf 88' lang='lat' dir='ltr'><strong>futura</strong></span> 
     </span>
    </p>
   </div>
   <div class='ocr_carea' id='block_1_17' title="bbox 469 1356 2026 1423">
    <p class='ocr_par' dir='ltr' id='par_1_17' title="bbox 469 1356 2026 1423">
     <span class='ocr_line' id='line_1_17' title="bbox 469 1356 2026 1423; baseline -0.001 -14"><span class='ocrx_word' id='word_1_124' title='bbox 469 1367 835 1412; x_wconf 82' lang='lat' dir='ltr'><strong>contemnunt.</strong></span> <span class='ocrx_word' id='word_1_125' title='bbox 869 1359 929 1411; x_wconf 85' lang='lat' dir='ltr'><strong>Et</strong></span> <span class='ocrx_word' id='word_1_126' title='bbox 959 1360 1093 1412; x_wconf 87' lang='lat' dir='ltr'><strong>miro</strong></span> <span class='ocrx_word' id='word_1_127' title='bbox 1122 1359 1280 1412; x_wconf 88' lang='lat' dir='ltr'><strong>modo</strong></span> <span class='ocrx_word' id='word_1_128' title='bbox 1310 1356 1518 1411; x_wconf 87' lang='lat' dir='ltr'><strong>videtur</strong></span> <span class='ocrx_word' id='word_1_129' title='bbox 1557 1373 1754 1423; x_wconf 90' lang='lat' dir='ltr'><strong>ponere</strong></span> <span class='ocrx_word' id='word_1_130' title='bbox 1781 1358 2026 1422; x_wconf 82' lang='lat' dir='ltr'><strong>increpa-</strong></span> 
     </span>
    </p>
   </div>
   <div class='ocr_carea' id='block_1_18' title="bbox 471 1428 2029 1497">
    <p class='ocr_par' dir='ltr' id='par_1_18' title="bbox 471 1428 2029 1497">
     <span class='ocr_line' id='line_1_18' title="bbox 471 1428 2029 1497; baseline 0.001 -17"><span class='ocrx_word' id='word_1_131' title='bbox 471 1431 694 1483; x_wconf 86' lang='lat' dir='ltr'><strong>tionem.</strong></span> <span class='ocrx_word' id='word_1_132' title='bbox 737 1430 1028 1497; x_wconf 83' lang='lat' dir='ltr'><strong>Incrcpatin</strong></span> <span class='ocrx_word' id='word_1_133' title='bbox 1055 1429 1198 1482; x_wconf 90' lang='lat' dir='ltr'><strong>enim</strong></span> <span class='ocrx_word' id='word_1_134' title='bbox 1236 1429 1512 1492; x_wconf 85' lang='lat' dir='ltr'><strong>strepitum</strong></span> <span class='ocrx_word' id='word_1_135' title='bbox 1552 1428 1729 1490; x_wconf 87' lang='lat' dir='ltr'><strong>habet,</strong></span> <span class='ocrx_word' id='word_1_136' title='bbox 1763 1438 1814 1480; x_wconf 92' lang='lat' dir='ltr'><strong>et</strong></span> <span class='ocrx_word' id='word_1_137' title='bbox 1838 1428 2029 1495; x_wconf 84' lang='lat' dir='ltr'><strong>strepi-</strong></span> 
     </span>
    </p>
   </div>
   <div class='ocr_carea' id='block_1_19' title="bbox 461 1497 2026 1568">
    <p class='ocr_par' dir='ltr' id='par_1_19' title="bbox 461 1497 2026 1568">
     <span class='ocr_line' id='line_1_19' title="bbox 461 1497 2026 1568; baseline -0.001 -17"><span class='ocrx_word' id='word_1_138' title='bbox 461 1510 546 1552; x_wconf 88' lang='lat' dir='ltr'><strong>tus</strong></span> <span class='ocrx_word' id='word_1_139' title='bbox 588 1501 805 1553; x_wconf 57' lang='lat' dir='ltr'><strong>excitnt.</strong></span> <span class='ocrx_word' id='word_1_140' title='bbox 853 1499 956 1554; x_wconf 87' lang='lat' dir='ltr'><strong>Sed</strong></span> <span class='ocrx_word' id='word_1_141' title='bbox 998 1498 1288 1568; x_wconf 70' lang='lat' dir='ltr'><strong>increpatio</strong></span> <span class='ocrx_word' id='word_1_142' title='bbox 1329 1497 1422 1550; x_wconf 81' lang='lat' dir='ltr'><strong>Dei</strong></span> <span class='ocrx_word' id='word_1_143' title='bbox 1455 1498 1584 1568; x_wconf 74' lang='lat' dir='ltr'><strong>tanti</strong></span> <span class='ocrx_word' id='word_1_144' title='bbox 1633 1497 1882 1568; x_wconf 85' lang='lat' dir='ltr'><strong>ponderis</strong></span> <span class='ocrx_word' id='word_1_145' title='bbox 1923 1508 2026 1564; x_wconf 89' lang='lat' dir='ltr'><strong>est,</strong></span> 
     </span>
    </p>
   </div>
   <div class='ocr_carea' id='block_1_20' title="bbox 458 1567 2027 1633">
    <p class='ocr_par' dir='ltr' id='par_1_20' title="bbox 458 1567 2027 1633">
     <span class='ocr_line' id='line_1_20' title="bbox 458 1567 2027 1633; baseline 0.003 -14"><span class='ocrx_word' id='word_1_146' title='bbox 458 1569 600 1633; x_wconf 88' lang='lat' dir='ltr'><strong>quod</strong></span> <span class='ocrx_word' id='word_1_147' title='bbox 649 1585 750 1622; x_wconf 90' lang='lat' dir='ltr'><strong>non</strong></span> <span class='ocrx_word' id='word_1_148' title='bbox 788 1571 1004 1632; x_wconf 73' lang='lat' dir='ltr'><strong>excitat,</strong></span> <span class='ocrx_word' id='word_1_149' title='bbox 1044 1567 1157 1622; x_wconf 86' lang='lat' dir='ltr'><strong>imo</strong></span> <span class='ocrx_word' id='word_1_150' title='bbox 1185 1569 1489 1623; x_wconf 81' lang='lat' dir='ltr'><strong>obdormire</strong></span> <span class='ocrx_word' id='word_1_151' title='bbox 1526 1567 1673 1623; x_wconf 80' lang='lat' dir='ltr'><strong>facit.</strong></span> <span class='ocrx_word' id='word_1_152' title='bbox 1708 1567 1816 1621; x_wconf 82' lang='lat' dir='ltr'><strong>Nec</strong></span> <span class='ocrx_word' id='word_1_153' title='bbox 1857 1571 2027 1622; x_wconf 90' lang='lat' dir='ltr'><strong>solum</strong></span> 
     </span>
    </p>
   </div>
   <div class='ocr_carea' id='block_1_21' title="bbox 459 1637 2025 1710">
    <p class='ocr_par' dir='ltr' id='par_1_21' title="bbox 459 1637 2025 1710">
     <span class='ocr_line' id='line_1_21' title="bbox 459 1637 2025 1710; baseline 0.001 -19"><span class='ocrx_word' id='word_1_154' title='bbox 459 1640 632 1708; x_wconf 86' lang='lat' dir='ltr'><strong>(quasi</strong></span> <span class='ocrx_word' id='word_1_155' title='bbox 659 1640 820 1710; x_wconf 86' lang='lat' dir='ltr'><strong>dicat)</strong></span> <span class='ocrx_word' id='word_1_156' title='bbox 853 1640 1184 1693; x_wconf 85' lang='lat' dir='ltr'><strong>dormierunt</strong></span> <span class='ocrx_word' id='word_1_157' title='bbox 1211 1639 1285 1693; x_wconf 91' lang='lat' dir='ltr'><strong>illi</strong></span> <span class='ocrx_word' id='word_1_158' title='bbox 1313 1638 1571 1706; x_wconf 67' lang='lat' dir='ltr'><strong>praedicti,</strong></span> <span class='ocrx_word' id='word_1_159' title='bbox 1599 1637 1692 1710; x_wconf 86' lang='lat' dir='ltr'><strong>sed</strong></span> <span class='ocrx_word' id='word_1_160' title='bbox 1720 1649 1777 1710; x_wconf 86' lang='lat' dir='ltr'><strong>et</strong></span> <span class='ocrx_word' id='word_1_161' title='bbox 1815 1654 2025 1705; x_wconf 89' lang='lat' dir='ltr'><strong>omnes,</strong></span> 
     </span>
    </p>
   </div>
   <div class='ocr_carea' id='block_1_22' title="bbox 458 1709 2026 1780">
    <p class='ocr_par' dir='ltr' id='par_1_22' title="bbox 458 1709 2026 1780">
     <span class='ocr_line' id='line_1_22' title="bbox 458 1709 2026 1780; baseline 0.001 -20"><span class='ocrx_word' id='word_1_162' title='bbox 458 1711 547 1779; x_wconf 88' lang='lat' dir='ltr'><strong>qui</strong></span> <span class='ocrx_word' id='word_1_163' title='bbox 568 1711 845 1764; x_wconf 82' lang='lat' dir='ltr'><strong>ascendunt</strong></span> <span class='ocrx_word' id='word_1_164' title='bbox 863 1726 1018 1780; x_wconf 89' lang='lat' dir='ltr'><strong>equos</strong></span> <span class='ocrx_word' id='word_1_165' title='bbox 1041 1711 1344 1774; x_wconf 71' lang='lat' dir='ltr'><strong>apostasioe,</strong></span> <span class='ocrx_word' id='word_1_166' title='bbox 1372 1711 1420 1760; x_wconf 92' lang='lat' dir='ltr'><strong>id</strong></span> <span class='ocrx_word' id='word_1_167' title='bbox 1444 1709 1730 1780; x_wconf 35' lang='lat' dir='ltr'><strong>estturimi</strong></span> <span class='ocrx_word' id='word_1_168' title='bbox 1758 1720 2026 1776; x_wconf 80' lang='lat' dir='ltr'><strong>parentes,</strong></span> 
     </span>
    </p>
   </div>
   <div class='ocr_carea' id='block_1_23' title="bbox 2123 511 3704 580">
    <p class='ocr_par' dir='ltr' id='par_1_23' title="bbox 2123 511 3704 580">
     <span class='ocr_line' id='line_1_23' title="bbox 2123 511 3704 580; baseline 0.003 -16"><span class='ocrx_word' id='word_1_169' title='bbox 2123 520 2206 564; x_wconf 83' lang='lat' dir='ltr'><strong>tos</strong></span> <span class='ocrx_word' id='word_1_170' title='bbox 2238 521 2394 565; x_wconf 74' lang='lat' dir='ltr'><strong>terra:</strong></span> <span class='ocrx_word' id='word_1_171' title='bbox 2435 512 2688 575; x_wconf 87' lang='lat' dir='ltr'><strong>salvabis,</strong></span> <span class='ocrx_word' id='word_1_172' title='bbox 2724 512 2968 580; x_wconf 80' lang='lat' dir='ltr'><strong>quoniam</strong></span> <span class='ocrx_word' id='word_1_173' title='bbox 3007 512 3246 579; x_wconf 73' lang='lat' dir='ltr'><strong>cogitatio</strong></span> <span class='ocrx_word' id='word_1_174' title='bbox 3285 511 3506 565; x_wconf 83' lang='lat' dir='ltr'><strong>hominis</strong></span> <span class='ocrx_word' id='word_1_175' title='bbox 3536 516 3704 580; x_wconf 83' lang='lat' dir='ltr'><strong>con/i-</strong></span> 
     </span>
    </p>
   </div>
   <div class='ocr_carea' id='block_1_24' title="bbox 2122 580 3701 651">
    <p class='ocr_par' dir='ltr' id='par_1_24' title="bbox 2122 580 3701 651">
     <span class='ocr_line' id='line_1_24' title="bbox 2122 580 3701 651; baseline 0.001 -17"><span class='ocrx_word' id='word_1_176' title='bbox 2122 580 2304 634; x_wconf 88' lang='lat' dir='ltr'><strong>tebitur</strong></span> <span class='ocrx_word' id='word_1_177' title='bbox 2330 582 2442 647; x_wconf 84' lang='lat' dir='ltr'><strong>tibi,</strong></span> <span class='ocrx_word' id='word_1_178' title='bbox 2476 594 2605 642; x_wconf 87' lang='lat' dir='ltr'><strong>et.c.,</strong></span> <span class='ocrx_word' id='word_1_179' title='bbox 2635 583 2775 651; x_wconf 91' lang='lat' dir='ltr'><strong>quod</strong></span> <span class='ocrx_word' id='word_1_180' title='bbox 2806 581 3092 648; x_wconf 82' lang='lat' dir='ltr'><strong>dupliciter</strong></span> <span class='ocrx_word' id='word_1_181' title='bbox 3117 592 3288 648; x_wconf 83' lang='lat' dir='ltr'><strong>potest</strong></span> <span class='ocrx_word' id='word_1_182' title='bbox 3317 582 3442 636; x_wconf 91' lang='lat' dir='ltr'><strong>dici.</strong></span> <span class='ocrx_word' id='word_1_183' title='bbox 3473 582 3701 650; x_wconf 83' lang='lat' dir='ltr'><strong>Quando</strong></span> 
     </span>
    </p>
   </div>
   <div class='ocr_carea' id='block_1_25' title="bbox 2122 651 3702 718">
    <p class='ocr_par' dir='ltr' id='par_1_25' title="bbox 2122 651 3702 718">
     <span class='ocr_line' id='line_1_25' title="bbox 2122 651 3702 718; baseline 0.002 -13"><span class='ocrx_word' id='word_1_184' title='bbox 2122 653 2264 705; x_wconf 87' lang='lat' dir='ltr'><strong>enim</strong></span> <span class='ocrx_word' id='word_1_185' title='bbox 2299 653 2456 706; x_wconf 90' lang='lat' dir='ltr'><strong>homo</strong></span> <span class='ocrx_word' id='word_1_186' title='bbox 2479 655 2618 705; x_wconf 88' lang='lat' dir='ltr'><strong>male</strong></span> <span class='ocrx_word' id='word_1_187' title='bbox 2645 661 2816 706; x_wconf 89' lang='lat' dir='ltr'><strong>actam</strong></span> <span class='ocrx_word' id='word_1_188' title='bbox 2852 653 3012 704; x_wconf 88' lang='lat' dir='ltr'><strong>vitam</strong></span> <span class='ocrx_word' id='word_1_189' title='bbox 3039 667 3188 704; x_wconf 72' lang='lat' dir='ltr'><strong>suam</strong></span> <span class='ocrx_word' id='word_1_190' title='bbox 3218 651 3437 718; x_wconf 84' lang='lat' dir='ltr'><strong>cogitat,</strong></span> <span class='ocrx_word' id='word_1_191' title='bbox 3471 664 3524 707; x_wconf 91' lang='lat' dir='ltr'><strong>et</strong></span> <span class='ocrx_word' id='word_1_192' title='bbox 3551 654 3702 708; x_wconf 84' lang='lat' dir='ltr'><strong>dam-</strong></span> 
     </span>
    </p>
   </div>
   <div class='ocr_carea' id='block_1_26' title="bbox 2124 720 3700 790">
    <p class='ocr_par' dir='ltr' id='par_1_26' title="bbox 2124 720 3700 790">
     <span class='ocr_line' id='line_1_26' title="bbox 2124 720 3700 790; baseline 0.001 -14"><span class='ocrx_word' id='word_1_193' title='bbox 2124 730 2235 783; x_wconf 86' lang='lat' dir='ltr'><strong>nat,</strong></span> <span class='ocrx_word' id='word_1_194' title='bbox 2278 731 2402 775; x_wconf 91' lang='lat' dir='ltr'><strong>tunc</strong></span> <span class='ocrx_word' id='word_1_195' title='bbox 2453 723 2677 776; x_wconf 89' lang='lat' dir='ltr'><strong>Domino</strong></span> <span class='ocrx_word' id='word_1_196' title='bbox 2725 721 3042 775; x_wconf 87' lang='lat' dir='ltr'><strong>landabilern</strong></span> <span class='ocrx_word' id='word_1_197' title='bbox 3089 720 3481 776; x_wconf 81' lang='lat' dir='ltr'><strong>confessionem</strong></span> <span class='ocrx_word' id='word_1_198' title='bbox 3538 725 3700 790; x_wconf 82' lang='lat' dir='ltr'><strong>facit;</strong></span> 
     </span>
    </p>
   </div>
   <div class='ocr_carea' id='block_1_27' title="bbox 2124 793 3706 861">
    <p class='ocr_par' dir='ltr' id='par_1_27' title="bbox 2124 793 3706 861">
     <span class='ocr_line' id='line_1_27' title="bbox 2124 793 3706 861; baseline 0.003 -17"><span class='ocrx_word' id='word_1_199' title='bbox 2124 793 2338 860; x_wconf 88' lang='lat' dir='ltr'><strong>quando</strong></span> <span class='ocrx_word' id='word_1_200' title='bbox 2365 809 2493 846; x_wconf 89' lang='lat' dir='ltr'><strong>vero</strong></span> <span class='ocrx_word' id='word_1_201' title='bbox 2519 808 2638 861; x_wconf 69' lang='lat' dir='ltr'><strong>qum</strong></span> <span class='ocrx_word' id='word_1_202' title='bbox 2666 793 2919 860; x_wconf 79' lang='lat' dir='ltr'><strong>cogitavit</strong></span> <span class='ocrx_word' id='word_1_203' title='bbox 2944 793 3008 845; x_wconf 86' lang='lat' dir='ltr'><strong>ad</strong></span> <span class='ocrx_word' id='word_1_204' title='bbox 3041 803 3216 846; x_wconf 91' lang='lat' dir='ltr'><strong>actum</strong></span> <span class='ocrx_word' id='word_1_205' title='bbox 3253 793 3515 858; x_wconf 87' lang='lat' dir='ltr'><strong>perducit,</strong></span> <span class='ocrx_word' id='word_1_206' title='bbox 3557 797 3706 848; x_wconf 87' lang='lat' dir='ltr'><strong>scili-</strong></span> 
     </span>
    </p>
   </div>
   <div class='ocr_carea' id='block_1_28' title="bbox 2124 863 3708 933">
    <p class='ocr_par' dir='ltr' id='par_1_28' title="bbox 2124 863 3708 933">
     <span class='ocr_line' id='line_1_28' title="bbox 2124 863 3708 933; baseline 0.001 -16"><span class='ocrx_word' id='word_1_207' title='bbox 2124 873 2230 928; x_wconf 86' lang='lat' dir='ltr'><strong>cet,</strong></span> <span class='ocrx_word' id='word_1_208' title='bbox 2263 863 2473 928; x_wconf 84' lang='lat' dir='ltr'><strong>quando</strong></span> <span class='ocrx_word' id='word_1_209' title='bbox 2503 879 2562 916; x_wconf 89' lang='lat' dir='ltr'><strong>se</strong></span> <span class='ocrx_word' id='word_1_210' title='bbox 2594 864 2763 928; x_wconf 88' lang='lat' dir='ltr'><strong>ipsum</strong></span> <span class='ocrx_word' id='word_1_211' title='bbox 2799 878 2892 929; x_wconf 91' lang='lat' dir='ltr'><strong>pro</strong></span> <span class='ocrx_word' id='word_1_212' title='bbox 2946 865 3231 927; x_wconf 71' lang='lat' dir='ltr'><strong>prmteritis</strong></span> <span class='ocrx_word' id='word_1_213' title='bbox 3281 865 3510 932; x_wconf 82' lang='lat' dir='ltr'><strong>peccatis</strong></span> <span class='ocrx_word' id='word_1_214' title='bbox 3556 867 3708 933; x_wconf 88' lang='lat' dir='ltr'><strong>punit</strong></span> 
     </span>
    </p>
   </div>
   <div class='ocr_carea' id='block_1_29' title="bbox 2124 933 3708 1002">
    <p class='ocr_par' dir='ltr' id='par_1_29' title="bbox 2124 933 3708 1002">
     <span class='ocr_line' id='line_1_29' title="bbox 2124 933 3708 1002; baseline 0.001 -16"><span class='ocrx_word' id='word_1_215' title='bbox 2124 937 2350 999; x_wconf 86' lang='lat' dir='ltr'><strong>orando,</strong></span> <span class='ocrx_word' id='word_1_216' title='bbox 2377 935 2688 1002; x_wconf 87' lang='lat' dir='ltr'><strong>jejunando,</strong></span> <span class='ocrx_word' id='word_1_217' title='bbox 2721 940 2776 986; x_wconf 88' lang='lat' dir='ltr'><strong>et</strong></span> <span class='ocrx_word' id='word_1_218' title='bbox 2798 933 2991 986; x_wconf 87' lang='lat' dir='ltr'><strong>similia</strong></span> <span class='ocrx_word' id='word_1_219' title='bbox 3023 933 3287 998; x_wconf 86' lang='lat' dir='ltr'><strong>faciendo,</strong></span> <span class='ocrx_word' id='word_1_220' title='bbox 3320 942 3444 987; x_wconf 91' lang='lat' dir='ltr'><strong>tunc</strong></span> <span class='ocrx_word' id='word_1_221' title='bbox 3471 937 3708 1002; x_wconf 69' lang='lat' dir='ltr'><strong>reliquit:</strong></span> 
     </span>
    </p>
   </div>
   <div class='ocr_carea' id='block_1_30' title="bbox 2125 1002 3706 1074">
    <p class='ocr_par' dir='ltr' id='par_1_30' title="bbox 2125 1002 3706 1074">
     <span class='ocr_line' id='line_1_30' title="bbox 2125 1002 3706 1074; baseline 0.002 -18"><span class='ocrx_word' id='word_1_222' title='bbox 2125 1004 2446 1073; x_wconf 81' lang='lat' dir='ltr'><strong>cogitationis</strong></span> <span class='ocrx_word' id='word_1_223' title='bbox 2477 1005 2610 1056; x_wconf 90' lang='lat' dir='ltr'><strong>diem</strong></span> <span class='ocrx_word' id='word_1_224' title='bbox 2639 1008 2829 1074; x_wconf 78' lang='lat' dir='ltr'><strong>festum</strong></span> <span class='ocrx_word' id='word_1_225' title='bbox 2869 1013 3034 1074; x_wconf 72' lang='lat' dir='ltr'><strong>agunt</strong></span> <span class='ocrx_word' id='word_1_226' title='bbox 3063 1002 3313 1074; x_wconf 90' lang='lat' dir='ltr'><strong>Domino,</strong></span> <span class='ocrx_word' id='word_1_227' title='bbox 3343 1006 3465 1071; x_wconf 88' lang='lat' dir='ltr'><strong>quia</strong></span> <span class='ocrx_word' id='word_1_228' title='bbox 3498 1005 3590 1059; x_wconf 88' lang='lat' dir='ltr'><strong>ille</strong></span> <span class='ocrx_word' id='word_1_229' title='bbox 3617 1017 3706 1058; x_wconf 85' lang='lat' dir='ltr'><strong>at-</strong></span> 
     </span>
    </p>
   </div>
   <div class='ocr_carea' id='block_1_31' title="bbox 2129 1073 3698 1138">
    <p class='ocr_par' dir='ltr' id='par_1_31' title="bbox 2129 1073 3698 1138">
     <span class='ocr_line' id='line_1_31' title="bbox 2129 1073 3698 1138; baseline 0.003 -12"><span class='ocrx_word' id='word_1_230' title='bbox 2129 1076 2354 1128; x_wconf 88' lang='lat' dir='ltr'><strong>tendens</strong></span> <span class='ocrx_word' id='word_1_231' title='bbox 2378 1073 2717 1138; x_wconf 78' lang='lat' dir='ltr'><strong>asperitatem</strong></span> <span class='ocrx_word' id='word_1_232' title='bbox 2747 1073 3127 1127; x_wconf 86' lang='lat' dir='ltr'><strong>satisfactionis</strong></span> <span class='ocrx_word' id='word_1_233' title='bbox 3149 1113 3162 1137; x_wconf 96' lang='lat'><strong>,</strong></span> <span class='ocrx_word' id='word_1_234' title='bbox 3196 1073 3417 1129; x_wconf 89' lang='lat' dir='ltr'><strong>feriatur</strong></span> <span class='ocrx_word' id='word_1_235' title='bbox 3445 1091 3473 1127; x_wconf 89' lang='lat' dir='ltr'><strong>a</strong></span> <span class='ocrx_word' id='word_1_236' title='bbox 3504 1090 3698 1130; x_wconf 76' lang='lat' dir='ltr'><strong>pecca-</strong></span> 
     </span>
    </p>
   </div>
   <div class='ocr_carea' id='block_1_32' title="bbox 2129 1143 3698 1213">
    <p class='ocr_par' dir='ltr' id='par_1_32' title="bbox 2129 1143 3698 1213">
     <span class='ocr_line' id='line_1_32' title="bbox 2129 1143 3698 1213; baseline 0.002 -16"><span class='ocrx_word' id='word_1_237' title='bbox 2129 1145 2214 1198; x_wconf 87' lang='lat' dir='ltr'><strong>tis.</strong></span> <span class='ocrx_word' id='word_1_238' title='bbox 2247 1143 2342 1200; x_wconf 75' lang='grc' dir='ltr'>νει</span> <span class='ocrx_word' id='word_1_239' title='bbox 2373 1145 2562 1199; x_wconf 86' lang='lat' dir='ltr'><strong>aliter:</strong></span> <span class='ocrx_word' id='word_1_240' title='bbox 2593 1144 2722 1198; x_wconf 90' lang='lat' dir='ltr'><strong>Cum</strong></span> <span class='ocrx_word' id='word_1_241' title='bbox 2765 1146 2921 1197; x_wconf 85' lang='lat' dir='ltr'><strong>homo</strong></span> <span class='ocrx_word' id='word_1_242' title='bbox 2949 1145 3209 1213; x_wconf 83' lang='lat' dir='ltr'><strong>recogitat</strong></span> <span class='ocrx_word' id='word_1_243' title='bbox 3258 1159 3316 1198; x_wconf 91' lang='lat' dir='ltr'><strong>se</strong></span> <span class='ocrx_word' id='word_1_244' title='bbox 3365 1157 3698 1213; x_wconf 85' lang='lat' dir='ltr'><strong>peccatorem</strong></span> 
     </span>
    </p>
   </div>
   <div class='ocr_carea' id='block_1_33' title="bbox 2130 1213 3691 1284">
    <p class='ocr_par' dir='ltr' id='par_1_33' title="bbox 2130 1213 3691 1284">
     <span class='ocr_line' id='line_1_33' title="bbox 2130 1213 3691 1284; baseline 0.003 -18"><span class='ocrx_word' id='word_1_245' title='bbox 2130 1215 2314 1274; x_wconf 88' lang='lat' dir='ltr'><strong>fuisse.</strong></span> <span class='ocrx_word' id='word_1_246' title='bbox 2346 1225 2400 1269; x_wconf 87' lang='lat' dir='ltr'><strong>ct</strong></span> <span class='ocrx_word' id='word_1_247' title='bbox 2426 1216 2532 1284; x_wconf 79' lang='lat' dir='ltr'><strong>agit</strong></span> <span class='ocrx_word' id='word_1_248' title='bbox 2559 1216 2754 1284; x_wconf 78' lang='lat' dir='ltr'><strong>gratias</strong></span> <span class='ocrx_word' id='word_1_249' title='bbox 2787 1214 2896 1268; x_wconf 89' lang='lat' dir='ltr'><strong>Deo</strong></span> <span class='ocrx_word' id='word_1_250' title='bbox 2925 1213 3236 1268; x_wconf 81' lang='lat' dir='ltr'><strong>vivificatori</strong></span> <span class='ocrx_word' id='word_1_251' title='bbox 3267 1224 3321 1267; x_wconf 89' lang='lat' dir='ltr'><strong>et</strong></span> <span class='ocrx_word' id='word_1_252' title='bbox 3366 1216 3691 1284; x_wconf 85' lang='lat' dir='ltr'><strong>redemptori</strong></span> 
     </span>
    </p>
   </div>
   <div class='ocr_carea' id='block_1_34' title="bbox 2128 1285 3695 1352">
    <p class='ocr_par' dir='ltr' id='par_1_34' title="bbox 2128 1285 3695 1352">
     <span class='ocr_line' id='line_1_34' title="bbox 2128 1285 3695 1352; baseline 0.002 -15"><span class='ocrx_word' id='word_1_253' title='bbox 2128 1300 2246 1349; x_wconf 92' lang='lat' dir='ltr'><strong>suo,</strong></span> <span class='ocrx_word' id='word_1_254' title='bbox 2280 1293 2404 1339; x_wconf 90' lang='lat' dir='ltr'><strong>tunc</strong></span> <span class='ocrx_word' id='word_1_255' title='bbox 2451 1290 2732 1339; x_wconf 89' lang='lat' dir='ltr'><strong>contitetur</strong></span> <span class='ocrx_word' id='word_1_256' title='bbox 2759 1286 2829 1348; x_wconf 93' lang='lat' dir='ltr'><strong>ei,</strong></span> <span class='ocrx_word' id='word_1_257' title='bbox 2861 1285 2980 1352; x_wconf 88' lang='lat' dir='ltr'><strong>quia</strong></span> <span class='ocrx_word' id='word_1_258' title='bbox 3037 1285 3137 1337; x_wconf 89' lang='lat' dir='ltr'><strong>hoc</strong></span> <span class='ocrx_word' id='word_1_259' title='bbox 3185 1295 3267 1339; x_wconf 87' lang='lat' dir='ltr'><strong>est</strong></span> <span class='ocrx_word' id='word_1_260' title='bbox 3310 1285 3607 1348; x_wconf 80' lang='lat' dir='ltr'><strong>confessio,</strong></span> <span class='ocrx_word' id='word_1_261' title='bbox 3643 1288 3695 1340; x_wconf 92' lang='lat' dir='ltr'><strong>id</strong></span> 
     </span>
    </p>
   </div>
   <div class='ocr_carea' id='block_1_35' title="bbox 2129 1355 3707 1424">
    <p class='ocr_par' dir='ltr' id='par_1_35' title="bbox 2129 1355 3707 1424">
     <span class='ocr_line' id='line_1_35' title="bbox 2129 1355 3707 1424; baseline -0.001 -14"><span class='ocrx_word' id='word_1_262' title='bbox 2129 1365 2234 1418; x_wconf 87' lang='lat' dir='ltr'><strong>est,</strong></span> <span class='ocrx_word' id='word_1_263' title='bbox 2264 1355 2378 1408; x_wconf 86' lang='lat' dir='ltr'><strong>laus</strong></span> <span class='ocrx_word' id='word_1_264' title='bbox 2420 1357 2554 1424; x_wconf 86' lang='lat' dir='ltr'><strong>ejus.</strong></span> <span class='ocrx_word' id='word_1_265' title='bbox 2591 1357 2655 1408; x_wconf 85' lang='lat' dir='ltr'><strong>Et.</strong></span> <span class='ocrx_word' id='word_1_266' title='bbox 2692 1355 2920 1424; x_wconf 73' lang='lat' dir='ltr'><strong>reliquite</strong></span> <span class='ocrx_word' id='word_1_267' title='bbox 2951 1355 3296 1424; x_wconf 81' lang='lat' dir='ltr'><strong>cogitationis,</strong></span> <span class='ocrx_word' id='word_1_268' title='bbox 3331 1355 3379 1408; x_wconf 92' lang='lat' dir='ltr'><strong>id</strong></span> <span class='ocrx_word' id='word_1_269' title='bbox 3411 1365 3514 1419; x_wconf 62' lang='lat' dir='ltr'><strong>est,</strong></span> <span class='ocrx_word' id='word_1_270' title='bbox 3551 1371 3707 1409; x_wconf 76' lang='lat' dir='ltr'><strong>rr-co-</strong></span> 
     </span>
    </p>
   </div>
   <div class='ocr_carea' id='block_1_36' title="bbox 2129 1425 3700 1495">
    <p class='ocr_par' dir='ltr' id='par_1_36' title="bbox 2129 1425 3700 1495">
     <span class='ocr_line' id='line_1_36' title="bbox 2129 1425 3700 1495; baseline 0 -17"><span class='ocrx_word' id='word_1_271' title='bbox 2129 1427 2271 1495; x_wconf 76' lang='lat' dir='ltr'><strong>gnita</strong></span> <span class='ocrx_word' id='word_1_272' title='bbox 2303 1430 2562 1491; x_wconf 78' lang='lat' dir='ltr'><strong>pernicies</strong></span> <span class='ocrx_word' id='word_1_273' title='bbox 2593 1429 2979 1493; x_wconf 59' lang='lat' dir='ltr'><strong>praeteritorum</strong></span> <span class='ocrx_word' id='word_1_274' title='bbox 3027 1425 3306 1478; x_wconf 86' lang='lat' dir='ltr'><strong>criminum</strong></span> <span class='ocrx_word' id='word_1_275' title='bbox 3342 1435 3460 1492; x_wconf 90' lang='lat' dir='ltr'><strong>post</strong></span> <span class='ocrx_word' id='word_1_276' title='bbox 3503 1426 3700 1478; x_wconf 79' lang='lat' dir='ltr'><strong>effusas</strong></span> 
     </span>
    </p>
   </div>
   <div class='ocr_carea' id='block_1_37' title="bbox 2133 1495 3702 1566">
    <p class='ocr_par' dir='ltr' id='par_1_37' title="bbox 2133 1495 3702 1566">
     <span class='ocr_line' id='line_1_37' title="bbox 2133 1495 3702 1566; baseline -0.001 -18"><span class='ocrx_word' id='word_1_277' title='bbox 2133 1499 2419 1566; x_wconf 82' lang='lat' dir='ltr'><strong>lacrymas,</strong></span> <span class='ocrx_word' id='word_1_278' title='bbox 2449 1507 2502 1550; x_wconf 89' lang='lat' dir='ltr'><strong>et</strong></span> <span class='ocrx_word' id='word_1_279' title='bbox 2531 1495 2796 1550; x_wconf 87' lang='lat' dir='ltr'><strong>assiduam</strong></span> <span class='ocrx_word' id='word_1_280' title='bbox 2825 1495 3006 1566; x_wconf 87' lang='lat' dir='ltr'><strong>cordis</strong></span> <span class='ocrx_word' id='word_1_281' title='bbox 3031 1495 3404 1566; x_wconf 80' lang='lat' dir='ltr'><strong>contritionem</strong></span> <span class='ocrx_word' id='word_1_282' title='bbox 3454 1497 3590 1548; x_wconf 84' lang='lat' dir='ltr'><strong>diem</strong></span> <span class='ocrx_word' id='word_1_283' title='bbox 3622 1501 3702 1562; x_wconf 75' lang='lat' dir='ltr'><strong>{e-</strong></span> 
     </span>
    </p>
   </div>
   <div class='ocr_carea' id='block_1_38' title="bbox 2130 1564 3700 1634">
    <p class='ocr_par' dir='ltr' id='par_1_38' title="bbox 2130 1564 3700 1634">
     <span class='ocr_line' id='line_1_38' title="bbox 2130 1564 3700 1634; baseline -0.002 -16"><span class='ocrx_word' id='word_1_284' title='bbox 2130 1564 2262 1618; x_wconf 82' lang='lat' dir='ltr'><strong>sturn</strong></span> <span class='ocrx_word' id='word_1_285' title='bbox 2290 1565 2395 1633; x_wconf 71' lang='lat' dir='ltr'><strong>agit</strong></span> <span class='ocrx_word' id='word_1_286' title='bbox 2424 1567 2670 1632; x_wconf 89' lang='lat' dir='ltr'><strong>Domino,</strong></span> <span class='ocrx_word' id='word_1_287' title='bbox 2703 1566 2826 1634; x_wconf 89' lang='lat' dir='ltr'><strong>quia</strong></span> <span class='ocrx_word' id='word_1_288' title='bbox 2876 1564 3178 1631; x_wconf 88' lang='lat' dir='ltr'><strong>lnrjusmedi</strong></span> <span class='ocrx_word' id='word_1_289' title='bbox 3227 1566 3526 1618; x_wconf 87' lang='lat' dir='ltr'><strong>recordatio</strong></span> <span class='ocrx_word' id='word_1_290' title='bbox 3572 1567 3700 1618; x_wconf 81' lang='lat' dir='ltr'><strong>red-</strong></span> 
     </span>
    </p>
   </div>
   <div class='ocr_carea' id='block_1_39' title="bbox 2131 1635 3703 1716">
    <p class='ocr_par' dir='ltr' id='par_1_39' title="bbox 2131 1635 3703 1716">
     <span class='ocr_line' id='line_1_39' title="bbox 2131 1635 3703 1716; baseline 0.001 -27"><span class='ocrx_word' id='word_1_291' title='bbox 2131 1635 2212 1716; x_wconf 78' lang='lat' dir='ltr'><strong>dit</strong></span> <span class='ocrx_word' id='word_1_292' title='bbox 2243 1637 2511 1691; x_wconf 88' lang='lat' dir='ltr'><strong>hominem</strong></span> <span class='ocrx_word' id='word_1_293' title='bbox 2541 1637 2606 1690; x_wconf 89' lang='lat' dir='ltr'><strong>ad</strong></span> <span class='ocrx_word' id='word_1_294' title='bbox 2631 1648 2820 1690; x_wconf 66' lang='lat' dir='ltr'><strong>caetera</strong></span> <span class='ocrx_word' id='word_1_295' title='bbox 2849 1644 3177 1700; x_wconf 78' lang='lat' dir='ltr'><strong>cauturn,~et</strong></span> <span class='ocrx_word' id='word_1_296' title='bbox 3201 1636 3276 1690; x_wconf 86' lang='lat' dir='ltr'><strong>sic</strong></span> <span class='ocrx_word' id='word_1_297' title='bbox 3302 1650 3332 1688; x_wconf 86' lang='lat' dir='ltr'><strong>a</strong></span> <span class='ocrx_word' id='word_1_298' title='bbox 3366 1637 3596 1704; x_wconf 86' lang='lat' dir='ltr'><strong>peccatis</strong></span> <span class='ocrx_word' id='word_1_299' title='bbox 3627 1635 3703 1690; x_wconf 85' lang='lat' dir='ltr'><strong>fe-</strong></span> 
     </span>
    </p>
   </div>
   <div class='ocr_carea' id='block_1_40' title="bbox 2134 1717 2320 1762">
    <p class='ocr_par' dir='ltr' id='par_1_40' title="bbox 2134 1717 2320 1762">
     <span class='ocr_line' id='line_1_40' title="bbox 2134 1717 2320 1762; baseline 0.011 -2"><span class='ocrx_word' id='word_1_300' title='bbox 2134 1717 2320 1762; x_wconf 87' lang='lat' dir='ltr'><strong>rtatur.</strong></span> 
     </span>
    </p>
   </div>
   <div class='ocr_carea' id='block_1_41' title="bbox 458 1773 3713 1864">
    <p class='ocr_par' dir='ltr' id='par_1_41' title="bbox 458 1773 3713 1864">
     <span class='ocr_line' id='line_1_41' title="bbox 458 1773 3713 1864; baseline -0.001 -32"><span class='ocrx_word' id='word_1_301' title='bbox 458 1773 513 1832; x_wconf 81' lang='lat' dir='ltr'><strong>et</strong></span> <span class='ocrx_word' id='word_1_302' title='bbox 541 1781 627 1834; x_wconf 91' lang='lat' dir='ltr'><strong>alii</strong></span> <span class='ocrx_word' id='word_1_303' title='bbox 658 1797 863 1864; x_wconf 66' lang='lat' dir='ltr'><strong>omnes,</strong></span> <span class='ocrx_word' id='word_1_304' title='bbox 893 1773 981 1864; x_wconf 70' lang='lat' dir='ltr'><strong>qui</strong></span> <span class='ocrx_word' id='word_1_305' title='bbox 1015 1773 1106 1859; x_wconf 79' lang='lat' dir='ltr'><strong>per</strong></span> <span class='ocrx_word' id='word_1_306' title='bbox 1142 1781 1445 1847; x_wconf 88' lang='lat' dir='ltr'><strong>superbiam</strong></span> <span class='ocrx_word' id='word_1_307' title='bbox 1487 1794 1516 1832; x_wconf 92' lang='lat' dir='ltr'><strong>a</strong></span> <span class='ocrx_word' id='word_1_308' title='bbox 1559 1773 1783 1832; x_wconf 85' lang='lat' dir='ltr'><strong>Domino</strong></span> <span class='ocrx_word' id='word_1_309' title='bbox 1819 1773 2031 1848; x_wconf 79' lang='lat' dir='ltr'><strong>aposta-</strong></span> <span class='ocrx_word' id='word_1_310' title='bbox 2067 1806 2112 1864; x_wconf 75' lang='grc' dir='ltr'><strong><em>Β</em></strong></span> <span class='ocrx_word' id='word_1_311' title='bbox 2200 1775 2402 1864; x_wconf 59' lang='grc' dir='ltr'><strong>¹νουείε</strong></span> <span class='ocrx_word' id='word_1_312' title='bbox 2427 1786 2471 1858; x_wconf 69' lang='lat' dir='ltr'><strong>et</strong></span> <span class='ocrx_word' id='word_1_313' title='bbox 2497 1777 2693 1864; x_wconf 73' lang='lat' dir='ltr'><strong>reddi&#39;e</strong></span> <span class='ocrx_word' id='word_1_314' title='bbox 2735 1774 2974 1864; x_wconf 42' lang='grc' dir='ltr'><strong>υίηιὶηρ.</strong></span> <span class='ocrx_word' id='word_1_315' title='bbox 3022 1774 3182 1864; x_wconf 57' lang='lat' dir='ltr'><strong>Qua&#39;si</strong></span> <span class='ocrx_word' id='word_1_316' title='bbox 3214 1773 3390 1828; x_wconf 86' lang='lat' dir='ltr'><strong>dicat:</strong></span> <span class='ocrx_word' id='word_1_317' title='bbox 3415 1773 3475 1828; x_wconf 87' lang='lat' dir='ltr'><strong>Et</strong></span> <span class='ocrx_word' id='word_1_318' title='bbox 3500 1784 3583 1864; x_wconf 63' lang='lat' dir='ltr'><strong>ut</strong></span> <span class='ocrx_word' id='word_1_319' title='bbox 3615 1790 3713 1864; x_wconf 77' lang='lat' dir='ltr'><strong>vos</strong></span> 
     </span>
    </p>
   </div>
   <div class='ocr_carea' id='block_1_42' title="bbox 459 1851 1977 1913">
    <p class='ocr_par' dir='ltr' id='par_1_42' title="bbox 459 1851 1977 1913">
     <span class='ocr_line' id='line_1_42' title="bbox 459 1851 1977 1913; baseline 0.002 -12"><span class='ocrx_word' id='word_1_320' title='bbox 459 1859 725 1913; x_wconf 79' lang='lat' dir='ltr'><strong>taVernnt,</strong></span> <span class='ocrx_word' id='word_1_321' title='bbox 756 1852 891 1904; x_wconf 72' lang='lat' dir='ltr'><strong>mile</strong></span> <span class='ocrx_word' id='word_1_322' title='bbox 934 1851 1353 1904; x_wconf 83' lang='lat' dir='ltr'><strong>dormitoverunt.</strong></span> <span class='ocrx_word' id='word_1_323' title='bbox 1757 1897 1761 1901; x_wconf 96' lang='lat'><strong>.</strong></span> <span class='ocrx_word' id='word_1_324' title='bbox 1973 1900 1977 1904; x_wconf 89' lang='lat'><strong>.</strong></span> 
     </span>
    </p>
   </div>
   <div class='ocr_carea' id='block_1_43' title="bbox 540 1919 2031 1986">
    <p class='ocr_par' dir='ltr' id='par_1_43' title="bbox 540 1919 2031 1986">
     <span class='ocr_line' id='line_1_43' title="bbox 540 1919 2031 1986; baseline 0.001 -13"><span class='ocrx_word' id='word_1_325' title='bbox 540 1920 612 1973; x_wconf 78' lang='lat' dir='ltr'><strong>Tu</strong></span> <span class='ocrx_word' id='word_1_326' title='bbox 643 1921 880 1973; x_wconf 70' lang='lat' dir='ltr'><strong>terribilis</strong></span> <span class='ocrx_word' id='word_1_327' title='bbox 919 1937 989 1974; x_wconf 86' lang='lat' dir='ltr'><strong>es.</strong></span> <span class='ocrx_word' id='word_1_328' title='bbox 1026 1919 1184 1973; x_wconf 81' lang='lat' dir='ltr'><strong>Facta</strong></span> <span class='ocrx_word' id='word_1_329' title='bbox 1237 1919 1636 1984; x_wconf 87' lang='lat' dir='ltr'><strong>interpositione</strong></span> <span class='ocrx_word' id='word_1_330' title='bbox 1687 1919 1832 1986; x_wconf 88' lang='lat' dir='ltr'><strong>ponit</strong></span> <span class='ocrx_word' id='word_1_331' title='bbox 1877 1919 2031 1986; x_wconf 87' lang='lat' dir='ltr'><strong>illud,</strong></span> 
     </span>
    </p>
   </div>
   <div class='ocr_carea' id='block_1_44' title="bbox 459 1989 2036 2058">
    <p class='ocr_par' dir='ltr' id='par_1_44' title="bbox 459 1989 2036 2058">
     <span class='ocr_line' id='line_1_44' title="bbox 459 1989 2036 2058; baseline 0.001 -16"><span class='ocrx_word' id='word_1_332' title='bbox 459 1992 524 2042; x_wconf 85' lang='lat' dir='ltr'><strong>ad</strong></span> <span class='ocrx_word' id='word_1_333' title='bbox 557 1991 694 2058; x_wconf 89' lang='lat' dir='ltr'><strong>quod</strong></span> <span class='ocrx_word' id='word_1_334' title='bbox 734 1993 1025 2044; x_wconf 80' lang='lat' dir='ltr'><strong>Ol‘ullOItelll</strong></span> <span class='ocrx_word' id='word_1_335' title='bbox 1067 1990 1701 2058; x_wconf 15' lang='lat' dir='ltr'><strong>spcctareiprazdiximus.</strong></span> <span class='ocrx_word' id='word_1_336' title='bbox 1743 1989 1904 2056; x_wconf 88' lang='lat' dir='ltr'><strong>Quasi</strong></span> <span class='ocrx_word' id='word_1_337' title='bbox 1956 1993 2036 2045; x_wconf 84' lang='lat' dir='ltr'><strong>di-</strong></span> 
     </span>
    </p>
   </div>
   <div class='ocr_carea' id='block_1_45' title="bbox 459 2057 2034 2129">
    <p class='ocr_par' dir='ltr' id='par_1_45' title="bbox 459 2057 2034 2129">
     <span class='ocr_line' id='line_1_45' title="bbox 459 2057 2034 2129; baseline 0.003 -18"><span class='ocrx_word' id='word_1_338' title='bbox 459 2057 583 2113; x_wconf 71' lang='lat' dir='ltr'><strong>cati</strong></span> <span class='ocrx_word' id='word_1_339' title='bbox 617 2060 714 2127; x_wconf 85' lang='lat' dir='ltr'><strong>Tu,</strong></span> <span class='ocrx_word' id='word_1_340' title='bbox 740 2061 973 2129; x_wconf 87' lang='lat' dir='ltr'><strong>inquam,</strong></span> <span class='ocrx_word' id='word_1_341' title='bbox 1022 2071 1176 2114; x_wconf 86' lang='lat' dir='ltr'><strong>nutus</strong></span> <span class='ocrx_word' id='word_1_342' title='bbox 1208 2061 1259 2113; x_wconf 92' lang='lat' dir='ltr'><strong>in</strong></span> <span class='ocrx_word' id='word_1_343' title='bbox 1307 2057 1490 2113; x_wconf 73' lang='lat' dir='ltr'><strong>Judma</strong></span> <span class='ocrx_word' id='word_1_344' title='bbox 1522 2059 1696 2125; x_wconf 88' lang='lat' dir='ltr'><strong>Deus,</strong></span> <span class='ocrx_word' id='word_1_345' title='bbox 1741 2061 1831 2127; x_wconf 88' lang='lat' dir='ltr'><strong>qui</strong></span> <span class='ocrx_word' id='word_1_346' title='bbox 1865 2063 2034 2128; x_wconf 90' lang='lat' dir='ltr'><strong>primo</strong></span> 
     </span>
    </p>
   </div>
   <div class='ocr_carea' id='block_1_46' title="bbox 463 2129 2033 2200">
    <p class='ocr_par' dir='ltr' id='par_1_46' title="bbox 463 2129 2033 2200">
     <span class='ocr_line' id='line_1_46' title="bbox 463 2129 2033 2200; baseline 0.002 -18"><span class='ocrx_word' id='word_1_347' title='bbox 463 2131 679 2185; x_wconf 73' lang='lat' dir='ltr'><strong>humilis</strong></span> <span class='ocrx_word' id='word_1_348' title='bbox 715 2131 1022 2200; x_wconf 78' lang='lat' dir='ltr'><strong>apparuisti,</strong></span> <span class='ocrx_word' id='word_1_349' title='bbox 1065 2133 1341 2184; x_wconf 83' lang='lat' dir='ltr'><strong>adfuturus</strong></span> <span class='ocrx_word' id='word_1_350' title='bbox 1369 2146 1419 2183; x_wconf 88' lang='lat' dir='ltr'><strong>es</strong></span> <span class='ocrx_word' id='word_1_351' title='bbox 1460 2132 1510 2182; x_wconf 92' lang='lat' dir='ltr'><strong>in</strong></span> <span class='ocrx_word' id='word_1_352' title='bbox 1549 2129 1748 2198; x_wconf 87' lang='lat' dir='ltr'><strong>judicio</strong></span> <span class='ocrx_word' id='word_1_353' title='bbox 1774 2132 2033 2198; x_wconf 80' lang='lat' dir='ltr'><strong>terribilis,</strong></span> 
     </span>
    </p>
   </div>
   <div class='ocr_carea' id='block_1_47' title="bbox 462 2201 2036 2270">
    <p class='ocr_par' dir='ltr' id='par_1_47' title="bbox 462 2201 2036 2270">
     <span class='ocr_line' id='line_1_47' title="bbox 462 2201 2036 2270; baseline 0.002 -18"><span class='ocrx_word' id='word_1_354' title='bbox 462 2211 509 2253; x_wconf 83' lang='lat' dir='ltr'><strong>et</strong></span> <span class='ocrx_word' id='word_1_355' title='bbox 533 2203 644 2270; x_wconf 84' lang='lat' dir='ltr'><strong>quis</strong></span> <span class='ocrx_word' id='word_1_356' title='bbox 675 2212 799 2254; x_wconf 89' lang='lat' dir='ltr'><strong>tunc</strong></span> <span class='ocrx_word' id='word_1_357' title='bbox 828 2203 1022 2255; x_wconf 72' lang='lat' dir='ltr'><strong>resistet</strong></span> <span class='ocrx_word' id='word_1_358' title='bbox 1047 2203 1132 2254; x_wconf 88' lang='lat' dir='ltr'><strong>tibi</strong></span> <span class='ocrx_word' id='word_1_359' title='bbox 1149 2202 1380 2254; x_wconf 16' lang='lat' dir='ltr'><strong>?’t\&#39;ullus</strong></span> <span class='ocrx_word' id='word_1_360' title='bbox 1407 2201 1610 2268; x_wconf 87' lang='lat' dir='ltr'><strong>utique,</strong></span> <span class='ocrx_word' id='word_1_361' title='bbox 1638 2202 1761 2269; x_wconf 88' lang='lat' dir='ltr'><strong>quia</strong></span> <span class='ocrx_word' id='word_1_362' title='bbox 1789 2217 1891 2254; x_wconf 91' lang='lat' dir='ltr'><strong>non</strong></span> <span class='ocrx_word' id='word_1_363' title='bbox 1925 2219 2036 2256; x_wconf 84' lang='lat' dir='ltr'><strong>ma-</strong></span> 
     </span>
    </p>
   </div>
   <div class='ocr_carea' id='block_1_48' title="bbox 461 2272 2030 2341">
    <p class='ocr_par' dir='ltr' id='par_1_48' title="bbox 461 2272 2030 2341">
     <span class='ocr_line' id='line_1_48' title="bbox 461 2272 2030 2341; baseline 0.003 -21"><span class='ocrx_word' id='word_1_364' title='bbox 461 2272 542 2339; x_wconf 68' lang='lat' dir='ltr'><strong>gis</strong></span> <span class='ocrx_word' id='word_1_365' title='bbox 571 2274 855 2341; x_wconf 87' lang='lat' dir='ltr'><strong>imperat-or</strong></span> <span class='ocrx_word' id='word_1_366' title='bbox 876 2288 1031 2341; x_wconf 83' lang='lat' dir='ltr'><strong>quam</strong></span> <span class='ocrx_word' id='word_1_367' title='bbox 1065 2283 1262 2338; x_wconf 86' lang='lat' dir='ltr'><strong>pastor.</strong></span> <span class='ocrx_word' id='word_1_368' title='bbox 1290 2273 1356 2325; x_wconf 84' lang='lat' dir='ltr'><strong>Et</strong></span> <span class='ocrx_word' id='word_1_369' title='bbox 1381 2273 1479 2325; x_wconf 91' lang='lat' dir='ltr'><strong>hoc</strong></span> <span class='ocrx_word' id='word_1_370' title='bbox 1503 2272 1644 2334; x_wconf 89' lang='lat' dir='ltr'><strong>ideo,</strong></span> <span class='ocrx_word' id='word_1_371' title='bbox 1666 2272 1789 2340; x_wconf 92' lang='lat' dir='ltr'><strong>quia</strong></span> <span class='ocrx_word' id='word_1_372' title='bbox 1812 2289 1871 2326; x_wconf 70' lang='lat' dir='ltr'><strong>ea</strong></span> <span class='ocrx_word' id='word_1_373' title='bbox 1894 2282 2030 2338; x_wconf 88' lang='lat' dir='ltr'><strong>tunc,</strong></span> 
     </span>
    </p>
   </div>
   <div class='ocr_carea' id='block_1_49' title="bbox 462 2341 2033 2411">
    <p class='ocr_par' dir='ltr' id='par_1_49' title="bbox 462 2341 2033 2411">
     <span class='ocr_line' id='line_1_49' title="bbox 462 2341 2033 2411; baseline 0.003 -19"><span class='ocrx_word' id='word_1_374' title='bbox 462 2343 512 2393; x_wconf 84' lang='lat' dir='ltr'><strong>id</strong></span> <span class='ocrx_word' id='word_1_375' title='bbox 545 2352 648 2408; x_wconf 89' lang='lat' dir='ltr'><strong>est,</strong></span> <span class='ocrx_word' id='word_1_376' title='bbox 677 2359 738 2397; x_wconf 81' lang='lat' dir='ltr'><strong>ex</strong></span> <span class='ocrx_word' id='word_1_377' title='bbox 771 2345 861 2396; x_wconf 91' lang='lat' dir='ltr'><strong>illo</strong></span> <span class='ocrx_word' id='word_1_378' title='bbox 886 2354 1124 2411; x_wconf 86' lang='lat' dir='ltr'><strong>tempore</strong></span> <span class='ocrx_word' id='word_1_379' title='bbox 1165 2342 1444 2411; x_wconf 81' lang='lat' dir='ltr'><strong>apparebit</strong></span> <span class='ocrx_word' id='word_1_380' title='bbox 1483 2343 1558 2394; x_wconf 87' lang='lat' dir='ltr'><strong>ira</strong></span> <span class='ocrx_word' id='word_1_381' title='bbox 1581 2351 1686 2394; x_wconf 91' lang='lat' dir='ltr'><strong>tua.</strong></span> <span class='ocrx_word' id='word_1_382' title='bbox 1717 2341 1866 2396; x_wconf 84' lang='lat' dir='ltr'><strong>Nunc</strong></span> <span class='ocrx_word' id='word_1_383' title='bbox 1891 2344 2033 2397; x_wconf 90' lang='lat' dir='ltr'><strong>enim</strong></span> 
     </span>
    </p>
   </div>
   <div class='ocr_carea' id='block_1_50' title="bbox 461 2413 2034 2480">
    <p class='ocr_par' dir='ltr' id='par_1_50' title="bbox 461 2413 2034 2480">
     <span class='ocr_line' id='line_1_50' title="bbox 461 2413 2034 2480; baseline 0.001 -15"><span class='ocrx_word' id='word_1_384' title='bbox 461 2413 588 2466; x_wconf 84' lang='lat' dir='ltr'><strong>dum</strong></span> <span class='ocrx_word' id='word_1_385' title='bbox 623 2415 902 2467; x_wconf 82' lang='lat' dir='ltr'><strong>vindictam</strong></span> <span class='ocrx_word' id='word_1_386' title='bbox 959 2414 1189 2467; x_wconf 87' lang='lat' dir='ltr'><strong>nondum</strong></span> <span class='ocrx_word' id='word_1_387' title='bbox 1221 2427 1462 2472; x_wconf 77' lang='lat' dir='ltr'><strong>exerces,</strong></span> <span class='ocrx_word' id='word_1_388' title='bbox 1509 2423 1561 2467; x_wconf 88' lang='lat' dir='ltr'><strong>et</strong></span> <span class='ocrx_word' id='word_1_389' title='bbox 1590 2413 1738 2480; x_wconf 89' lang='lat' dir='ltr'><strong>quasi</strong></span> <span class='ocrx_word' id='word_1_390' title='bbox 1785 2414 1912 2466; x_wconf 89' lang='lat' dir='ltr'><strong>latet</strong></span> <span class='ocrx_word' id='word_1_391' title='bbox 1958 2413 2034 2466; x_wconf 91' lang='lat' dir='ltr'><strong>ira</strong></span> 
     </span>
    </p>
   </div>
   <div class='ocr_carea' id='block_1_51' title="bbox 460 2482 2033 2554">
    <p class='ocr_par' dir='ltr' id='par_1_51' title="bbox 460 2482 2033 2554">
     <span class='ocr_line' id='line_1_51' title="bbox 460 2482 2033 2554; baseline 0.001 -19"><span class='ocrx_word' id='word_1_392' title='bbox 460 2492 573 2538; x_wconf 82' lang='lat' dir='ltr'><strong>tua.</strong></span> <span class='ocrx_word' id='word_1_393' title='bbox 624 2485 688 2537; x_wconf 80' lang='lat' dir='ltr'><strong>Et</strong></span> <span class='ocrx_word' id='word_1_394' title='bbox 720 2484 835 2537; x_wconf 77' lang='lat' dir='ltr'><strong>ideo</strong></span> <span class='ocrx_word' id='word_1_395' title='bbox 865 2485 1097 2550; x_wconf 81' lang='lat' dir='ltr'><strong>videtur,</strong></span> <span class='ocrx_word' id='word_1_396' title='bbox 1121 2494 1175 2538; x_wconf 93' lang='lat' dir='ltr'><strong>ut</strong></span> <span class='ocrx_word' id='word_1_397' title='bbox 1215 2482 1408 2552; x_wconf 85' lang='lat' dir='ltr'><strong>aliquis</strong></span> <span class='ocrx_word' id='word_1_398' title='bbox 1439 2483 1528 2536; x_wconf 75' lang='lat' dir='ltr'><strong>tibi</strong></span> <span class='ocrx_word' id='word_1_399' title='bbox 1570 2484 1818 2538; x_wconf 86' lang='lat' dir='ltr'><strong>resistere</strong></span> <span class='ocrx_word' id='word_1_400' title='bbox 1845 2485 2033 2554; x_wconf 80' lang='lat' dir='ltr'><strong>possit,</strong></span> 
     </span>
    </p>
   </div>
   <div class='ocr_carea' id='block_1_52' title="bbox 461 2554 1033 2620">
    <p class='ocr_par' dir='ltr' id='par_1_52' title="bbox 461 2554 1033 2620">
     <span class='ocr_line' id='line_1_52' title="bbox 461 2554 1033 2620; baseline 0.005 -15"><span class='ocrx_word' id='word_1_401' title='bbox 461 2554 602 2620; x_wconf 90' lang='lat' dir='ltr'><strong>quod</strong></span> <span class='ocrx_word' id='word_1_402' title='bbox 634 2567 757 2607; x_wconf 90' lang='lat' dir='ltr'><strong>tunc</strong></span> <span class='ocrx_word' id='word_1_403' title='bbox 784 2571 886 2606; x_wconf 94' lang='lat' dir='ltr'><strong>non</strong></span> <span class='ocrx_word' id='word_1_404' title='bbox 913 2557 1033 2608; x_wconf 81' lang='lat' dir='ltr'><strong>erit.</strong></span> 
     </span>
    </p>
   </div>
   <div class='ocr_carea' id='block_1_53' title="bbox 535 2621 2034 2692">
    <p class='ocr_par' dir='ltr' id='par_1_53' title="bbox 535 2621 2034 2692">
     <span class='ocr_line' id='line_1_53' title="bbox 535 2621 2034 2692; baseline 0.001 -18"><span class='ocrx_word' id='word_1_405' title='bbox 535 2621 613 2675; x_wconf 85' lang='lat' dir='ltr'><strong>De</strong></span> <span class='ocrx_word' id='word_1_406' title='bbox 641 2626 764 2678; x_wconf 64' lang='lat' dir='ltr'><strong>ca’lo</strong></span> <span class='ocrx_word' id='word_1_407' title='bbox 801 2625 1033 2676; x_wconf 86' lang='lat' dir='ltr'><strong>auditum</strong></span> <span class='ocrx_word' id='word_1_408' title='bbox 1065 2624 1243 2688; x_wconf 71' lang='lat' dir='ltr'><strong>fecisti.</strong></span> <span class='ocrx_word' id='word_1_409' title='bbox 1290 2623 1519 2678; x_wconf 85' lang='lat' dir='ltr'><strong>Futurus</strong></span> <span class='ocrx_word' id='word_1_410' title='bbox 1547 2639 1629 2690; x_wconf 92' lang='lat' dir='ltr'><strong>es,</strong></span> <span class='ocrx_word' id='word_1_411' title='bbox 1663 2623 1898 2692; x_wconf 84' lang='lat' dir='ltr'><strong>inquam,</strong></span> <span class='ocrx_word' id='word_1_412' title='bbox 1933 2632 2034 2678; x_wconf 80' lang='lat' dir='ltr'><strong>ter-</strong></span> 
     </span>
    </p>
   </div>
   <div class='ocr_carea' id='block_1_54' title="bbox 465 2693 2034 2766">
    <p class='ocr_par' dir='ltr' id='par_1_54' title="bbox 465 2693 2034 2766">
     <span class='ocr_line' id='line_1_54' title="bbox 465 2693 2034 2766; baseline 0.002 -21"><span class='ocrx_word' id='word_1_413' title='bbox 465 2693 652 2761; x_wconf 85' lang='lat' dir='ltr'><strong>ribilis,</strong></span> <span class='ocrx_word' id='word_1_414' title='bbox 681 2707 734 2748; x_wconf 92' lang='lat' dir='ltr'><strong>et</strong></span> <span class='ocrx_word' id='word_1_415' title='bbox 759 2694 859 2748; x_wconf 86' lang='lat' dir='ltr'><strong>hoc</strong></span> <span class='ocrx_word' id='word_1_416' title='bbox 889 2706 1033 2747; x_wconf 90' lang='lat' dir='ltr'><strong>tnnm</strong></span> <span class='ocrx_word' id='word_1_417' title='bbox 1057 2696 1314 2766; x_wconf 82' lang='lat' dir='ltr'><strong>judicium</strong></span> <span class='ocrx_word' id='word_1_418' title='bbox 1341 2693 1612 2766; x_wconf 30' lang='lat' dir='ltr'><strong>[ecistipid</strong></span> <span class='ocrx_word' id='word_1_419' title='bbox 1662 2704 1762 2759; x_wconf 90' lang='lat' dir='ltr'><strong>est,</strong></span> <span class='ocrx_word' id='word_1_420' title='bbox 1796 2695 1955 2748; x_wconf 84' lang='lat' dir='ltr'><strong>facies</strong></span> <span class='ocrx_word' id='word_1_421' title='bbox 1982 2707 2034 2748; x_wconf 86' lang='lat' dir='ltr'><strong>tu</strong></span> 
     </span>
    </p>
   </div>
   <div class='ocr_carea' id='block_1_55' title="bbox 462 2764 2036 2834">
    <p class='ocr_par' dir='ltr' id='par_1_55' title="bbox 462 2764 2036 2834">
     <span class='ocr_line' id='line_1_55' title="bbox 462 2764 2036 2834; baseline 0.003 -20"><span class='ocrx_word' id='word_1_422' title='bbox 462 2767 681 2818; x_wconf 80' lang='lat' dir='ltr'><strong>veniens</strong></span> <span class='ocrx_word' id='word_1_423' title='bbox 737 2766 800 2818; x_wconf 91' lang='lat' dir='ltr'><strong>de</strong></span> <span class='ocrx_word' id='word_1_424' title='bbox 851 2767 974 2818; x_wconf 69' lang='lat' dir='ltr'><strong>coelo</strong></span> <span class='ocrx_word' id='word_1_425' title='bbox 1013 2764 1069 2818; x_wconf 82' lang='lat' dir='ltr'><strong>in</strong></span> <span class='ocrx_word' id='word_1_426' title='bbox 1127 2765 1403 2831; x_wconf 86' lang='lat' dir='ltr'><strong>majestate</strong></span> <span class='ocrx_word' id='word_1_427' title='bbox 1447 2764 1642 2834; x_wconf 87' lang='lat' dir='ltr'><strong>judicis</strong></span> <span class='ocrx_word' id='word_1_428' title='bbox 1680 2766 1936 2828; x_wconf 85' lang='lat' dir='ltr'><strong>auditum,</strong></span> <span class='ocrx_word' id='word_1_429' title='bbox 1985 2766 2036 2818; x_wconf 89' lang='lat' dir='ltr'><strong>id</strong></span> 
     </span>
    </p>
   </div>
   <div class='ocr_carea' id='block_1_56' title="bbox 462 2834 2036 2903">
    <p class='ocr_par' dir='ltr' id='par_1_56' title="bbox 462 2834 2036 2903">
     <span class='ocr_line' id='line_1_56' title="bbox 462 2834 2036 2903; baseline 0.004 -19"><span class='ocrx_word' id='word_1_430' title='bbox 462 2845 566 2895; x_wconf 67' lang='grc' dir='ltr'>νει,</span> <span class='ocrx_word' id='word_1_431' title='bbox 602 2849 781 2888; x_wconf 88' lang='lat' dir='ltr'><strong>notum</strong></span> <span class='ocrx_word' id='word_1_432' title='bbox 816 2852 906 2903; x_wconf 75' lang='lat' dir='ltr'><strong>per</strong></span> <span class='ocrx_word' id='word_1_433' title='bbox 934 2834 1308 2903; x_wconf 62' lang='lat' dir='ltr'><strong>Evangelii-am</strong></span> <span class='ocrx_word' id='word_1_434' title='bbox 1343 2835 1540 2899; x_wconf 88' lang='lat' dir='ltr'><strong>tubam,</strong></span> <span class='ocrx_word' id='word_1_435' title='bbox 1568 2836 1832 2890; x_wconf 89' lang='lat' dir='ltr'><strong>dicentem</strong></span> <span class='ocrx_word' id='word_1_436' title='bbox 1861 2853 1872 2887; x_wconf 92' lang='lat'><strong>:</strong></span> <span class='ocrx_word' id='word_1_437' title='bbox 1904 2837 2036 2891; x_wconf 86' lang='lat' dir='ltr'><strong>Sur—</strong></span> 
     </span>
    </p>
   </div>
   <div class='ocr_carea' id='block_1_57' title="bbox 462 2906 2037 2976">
    <p class='ocr_par' dir='ltr' id='par_1_57' title="bbox 462 2906 2037 2976">
     <span class='ocr_line' id='line_1_57' title="bbox 462 2906 2037 2976; baseline 0.003 -22"><span class='ocrx_word' id='word_1_438' title='bbox 462 2906 568 2972; x_wconf 81' lang='lat' dir='ltr'><strong>gite</strong></span> <span class='ocrx_word' id='word_1_439' title='bbox 594 2906 886 2976; x_wconf 84' lang='lat' dir='ltr'><strong>qui-jacctis</strong></span> <span class='ocrx_word' id='word_1_440' title='bbox 914 2911 964 2959; x_wconf 88' lang='lat' dir='ltr'><strong>in</strong></span> <span class='ocrx_word' id='word_1_441' title='bbox 997 2907 1352 2971; x_wconf 81' lang='lat' dir='ltr'><strong>monumentis,</strong></span> <span class='ocrx_word' id='word_1_442' title='bbox 1383 2908 1544 2959; x_wconf 84' lang='lat' dir='ltr'><strong>venite</strong></span> <span class='ocrx_word' id='word_1_443' title='bbox 1570 2907 1638 2959; x_wconf 90' lang='lat' dir='ltr'><strong>ad</strong></span> <span class='ocrx_word' id='word_1_444' title='bbox 1650 2907 1909 2975; x_wconf 88' lang='lat' dir='ltr'><strong>judicium</strong></span> <span class='ocrx_word' id='word_1_445' title='bbox 1935 2923 1952 2959; x_wconf 95' lang='lat'><strong>:</strong></span> <span class='ocrx_word' id='word_1_446' title='bbox 1983 2917 2037 2960; x_wconf 91' lang='lat' dir='ltr'><strong>et</strong></span> 
     </span>
    </p>
   </div>
   <div class='ocr_carea' id='block_1_58' title="bbox 464 2976 2038 3043">
    <p class='ocr_par' dir='ltr' id='par_1_58' title="bbox 464 2976 2038 3043">
     <span class='ocr_line' id='line_1_58' title="bbox 464 2976 2038 3043; baseline 0.004 -18"><span class='ocrx_word' id='word_1_447' title='bbox 464 2984 586 3028; x_wconf 89' lang='lat' dir='ltr'><strong>tunc</strong></span> <span class='ocrx_word' id='word_1_448' title='bbox 618 2985 754 3031; x_wconf 78' lang='lat' dir='ltr'><strong>terra</strong></span> <span class='ocrx_word' id='word_1_449' title='bbox 787 2987 994 3040; x_wconf 86' lang='lat' dir='ltr'><strong>tremet,</strong></span> <span class='ocrx_word' id='word_1_450' title='bbox 1031 2976 1081 3029; x_wconf 92' lang='lat' dir='ltr'><strong>id</strong></span> <span class='ocrx_word' id='word_1_451' title='bbox 1109 2985 1213 3041; x_wconf 88' lang='lat' dir='ltr'><strong>est,</strong></span> <span class='ocrx_word' id='word_1_452' title='bbox 1251 2977 1346 3042; x_wconf 90' lang='lat' dir='ltr'><strong>illi,</strong></span> <span class='ocrx_word' id='word_1_453' title='bbox 1389 2977 1476 3043; x_wconf 90' lang='lat' dir='ltr'><strong>qui</strong></span> <span class='ocrx_word' id='word_1_454' title='bbox 1514 2978 1717 3030; x_wconf 87' lang='lat' dir='ltr'><strong>malunt</strong></span> <span class='ocrx_word' id='word_1_455' title='bbox 1745 2991 1888 3030; x_wconf 90' lang='lat' dir='ltr'><strong>nunc</strong></span> <span class='ocrx_word' id='word_1_456' title='bbox 1916 2991 2038 3031; x_wconf 87' lang='lat' dir='ltr'><strong>esse</strong></span> 
     </span>
    </p>
   </div>
   <div class='ocr_carea' id='block_1_59' title="bbox 466 3047 2038 3115">
    <p class='ocr_par' dir='ltr' id='par_1_59' title="bbox 466 3047 2038 3115">
     <span class='ocr_line' id='line_1_59' title="bbox 466 3047 2038 3115; baseline 0.004 -21"><span class='ocrx_word' id='word_1_457' title='bbox 466 3054 626 3113; x_wconf 83' lang='lat' dir='ltr'><strong>terra,</strong></span> <span class='ocrx_word' id='word_1_458' title='bbox 655 3061 814 3114; x_wconf 82' lang='lat' dir='ltr'><strong>quant</strong></span> <span class='ocrx_word' id='word_1_459' title='bbox 847 3047 959 3101; x_wconf 84' lang='lat' dir='ltr'><strong>fieri</strong></span> <span class='ocrx_word' id='word_1_460' title='bbox 985 3048 1199 3107; x_wconf 67' lang='lat' dir='ltr'><strong>malum,</strong></span> <span class='ocrx_word' id='word_1_461' title='bbox 1234 3056 1461 3099; x_wconf 72' lang='lat' dir='ltr'><strong>tremunt</strong></span> <span class='ocrx_word' id='word_1_462' title='bbox 1494 3055 1641 3110; x_wconf 90' lang='lat' dir='ltr'><strong>tunc,</strong></span> <span class='ocrx_word' id='word_1_463' title='bbox 1679 3059 1732 3102; x_wconf 89' lang='lat' dir='ltr'><strong>et</strong></span> <span class='ocrx_word' id='word_1_464' title='bbox 1759 3047 2038 3115; x_wconf 87' lang='lat' dir='ltr'><strong>quiescent</strong></span> 
     </span>
    </p>
   </div>
   <div class='ocr_carea' id='block_1_60' title="bbox 462 3115 2036 3186">
    <p class='ocr_par' dir='ltr' id='par_1_60' title="bbox 462 3115 2036 3186">
     <span class='ocr_line' id='line_1_60' title="bbox 462 3115 2036 3186; baseline 0.005 -23"><span class='ocrx_word' id='word_1_465' title='bbox 462 3127 585 3169; x_wconf 86' lang='lat' dir='ltr'><strong>tunc</strong></span> <span class='ocrx_word' id='word_1_466' title='bbox 615 3131 720 3171; x_wconf 92' lang='lat' dir='ltr'><strong>non</strong></span> <span class='ocrx_word' id='word_1_467' title='bbox 751 3135 776 3168; x_wconf 94' lang='lat' dir='ltr'><strong>a</strong></span> <span class='ocrx_word' id='word_1_468' title='bbox 819 3118 1006 3182; x_wconf 61' lang='lat' dir='ltr'><strong>paruis,</strong></span> <span class='ocrx_word' id='word_1_469' title='bbox 1034 3115 1127 3170; x_wconf 83' lang='lat' dir='ltr'><strong>sed</strong></span> <span class='ocrx_word' id='word_1_470' title='bbox 1154 3135 1178 3166; x_wconf 75' lang='grc' dir='ltr'><strong>ει</strong></span> <span class='ocrx_word' id='word_1_471' title='bbox 1211 3117 1462 3184; x_wconf 81' lang='lat' dir='ltr'><strong>per-catis,</strong></span> <span class='ocrx_word' id='word_1_472' title='bbox 1487 3118 1576 3186; x_wconf 91' lang='lat' dir='ltr'><strong>qui</strong></span> <span class='ocrx_word' id='word_1_473' title='bbox 1602 3131 1740 3171; x_wconf 89' lang='lat' dir='ltr'><strong>nunc</strong></span> <span class='ocrx_word' id='word_1_474' title='bbox 1761 3117 2036 3186; x_wconf 84' lang='lat' dir='ltr'><strong>quiescere</strong></span> 
     </span>
    </p>
   </div>
   <div class='ocr_carea' id='block_1_61' title="bbox 463 3187 2023 3253">
    <p class='ocr_par' dir='ltr' id='par_1_61' title="bbox 463 3187 2023 3253">
     <span class='ocr_line' id='line_1_61' title="bbox 463 3187 2023 3253; baseline 0.003 -16"><span class='ocrx_word' id='word_1_475' title='bbox 463 3187 650 3240; x_wconf 91' lang='lat' dir='ltr'><strong>nolunt</strong></span> <span class='ocrx_word' id='word_1_476' title='bbox 678 3205 690 3240; x_wconf 89' lang='lat'><strong>:</strong></span> <span class='ocrx_word' id='word_1_477' title='bbox 722 3197 843 3242; x_wconf 90' lang='lat' dir='ltr'><strong>tunc</strong></span> <span class='ocrx_word' id='word_1_478' title='bbox 873 3187 1013 3250; x_wconf 90' lang='lat' dir='ltr'><strong>dico,</strong></span> <span class='ocrx_word' id='word_1_479' title='bbox 1045 3203 1164 3240; x_wconf 91' lang='lat' dir='ltr'><strong>cum</strong></span> <span class='ocrx_word' id='word_1_480' title='bbox 1215 3187 1356 3241; x_wconf 89' lang='lat' dir='ltr'><strong>Deus</strong></span> <span class='ocrx_word' id='word_1_481' title='bbox 1403 3198 1685 3253; x_wconf 78' lang='lat' dir='ltr'><strong>exsurgent</strong></span> <span class='ocrx_word' id='word_1_482' title='bbox 1719 3203 1812 3253; x_wconf 93' lang='lat' dir='ltr'><strong>pro</strong></span> <span class='ocrx_word' id='word_1_483' title='bbox 1841 3202 2023 3241; x_wconf 78' lang='lat' dir='ltr'><strong>exsur-</strong></span> 
     </span>
    </p>
   </div>
   <div class='ocr_carea' id='block_1_62' title="bbox 462 3257 2025 3326">
    <p class='ocr_par' dir='ltr' id='par_1_62' title="bbox 462 3257 2025 3326">
     <span class='ocr_line' id='line_1_62' title="bbox 462 3257 2025 3326; baseline 0.003 -18"><span class='ocrx_word' id='word_1_484' title='bbox 462 3267 556 3323; x_wconf 79' lang='lat' dir='ltr'><strong>get.</strong></span> <span class='ocrx_word' id='word_1_485' title='bbox 587 3257 639 3311; x_wconf 88' lang='lat' dir='ltr'><strong>in</strong></span> <span class='ocrx_word' id='word_1_486' title='bbox 667 3257 888 3326; x_wconf 84' lang='lat' dir='ltr'><strong>judicio,</strong></span> <span class='ocrx_word' id='word_1_487' title='bbox 917 3259 969 3312; x_wconf 91' lang='lat' dir='ltr'><strong>id</strong></span> <span class='ocrx_word' id='word_1_488' title='bbox 999 3266 1108 3322; x_wconf 82' lang='lat' dir='ltr'><strong>est,</strong></span> <span class='ocrx_word' id='word_1_489' title='bbox 1143 3257 1218 3310; x_wconf 89' lang='lat' dir='ltr'><strong>ad-</strong></span> <span class='ocrx_word' id='word_1_490' title='bbox 1253 3259 1371 3322; x_wconf 90' lang='lat' dir='ltr'><strong>boc,</strong></span> <span class='ocrx_word' id='word_1_491' title='bbox 1405 3266 1459 3310; x_wconf 92' lang='lat' dir='ltr'><strong>ut</strong></span> <span class='ocrx_word' id='word_1_492' title='bbox 1484 3259 1651 3312; x_wconf 88' lang='lat' dir='ltr'><strong>malos</strong></span> <span class='ocrx_word' id='word_1_493' title='bbox 1690 3258 1944 3324; x_wconf 76' lang='lat' dir='ltr'><strong>dijudicet</strong></span> <span class='ocrx_word' id='word_1_494' title='bbox 1971 3269 2025 3312; x_wconf 89' lang='lat' dir='ltr'><strong>ct</strong></span> 
     </span>
    </p>
   </div>
   <div class='ocr_carea' id='block_1_63' title="bbox 461 3329 2024 3398">
    <p class='ocr_par' dir='ltr' id='par_1_63' title="bbox 461 3329 2024 3398">
     <span class='ocr_line' id='line_1_63' title="bbox 461 3329 2024 3398; baseline 0.001 -19"><span class='ocrx_word' id='word_1_495' title='bbox 461 3331 701 3395; x_wconf 89' lang='lat' dir='ltr'><strong>damnet,</strong></span> <span class='ocrx_word' id='word_1_496' title='bbox 732 3332 870 3398; x_wconf 86' lang='lat' dir='ltr'><strong>quod</strong></span> <span class='ocrx_word' id='word_1_497' title='bbox 913 3339 994 3383; x_wconf 90' lang='lat' dir='ltr'><strong>est</strong></span> <span class='ocrx_word' id='word_1_498' title='bbox 1033 3338 1255 3382; x_wconf 80' lang='lat' dir='ltr'><strong>tractum</strong></span> <span class='ocrx_word' id='word_1_499' title='bbox 1289 3343 1323 3380; x_wconf 88' lang='lat' dir='ltr'><strong>a-</strong></span> <span class='ocrx_word' id='word_1_500' title='bbox 1349 3329 1550 3382; x_wconf 84' lang='lat' dir='ltr'><strong>severis</strong></span> <span class='ocrx_word' id='word_1_501' title='bbox 1577 3338 1630 3383; x_wconf 91' lang='lat' dir='ltr'><strong>et</strong></span> <span class='ocrx_word' id='word_1_502' title='bbox 1661 3329 1808 3382; x_wconf 72' lang='lat' dir='ltr'><strong>iratis</strong></span> <span class='ocrx_word' id='word_1_503' title='bbox 1829 3329 2024 3397; x_wconf 77' lang='lat' dir='ltr'><strong>judici-</strong></span> 
     </span>
    </p>
   </div>
   <div class='ocr_carea' id='block_1_64' title="bbox 463 3399 2024 3469">
    <p class='ocr_par' dir='ltr' id='par_1_64' title="bbox 463 3399 2024 3469">
     <span class='ocr_line' id='line_1_64' title="bbox 463 3399 2024 3469; baseline 0.001 -19"><span class='ocrx_word' id='word_1_504' title='bbox 463 3399 584 3469; x_wconf 65' lang='lat' dir='ltr'><strong>lnis,</strong></span> <span class='ocrx_word' id='word_1_505' title='bbox 617 3403 703 3469; x_wconf 88' lang='lat' dir='ltr'><strong>qui</strong></span> <span class='ocrx_word' id='word_1_506' title='bbox 733 3401 944 3468; x_wconf 79' lang='lat' dir='ltr'><strong>quando</strong></span> <span class='ocrx_word' id='word_1_507' title='bbox 987 3399 1224 3453; x_wconf 78' lang='lat' dir='ltr'><strong>severius</strong></span> <span class='ocrx_word' id='word_1_508' title='bbox 1262 3407 1316 3452; x_wconf 89' lang='lat' dir='ltr'><strong>et</strong></span> <span class='ocrx_word' id='word_1_509' title='bbox 1339 3400 1576 3464; x_wconf 87' lang='lat' dir='ltr'><strong>asperius</strong></span> <span class='ocrx_word' id='word_1_510' title='bbox 1610 3401 1658 3453; x_wconf 89' lang='lat' dir='ltr'><strong>itt</strong></span> <span class='ocrx_word' id='word_1_511' title='bbox 1691 3400 1917 3468; x_wconf 81' lang='lat' dir='ltr'><strong>aliquem</strong></span> <span class='ocrx_word' id='word_1_512' title='bbox 1942 3401 2024 3467; x_wconf 82' lang='lat' dir='ltr'><strong>ju-</strong></span> 
     </span>
    </p>
   </div>
   <div class='ocr_carea' id='block_1_65' title="bbox 460 3467 2022 3536">
    <p class='ocr_par' dir='ltr' id='par_1_65' title="bbox 460 3467 2022 3536">
     <span class='ocr_line' id='line_1_65' title="bbox 460 3467 2022 3536; baseline -0.002 -15"><span class='ocrx_word' id='word_1_513' title='bbox 460 3467 646 3522; x_wconf 75' lang='lat' dir='ltr'><strong>ditare</strong></span> <span class='ocrx_word' id='word_1_514' title='bbox 691 3467 906 3536; x_wconf 68' lang='lat' dir='ltr'><strong>volunt,</strong></span> <span class='ocrx_word' id='word_1_515' title='bbox 953 3479 1009 3524; x_wconf 86' lang='lat' dir='ltr'><strong>ut</strong></span> <span class='ocrx_word' id='word_1_516' title='bbox 1053 3468 1152 3523; x_wconf 89' lang='lat' dir='ltr'><strong>hoc</strong></span> <span class='ocrx_word' id='word_1_517' title='bbox 1199 3471 1357 3523; x_wconf 86' lang='lat' dir='ltr'><strong>etiam</strong></span> <span class='ocrx_word' id='word_1_518' title='bbox 1408 3470 1588 3523; x_wconf 85' lang='lat' dir='ltr'><strong>habitu</strong></span> <span class='ocrx_word' id='word_1_519' title='bbox 1635 3467 2022 3535; x_wconf 74' lang='lat' dir='ltr'><strong>demonstrent,</strong></span> 
     </span>
    </p>
   </div>
   <div class='ocr_carea' id='block_1_66' title="bbox 457 3540 2021 3611">
    <p class='ocr_par' dir='ltr' id='par_1_66' title="bbox 457 3540 2021 3611">
     <span class='ocr_line' id='line_1_66' title="bbox 457 3540 2021 3611; baseline -0.001 -19"><span class='ocrx_word' id='word_1_520' title='bbox 457 3552 702 3607; x_wconf 70' lang='lat' dir='ltr'><strong>surgunt.</strong></span> <span class='ocrx_word' id='word_1_521' title='bbox 736 3542 843 3595; x_wconf 68' lang='lat' dir='ltr'><strong>Nec</strong></span> <span class='ocrx_word' id='word_1_522' title='bbox 872 3541 1046 3594; x_wconf 90' lang='lat' dir='ltr'><strong>solum</strong></span> <span class='ocrx_word' id='word_1_523' title='bbox 1077 3550 1258 3594; x_wconf 89' lang='lat' dir='ltr'><strong>contra</strong></span> <span class='ocrx_word' id='word_1_524' title='bbox 1287 3540 1454 3593; x_wconf 90' lang='lat' dir='ltr'><strong>malos</strong></span> <span class='ocrx_word' id='word_1_525' title='bbox 1477 3550 1705 3610; x_wconf 70' lang='lat' dir='ltr'><strong>exsurget</strong></span> <span class='ocrx_word' id='word_1_526' title='bbox 1734 3543 1786 3592; x_wconf 88' lang='lat' dir='ltr'><strong>iu</strong></span> <span class='ocrx_word' id='word_1_527' title='bbox 1803 3544 2021 3611; x_wconf 78' lang='lat' dir='ltr'><strong>judicio,</strong></span> 
     </span>
    </p>
   </div>
   <div class='ocr_carea' id='block_1_67' title="bbox 457 3611 2024 3678">
    <p class='ocr_par' dir='ltr' id='par_1_67' title="bbox 457 3611 2024 3678">
     <span class='ocr_line' id='line_1_67' title="bbox 457 3611 2024 3678; baseline 0.001 -15"><span class='ocrx_word' id='word_1_528' title='bbox 457 3611 554 3664; x_wconf 81' lang='lat' dir='ltr'><strong>sed</strong></span> <span class='ocrx_word' id='word_1_529' title='bbox 599 3613 778 3675; x_wconf 85' lang='lat' dir='ltr'><strong>etiam,</strong></span> <span class='ocrx_word' id='word_1_530' title='bbox 820 3621 866 3664; x_wconf 85' lang='lat' dir='ltr'><strong>et</strong></span> <span class='ocrx_word' id='word_1_531' title='bbox 894 3613 1059 3666; x_wconf 84' lang='lat' dir='ltr'><strong>salvos</strong></span> <span class='ocrx_word' id='word_1_532' title='bbox 1089 3611 1239 3678; x_wconf 72' lang='lat' dir='ltr'><strong>faciet</strong></span> <span class='ocrx_word' id='word_1_533' title='bbox 1268 3626 1437 3664; x_wconf 86' lang='lat' dir='ltr'><strong>omnes</strong></span> <span class='ocrx_word' id='word_1_534' title='bbox 1462 3619 1746 3663; x_wconf 88' lang='lat' dir='ltr'><strong>mansuetos</strong></span> <span class='ocrx_word' id='word_1_535' title='bbox 1777 3620 1945 3678; x_wconf 64' lang='lat' dir='ltr'><strong>terra),</strong></span> <span class='ocrx_word' id='word_1_536' title='bbox 1974 3613 2024 3664; x_wconf 94' lang='lat' dir='ltr'><strong>id</strong></span> 
     </span>
    </p>
   </div>
   <div class='ocr_carea' id='block_1_68' title="bbox 462 3682 2024 3751">
    <p class='ocr_par' dir='ltr' id='par_1_68' title="bbox 462 3682 2024 3751">
     <span class='ocr_line' id='line_1_68' title="bbox 462 3682 2024 3751; baseline 0.001 -17"><span class='ocrx_word' id='word_1_537' title='bbox 462 3689 567 3744; x_wconf 79' lang='lat' dir='ltr'><strong>est,</strong></span> <span class='ocrx_word' id='word_1_538' title='bbox 598 3697 782 3736; x_wconf 68' lang='lat' dir='ltr'><strong>crimes</strong></span> <span class='ocrx_word' id='word_1_539' title='bbox 810 3682 952 3748; x_wconf 91' lang='lat' dir='ltr'><strong>illos,</strong></span> <span class='ocrx_word' id='word_1_540' title='bbox 984 3682 1072 3751; x_wconf 89' lang='lat' dir='ltr'><strong>qui</strong></span> <span class='ocrx_word' id='word_1_541' title='bbox 1105 3682 1398 3735; x_wconf 86' lang='lat' dir='ltr'><strong>frementes</strong></span> <span class='ocrx_word' id='word_1_542' title='bbox 1426 3696 1589 3749; x_wconf 89' lang='lat' dir='ltr'><strong>equos</strong></span> <span class='ocrx_word' id='word_1_543' title='bbox 1609 3683 1893 3751; x_wconf 67' lang='lat' dir='ltr'><strong>apostasia:</strong></span> <span class='ocrx_word' id='word_1_544' title='bbox 1921 3698 2024 3736; x_wconf 92' lang='lat' dir='ltr'><strong>non</strong></span> 
     </span>
    </p>
   </div>
   <div class='ocr_carea' id='block_1_69' title="bbox 460 3750 2026 3818">
    <p class='ocr_par' dir='ltr' id='par_1_69' title="bbox 460 3750 2026 3818">
     <span class='ocr_line' id='line_1_69' title="bbox 460 3750 2026 3818; baseline 0.003 -16"><span class='ocrx_word' id='word_1_545' title='bbox 460 3753 772 3818; x_wconf 83' lang='lat' dir='ltr'><strong>ascendunt,</strong></span> <span class='ocrx_word' id='word_1_546' title='bbox 797 3751 890 3807; x_wconf 90' lang='lat' dir='ltr'><strong>sed</strong></span> <span class='ocrx_word' id='word_1_547' title='bbox 921 3750 1252 3806; x_wconf 83' lang='lat' dir='ltr'><strong>mansuetam</strong></span> <span class='ocrx_word' id='word_1_548' title='bbox 1284 3763 1478 3806; x_wconf 87' lang='lat' dir='ltr'><strong>terrain</strong></span> <span class='ocrx_word' id='word_1_549' title='bbox 1507 3766 1565 3804; x_wconf 87' lang='lat' dir='ltr'><strong>se</strong></span> <span class='ocrx_word' id='word_1_550' title='bbox 1593 3750 1851 3804; x_wconf 83' lang='lat' dir='ltr'><strong>iecerunt.</strong></span> <span class='ocrx_word' id='word_1_551' title='bbox 1882 3751 2026 3806; x_wconf 73' lang='lat' dir='ltr'><strong>Prae-</strong></span> 
     </span>
    </p>
   </div>
   <div class='ocr_carea' id='block_1_70' title="bbox 463 3822 2029 3892">
    <p class='ocr_par' dir='ltr' id='par_1_70' title="bbox 463 3822 2029 3892">
     <span class='ocr_line' id='line_1_70' title="bbox 463 3822 2029 3892; baseline 0.003 -20"><span class='ocrx_word' id='word_1_552' title='bbox 463 3823 615 3876; x_wconf 74' lang='lat' dir='ltr'><strong>terira</strong></span> <span class='ocrx_word' id='word_1_553' title='bbox 648 3840 743 3892; x_wconf 91' lang='lat' dir='ltr'><strong>pro</strong></span> <span class='ocrx_word' id='word_1_554' title='bbox 772 3824 962 3878; x_wconf 83' lang='lat' dir='ltr'><strong>futuris</strong></span> <span class='ocrx_word' id='word_1_555' title='bbox 995 3822 1306 3891; x_wconf 81' lang='lat' dir='ltr'><strong>prapbetico</strong></span> <span class='ocrx_word' id='word_1_556' title='bbox 1335 3836 1482 3875; x_wconf 90' lang='lat' dir='ltr'><strong>more</strong></span> <span class='ocrx_word' id='word_1_557' title='bbox 1521 3823 1719 3890; x_wconf 87' lang='lat' dir='ltr'><strong>posuit,</strong></span> <span class='ocrx_word' id='word_1_558' title='bbox 1756 3823 1878 3890; x_wconf 88' lang='lat' dir='ltr'><strong>quia</strong></span> <span class='ocrx_word' id='word_1_559' title='bbox 1906 3822 2029 3890; x_wconf 84' lang='lat' dir='ltr'><strong>Spi-</strong></span> 
     </span>
    </p>
   </div>
   <div class='ocr_carea' id='block_1_71' title="bbox 468 3892 2026 3962">
    <p class='ocr_par' dir='ltr' id='par_1_71' title="bbox 468 3892 2026 3962">
     <span class='ocr_line' id='line_1_71' title="bbox 468 3892 2026 3962; baseline 0.003 -18"><span class='ocrx_word' id='word_1_560' title='bbox 468 3892 589 3962; x_wconf 82' lang='lat' dir='ltr'><strong>ritui</strong></span> <span class='ocrx_word' id='word_1_561' title='bbox 637 3904 824 3949; x_wconf 73' lang='lat' dir='ltr'><strong>sant-to</strong></span> <span class='ocrx_word' id='word_1_562' title='bbox 877 3897 947 3948; x_wconf 90' lang='lat' dir='ltr'><strong>ita</strong></span> <span class='ocrx_word' id='word_1_563' title='bbox 993 3905 1114 3948; x_wconf 83' lang='lat' dir='ltr'><strong>nata</strong></span> <span class='ocrx_word' id='word_1_564' title='bbox 1145 3906 1268 3947; x_wconf 89' lang='lat' dir='ltr'><strong>sunt</strong></span> <span class='ocrx_word' id='word_1_565' title='bbox 1312 3895 1484 3945; x_wconf 86' lang='lat' dir='ltr'><strong>futura</strong></span> <span class='ocrx_word' id='word_1_566' title='bbox 1527 3893 1677 3962; x_wconf 88' lang='lat' dir='ltr'><strong>quasi</strong></span> <span class='ocrx_word' id='word_1_567' title='bbox 1731 3896 2026 3959; x_wconf 66' lang='lat' dir='ltr'><strong>praeterita.</strong></span> 
     </span>
    </p>
   </div>
   <div class='ocr_carea' id='block_1_72' title="bbox 463 3961 2029 4031">
    <p class='ocr_par' dir='ltr' id='par_1_72' title="bbox 463 3961 2029 4031">
     <span class='ocr_line' id='line_1_72' title="bbox 463 3961 2029 4031; baseline 0.001 -17"><span class='ocrx_word' id='word_1_568' title='bbox 463 3961 559 4017; x_wconf 63' lang='lat' dir='ltr'><strong>Vel</strong></span> <span class='ocrx_word' id='word_1_569' title='bbox 584 3965 776 4019; x_wconf 64' lang='lat' dir='ltr'><strong>aliter:</strong></span> <span class='ocrx_word' id='word_1_570' title='bbox 813 3966 894 4019; x_wconf 76' lang='lat' dir='ltr'><strong>Ex</strong></span> <span class='ocrx_word' id='word_1_571' title='bbox 933 3974 1050 4018; x_wconf 81' lang='lat' dir='ltr'><strong>tunc</strong></span> <span class='ocrx_word' id='word_1_572' title='bbox 1087 3965 1166 4017; x_wconf 84' lang='lat' dir='ltr'><strong>ira</strong></span> <span class='ocrx_word' id='word_1_573' title='bbox 1211 3972 1318 4017; x_wconf 82' lang='lat' dir='ltr'><strong>tua.</strong></span> <span class='ocrx_word' id='word_1_574' title='bbox 1348 3964 1510 4031; x_wconf 84' lang='lat' dir='ltr'><strong>Quasi</strong></span> <span class='ocrx_word' id='word_1_575' title='bbox 1546 3961 1702 4017; x_wconf 85' lang='lat' dir='ltr'><strong>dicat</strong></span> <span class='ocrx_word' id='word_1_576' title='bbox 1731 3980 1744 4017; x_wconf 91' lang='lat'><strong>:</strong></span> <span class='ocrx_word' id='word_1_577' title='bbox 1778 3964 2029 4029; x_wconf 89' lang='lat' dir='ltr'><strong>Quando-</strong></span> 
     </span>
    </p>
   </div>
   <div class='ocr_carea' id='block_1_73' title="bbox 460 4034 2030 4103">
    <p class='ocr_par' dir='ltr' id='par_1_73' title="bbox 460 4034 2030 4103">
     <span class='ocr_line' id='line_1_73' title="bbox 460 4034 2030 4103; baseline 0.003 -19"><span class='ocrx_word' id='word_1_578' title='bbox 460 4035 674 4100; x_wconf 87' lang='lat' dir='ltr'><strong>quidem</strong></span> <span class='ocrx_word' id='word_1_579' title='bbox 708 4039 758 4089; x_wconf 91' lang='lat' dir='ltr'><strong>in</strong></span> <span class='ocrx_word' id='word_1_580' title='bbox 784 4037 984 4103; x_wconf 90' lang='lat' dir='ltr'><strong>judicio</strong></span> <span class='ocrx_word' id='word_1_581' title='bbox 1021 4035 1200 4089; x_wconf 81' lang='lat' dir='ltr'><strong>rutilus</strong></span> <span class='ocrx_word' id='word_1_582' title='bbox 1241 4034 1336 4088; x_wconf 87' lang='lat' dir='ltr'><strong>tibi</strong></span> <span class='ocrx_word' id='word_1_583' title='bbox 1364 4035 1615 4088; x_wconf 76' lang='lat' dir='ltr'><strong>resistere</strong></span> <span class='ocrx_word' id='word_1_584' title='bbox 1639 4038 1853 4100; x_wconf 88' lang='lat' dir='ltr'><strong>poterit,</strong></span> <span class='ocrx_word' id='word_1_585' title='bbox 1888 4036 2030 4089; x_wconf 84' lang='lat' dir='ltr'><strong>malo</strong></span> 
     </span>
    </p>
   </div>
   <div class='ocr_carea' id='block_1_74' title="bbox 460 4103 2026 4170">
    <p class='ocr_par' dir='ltr' id='par_1_74' title="bbox 460 4103 2026 4170">
     <span class='ocr_line' id='line_1_74' title="bbox 460 4103 2026 4170; baseline 0.003 -18"><span class='ocrx_word' id='word_1_586' title='bbox 460 4119 588 4170; x_wconf 59' lang='lat' dir='ltr'><strong>ergo</strong></span> <span class='ocrx_word' id='word_1_587' title='bbox 637 4119 736 4158; x_wconf 91' lang='lat' dir='ltr'><strong>suo</strong></span> <span class='ocrx_word' id='word_1_588' title='bbox 778 4106 1058 4159; x_wconf 87' lang='lat' dir='ltr'><strong>voluerunt</strong></span> <span class='ocrx_word' id='word_1_589' title='bbox 1111 4105 1367 4160; x_wconf 89' lang='lat' dir='ltr'><strong>resistere</strong></span> <span class='ocrx_word' id='word_1_590' title='bbox 1413 4103 1504 4158; x_wconf 83' lang='lat' dir='ltr'><strong>tibi</strong></span> <span class='ocrx_word' id='word_1_591' title='bbox 1533 4103 1702 4159; x_wconf 65' lang='lat' dir='ltr'><strong>Judaei</strong></span> <span class='ocrx_word' id='word_1_592' title='bbox 1749 4105 2026 4159; x_wconf 87' lang='lat' dir='ltr'><strong>dicentes:</strong></span> 
     </span>
    </p>
   </div>
   <div class='ocr_carea' id='block_1_75' title="bbox 463 4173 2032 4244">
    <p class='ocr_par' dir='ltr' id='par_1_75' title="bbox 463 4173 2032 4244">
     <span class='ocr_line' id='line_1_75' title="bbox 463 4173 2032 4244; baseline 0.001 -18"><span class='ocrx_word' id='word_1_593' title='bbox 463 4173 586 4227; x_wconf 80' lang='lat' dir='ltr'><strong>Non</strong></span> <span class='ocrx_word' id='word_1_594' title='bbox 613 4175 853 4228; x_wconf 81' lang='lat' dir='ltr'><strong>habemus</strong></span> <span class='ocrx_word' id='word_1_595' title='bbox 883 4189 1055 4244; x_wconf 77' lang='lat' dir='ltr'><strong>regem.</strong></span> <span class='ocrx_word' id='word_1_596' title='bbox 1077 4176 1174 4229; x_wconf 89' lang='lat' dir='ltr'><strong>nisi</strong></span> <span class='ocrx_word' id='word_1_597' title='bbox 1204 4173 1476 4238; x_wconf 71' lang='lat' dir='ltr'><strong>Caesarem,</strong></span> <span class='ocrx_word' id='word_1_598' title='bbox 1508 4187 1586 4240; x_wconf 89' lang='lat' dir='ltr'><strong>et,</strong></span> <span class='ocrx_word' id='word_1_599' title='bbox 1613 4175 1868 4229; x_wconf 80' lang='lat' dir='ltr'><strong>Nolumus</strong></span> <span class='ocrx_word' id='word_1_600' title='bbox 1899 4177 2032 4228; x_wconf 85' lang='lat' dir='ltr'><strong>hunc</strong></span> 
     </span>
    </p>
   </div>
   <div class='ocr_carea' id='block_1_76' title="bbox 461 4243 2032 4315">
    <p class='ocr_par' dir='ltr' id='par_1_76' title="bbox 461 4243 2032 4315">
     <span class='ocr_line' id='line_1_76' title="bbox 461 4243 2032 4315; baseline 0.004 -20"><span class='ocrx_word' id='word_1_601' title='bbox 461 4260 674 4314; x_wconf 81' lang='lat' dir='ltr'><strong>regnare</strong></span> <span class='ocrx_word' id='word_1_602' title='bbox 699 4260 854 4314; x_wconf 85' lang='lat' dir='ltr'><strong>super</strong></span> <span class='ocrx_word' id='word_1_603' title='bbox 878 4243 992 4311; x_wconf 76' lang='lat' dir='ltr'><strong>nos,</strong></span> <span class='ocrx_word' id='word_1_604' title='bbox 1031 4254 1088 4300; x_wconf 87' lang='lat' dir='ltr'><strong>et</strong></span> <span class='ocrx_word' id='word_1_605' title='bbox 1125 4243 1339 4300; x_wconf 87' lang='lat' dir='ltr'><strong>similia.</strong></span> <span class='ocrx_word' id='word_1_606' title='bbox 1375 4245 1509 4298; x_wconf 87' lang='lat' dir='ltr'><strong>Nam</strong></span> <span class='ocrx_word' id='word_1_607' title='bbox 1535 4261 1598 4299; x_wconf 84' lang='lat' dir='ltr'><strong>ea:</strong></span> <span class='ocrx_word' id='word_1_608' title='bbox 1638 4256 1777 4310; x_wconf 89' lang='lat' dir='ltr'><strong>tunc,</strong></span> <span class='ocrx_word' id='word_1_609' title='bbox 1817 4262 1881 4300; x_wconf 81' lang='lat' dir='ltr'><strong>ex</strong></span> <span class='ocrx_word' id='word_1_610' title='bbox 1926 4262 2032 4315; x_wconf 92' lang='lat' dir='ltr'><strong>quo</strong></span> 
     </span>
    </p>
   </div>
   <div class='ocr_carea' id='block_1_77' title="bbox 468 4315 2032 4384">
    <p class='ocr_par' dir='ltr' id='par_1_77' title="bbox 468 4315 2032 4384">
     <span class='ocr_line' id='line_1_77' title="bbox 468 4315 2032 4384; baseline 0.003 -20"><span class='ocrx_word' id='word_1_611' title='bbox 468 4319 568 4369; x_wconf 81' lang='lat' dir='ltr'><strong>hoc</strong></span> <span class='ocrx_word' id='word_1_612' title='bbox 597 4323 1069 4384; x_wconf 75' lang='lat' dir='ltr'><strong>prursumpserunt,</strong></span> <span class='ocrx_word' id='word_1_613' title='bbox 1097 4315 1174 4369; x_wconf 85' lang='lat' dir='ltr'><strong>ira</strong></span> <span class='ocrx_word' id='word_1_614' title='bbox 1200 4326 1289 4369; x_wconf 90' lang='lat' dir='ltr'><strong>tua</strong></span> <span class='ocrx_word' id='word_1_615' title='bbox 1309 4317 1553 4383; x_wconf 85' lang='lat' dir='ltr'><strong>apparuit</strong></span> <span class='ocrx_word' id='word_1_616' title='bbox 1576 4317 1628 4369; x_wconf 91' lang='lat' dir='ltr'><strong>in</strong></span> <span class='ocrx_word' id='word_1_617' title='bbox 1659 4317 1756 4369; x_wconf 88' lang='lat' dir='ltr'><strong>eis.</strong></span> <span class='ocrx_word' id='word_1_618' title='bbox 1785 4316 1867 4369; x_wconf 78' lang='lat' dir='ltr'><strong>Ea:</strong></span> <span class='ocrx_word' id='word_1_619' title='bbox 1887 4328 2032 4384; x_wconf 83' lang='lat' dir='ltr'><strong>parte</strong></span> 
     </span>
    </p>
   </div>
   <div class='ocr_carea' id='block_1_78' title="bbox 465 4385 2032 4456">
    <p class='ocr_par' dir='ltr' id='par_1_78' title="bbox 465 4385 2032 4456">
     <span class='ocr_line' id='line_1_78' title="bbox 465 4385 2032 4456; baseline 0.003 -20"><span class='ocrx_word' id='word_1_620' title='bbox 465 4403 681 4455; x_wconf 85' lang='lat' dir='ltr'><strong>namque</strong></span> <span class='ocrx_word' id='word_1_621' title='bbox 701 4389 1131 4454; x_wconf 75' lang='lat' dir='ltr'><strong>cwcitascontigit</strong></span> <span class='ocrx_word' id='word_1_622' title='bbox 1159 4387 1210 4441; x_wconf 86' lang='lat' dir='ltr'><strong>in</strong></span> <span class='ocrx_word' id='word_1_623' title='bbox 1236 4385 1421 4452; x_wconf 81' lang='lat' dir='ltr'><strong>Israel,</strong></span> <span class='ocrx_word' id='word_1_624' title='bbox 1441 4395 1494 4438; x_wconf 90' lang='lat' dir='ltr'><strong>ut</strong></span> <span class='ocrx_word' id='word_1_625' title='bbox 1517 4387 1779 4456; x_wconf 81' lang='lat' dir='ltr'><strong>plenitudo</strong></span> <span class='ocrx_word' id='word_1_626' title='bbox 1807 4389 2032 4455; x_wconf 86' lang='lat' dir='ltr'><strong>gentium</strong></span> 
     </span>
    </p>
   </div>
   <div class='ocr_carea' id='block_1_79' title="bbox 461 4456 2030 4526">
    <p class='ocr_par' dir='ltr' id='par_1_79' title="bbox 461 4456 2030 4526">
     <span class='ocr_line' id='line_1_79' title="bbox 461 4456 2030 4526; baseline 0.001 -17"><span class='ocrx_word' id='word_1_627' title='bbox 461 4460 692 4512; x_wconf 79' lang='lat' dir='ltr'><strong>intraret.</strong></span> <span class='ocrx_word' id='word_1_628' title='bbox 721 4459 790 4513; x_wconf 87' lang='lat' dir='ltr'><strong>Et</strong></span> <span class='ocrx_word' id='word_1_629' title='bbox 821 4462 920 4512; x_wconf 89' lang='lat' dir='ltr'><strong>hoc</strong></span> <span class='ocrx_word' id='word_1_630' title='bbox 971 4470 1114 4512; x_wconf 90' lang='lat' dir='ltr'><strong>tuum</strong></span> <span class='ocrx_word' id='word_1_631' title='bbox 1145 4457 1422 4526; x_wconf 85' lang='lat' dir='ltr'><strong>judicium,</strong></span> <span class='ocrx_word' id='word_1_632' title='bbox 1459 4457 1510 4510; x_wconf 89' lang='lat' dir='ltr'><strong>id</strong></span> <span class='ocrx_word' id='word_1_633' title='bbox 1559 4466 1661 4522; x_wconf 89' lang='lat' dir='ltr'><strong>est,</strong></span> <span class='ocrx_word' id='word_1_634' title='bbox 1711 4456 1843 4510; x_wconf 87' lang='lat' dir='ltr'><strong>hanc</strong></span> <span class='ocrx_word' id='word_1_635' title='bbox 1890 4467 2030 4510; x_wconf 88' lang='lat' dir='ltr'><strong>tuam</strong></span> 
     </span>
    </p>
   </div>
   <div class='ocr_carea' id='block_1_80' title="bbox 463 4527 2034 4592">
    <p class='ocr_par' dir='ltr' id='par_1_80' title="bbox 463 4527 2034 4592">
     <span class='ocr_line' id='line_1_80' title="bbox 463 4527 2034 4592; baseline 0.003 -15"><span class='ocrx_word' id='word_1_636' title='bbox 463 4529 748 4583; x_wconf 80' lang='lat' dir='ltr'><strong>vindictam</strong></span> <span class='ocrx_word' id='word_1_637' title='bbox 772 4531 839 4584; x_wconf 88' lang='lat' dir='ltr'><strong>de</strong></span> <span class='ocrx_word' id='word_1_638' title='bbox 879 4529 984 4584; x_wconf 89' lang='lat' dir='ltr'><strong>illis</strong></span> <span class='ocrx_word' id='word_1_639' title='bbox 1013 4529 1183 4583; x_wconf 86' lang='lat' dir='ltr'><strong>fecisti</strong></span> <span class='ocrx_word' id='word_1_640' title='bbox 1230 4530 1484 4592; x_wconf 87' lang='lat' dir='ltr'><strong>auditam,</strong></span> <span class='ocrx_word' id='word_1_641' title='bbox 1517 4527 1566 4580; x_wconf 89' lang='lat' dir='ltr'><strong>id</strong></span> <span class='ocrx_word' id='word_1_642' title='bbox 1606 4537 1708 4592; x_wconf 88' lang='lat' dir='ltr'><strong>est,</strong></span> <span class='ocrx_word' id='word_1_643' title='bbox 1747 4541 1922 4581; x_wconf 90' lang='lat' dir='ltr'><strong>notam</strong></span> <span class='ocrx_word' id='word_1_644' title='bbox 1968 4529 2034 4582; x_wconf 84' lang='lat' dir='ltr'><strong>de</strong></span> 
     </span>
    </p>
   </div>
   <div class='ocr_carea' id='block_1_81' title="bbox 467 4599 2036 4670">
    <p class='ocr_par' dir='ltr' id='par_1_81' title="bbox 467 4599 2036 4670">
     <span class='ocr_line' id='line_1_81' title="bbox 467 4599 2036 4670; baseline 0.001 -20"><span class='ocrx_word' id='word_1_645' title='bbox 467 4614 785 4670; x_wconf 86' lang='lat' dir='ltr'><strong>unoquoque</strong></span> <span class='ocrx_word' id='word_1_646' title='bbox 812 4602 971 4668; x_wconf 65' lang='lat' dir='ltr'><strong>corio,</strong></span> <span class='ocrx_word' id='word_1_647' title='bbox 1002 4599 1054 4654; x_wconf 91' lang='lat' dir='ltr'><strong>id</strong></span> <span class='ocrx_word' id='word_1_648' title='bbox 1097 4609 1200 4664; x_wconf 88' lang='lat' dir='ltr'><strong>est,</strong></span> <span class='ocrx_word' id='word_1_649' title='bbox 1232 4615 1325 4667; x_wconf 91' lang='lat' dir='ltr'><strong>per</strong></span> <span class='ocrx_word' id='word_1_650' title='bbox 1368 4614 1794 4670; x_wconf 76' lang='lat' dir='ltr'><strong>unumquemque</strong></span> <span class='ocrx_word' id='word_1_651' title='bbox 1823 4610 2036 4666; x_wconf 88' lang='lat' dir='ltr'><strong>aposto-</strong></span> 
     </span>
    </p>
   </div>
   <div class='ocr_carea' id='block_1_82' title="bbox 467 4668 2035 4738">
    <p class='ocr_par' dir='ltr' id='par_1_82' title="bbox 467 4668 2035 4738">
     <span class='ocr_line' id='line_1_82' title="bbox 467 4668 2035 4738; baseline 0.001 -18"><span class='ocrx_word' id='word_1_652' title='bbox 467 4668 600 4723; x_wconf 81' lang='lat' dir='ltr'><strong>lum.</strong></span> <span class='ocrx_word' id='word_1_653' title='bbox 629 4668 710 4724; x_wconf 49' lang='lat' dir='ltr'><strong>Et&#39;</strong></span> <span class='ocrx_word' id='word_1_654' title='bbox 735 4681 860 4726; x_wconf 88' lang='lat' dir='ltr'><strong>tunc</strong></span> <span class='ocrx_word' id='word_1_655' title='bbox 899 4674 990 4734; x_wconf 88' lang='lat' dir='ltr'><strong>ita,</strong></span> <span class='ocrx_word' id='word_1_656' title='bbox 1040 4670 1093 4724; x_wconf 88' lang='lat' dir='ltr'><strong>id</strong></span> <span class='ocrx_word' id='word_1_657' title='bbox 1122 4682 1222 4735; x_wconf 90' lang='lat' dir='ltr'><strong>est,</strong></span> <span class='ocrx_word' id='word_1_658' title='bbox 1273 4673 1497 4738; x_wconf 79' lang='lat' dir='ltr'><strong>gentiles</strong></span> <span class='ocrx_word' id='word_1_659' title='bbox 1547 4668 1692 4737; x_wconf 87' lang='lat' dir='ltr'><strong>prius</strong></span> <span class='ocrx_word' id='word_1_660' title='bbox 1731 4673 1923 4723; x_wconf 89' lang='lat' dir='ltr'><strong>terreni</strong></span> <span class='ocrx_word' id='word_1_661' title='bbox 1970 4671 2035 4722; x_wconf 90' lang='lat' dir='ltr'><strong>ti-</strong></span> 
     </span>
    </p>
   </div>
   <div class='ocr_carea' id='block_1_83' title="bbox 462 4739 2032 4811">
    <p class='ocr_par' dir='ltr' id='par_1_83' title="bbox 462 4739 2032 4811">
     <span class='ocr_line' id='line_1_83' title="bbox 462 4739 2032 4811; baseline 0.002 -21"><span class='ocrx_word' id='word_1_662' title='bbox 462 4753 709 4794; x_wconf 86' lang='lat' dir='ltr'><strong>muerunt</strong></span> <span class='ocrx_word' id='word_1_663' title='bbox 736 4753 790 4798; x_wconf 91' lang='lat' dir='ltr'><strong>et</strong></span> <span class='ocrx_word' id='word_1_664' title='bbox 835 4743 1160 4811; x_wconf 86' lang='lat' dir='ltr'><strong>quieverunt.</strong></span> <span class='ocrx_word' id='word_1_665' title='bbox 1197 4757 1225 4794; x_wconf 88' lang='lat' dir='ltr'><strong>a</strong></span> <span class='ocrx_word' id='word_1_666' title='bbox 1258 4741 1413 4793; x_wconf 89' lang='lat' dir='ltr'><strong>malis</strong></span> <span class='ocrx_word' id='word_1_667' title='bbox 1442 4741 1714 4808; x_wconf 83' lang='lat' dir='ltr'><strong>Operibus,</strong></span> <span class='ocrx_word' id='word_1_668' title='bbox 1747 4757 1863 4793; x_wconf 84' lang='lat' dir='ltr'><strong>curn</strong></span> <span class='ocrx_word' id='word_1_669' title='bbox 1897 4739 2032 4793; x_wconf 85' lang='lat' dir='ltr'><strong>Deus</strong></span> 
     </span>
    </p>
   </div>
   <div class='ocr_carea' id='block_1_84' title="bbox 461 4811 2035 4884">
    <p class='ocr_par' dir='ltr' id='par_1_84' title="bbox 461 4811 2035 4884">
     <span class='ocr_line' id='line_1_84' title="bbox 461 4811 2035 4884; baseline 0.002 -23"><span class='ocrx_word' id='word_1_670' title='bbox 461 4824 750 4884; x_wconf 58' lang='lat' dir='ltr'><strong>casui-geret</strong></span> <span class='ocrx_word' id='word_1_671' title='bbox 778 4815 831 4866; x_wconf 87' lang='lat' dir='ltr'><strong>in</strong></span> <span class='ocrx_word' id='word_1_672' title='bbox 853 4812 1077 4884; x_wconf 78' lang='lat' dir='ltr'><strong>judicio,</strong></span> <span class='ocrx_word' id='word_1_673' title='bbox 1107 4813 1162 4865; x_wconf 39' lang='lat' dir='ltr'><strong>id.</strong></span> <span class='ocrx_word' id='word_1_674' title='bbox 1198 4822 1298 4874; x_wconf 88' lang='lat' dir='ltr'><strong>est,</strong></span> <span class='ocrx_word' id='word_1_675' title='bbox 1338 4826 1458 4864; x_wconf 88' lang='lat' dir='ltr'><strong>cum</strong></span> <span class='ocrx_word' id='word_1_676' title='bbox 1503 4811 1836 4884; x_wconf 81' lang='lat' dir='ltr'><strong>irratiife_stuui</strong></span> <span class='ocrx_word' id='word_1_677' title='bbox 1885 4812 2035 4884; x_wconf 85' lang='lat' dir='ltr'><strong>fieret.</strong></span> 
     </span>
    </p>
   </div>
   <div class='ocr_carea' id='block_1_85' title="bbox 461 4880 2031 4948">
    <p class='ocr_par' dir='ltr' id='par_1_85' title="bbox 461 4880 2031 4948">
     <span class='ocr_line' id='line_1_85' title="bbox 461 4880 2031 4948; baseline 0.002 -17"><span class='ocrx_word' id='word_1_678' title='bbox 461 4880 540 4932; x_wconf 77' lang='lat' dir='ltr'><strong>eis</strong></span> <span class='ocrx_word' id='word_1_679' title='bbox 573 4880 735 4935; x_wconf 86' lang='lat' dir='ltr'><strong>Deum</strong></span> <span class='ocrx_word' id='word_1_680' title='bbox 790 4880 1216 4936; x_wconf 79' lang='lat' dir='ltr'><strong>resurrecturum</strong></span> <span class='ocrx_word' id='word_1_681' title='bbox 1253 4883 1463 4936; x_wconf 89' lang='lat' dir='ltr'><strong>tandem</strong></span> <span class='ocrx_word' id='word_1_682' title='bbox 1514 4881 1579 4932; x_wconf 90' lang='lat' dir='ltr'><strong>ad</strong></span> <span class='ocrx_word' id='word_1_683' title='bbox 1631 4880 2031 4948; x_wconf 63' lang='lat' dir='ltr'><strong>dijudicandum</strong></span> 
     </span>
    </p>
   </div>
   <div class='ocr_carea' id='block_1_86' title="bbox 461 4950 2035 5013">
    <p class='ocr_par' dir='ltr' id='par_1_86' title="bbox 461 4950 2035 5013">
     <span class='ocr_line' id='line_1_86' title="bbox 461 4950 2035 5013; baseline 0.003 -12"><span class='ocrx_word' id='word_1_684' title='bbox 461 4950 653 5013; x_wconf 88' lang='lat' dir='ltr'><strong>malos,</strong></span> <span class='ocrx_word' id='word_1_685' title='bbox 675 4963 728 5006; x_wconf 90' lang='lat' dir='ltr'><strong>et</strong></span> <span class='ocrx_word' id='word_1_686' title='bbox 751 4954 1062 5007; x_wconf 82' lang='lat' dir='ltr'><strong>salvandum</strong></span> <span class='ocrx_word' id='word_1_687' title='bbox 1094 4954 1284 5007; x_wconf 86' lang='lat' dir='ltr'><strong>bonos.</strong></span> <span class='ocrx_word' id='word_1_688' title='bbox 1321 4953 1449 5007; x_wconf 88' lang='lat' dir='ltr'><strong>ltern</strong></span> <span class='ocrx_word' id='word_1_689' title='bbox 1474 4951 1658 5006; x_wconf 87' lang='lat' dir='ltr'><strong>aliter:</strong></span> <span class='ocrx_word' id='word_1_690' title='bbox 1692 4950 1778 5004; x_wconf 80' lang='lat' dir='ltr'><strong>Ea:</strong></span> <span class='ocrx_word' id='word_1_691' title='bbox 1807 4962 1926 5004; x_wconf 88' lang='lat' dir='ltr'><strong>tunc</strong></span> <span class='ocrx_word' id='word_1_692' title='bbox 1957 4955 2035 5005; x_wconf 76' lang='lat' dir='ltr'><strong>ira</strong></span> 
     </span>
    </p>
   </div>
   <div class='ocr_carea' id='block_1_87' title="bbox 461 5021 2032 5091">
    <p class='ocr_par' dir='ltr' id='par_1_87' title="bbox 461 5021 2032 5091">
     <span class='ocr_line' id='line_1_87' title="bbox 461 5021 2032 5091; baseline 0.003 -19"><span class='ocrx_word' id='word_1_693' title='bbox 461 5030 570 5074; x_wconf 83' lang='lat' dir='ltr'><strong>tua.</strong></span> <span class='ocrx_word' id='word_1_694' title='bbox 602 5021 761 5088; x_wconf 84' lang='lat' dir='ltr'><strong>Quasi</strong></span> <span class='ocrx_word' id='word_1_695' title='bbox 805 5025 946 5077; x_wconf 89' lang='lat' dir='ltr'><strong>dicat</strong></span> <span class='ocrx_word' id='word_1_696' title='bbox 975 5042 987 5077; x_wconf 87' lang='lat'><strong>:</strong></span> <span class='ocrx_word' id='word_1_697' title='bbox 1018 5025 1149 5090; x_wconf 88' lang='lat' dir='ltr'><strong>Quia</strong></span> <span class='ocrx_word' id='word_1_698' title='bbox 1184 5036 1237 5078; x_wconf 92' lang='lat' dir='ltr'><strong>tu</strong></span> <span class='ocrx_word' id='word_1_699' title='bbox 1266 5035 1440 5076; x_wconf 74' lang='lat' dir='ltr'><strong>tantus</strong></span> <span class='ocrx_word' id='word_1_700' title='bbox 1467 5039 1545 5087; x_wconf 86' lang='lat' dir='ltr'><strong>es,</strong></span> <span class='ocrx_word' id='word_1_701' title='bbox 1577 5023 1663 5077; x_wconf 91' lang='lat' dir='ltr'><strong>cui</strong></span> <span class='ocrx_word' id='word_1_702' title='bbox 1694 5022 1887 5091; x_wconf 89' lang='lat' dir='ltr'><strong>aliquis</strong></span> <span class='ocrx_word' id='word_1_703' title='bbox 1928 5040 2032 5076; x_wconf 90' lang='lat' dir='ltr'><strong>non</strong></span> 
     </span>
    </p>
   </div>
   <div class='ocr_carea' id='block_1_88' title="bbox 463 5092 2035 5164">
    <p class='ocr_par' dir='ltr' id='par_1_88' title="bbox 463 5092 2035 5164">
     <span class='ocr_line' id='line_1_88' title="bbox 463 5092 2035 5164; baseline 0.002 -21"><span class='ocrx_word' id='word_1_704' title='bbox 463 5095 662 5164; x_wconf 81' lang='lat' dir='ltr'><strong>poterit</strong></span> <span class='ocrx_word' id='word_1_705' title='bbox 705 5095 958 5149; x_wconf 80' lang='lat' dir='ltr'><strong>resiSIere</strong></span> <span class='ocrx_word' id='word_1_706' title='bbox 986 5095 1038 5149; x_wconf 93' lang='lat' dir='ltr'><strong>in</strong></span> <span class='ocrx_word' id='word_1_707' title='bbox 1074 5092 1313 5161; x_wconf 86' lang='lat' dir='ltr'><strong>judicio;</strong></span> <span class='ocrx_word' id='word_1_708' title='bbox 1345 5109 1472 5164; x_wconf 73' lang='lat' dir='ltr'><strong>ergo</strong></span> <span class='ocrx_word' id='word_1_709' title='bbox 1513 5095 1654 5149; x_wconf 89' lang='lat' dir='ltr'><strong>man</strong></span> <span class='ocrx_word' id='word_1_710' title='bbox 1700 5107 1798 5146; x_wconf 86' lang='lat' dir='ltr'><strong>suo</strong></span> <span class='ocrx_word' id='word_1_711' title='bbox 1840 5096 2035 5147; x_wconf 88' lang='lat' dir='ltr'><strong>restitit</strong></span> 
     </span>
    </p>
   </div>
   <div class='ocr_carea' id='block_1_89' title="bbox 461 5161 2036 5235">
    <p class='ocr_par' dir='ltr' id='par_1_89' title="bbox 461 5161 2036 5235">
     <span class='ocr_line' id='line_1_89' title="bbox 461 5161 2036 5235; baseline 0.003 -22"><span class='ocrx_word' id='word_1_712' title='bbox 461 5161 556 5216; x_wconf 87' lang='lat' dir='ltr'><strong>tibi</strong></span> <span class='ocrx_word' id='word_1_713' title='bbox 590 5166 793 5232; x_wconf 88' lang='lat' dir='ltr'><strong>primus</strong></span> <span class='ocrx_word' id='word_1_714' title='bbox 839 5165 1000 5220; x_wconf 89' lang='lat' dir='ltr'><strong>miser</strong></span> <span class='ocrx_word' id='word_1_715' title='bbox 1049 5180 1262 5234; x_wconf 64' lang='lat' dir='ltr'><strong>parens,</strong></span> <span class='ocrx_word' id='word_1_716' title='bbox 1294 5165 1387 5235; x_wconf 87' lang='lat' dir='ltr'><strong>qui</strong></span> <span class='ocrx_word' id='word_1_717' title='bbox 1414 5161 1498 5218; x_wconf 51' lang='lat' dir='ltr'><strong>&#39;de</strong></span> <span class='ocrx_word' id='word_1_718' title='bbox 1540 5181 1638 5219; x_wconf 90' lang='lat' dir='ltr'><strong>suo</strong></span> <span class='ocrx_word' id='word_1_719' title='bbox 1691 5174 1820 5216; x_wconf 89' lang='lat' dir='ltr'><strong>nutu</strong></span> <span class='ocrx_word' id='word_1_720' title='bbox 1867 5165 2036 5218; x_wconf 83' lang='lat' dir='ltr'><strong>voluit</strong></span> 
     </span>
    </p>
   </div>
   <div class='ocr_carea' id='block_1_90' title="bbox 462 5235 2035 5301">
    <p class='ocr_par' dir='ltr' id='par_1_90' title="bbox 462 5235 2035 5301">
     <span class='ocr_line' id='line_1_90' title="bbox 462 5235 2035 5301; baseline -0.001 -13"><span class='ocrx_word' id='word_1_721' title='bbox 462 5237 716 5301; x_wconf 83' lang='lat' dir='ltr'><strong>pendere.</strong></span> <span class='ocrx_word' id='word_1_722' title='bbox 746 5238 882 5292; x_wconf 65' lang='lat' dir='ltr'><strong>liam</strong></span> <span class='ocrx_word' id='word_1_723' title='bbox 924 5253 987 5291; x_wconf 76' lang='lat' dir='ltr'><strong>ea:</strong></span> <span class='ocrx_word' id='word_1_724' title='bbox 1017 5248 1134 5291; x_wconf 90' lang='lat' dir='ltr'><strong>tunc</strong></span> <span class='ocrx_word' id='word_1_725' title='bbox 1159 5236 1238 5290; x_wconf 87' lang='lat' dir='ltr'><strong>ira</strong></span> <span class='ocrx_word' id='word_1_726' title='bbox 1268 5251 1354 5289; x_wconf 87' lang='lat' dir='ltr'><strong>tua</strong></span> <span class='ocrx_word' id='word_1_727' title='bbox 1402 5236 1452 5288; x_wconf 92' lang='lat' dir='ltr'><strong>in</strong></span> <span class='ocrx_word' id='word_1_728' title='bbox 1493 5250 1559 5290; x_wconf 90' lang='lat' dir='ltr'><strong>eo</strong></span> <span class='ocrx_word' id='word_1_729' title='bbox 1607 5245 1659 5289; x_wconf 90' lang='lat' dir='ltr'><strong>et</strong></span> <span class='ocrx_word' id='word_1_730' title='bbox 1687 5235 1738 5286; x_wconf 92' lang='lat' dir='ltr'><strong>in</strong></span> <span class='ocrx_word' id='word_1_731' title='bbox 1784 5237 2035 5289; x_wconf 86' lang='lat' dir='ltr'><strong>omnibus</strong></span> 
     </span>
    </p>
   </div>
   <div class='ocr_carea' id='block_1_91' title="bbox 459 5305 2034 5379">
    <p class='ocr_par' dir='ltr' id='par_1_91' title="bbox 459 5305 2034 5379">
     <span class='ocr_line' id='line_1_91' title="bbox 459 5305 2034 5379; baseline -0.001 -20"><span class='ocrx_word' id='word_1_732' title='bbox 459 5308 685 5379; x_wconf 81' lang='lat' dir='ltr'><strong>posteris</strong></span> <span class='ocrx_word' id='word_1_733' title='bbox 713 5308 832 5378; x_wconf 79' lang='lat' dir='ltr'><strong>ejus</strong></span> <span class='ocrx_word' id='word_1_734' title='bbox 859 5310 1121 5379; x_wconf 85' lang='lat' dir='ltr'><strong>apparuit,</strong></span> <span class='ocrx_word' id='word_1_735' title='bbox 1161 5308 1283 5373; x_wconf 85' lang='lat' dir='ltr'><strong>quia</strong></span> <span class='ocrx_word' id='word_1_736' title='bbox 1313 5306 1579 5360; x_wconf 78' lang='lat' dir='ltr'><strong>mulatasti</strong></span> <span class='ocrx_word' id='word_1_737' title='bbox 1607 5319 1702 5379; x_wconf 79' lang='lat' dir='ltr'><strong>eos</strong></span> <span class='ocrx_word' id='word_1_738' title='bbox 1731 5305 2034 5379; x_wconf 32' lang='lat' dir='ltr'><strong>innumeras</strong></span> 
     </span>
    </p>
   </div>
   <div class='ocr_carea' id='block_1_92' title="bbox 461 5375 2034 5449">
    <p class='ocr_par' dir='ltr' id='par_1_92' title="bbox 461 5375 2034 5449">
     <span class='ocr_line' id='line_1_92' title="bbox 461 5375 2034 5449; baseline -0.001 -20"><span class='ocrx_word' id='word_1_739' title='bbox 461 5375 656 5433; x_wconf 85' lang='lat' dir='ltr'><strong>bilibus</strong></span> <span class='ocrx_word' id='word_1_740' title='bbox 687 5375 860 5449; x_wconf 62' lang='lat' dir='ltr'><strong>pdiuis</strong></span> <span class='ocrx_word' id='word_1_741' title='bbox 895 5375 1125 5449; x_wconf 72' lang='lat' dir='ltr'><strong>peccati.</strong></span> <span class='ocrx_word' id='word_1_742' title='bbox 1161 5379 1231 5432; x_wconf 89' lang='lat' dir='ltr'><strong>Et</strong></span> <span class='ocrx_word' id='word_1_743' title='bbox 1264 5379 1367 5432; x_wconf 83' lang='lat' dir='ltr'><strong>hoc</strong></span> <span class='ocrx_word' id='word_1_744' title='bbox 1409 5386 1553 5430; x_wconf 85' lang='lat' dir='ltr'><strong>tuum</strong></span> <span class='ocrx_word' id='word_1_745' title='bbox 1584 5377 1839 5449; x_wconf 85' lang='lat' dir='ltr'><strong>judicium</strong></span> <span class='ocrx_word' id='word_1_746' title='bbox 1870 5377 2034 5449; x_wconf 75' lang='lat' dir='ltr'><strong>fecisti</strong></span> 
     </span>
    </p>
   </div>
   <div class='ocr_carea' id='block_1_93' title="bbox 460 5445 2031 5521">
    <p class='ocr_par' dir='ltr' id='par_1_93' title="bbox 460 5445 2031 5521">
     <span class='ocr_line' id='line_1_93' title="bbox 460 5445 2031 5521; baseline -0.001 -21"><span class='ocrx_word' id='word_1_747' title='bbox 460 5445 714 5516; x_wconf 74' lang='lat' dir='ltr'><strong>auditum,</strong></span> <span class='ocrx_word' id='word_1_748' title='bbox 769 5453 819 5505; x_wconf 86' lang='lat' dir='ltr'><strong>id</strong></span> <span class='ocrx_word' id='word_1_749' title='bbox 871 5445 984 5521; x_wconf 73' lang='lat' dir='ltr'><strong>est,</strong></span> <span class='ocrx_word' id='word_1_750' title='bbox 1033 5449 1320 5505; x_wconf 84' lang='lat' dir='ltr'><strong>notificasti</strong></span> <span class='ocrx_word' id='word_1_751' title='bbox 1370 5445 1602 5521; x_wconf 77' lang='lat' dir='ltr'><strong>maxime</strong></span> <span class='ocrx_word' id='word_1_752' title='bbox 1640 5448 1730 5521; x_wconf 64' lang='lat' dir='ltr'><strong>de</strong></span> <span class='ocrx_word' id='word_1_753' title='bbox 1759 5445 2031 5514; x_wconf 85' lang='lat' dir='ltr'><strong>principali</strong></span> 
     </span>
    </p>
   </div>
   <div class='ocr_carea' id='block_1_94' title="bbox 457 5518 2033 5590">
    <p class='ocr_par' dir='ltr' id='par_1_94' title="bbox 457 5518 2033 5590">
     <span class='ocr_line' id='line_1_94' title="bbox 457 5518 2033 5590; baseline -0.002 -19"><span class='ocrx_word' id='word_1_754' title='bbox 457 5521 604 5584; x_wconf 69' lang='lat' dir='ltr'><strong>casio,</strong></span> <span class='ocrx_word' id='word_1_755' title='bbox 638 5521 687 5574; x_wconf 88' lang='lat' dir='ltr'><strong>id</strong></span> <span class='ocrx_word' id='word_1_756' title='bbox 714 5535 815 5586; x_wconf 86' lang='lat' dir='ltr'><strong>est,</strong></span> <span class='ocrx_word' id='word_1_757' title='bbox 847 5538 939 5590; x_wconf 91' lang='lat' dir='ltr'><strong>per</strong></span> <span class='ocrx_word' id='word_1_758' title='bbox 970 5518 1150 5576; x_wconf 78' lang='lat' dir='ltr'><strong>lilium</strong></span> <span class='ocrx_word' id='word_1_759' title='bbox 1203 5534 1370 5582; x_wconf 90' lang='lat' dir='ltr'><strong>tuum,</strong></span> <span class='ocrx_word' id='word_1_760' title='bbox 1403 5518 1496 5586; x_wconf 92' lang='lat' dir='ltr'><strong>qui</strong></span> <span class='ocrx_word' id='word_1_761' title='bbox 1522 5528 1604 5572; x_wconf 88' lang='lat' dir='ltr'><strong>est</strong></span> <span class='ocrx_word' id='word_1_762' title='bbox 1633 5518 1826 5572; x_wconf 76' lang='lat' dir='ltr'><strong>cmlurn</strong></span> <span class='ocrx_word' id='word_1_763' title='bbox 1871 5520 2033 5570; x_wconf 76' lang='lat' dir='ltr'><strong>emto-</strong></span> 
     </span>
    </p>
   </div>
   <div class='ocr_carea' id='block_1_95' title="bbox 458 5590 2030 5660">
    <p class='ocr_par' dir='ltr' id='par_1_95' title="bbox 458 5590 2030 5660">
     <span class='ocr_line' id='line_1_95' title="bbox 458 5590 2030 5660; baseline 0 -20"><span class='ocrx_word' id='word_1_764' title='bbox 458 5601 577 5644; x_wconf 87' lang='lat' dir='ltr'><strong>rum</strong></span> <span class='ocrx_word' id='word_1_765' title='bbox 604 5606 622 5656; x_wconf 87' lang='lat'><strong>;</strong></span> <span class='ocrx_word' id='word_1_766' title='bbox 662 5592 853 5648; x_wconf 88' lang='lat' dir='ltr'><strong>deinde</strong></span> <span class='ocrx_word' id='word_1_767' title='bbox 880 5596 1042 5647; x_wconf 89' lang='lat' dir='ltr'><strong>etiam</strong></span> <span class='ocrx_word' id='word_1_768' title='bbox 1070 5609 1163 5660; x_wconf 91' lang='lat' dir='ltr'><strong>per</strong></span> <span class='ocrx_word' id='word_1_769' title='bbox 1189 5592 1322 5646; x_wconf 85' lang='lat' dir='ltr'><strong>alios</strong></span> <span class='ocrx_word' id='word_1_770' title='bbox 1350 5590 1534 5645; x_wconf 73' lang='lat' dir='ltr'><strong>caelos.</strong></span> <span class='ocrx_word' id='word_1_771' title='bbox 1573 5590 1724 5643; x_wconf 86' lang='lat' dir='ltr'><strong>Unde</strong></span> <span class='ocrx_word' id='word_1_772' title='bbox 1752 5598 1888 5640; x_wconf 88' lang='lat' dir='ltr'><strong>terra</strong></span> <span class='ocrx_word' id='word_1_773' title='bbox 1917 5603 2030 5660; x_wconf 86' lang='lat' dir='ltr'><strong>om-</strong></span> 
     </span>
    </p>
   </div>
   <div class='ocr_carea' id='block_1_96' title="bbox 459 5659 2034 5729">
    <p class='ocr_par' dir='ltr' id='par_1_96' title="bbox 459 5659 2034 5729">
     <span class='ocr_line' id='line_1_96' title="bbox 459 5659 2034 5729; baseline -0.003 -16"><span class='ocrx_word' id='word_1_774' title='bbox 459 5659 544 5712; x_wconf 83' lang='lat' dir='ltr'><strong>nis</strong></span> <span class='ocrx_word' id='word_1_775' title='bbox 587 5666 717 5715; x_wconf 89' lang='lat' dir='ltr'><strong>bene</strong></span> <span class='ocrx_word' id='word_1_776' title='bbox 743 5665 884 5716; x_wconf 87' lang='lat' dir='ltr'><strong>culta</strong></span> <span class='ocrx_word' id='word_1_777' title='bbox 909 5672 1014 5716; x_wconf 91' lang='lat' dir='ltr'><strong>tam</strong></span> <span class='ocrx_word' id='word_1_778' title='bbox 1045 5659 1114 5718; x_wconf 86' lang='lat' dir='ltr'><strong>de</strong></span> <span class='ocrx_word' id='word_1_779' title='bbox 1141 5663 1362 5725; x_wconf 67' lang='lat' dir='ltr'><strong>ludatis,</strong></span> <span class='ocrx_word' id='word_1_780' title='bbox 1405 5659 1654 5729; x_wconf 88' lang='lat' dir='ltr'><strong>quamde</strong></span> <span class='ocrx_word' id='word_1_781' title='bbox 1692 5661 1938 5727; x_wconf 77' lang='lat' dir='ltr'><strong>gentibus</strong></span> <span class='ocrx_word' id='word_1_782' title='bbox 1973 5659 2034 5710; x_wconf 86' lang='lat' dir='ltr'><strong>ti-</strong></span> 
     </span>
    </p>
   </div>
   <div class='ocr_carea' id='block_1_97' title="bbox 458 5732 2029 5800">
    <p class='ocr_par' dir='ltr' id='par_1_97' title="bbox 458 5732 2029 5800">
     <span class='ocr_line' id='line_1_97' title="bbox 458 5732 2029 5800; baseline 0.003 -22"><span class='ocrx_word' id='word_1_783' title='bbox 458 5732 611 5796; x_wconf 85' lang='lat' dir='ltr'><strong>muit,</strong></span> <span class='ocrx_word' id='word_1_784' title='bbox 643 5740 699 5784; x_wconf 87' lang='lat' dir='ltr'><strong>ct</strong></span> <span class='ocrx_word' id='word_1_785' title='bbox 741 5735 944 5800; x_wconf 73' lang='lat' dir='ltr'><strong>qttievtl</strong></span> <span class='ocrx_word' id='word_1_786' title='bbox 973 5748 1004 5785; x_wconf 86' lang='lat' dir='ltr'><strong>a</strong></span> <span class='ocrx_word' id='word_1_787' title='bbox 1050 5734 1206 5787; x_wconf 85' lang='lat' dir='ltr'><strong>malis</strong></span> <span class='ocrx_word' id='word_1_788' title='bbox 1235 5732 1508 5800; x_wconf 86' lang='lat' dir='ltr'><strong>operibus.</strong></span> <span class='ocrx_word' id='word_1_789' title='bbox 1553 5733 1792 5796; x_wconf 84' lang='lat' dir='ltr'><strong>Sequens</strong></span> <span class='ocrx_word' id='word_1_790' title='bbox 1824 5744 2029 5798; x_wconf 84' lang='lat' dir='ltr'><strong>versus,</strong></span> 
     </span>
    </p>
   </div>
   <div class='ocr_carea' id='block_1_98' title="bbox 457 5801 1980 5872">
    <p class='ocr_par' dir='ltr' id='par_1_98' title="bbox 457 5801 1980 5872">
     <span class='ocr_line' id='line_1_98' title="bbox 457 5801 1980 5872; baseline 0.001 -21"><span class='ocrx_word' id='word_1_791' title='bbox 457 5811 594 5856; x_wconf 72' lang='lat' dir='ltr'><strong>swut</strong></span> <span class='ocrx_word' id='word_1_792' title='bbox 625 5807 866 5870; x_wconf 81' lang='lat' dir='ltr'><strong>proxime</strong></span> <span class='ocrx_word' id='word_1_793' title='bbox 897 5803 1098 5860; x_wconf 85' lang='lat' dir='ltr'><strong>dictum</strong></span> <span class='ocrx_word' id='word_1_794' title='bbox 1126 5811 1225 5872; x_wconf 86' lang='lat' dir='ltr'><strong>est,</strong></span> <span class='ocrx_word' id='word_1_795' title='bbox 1263 5819 1366 5857; x_wconf 87' lang='lat' dir='ltr'><strong>non</strong></span> <span class='ocrx_word' id='word_1_796' title='bbox 1401 5801 1709 5856; x_wconf 78' lang='lat' dir='ltr'><strong>mutabitur.</strong></span> <span class='ocrx_word' id='word_1_797' title='bbox 1975 5813 1980 5817; x_wconf 82' lang='lat'><em>&#39;</em></span> 
     </span>
    </p>
   </div>
   <div class='ocr_carea' id='block_1_99' title="bbox 2063 3157 2113 3220">
    <p class='ocr_par' dir='ltr' id='par_1_99' title="bbox 2063 3157 2113 3220">
     <span class='ocr_line' id='line_1_99' title="bbox 2063 3157 2113 3220; baseline 0 0"><span class='ocrx_word' id='word_1_798' title='bbox 2063 3157 2113 3220; x_wconf 68' lang='grc' dir='ltr'><strong>(Ξ</strong></span> 
     </span>
    </p>
   </div>
   <div class='ocr_carea' id='block_1_100' title="bbox 2065 4515 2112 4571">
    <p class='ocr_par' dir='ltr' id='par_1_100' title="bbox 2065 4515 2112 4571">
     <span class='ocr_line' id='line_1_100' title="bbox 2065 4515 2112 4571; baseline 0 0"><span class='ocrx_word' id='word_1_799' title='bbox 2065 4515 2112 4571; x_wconf 86' lang='grc' dir='ltr'>ι)</span> 
     </span>
    </p>
   </div>
   <div class='ocr_carea' id='block_1_101' title="bbox 2137 1845 3707 1914">
    <p class='ocr_par' dir='ltr' id='par_1_101' title="bbox 2137 1845 3707 1914">
     <span class='ocr_line' id='line_1_101' title="bbox 2137 1845 3707 1914; baseline -0.002 -16"><span class='ocrx_word' id='word_1_800' title='bbox 2137 1847 2311 1900; x_wconf 88' lang='lat' dir='ltr'><strong>salvos</strong></span> <span class='ocrx_word' id='word_1_801' title='bbox 2360 1849 2540 1914; x_wconf 86' lang='lat' dir='ltr'><strong>faciat,</strong></span> <span class='ocrx_word' id='word_1_802' title='bbox 2571 1859 2737 1900; x_wconf 69' lang='lat' dir='ltr'><strong>cavete</strong></span> <span class='ocrx_word' id='word_1_803' title='bbox 2783 1847 3002 1899; x_wconf 83' lang='lat' dir='ltr'><strong>Domino</strong></span> <span class='ocrx_word' id='word_1_804' title='bbox 3041 1856 3088 1900; x_wconf 88' lang='lat' dir='ltr'><strong>et</strong></span> <span class='ocrx_word' id='word_1_805' title='bbox 3117 1845 3225 1899; x_wconf 87' lang='lat' dir='ltr'><strong>Deo</strong></span> <span class='ocrx_word' id='word_1_806' title='bbox 3253 1859 3454 1910; x_wconf 87' lang='lat' dir='ltr'><strong>nostro,</strong></span> <span class='ocrx_word' id='word_1_807' title='bbox 3500 1848 3550 1898; x_wconf 90' lang='lat' dir='ltr'><strong>id</strong></span> <span class='ocrx_word' id='word_1_808' title='bbox 3601 1857 3707 1911; x_wconf 81' lang='lat' dir='ltr'><strong>est,</strong></span> 
     </span>
    </p>
   </div>
   <div class='ocr_carea' id='block_1_102' title="bbox 2139 1916 3705 1985">
    <p class='ocr_par' dir='ltr' id='par_1_102' title="bbox 2139 1916 3705 1985">
     <span class='ocr_line' id='line_1_102' title="bbox 2139 1916 3705 1985; baseline -0.001 -15"><span class='ocrx_word' id='word_1_809' title='bbox 2139 1917 2465 1984; x_wconf 85' lang='lat' dir='ltr'><strong>redemptori</strong></span> <span class='ocrx_word' id='word_1_810' title='bbox 2496 1930 2548 1970; x_wconf 88' lang='lat' dir='ltr'><strong>et</strong></span> <span class='ocrx_word' id='word_1_811' title='bbox 2585 1919 2815 1970; x_wconf 85' lang='lat' dir='ltr'><strong>creatori</strong></span> <span class='ocrx_word' id='word_1_812' title='bbox 2849 1931 3044 1981; x_wconf 69' lang='lat' dir='ltr'><strong>vestro,</strong></span> <span class='ocrx_word' id='word_1_813' title='bbox 3079 1916 3219 1985; x_wconf 91' lang='lat' dir='ltr'><strong>quod</strong></span> <span class='ocrx_word' id='word_1_814' title='bbox 3253 1917 3549 1970; x_wconf 86' lang='lat' dir='ltr'><strong>vovendum</strong></span> <span class='ocrx_word' id='word_1_815' title='bbox 3595 1925 3705 1977; x_wconf 86' lang='lat' dir='ltr'><strong>est,</strong></span> 
     </span>
    </p>
   </div>
   <div class='ocr_carea' id='block_1_103' title="bbox 2139 1986 3704 2056">
    <p class='ocr_par' dir='ltr' id='par_1_103' title="bbox 2139 1986 3704 2056">
     <span class='ocr_line' id='line_1_103' title="bbox 2139 1986 3704 2056; baseline 0 -16"><span class='ocrx_word' id='word_1_816' title='bbox 2139 1987 2189 2040; x_wconf 90' lang='lat' dir='ltr'><strong>id</strong></span> <span class='ocrx_word' id='word_1_817' title='bbox 2221 1998 2322 2048; x_wconf 84' lang='lat' dir='ltr'><strong>est.</strong></span> <span class='ocrx_word' id='word_1_818' title='bbox 2357 2003 2450 2041; x_wconf 81' lang='lat' dir='ltr'><strong>vos</strong></span> <span class='ocrx_word' id='word_1_819' title='bbox 2479 1989 2642 2055; x_wconf 88' lang='lat' dir='ltr'><strong>ipsos.</strong></span> <span class='ocrx_word' id='word_1_820' title='bbox 2675 1987 2922 2056; x_wconf 85' lang='lat' dir='ltr'><strong>Quisquis</strong></span> <span class='ocrx_word' id='word_1_821' title='bbox 2967 1991 3110 2040; x_wconf 89' lang='lat' dir='ltr'><strong>enim</strong></span> <span class='ocrx_word' id='word_1_822' title='bbox 3154 1988 3348 2049; x_wconf 76' lang='lat' dir='ltr'><strong>cogitat</strong></span> <span class='ocrx_word' id='word_1_823' title='bbox 3389 1986 3518 2055; x_wconf 89' lang='lat' dir='ltr'><strong>quid</strong></span> <span class='ocrx_word' id='word_1_824' title='bbox 3566 1987 3704 2040; x_wconf 89' lang='lat' dir='ltr'><strong>bene</strong></span> 
     </span>
    </p>
   </div>
   <div class='ocr_carea' id='block_1_104' title="bbox 2139 2057 3696 2126">
    <p class='ocr_par' dir='ltr' id='par_1_104' title="bbox 2139 2057 3696 2126">
     <span class='ocr_line' id='line_1_104' title="bbox 2139 2057 3696 2126; baseline -0.001 -17"><span class='ocrx_word' id='word_1_825' title='bbox 2139 2065 2345 2121; x_wconf 86' lang='lat' dir='ltr'><strong>voveat,</strong></span> <span class='ocrx_word' id='word_1_826' title='bbox 2377 2059 2606 2126; x_wconf 87' lang='lat' dir='ltr'><strong>seipsurn</strong></span> <span class='ocrx_word' id='word_1_827' title='bbox 2643 2067 2864 2126; x_wconf 65' lang='lat' dir='ltr'><strong>voveat,</strong></span> <span class='ocrx_word' id='word_1_828' title='bbox 2896 2059 3126 2124; x_wconf 88' lang='lat' dir='ltr'><strong>seipsum</strong></span> <span class='ocrx_word' id='word_1_829' title='bbox 3175 2057 3382 2110; x_wconf 80' lang='lat' dir='ltr'><strong>offerat.</strong></span> <span class='ocrx_word' id='word_1_830' title='bbox 3419 2058 3526 2108; x_wconf 90' lang='lat' dir='ltr'><strong>tloc</strong></span> <span class='ocrx_word' id='word_1_831' title='bbox 3551 2059 3696 2109; x_wconf 88' lang='lat' dir='ltr'><strong>enim</strong></span> 
     </span>
    </p>
   </div>
   <div class='ocr_carea' id='block_1_105' title="bbox 2137 2125 3712 2197">
    <p class='ocr_par' dir='ltr' id='par_1_105' title="bbox 2137 2125 3712 2197">
     <span class='ocr_line' id='line_1_105' title="bbox 2137 2125 3712 2197; baseline -0.001 -17"><span class='ocrx_word' id='word_1_832' title='bbox 2137 2128 2383 2197; x_wconf 69' lang='lat' dir='ltr'><strong>exigitur,</strong></span> <span class='ocrx_word' id='word_1_833' title='bbox 2423 2125 2521 2181; x_wconf 79' lang='lat' dir='ltr'><strong>huc</strong></span> <span class='ocrx_word' id='word_1_834' title='bbox 2545 2129 2786 2180; x_wconf 87' lang='lat' dir='ltr'><strong>debetur.</strong></span> <span class='ocrx_word' id='word_1_835' title='bbox 2827 2125 3032 2187; x_wconf 85' lang='lat' dir='ltr'><strong>Vovete,</strong></span> <span class='ocrx_word' id='word_1_836' title='bbox 3067 2128 3302 2194; x_wconf 88' lang='lat' dir='ltr'><strong>inquam,</strong></span> <span class='ocrx_word' id='word_1_837' title='bbox 3335 2135 3380 2178; x_wconf 89' lang='lat' dir='ltr'><strong>et</strong></span> <span class='ocrx_word' id='word_1_838' title='bbox 3406 2140 3521 2194; x_wconf 74' lang='lat' dir='ltr'><strong>qua:</strong></span> <span class='ocrx_word' id='word_1_839' title='bbox 3549 2143 3712 2180; x_wconf 73' lang='lat' dir='ltr'><strong>vove-</strong></span> 
     </span>
    </p>
   </div>
   <div class='ocr_carea' id='block_1_106' title="bbox 2138 2197 3708 2259">
    <p class='ocr_par' dir='ltr' id='par_1_106' title="bbox 2138 2197 3708 2259">
     <span class='ocr_line' id='line_1_106' title="bbox 2138 2197 3708 2259; baseline -0.001 -9"><span class='ocrx_word' id='word_1_840' title='bbox 2138 2199 2256 2252; x_wconf 86' lang='lat' dir='ltr'><strong>ritis</strong></span> <span class='ocrx_word' id='word_1_841' title='bbox 2301 2199 2515 2251; x_wconf 84' lang='lat' dir='ltr'><strong>reddite.</strong></span> <span class='ocrx_word' id='word_1_842' title='bbox 2564 2198 2759 2251; x_wconf 80' lang='lat' dir='ltr'><strong>Malum</strong></span> <span class='ocrx_word' id='word_1_843' title='bbox 2798 2199 2936 2251; x_wconf 90' lang='lat' dir='ltr'><strong>enim</strong></span> <span class='ocrx_word' id='word_1_844' title='bbox 2968 2207 3051 2250; x_wconf 90' lang='lat' dir='ltr'><strong>est</strong></span> <span class='ocrx_word' id='word_1_845' title='bbox 3081 2212 3298 2259; x_wconf 83' lang='lat' dir='ltr'><strong>vovere,</strong></span> <span class='ocrx_word' id='word_1_846' title='bbox 3329 2207 3380 2250; x_wconf 94' lang='lat' dir='ltr'><strong>et</strong></span> <span class='ocrx_word' id='word_1_847' title='bbox 3427 2213 3530 2248; x_wconf 91' lang='lat' dir='ltr'><strong>non</strong></span> <span class='ocrx_word' id='word_1_848' title='bbox 3584 2197 3708 2249; x_wconf 82' lang='lat' dir='ltr'><strong>red-</strong></span> 
     </span>
    </p>
   </div>
   <div class='ocr_carea' id='block_1_107' title="bbox 2139 2267 3710 2329">
    <p class='ocr_par' dir='ltr' id='par_1_107' title="bbox 2139 2267 3710 2329">
     <span class='ocr_line' id='line_1_107' title="bbox 2139 2267 3710 2329; baseline 0 -9"><span class='ocrx_word' id='word_1_849' title='bbox 2139 2270 2284 2322; x_wconf 86' lang='lat' dir='ltr'><strong>dere.</strong></span> <span class='ocrx_word' id='word_1_850' title='bbox 2317 2267 2430 2320; x_wconf 85' lang='lat' dir='ltr'><strong>Non</strong></span> <span class='ocrx_word' id='word_1_851' title='bbox 2456 2278 2628 2321; x_wconf 84' lang='lat' dir='ltr'><strong>tamen</strong></span> <span class='ocrx_word' id='word_1_852' title='bbox 2662 2268 2781 2321; x_wconf 89' lang='lat' dir='ltr'><strong>ideo</strong></span> <span class='ocrx_word' id='word_1_853' title='bbox 2812 2283 2913 2320; x_wconf 80' lang='lat' dir='ltr'><strong>neu</strong></span> <span class='ocrx_word' id='word_1_854' title='bbox 2946 2278 3029 2321; x_wconf 91' lang='lat' dir='ltr'><strong>est</strong></span> <span class='ocrx_word' id='word_1_855' title='bbox 3056 2267 3378 2329; x_wconf 64' lang='lat' dir='ltr'><strong>sovendum.</strong></span> <span class='ocrx_word' id='word_1_856' title='bbox 3406 2268 3499 2320; x_wconf 88' lang='lat' dir='ltr'><strong>sed</strong></span> <span class='ocrx_word' id='word_1_857' title='bbox 3530 2275 3583 2320; x_wconf 86' lang='lat' dir='ltr'><strong>et</strong></span> <span class='ocrx_word' id='word_1_858' title='bbox 3619 2282 3710 2320; x_wconf 78' lang='lat' dir='ltr'><strong>vo-</strong></span> 
     </span>
    </p>
   </div>
   <div class='ocr_carea' id='block_1_108' title="bbox 2139 2336 3700 2406">
    <p class='ocr_par' dir='ltr' id='par_1_108' title="bbox 2139 2336 3700 2406">
     <span class='ocr_line' id='line_1_108' title="bbox 2139 2336 3700 2406; baseline 0.001 -18"><span class='ocrx_word' id='word_1_859' title='bbox 2139 2338 2366 2392; x_wconf 84' lang='lat' dir='ltr'><strong>vendum</strong></span> <span class='ocrx_word' id='word_1_860' title='bbox 2427 2348 2508 2394; x_wconf 86' lang='lat' dir='ltr'><strong>est</strong></span> <span class='ocrx_word' id='word_1_861' title='bbox 2564 2347 2616 2392; x_wconf 89' lang='lat' dir='ltr'><strong>et</strong></span> <span class='ocrx_word' id='word_1_862' title='bbox 2673 2337 3020 2391; x_wconf 89' lang='lat' dir='ltr'><strong>reddendum.</strong></span> <span class='ocrx_word' id='word_1_863' title='bbox 3065 2339 3128 2392; x_wconf 80' lang='lat' dir='ltr'><strong>Et</strong></span> <span class='ocrx_word' id='word_1_864' title='bbox 3164 2337 3394 2406; x_wconf 86' lang='lat' dir='ltr'><strong>quodam</strong></span> <span class='ocrx_word' id='word_1_865' title='bbox 3437 2336 3593 2390; x_wconf 78' lang='lat' dir='ltr'><strong>modo</strong></span> <span class='ocrx_word' id='word_1_866' title='bbox 3635 2353 3700 2390; x_wconf 79' lang='lat' dir='ltr'><strong>ex</strong></span> 
     </span>
    </p>
   </div>
   <div class='ocr_carea' id='block_1_109' title="bbox 2140 2407 3701 2477">
    <p class='ocr_par' dir='ltr' id='par_1_109' title="bbox 2140 2407 3701 2477">
     <span class='ocr_line' id='line_1_109' title="bbox 2140 2407 3701 2477; baseline -0.002 -14"><span class='ocrx_word' id='word_1_867' title='bbox 2140 2418 2323 2463; x_wconf 89' lang='lat' dir='ltr'><strong>nostro</strong></span> <span class='ocrx_word' id='word_1_868' title='bbox 2349 2419 2432 2461; x_wconf 89' lang='lat' dir='ltr'><strong>est</strong></span> <span class='ocrx_word' id='word_1_869' title='bbox 2464 2423 2680 2467; x_wconf 82' lang='lat' dir='ltr'><strong>vovere.</strong></span> <span class='ocrx_word' id='word_1_870' title='bbox 2711 2417 2766 2460; x_wconf 88' lang='lat' dir='ltr'><strong>et</strong></span> <span class='ocrx_word' id='word_1_871' title='bbox 2794 2423 2858 2460; x_wconf 83' lang='lat' dir='ltr'><strong>ex</strong></span> <span class='ocrx_word' id='word_1_872' title='bbox 2887 2407 3000 2475; x_wconf 84' lang='lat' dir='ltr'><strong>ejus</strong></span> <span class='ocrx_word' id='word_1_873' title='bbox 3049 2417 3131 2461; x_wconf 90' lang='lat' dir='ltr'><strong>est</strong></span> <span class='ocrx_word' id='word_1_874' title='bbox 3177 2407 3427 2471; x_wconf 87' lang='lat' dir='ltr'><strong>reddere,</strong></span> <span class='ocrx_word' id='word_1_875' title='bbox 3459 2418 3514 2459; x_wconf 89' lang='lat' dir='ltr'><strong>et</strong></span> <span class='ocrx_word' id='word_1_876' title='bbox 3549 2408 3701 2477; x_wconf 88' lang='lat' dir='ltr'><strong>quasi</strong></span> 
     </span>
    </p>
   </div>
   <div class='ocr_carea' id='block_1_110' title="bbox 2138 2477 3708 2546">
    <p class='ocr_par' dir='ltr' id='par_1_110' title="bbox 2138 2477 3708 2546">
     <span class='ocr_line' id='line_1_110' title="bbox 2138 2477 3708 2546; baseline -0.002 -14"><span class='ocrx_word' id='word_1_877' title='bbox 2138 2479 2316 2533; x_wconf 86' lang='lat' dir='ltr'><strong>dicat;</strong></span> <span class='ocrx_word' id='word_1_878' title='bbox 2347 2478 2552 2536; x_wconf 84' lang='lat' dir='ltr'><strong>Vovere</strong></span> <span class='ocrx_word' id='word_1_879' title='bbox 2599 2479 2824 2540; x_wconf 82' lang='lat' dir='ltr'><strong>debetis,</strong></span> <span class='ocrx_word' id='word_1_880' title='bbox 2856 2487 2909 2530; x_wconf 89' lang='lat' dir='ltr'><strong>et</strong></span> <span class='ocrx_word' id='word_1_881' title='bbox 2957 2479 3202 2541; x_wconf 85' lang='lat' dir='ltr'><strong>reddere,</strong></span> <span class='ocrx_word' id='word_1_882' title='bbox 3233 2477 3352 2546; x_wconf 86' lang='lat' dir='ltr'><strong>quia</strong></span> <span class='ocrx_word' id='word_1_883' title='bbox 3403 2494 3574 2530; x_wconf 86' lang='lat' dir='ltr'><strong>omnes</strong></span> <span class='ocrx_word' id='word_1_884' title='bbox 3617 2477 3708 2545; x_wconf 82' lang='lat' dir='ltr'><strong>qui</strong></span> 
     </span>
    </p>
   </div>
   <div class='ocr_carea' id='block_1_111' title="bbox 2137 2547 3709 2618">
    <p class='ocr_par' dir='ltr' id='par_1_111' title="bbox 2137 2547 3709 2618">
     <span class='ocr_line' id='line_1_111' title="bbox 2137 2547 3709 2618; baseline -0.001 -17"><span class='ocrx_word' id='word_1_885' title='bbox 2137 2549 2190 2601; x_wconf 89' lang='lat' dir='ltr'><strong>in</strong></span> <span class='ocrx_word' id='word_1_886' title='bbox 2216 2550 2434 2602; x_wconf 84' lang='lat' dir='ltr'><strong>circuitu</strong></span> <span class='ocrx_word' id='word_1_887' title='bbox 2461 2552 2570 2618; x_wconf 82' lang='lat' dir='ltr'><strong>ejus</strong></span> <span class='ocrx_word' id='word_1_888' title='bbox 2599 2558 2751 2616; x_wconf 87' lang='lat' dir='ltr'><strong>sunt,</strong></span> <span class='ocrx_word' id='word_1_889' title='bbox 2778 2547 2828 2602; x_wconf 90' lang='lat' dir='ltr'><strong>id</strong></span> <span class='ocrx_word' id='word_1_890' title='bbox 2857 2559 2961 2611; x_wconf 87' lang='lat' dir='ltr'><strong>est,</strong></span> <span class='ocrx_word' id='word_1_891' title='bbox 2999 2551 3709 2618; x_wconf 81' lang='lat' dir='ltr'><strong>omnesappmpinquautes</strong></span> 
     </span>
    </p>
   </div>
   <div class='ocr_carea' id='block_1_112' title="bbox 2139 2617 3705 2681">
    <p class='ocr_par' dir='ltr' id='par_1_112' title="bbox 2139 2617 3705 2681">
     <span class='ocr_line' id='line_1_112' title="bbox 2139 2617 3705 2681; baseline -0.004 -7"><span class='ocrx_word' id='word_1_892' title='bbox 2139 2629 2190 2674; x_wconf 91' lang='lat' dir='ltr'><strong>et</strong></span> <span class='ocrx_word' id='word_1_893' title='bbox 2219 2617 2551 2673; x_wconf 26' lang='lat' dir='ltr'><strong>adlrmrent’es</strong></span> <span class='ocrx_word' id='word_1_894' title='bbox 2595 2619 2664 2681; x_wconf 86' lang='lat' dir='ltr'><strong>ei,</strong></span> <span class='ocrx_word' id='word_1_895' title='bbox 2716 2634 2821 2671; x_wconf 91' lang='lat' dir='ltr'><strong>non</strong></span> <span class='ocrx_word' id='word_1_896' title='bbox 2854 2618 3036 2671; x_wconf 85' lang='lat' dir='ltr'><strong>vacuis</strong></span> <span class='ocrx_word' id='word_1_897' title='bbox 3068 2617 3309 2670; x_wconf 88' lang='lat' dir='ltr'><strong>manibus</strong></span> <span class='ocrx_word' id='word_1_898' title='bbox 3344 2617 3579 2680; x_wconf 88' lang='lat' dir='ltr'><strong>venient,</strong></span> <span class='ocrx_word' id='word_1_899' title='bbox 3613 2619 3705 2670; x_wconf 90' lang='lat' dir='ltr'><strong>sed</strong></span> 
     </span>
    </p>
   </div>
   <div class='ocr_carea' id='block_1_113' title="bbox 2138 2687 3708 2756">
    <p class='ocr_par' dir='ltr' id='par_1_113' title="bbox 2138 2687 3708 2756">
     <span class='ocr_line' id='line_1_113' title="bbox 2138 2687 3708 2756; baseline -0.003 -15"><span class='ocrx_word' id='word_1_900' title='bbox 2138 2689 2358 2743; x_wconf 63' lang='lat' dir='ltr'><strong>afferent</strong></span> <span class='ocrx_word' id='word_1_901' title='bbox 2385 2705 2626 2756; x_wconf 88' lang='lat' dir='ltr'><strong>munera,</strong></span> <span class='ocrx_word' id='word_1_902' title='bbox 2659 2690 2709 2742; x_wconf 91' lang='lat' dir='ltr'><strong>id</strong></span> <span class='ocrx_word' id='word_1_903' title='bbox 2735 2700 2836 2751; x_wconf 90' lang='lat' dir='ltr'><strong>est,</strong></span> <span class='ocrx_word' id='word_1_904' title='bbox 2863 2688 3068 2750; x_wconf 86' lang='lat' dir='ltr'><strong>seipsos</strong></span> <span class='ocrx_word' id='word_1_905' title='bbox 3091 2687 3357 2742; x_wconf 88' lang='lat' dir='ltr'><strong>vovebunt</strong></span> <span class='ocrx_word' id='word_1_906' title='bbox 3381 2698 3434 2740; x_wconf 90' lang='lat' dir='ltr'><strong>et</strong></span> <span class='ocrx_word' id='word_1_907' title='bbox 3464 2690 3708 2742; x_wconf 87' lang='lat' dir='ltr'><strong>reddent.</strong></span> 
     </span>
    </p>
   </div>
   <div class='ocr_carea' id='block_1_114' title="bbox 2139 2757 3706 2824">
    <p class='ocr_par' dir='ltr' id='par_1_114' title="bbox 2139 2757 3706 2824">
     <span class='ocr_line' id='line_1_114' title="bbox 2139 2757 3706 2824; baseline -0.003 -11"><span class='ocrx_word' id='word_1_908' title='bbox 2139 2760 2405 2824; x_wconf 71' lang='lat' dir='ltr'><strong>Atterent,</strong></span> <span class='ocrx_word' id='word_1_909' title='bbox 2429 2760 2571 2824; x_wconf 90' lang='lat' dir='ltr'><strong>dico,</strong></span> <span class='ocrx_word' id='word_1_910' title='bbox 2605 2761 2689 2812; x_wconf 88' lang='lat' dir='ltr'><strong>cui</strong></span> <span class='ocrx_word' id='word_1_911' title='bbox 2731 2758 3001 2813; x_wconf 78' lang='lat' dir='ltr'><strong>afferenda</strong></span> <span class='ocrx_word' id='word_1_912' title='bbox 3039 2768 3187 2822; x_wconf 87' lang='lat' dir='ltr'><strong>sunt,</strong></span> <span class='ocrx_word' id='word_1_913' title='bbox 3217 2757 3439 2820; x_wconf 86' lang='lat' dir='ltr'><strong>scilicet,</strong></span> <span class='ocrx_word' id='word_1_914' title='bbox 3473 2758 3706 2818; x_wconf 81' lang='lat' dir='ltr'><strong>terribili,</strong></span> 
     </span>
    </p>
   </div>
   <div class='ocr_carea' id='block_1_115' title="bbox 2140 2825 3708 2899">
    <p class='ocr_par' dir='ltr' id='par_1_115' title="bbox 2140 2825 3708 2899">
     <span class='ocr_line' id='line_1_115' title="bbox 2140 2825 3708 2899; baseline -0.001 -17"><span class='ocrx_word' id='word_1_915' title='bbox 2140 2829 2190 2883; x_wconf 94' lang='lat' dir='ltr'><strong>id</strong></span> <span class='ocrx_word' id='word_1_916' title='bbox 2223 2840 2326 2896; x_wconf 90' lang='lat' dir='ltr'><strong>est,</strong></span> <span class='ocrx_word' id='word_1_917' title='bbox 2357 2831 2403 2882; x_wconf 89' lang='lat' dir='ltr'><strong>ei</strong></span> <span class='ocrx_word' id='word_1_918' title='bbox 2431 2829 2541 2899; x_wconf 92' lang='lat' dir='ltr'><strong>qui,</strong></span> <span class='ocrx_word' id='word_1_919' title='bbox 2569 2845 2687 2882; x_wconf 89' lang='lat' dir='ltr'><strong>cum</strong></span> <span class='ocrx_word' id='word_1_920' title='bbox 2717 2843 2859 2882; x_wconf 90' lang='lat' dir='ltr'><strong>nunc</strong></span> <span class='ocrx_word' id='word_1_921' title='bbox 2887 2829 2957 2882; x_wconf 88' lang='lat' dir='ltr'><strong>sit</strong></span> <span class='ocrx_word' id='word_1_922' title='bbox 2986 2829 3222 2893; x_wconf 87' lang='lat' dir='ltr'><strong>humilis,</strong></span> <span class='ocrx_word' id='word_1_923' title='bbox 3251 2825 3459 2881; x_wconf 82' lang='lat' dir='ltr'><strong>futurus</strong></span> <span class='ocrx_word' id='word_1_924' title='bbox 3483 2837 3566 2881; x_wconf 87' lang='lat' dir='ltr'><strong>est</strong></span> <span class='ocrx_word' id='word_1_925' title='bbox 3602 2837 3708 2880; x_wconf 85' lang='lat' dir='ltr'><strong>ter-</strong></span> 
     </span>
    </p>
   </div>
   <div class='ocr_carea' id='block_1_116' title="bbox 2142 2899 3708 2968">
    <p class='ocr_par' dir='ltr' id='par_1_116' title="bbox 2142 2899 3708 2968">
     <span class='ocr_line' id='line_1_116' title="bbox 2142 2899 3708 2968; baseline -0.002 -15"><span class='ocrx_word' id='word_1_926' title='bbox 2142 2900 2330 2964; x_wconf 86' lang='lat' dir='ltr'><strong>ribilis,</strong></span> <span class='ocrx_word' id='word_1_927' title='bbox 2363 2910 2414 2953; x_wconf 89' lang='lat' dir='ltr'><strong>et</strong></span> <span class='ocrx_word' id='word_1_928' title='bbox 2457 2901 2613 2966; x_wconf 86' lang='lat' dir='ltr'><strong>mitti,</strong></span> <span class='ocrx_word' id='word_1_929' title='bbox 2643 2900 2850 2953; x_wconf 77' lang='lat' dir='ltr'><strong>scilicet</strong></span> <span class='ocrx_word' id='word_1_930' title='bbox 2890 2900 2938 2952; x_wconf 91' lang='lat' dir='ltr'><strong>ei</strong></span> <span class='ocrx_word' id='word_1_931' title='bbox 2980 2899 3065 2968; x_wconf 88' lang='lat' dir='ltr'><strong>qui</strong></span> <span class='ocrx_word' id='word_1_932' title='bbox 3097 2901 3273 2965; x_wconf 71' lang='lat' dir='ltr'><strong>aufert</strong></span> <span class='ocrx_word' id='word_1_933' title='bbox 3296 2899 3532 2964; x_wconf 86' lang='lat' dir='ltr'><strong>spiritum</strong></span> <span class='ocrx_word' id='word_1_934' title='bbox 3560 2899 3708 2964; x_wconf 79' lang='lat' dir='ltr'><strong>prin-</strong></span> 
     </span>
    </p>
   </div>
   <div class='ocr_carea' id='block_1_117' title="bbox 2142 2969 3700 3041">
    <p class='ocr_par' dir='ltr' id='par_1_117' title="bbox 2142 2969 3700 3041">
     <span class='ocr_line' id='line_1_117' title="bbox 2142 2969 3700 3041; baseline -0.003 -19"><span class='ocrx_word' id='word_1_935' title='bbox 2142 2971 2332 3041; x_wconf 88' lang='lat' dir='ltr'><strong>cipum,</strong></span> <span class='ocrx_word' id='word_1_936' title='bbox 2365 2971 2541 3041; x_wconf 89' lang='lat' dir='ltr'><strong>idest,</strong></span> <span class='ocrx_word' id='word_1_937' title='bbox 2566 2971 2806 3041; x_wconf 86' lang='lat' dir='ltr'><strong>spiritum</strong></span> <span class='ocrx_word' id='word_1_938' title='bbox 2833 2969 3058 3034; x_wconf 90' lang='lat' dir='ltr'><strong>elatum,</strong></span> <span class='ocrx_word' id='word_1_939' title='bbox 3084 2979 3138 3023; x_wconf 88' lang='lat' dir='ltr'><strong>et</strong></span> <span class='ocrx_word' id='word_1_940' title='bbox 3159 2970 3247 3023; x_wconf 89' lang='lat' dir='ltr'><strong>dat</strong></span> <span class='ocrx_word' id='word_1_941' title='bbox 3275 2969 3520 3041; x_wconf 78' lang='lat' dir='ltr'><strong>spiritum</strong></span> <span class='ocrx_word' id='word_1_942' title='bbox 3554 2983 3700 3020; x_wconf 82' lang='lat' dir='ltr'><strong>man-</strong></span> 
     </span>
    </p>
   </div>
   <div class='ocr_carea' id='block_1_118' title="bbox 2141 3039 3706 3106">
    <p class='ocr_par' dir='ltr' id='par_1_118' title="bbox 2141 3039 3706 3106">
     <span class='ocr_line' id='line_1_118' title="bbox 2141 3039 3706 3106; baseline -0.004 -12"><span class='ocrx_word' id='word_1_943' title='bbox 2141 3039 2374 3094; x_wconf 86' lang='lat' dir='ltr'><strong>suetum.</strong></span> <span class='ocrx_word' id='word_1_944' title='bbox 2409 3040 2669 3106; x_wconf 86' lang='lat' dir='ltr'><strong>Terribili,</strong></span> <span class='ocrx_word' id='word_1_945' title='bbox 2695 3040 2839 3106; x_wconf 90' lang='lat' dir='ltr'><strong>dico,</strong></span> <span class='ocrx_word' id='word_1_946' title='bbox 2872 3054 2978 3093; x_wconf 88' lang='lat' dir='ltr'><strong>non</strong></span> <span class='ocrx_word' id='word_1_947' title='bbox 3012 3047 3217 3094; x_wconf 87' lang='lat' dir='ltr'><strong>tantum</strong></span> <span class='ocrx_word' id='word_1_948' title='bbox 3247 3039 3387 3105; x_wconf 89' lang='lat' dir='ltr'><strong>apud</strong></span> <span class='ocrx_word' id='word_1_949' title='bbox 3425 3052 3706 3106; x_wconf 85' lang='lat' dir='ltr'><strong>pauperes,</strong></span> 
     </span>
    </p>
   </div>
   <div class='ocr_carea' id='block_1_119' title="bbox 2141 3108 3707 3182">
    <p class='ocr_par' dir='ltr' id='par_1_119' title="bbox 2141 3108 3707 3182">
     <span class='ocr_line' id='line_1_119' title="bbox 2141 3108 3707 3182; baseline -0.001 -20"><span class='ocrx_word' id='word_1_950' title='bbox 2141 3111 2236 3165; x_wconf 89' lang='lat' dir='ltr'><strong>sed</strong></span> <span class='ocrx_word' id='word_1_951' title='bbox 2269 3110 2434 3182; x_wconf 73' lang='lat' dir='ltr'><strong>etiam</strong></span> <span class='ocrx_word' id='word_1_952' title='bbox 2454 3117 2594 3182; x_wconf 84' lang='lat' dir='ltr'><strong>apud</strong></span> <span class='ocrx_word' id='word_1_953' title='bbox 2620 3127 2784 3177; x_wconf 84' lang='lat' dir='ltr'><strong>reges,</strong></span> <span class='ocrx_word' id='word_1_954' title='bbox 2821 3110 3004 3182; x_wconf 81' lang='lat' dir='ltr'><strong>idest,</strong></span> <span class='ocrx_word' id='word_1_955' title='bbox 3037 3125 3278 3182; x_wconf 85' lang='lat' dir='ltr'><strong>quosque</strong></span> <span class='ocrx_word' id='word_1_956' title='bbox 3311 3108 3707 3182; x_wconf 81' lang='lat' dir='ltr'><strong>potentissimos</strong></span> 
     </span>
    </p>
   </div>
   <div class='ocr_carea' id='block_1_120' title="bbox 2143 3177 3711 3248">
    <p class='ocr_par' dir='ltr' id='par_1_120' title="bbox 2143 3177 3711 3248">
     <span class='ocr_line' id='line_1_120' title="bbox 2143 3177 3711 3248; baseline -0.002 -16"><span class='ocrx_word' id='word_1_957' title='bbox 2143 3191 2308 3234; x_wconf 74' lang='lat' dir='ltr'><strong>terrae.</strong></span> <span class='ocrx_word' id='word_1_958' title='bbox 2344 3180 2438 3234; x_wconf 77' lang='lat' dir='ltr'><strong>Vel</strong></span> <span class='ocrx_word' id='word_1_959' title='bbox 2469 3177 2556 3248; x_wconf 78' lang='lat' dir='ltr'><strong>qui</strong></span> <span class='ocrx_word' id='word_1_960' title='bbox 2584 3191 2665 3235; x_wconf 86' lang='lat' dir='ltr'><strong>est</strong></span> <span class='ocrx_word' id='word_1_961' title='bbox 2697 3179 2970 3245; x_wconf 83' lang='lat' dir='ltr'><strong>terribilis,</strong></span> <span class='ocrx_word' id='word_1_962' title='bbox 2994 3177 3065 3234; x_wconf 81' lang='lat' dir='ltr'><strong>et</strong></span> <span class='ocrx_word' id='word_1_963' title='bbox 3095 3180 3140 3234; x_wconf 88' lang='lat' dir='ltr'><strong>si</strong></span> <span class='ocrx_word' id='word_1_964' title='bbox 3181 3177 3284 3234; x_wconf 84' lang='lat' dir='ltr'><strong>non</strong></span> <span class='ocrx_word' id='word_1_965' title='bbox 3315 3178 3460 3248; x_wconf 85' lang='lat' dir='ltr'><strong>apud</strong></span> <span class='ocrx_word' id='word_1_966' title='bbox 3505 3177 3711 3248; x_wconf 40' lang='lat' dir='ltr'><strong>distorf</strong></span> 
     </span>
    </p>
   </div>
   <div class='ocr_carea' id='block_1_121' title="bbox 2137 3247 3713 3320">
    <p class='ocr_par' dir='ltr' id='par_1_121' title="bbox 2137 3247 3713 3320">
     <span class='ocr_line' id='line_1_121' title="bbox 2137 3247 3713 3320; baseline -0.001 -17"><span class='ocrx_word' id='word_1_967' title='bbox 2137 3261 2240 3313; x_wconf 89' lang='lat' dir='ltr'><strong>tos,</strong></span> <span class='ocrx_word' id='word_1_968' title='bbox 2269 3261 2444 3305; x_wconf 89' lang='lat' dir='ltr'><strong>tamen</strong></span> <span class='ocrx_word' id='word_1_969' title='bbox 2474 3247 2616 3320; x_wconf 87' lang='lat' dir='ltr'><strong>apud</strong></span> <span class='ocrx_word' id='word_1_970' title='bbox 2642 3267 2784 3320; x_wconf 86' lang='lat' dir='ltr'><strong>reges</strong></span> <span class='ocrx_word' id='word_1_971' title='bbox 2827 3261 2995 3317; x_wconf 73' lang='lat' dir='ltr'><strong>terraz,</strong></span> <span class='ocrx_word' id='word_1_972' title='bbox 3028 3250 3079 3305; x_wconf 87' lang='lat' dir='ltr'><strong>id</strong></span> <span class='ocrx_word' id='word_1_973' title='bbox 3127 3261 3231 3316; x_wconf 85' lang='grc' dir='ltr'>εει,</span> <span class='ocrx_word' id='word_1_974' title='bbox 3279 3247 3420 3319; x_wconf 89' lang='lat' dir='ltr'><strong>apud</strong></span> <span class='ocrx_word' id='word_1_975' title='bbox 3470 3249 3590 3304; x_wconf 90' lang='lat' dir='ltr'><strong>illos</strong></span> <span class='ocrx_word' id='word_1_976' title='bbox 3620 3247 3713 3318; x_wconf 82' lang='lat' dir='ltr'><strong>qui</strong></span> 
     </span>
    </p>
   </div>
   <div class='ocr_carea' id='block_1_122' title="bbox 2131 3321 2919 3392">
    <p class='ocr_par' dir='ltr' id='par_1_122' title="bbox 2131 3321 2919 3392">
     <span class='ocr_line' id='line_1_122' title="bbox 2131 3321 2919 3392; baseline -0.001 -17"><span class='ocrx_word' id='word_1_977' title='bbox 2131 3321 2267 3377; x_wconf 88' lang='lat' dir='ltr'><strong>bene</strong></span> <span class='ocrx_word' id='word_1_978' title='bbox 2296 3334 2486 3392; x_wconf 74' lang='lat' dir='ltr'><strong>regunt</strong></span> <span class='ocrx_word' id='word_1_979' title='bbox 2516 3337 2669 3375; x_wconf 80' lang='lat' dir='ltr'><strong>suam</strong></span> <span class='ocrx_word' id='word_1_980' title='bbox 2702 3333 2919 3375; x_wconf 87' lang='lat' dir='ltr'><strong>terram.</strong></span> 
     </span>
    </p>
   </div>
   <div class='ocr_carea' id='block_1_123' title="bbox 2571 3431 3279 3490">
    <p class='ocr_par' dir='ltr' id='par_1_123' title="bbox 2571 3431 3279 3490">
     <span class='ocr_line' id='line_1_123' title="bbox 2571 3431 3279 3490; baseline -0.001 -2"><span class='ocrx_word' id='word_1_981' title='bbox 2571 3433 2634 3488; x_wconf 85' lang='lat' dir='ltr'><strong>IN</strong></span> <span class='ocrx_word' id='word_1_982' title='bbox 2677 3431 3002 3490; x_wconf 72' lang='lat' dir='ltr'><strong>PSALMUM</strong></span> <span class='ocrx_word' id='word_1_983' title='bbox 3042 3433 3279 3490; x_wconf 78' lang='lat' dir='ltr'><strong>LXXVI.</strong></span> 
     </span>
    </p>
   </div>
   <div class='ocr_carea' id='block_1_124' title="bbox 2359 3545 3471 3615">
    <p class='ocr_par' dir='ltr' id='par_1_124' title="bbox 2359 3545 3471 3615">
     <span class='ocr_line' id='line_1_124' title="bbox 2359 3545 3471 3615; baseline 0 -17"><span class='ocrx_word' id='word_1_984' title='bbox 2359 3545 2414 3599; x_wconf 90' lang='lat' dir='ltr'><strong>lu</strong></span> <span class='ocrx_word' id='word_1_985' title='bbox 2448 3545 2605 3600; x_wconf 86' lang='lat' dir='ltr'><strong>finem</strong></span> <span class='ocrx_word' id='word_1_986' title='bbox 2637 3560 2730 3615; x_wconf 92' lang='lat' dir='ltr'><strong>pro</strong></span> <span class='ocrx_word' id='word_1_987' title='bbox 2757 3545 2964 3600; x_wconf 82' lang='lat' dir='ltr'><strong>lditliun</strong></span> <span class='ocrx_word' id='word_1_988' title='bbox 2999 3546 3236 3614; x_wconf 90' lang='lat' dir='ltr'><strong>psalmus</strong></span> <span class='ocrx_word' id='word_1_989' title='bbox 3265 3545 3471 3613; x_wconf 87' lang='lat' dir='ltr'><strong>Asapb.</strong></span> 
     </span>
    </p>
   </div>
   <div class='ocr_carea' id='block_1_125' title="bbox 2740 3653 3117 3694">
    <p class='ocr_par' dir='ltr' id='par_1_125' title="bbox 2740 3653 3117 3694">
     <span class='ocr_line' id='line_1_125' title="bbox 2740 3653 3117 3694; baseline -0.003 -1"><span class='ocrx_word' id='word_1_990' title='bbox 2740 3653 3117 3694; x_wconf 70' lang='lat' dir='ltr'><strong>ARGUMENTUM.</strong></span> 
     </span>
    </p>
   </div>
   <div class='ocr_carea' id='block_1_126' title="bbox 2148 3727 3712 3802">
    <p class='ocr_par' dir='ltr' id='par_1_126' title="bbox 2148 3727 3712 3802">
     <span class='ocr_line' id='line_1_126' title="bbox 2148 3727 3712 3802; baseline -0.008 -13"><span class='ocrx_word' id='word_1_991' title='bbox 2148 3732 2449 3788; x_wconf 79' lang='lat' dir='ltr'><strong>-Pr:edicit</strong></span> <span class='ocrx_word' id='word_1_992' title='bbox 2478 3747 2539 3787; x_wconf 90' lang='lat' dir='ltr'><strong>ea</strong></span> <span class='ocrx_word' id='word_1_993' title='bbox 2565 3747 2682 3802; x_wconf 71' lang='lat' dir='ltr'><strong>qum</strong></span> <span class='ocrx_word' id='word_1_994' title='bbox 2709 3742 2824 3786; x_wconf 90' lang='lat' dir='ltr'><strong>erat</strong></span> <span class='ocrx_word' id='word_1_995' title='bbox 2866 3731 3092 3800; x_wconf 88' lang='lat' dir='ltr'><strong>populus</strong></span> <span class='ocrx_word' id='word_1_996' title='bbox 3133 3729 3186 3783; x_wconf 89' lang='lat' dir='ltr'><strong>in</strong></span> <span class='ocrx_word' id='word_1_997' title='bbox 3220 3727 3502 3802; x_wconf 81' lang='lat' dir='ltr'><strong>Babylone</strong></span> <span class='ocrx_word' id='word_1_998' title='bbox 3523 3739 3712 3802; x_wconf 73' lang='lat' dir='ltr'><strong>passu-</strong></span> 
     </span>
    </p>
   </div>
   <div class='ocr_carea' id='block_1_127' title="bbox 2132 3795 3706 3872">
    <p class='ocr_par' dir='ltr' id='par_1_127' title="bbox 2132 3795 3706 3872">
     <span class='ocr_line' id='line_1_127' title="bbox 2132 3795 3706 3872; baseline -0.007 -14"><span class='ocrx_word' id='word_1_999' title='bbox 2132 3819 2243 3864; x_wconf 82' lang='lat' dir='ltr'><strong>rus,</strong></span> <span class='ocrx_word' id='word_1_1000' title='bbox 2266 3813 2318 3857; x_wconf 89' lang='lat' dir='ltr'><strong>et</strong></span> <span class='ocrx_word' id='word_1_1001' title='bbox 2347 3795 2698 3872; x_wconf 54' lang='lat' dir='ltr'><strong>qualiter&#39;pro</strong></span> <span class='ocrx_word' id='word_1_1002' title='bbox 2729 3803 2810 3855; x_wconf 88' lang='lat' dir='ltr'><strong>bis</strong></span> <span class='ocrx_word' id='word_1_1003' title='bbox 2839 3795 2968 3870; x_wconf 76' lang='lat' dir='ltr'><strong>ipsis</strong></span> <span class='ocrx_word' id='word_1_1004' title='bbox 3000 3803 3172 3872; x_wconf 86' lang='lat' dir='ltr'><strong>libere</strong></span> <span class='ocrx_word' id='word_1_1005' title='bbox 3201 3795 3594 3872; x_wconf 80' lang='lat' dir='ltr'><strong>querimoniam</strong></span> <span class='ocrx_word' id='word_1_1006' title='bbox 3624 3795 3706 3849; x_wconf 72' lang='lat' dir='ltr'><strong>fa—</strong></span> 
     </span>
    </p>
   </div>
   <div class='ocr_carea' id='block_1_128' title="bbox 2131 3868 3714 3940">
    <p class='ocr_par' dir='ltr' id='par_1_128' title="bbox 2131 3868 3714 3940">
     <span class='ocr_line' id='line_1_128' title="bbox 2131 3868 3714 3940; baseline -0.004 -12"><span class='ocrx_word' id='word_1_1007' title='bbox 2131 3887 2336 3938; x_wconf 84' lang='lat' dir='ltr'><strong>cturus,</strong></span> <span class='ocrx_word' id='word_1_1008' title='bbox 2363 3868 2505 3928; x_wconf 76' lang='lat' dir='ltr'><strong>sicut</strong></span> <span class='ocrx_word' id='word_1_1009' title='bbox 2535 3868 2692 3927; x_wconf 64' lang='lat' dir='ltr'><strong>et&#39;in</strong></span> <span class='ocrx_word' id='word_1_1010' title='bbox 2745 3868 3147 3940; x_wconf 76' lang='lat' dir='ltr'><strong>septuagesimo</strong></span> <span class='ocrx_word' id='word_1_1011' title='bbox 3193 3868 3434 3923; x_wconf 87' lang='lat' dir='ltr'><strong>secundo</strong></span> <span class='ocrx_word' id='word_1_1012' title='bbox 3484 3868 3714 3936; x_wconf 82' lang='lat' dir='ltr'><strong>psalmo.</strong></span> 
     </span>
    </p>
   </div>
   <div class='ocr_carea' id='block_1_129' title="bbox 2133 3943 3021 4000">
    <p class='ocr_par' dir='ltr' id='par_1_129' title="bbox 2133 3943 3021 4000">
     <span class='ocr_line' id='line_1_129' title="bbox 2133 3943 3021 4000; baseline -0.002 -2"><span class='ocrx_word' id='word_1_1013' title='bbox 2133 3943 2304 4000; x_wconf 79' lang='lat' dir='ltr'><strong>Aliter</strong></span> <span class='ocrx_word' id='word_1_1014' title='bbox 2335 3960 2433 3999; x_wconf 70' lang='lat' dir='ltr'><strong>vos</strong></span> <span class='ocrx_word' id='word_1_1015' title='bbox 2466 3944 2662 3998; x_wconf 77' lang='lat' dir='ltr'><strong>Christi</strong></span> <span class='ocrx_word' id='word_1_1016' title='bbox 2695 3944 2759 3997; x_wconf 90' lang='lat' dir='ltr'><strong>ad</strong></span> <span class='ocrx_word' id='word_1_1017' title='bbox 2785 3943 3021 3997; x_wconf 83' lang='lat' dir='ltr'><strong>Patrem.</strong></span> 
     </span>
    </p>
   </div>
   <div class='ocr_carea' id='block_1_130' title="bbox 2740 4047 3098 4090">
    <p class='ocr_par' dir='ltr' id='par_1_130' title="bbox 2740 4047 3098 4090">
     <span class='ocr_line' id='line_1_130' title="bbox 2740 4047 3098 4090; baseline -0.011 -1"><span class='ocrx_word' id='word_1_1018' title='bbox 2740 4047 3098 4090; x_wconf 71' lang='grc' dir='ltr'><strong>ειριΑΜτιο.</strong></span> 
     </span>
    </p>
   </div>
   <div class='ocr_carea' id='block_1_131' title="bbox 2205 4121 3710 4198">
    <p class='ocr_par' dir='ltr' id='par_1_131' title="bbox 2205 4121 3710 4198">
     <span class='ocr_line' id='line_1_131' title="bbox 2205 4121 3710 4198; baseline -0.004 -18"><span class='ocrx_word' id='word_1_1019' title='bbox 2205 4129 2377 4196; x_wconf 80' lang='lat' dir='ltr'><strong>Asaplt</strong></span> <span class='ocrx_word' id='word_1_1020' title='bbox 2425 4128 2767 4198; x_wconf 74' lang='lat' dir='ltr'><strong>congregatio</strong></span> <span class='ocrx_word' id='word_1_1021' title='bbox 2811 4129 3102 4198; x_wconf 83' lang='lat' dir='ltr'><strong>bonorum,</strong></span> <span class='ocrx_word' id='word_1_1022' title='bbox 3151 4121 3710 4198; x_wconf 30' lang='lat' dir='ltr'><strong>lditlrun‘transilitor</strong></span> 
     </span>
    </p>
   </div>
   <div class='ocr_carea' id='block_1_132' title="bbox 2133 4193 3709 4268">
    <p class='ocr_par' dir='ltr' id='par_1_132' title="bbox 2133 4193 3709 4268">
     <span class='ocr_line' id='line_1_132' title="bbox 2133 4193 3709 4268; baseline -0.004 -18"><span class='ocrx_word' id='word_1_1023' title='bbox 2133 4193 2487 4268; x_wconf 66' lang='lat' dir='ltr'><strong>stccularium,</strong></span> <span class='ocrx_word' id='word_1_1024' title='bbox 2531 4193 2662 4266; x_wconf 45' lang='lat' dir='ltr'><strong>&#39;ﬁni&#39;s</strong></span> <span class='ocrx_word' id='word_1_1025' title='bbox 2713 4197 3086 4268; x_wconf 73' lang='lat' dir='ltr'><strong>proﬁcientium</strong></span> <span class='ocrx_word' id='word_1_1026' title='bbox 3139 4194 3328 4248; x_wconf 77' lang='lat' dir='ltr'><strong>Christi</strong></span> <span class='ocrx_word' id='word_1_1027' title='bbox 3382 4193 3709 4268; x_wconf 75' lang='lat' dir='ltr'><strong>intelligitur.</strong></span> 
     </span>
    </p>
   </div>
   <div class='ocr_carea' id='block_1_133' title="bbox 2133 4265 3715 4339">
    <p class='ocr_par' dir='ltr' id='par_1_133' title="bbox 2133 4265 3715 4339">
     <span class='ocr_line' id='line_1_133' title="bbox 2133 4265 3715 4339; baseline -0.007 -18"><span class='ocrx_word' id='word_1_1028' title='bbox 2133 4267 2293 4322; x_wconf 87' lang='lat' dir='ltr'><strong>Totus</strong></span> <span class='ocrx_word' id='word_1_1029' title='bbox 2319 4285 2437 4339; x_wconf 82' lang='lat' dir='ltr'><strong>ergo</strong></span> <span class='ocrx_word' id='word_1_1030' title='bbox 2466 4265 2690 4339; x_wconf 85' lang='lat' dir='ltr'><strong>psalmus</strong></span> <span class='ocrx_word' id='word_1_1031' title='bbox 2713 4265 2799 4321; x_wconf 54' lang='lat' dir='ltr'><strong>&#39;Iric</strong></span> <span class='ocrx_word' id='word_1_1032' title='bbox 2824 4286 2854 4320; x_wconf 80' lang='grc' dir='ltr'><em>α</em></span> <span class='ocrx_word' id='word_1_1033' title='bbox 2884 4267 3027 4339; x_wconf 79' lang='lat' dir='ltr'><strong>ﬁdeli</strong></span> <span class='ocrx_word' id='word_1_1034' title='bbox 3053 4267 3448 4339; x_wconf 70' lang='lat' dir='ltr'><strong>congregatione</strong></span> <span class='ocrx_word' id='word_1_1035' title='bbox 3475 4265 3715 4339; x_wconf 49' lang='lat' dir='ltr'><strong>canitur,</strong></span> 
     </span>
    </p>
   </div>
   <div class='ocr_carea' id='block_1_134' title="bbox 2133 4331 3715 4410">
    <p class='ocr_par' dir='ltr' id='par_1_134' title="bbox 2133 4331 3715 4410">
     <span class='ocr_line' id='line_1_134' title="bbox 2133 4331 3715 4410; baseline -0.007 -18"><span class='ocrx_word' id='word_1_1036' title='bbox 2133 4355 2244 4406; x_wconf 77' lang='lat' dir='ltr'><strong>qua:</strong></span> <span class='ocrx_word' id='word_1_1037' title='bbox 2273 4331 2396 4393; x_wconf 77' lang='grc' dir='ltr'>υἱιιᾶ</span> <span class='ocrx_word' id='word_1_1038' title='bbox 2422 4331 2569 4394; x_wconf 77' lang='lat' dir='ltr'><strong>istius</strong></span> <span class='ocrx_word' id='word_1_1039' title='bbox 2592 4340 2769 4394; x_wconf 78' lang='lat' dir='ltr'><strong>sicculi</strong></span> <span class='ocrx_word' id='word_1_1040' title='bbox 2791 4331 3029 4410; x_wconf 77' lang='lat' dir='ltr'><strong>gloriosis</strong></span> <span class='ocrx_word' id='word_1_1041' title='bbox 3063 4331 3292 4406; x_wconf 71' lang='lat' dir='ltr'><strong>passibus</strong></span> <span class='ocrx_word' id='word_1_1042' title='bbox 3318 4331 3715 4410; x_wconf 67' lang='lat' dir='ltr'><strong>transiliensad</strong></span> 
     </span>
    </p>
   </div>
   <div class='ocr_carea' id='block_1_135' title="bbox 2137 4405 3711 4480">
    <p class='ocr_par' dir='ltr' id='par_1_135' title="bbox 2137 4405 3711 4480">
     <span class='ocr_line' id='line_1_135' title="bbox 2137 4405 3711 4480; baseline -0.007 -17"><span class='ocrx_word' id='word_1_1043' title='bbox 2137 4405 2283 4463; x_wconf 86' lang='lat' dir='ltr'><strong>illum</strong></span> <span class='ocrx_word' id='word_1_1044' title='bbox 2324 4411 2475 4476; x_wconf 80' lang='lat' dir='ltr'><strong>ﬁnem</strong></span> <span class='ocrx_word' id='word_1_1045' title='bbox 2515 4413 2756 4480; x_wconf 87' lang='lat' dir='ltr'><strong>pervenit,</strong></span> <span class='ocrx_word' id='word_1_1046' title='bbox 2789 4405 2883 4480; x_wconf 53' lang='grc' dir='ltr'><strong>ξιιὶ</strong></span> <span class='ocrx_word' id='word_1_1047' title='bbox 2924 4409 3053 4460; x_wconf 75' lang='lat' dir='ltr'><strong>nihil</strong></span> <span class='ocrx_word' id='word_1_1048' title='bbox 3065 4405 3070 4406; x_wconf 52' lang='grc'><strong><em>⁷</em></strong></span> <span class='ocrx_word' id='word_1_1049' title='bbox 3093 4417 3264 4480; x_wconf 69' lang='lat' dir='ltr'><strong>potest</strong></span> <span class='ocrx_word' id='word_1_1050' title='bbox 3285 4405 3450 4456; x_wconf 86' lang='lat' dir='ltr'><strong>simile</strong></span> <span class='ocrx_word' id='word_1_1051' title='bbox 3479 4405 3711 4468; x_wconf 85' lang='lat' dir='ltr'><strong>reperiri.</strong></span> 
     </span>
    </p>
   </div>
   <div class='ocr_carea' id='block_1_136' title="bbox 2140 4473 3718 4546">
    <p class='ocr_par' dir='ltr' id='par_1_136' title="bbox 2140 4473 3718 4546">
     <span class='ocr_line' id='line_1_136' title="bbox 2140 4473 3718 4546; baseline -0.008 -12"><span class='ocrx_word' id='word_1_1052' title='bbox 2140 4480 2246 4534; x_wconf 85' lang='lat' dir='ltr'><strong>Sed</strong></span> <span class='ocrx_word' id='word_1_1053' title='bbox 2281 4473 2542 4534; x_wconf 78' lang='lat' dir='ltr'><strong>sciendum</strong></span> <span class='ocrx_word' id='word_1_1054' title='bbox 2583 4491 2653 4533; x_wconf 84' lang='lat' dir='ltr'><strong>est</strong></span> <span class='ocrx_word' id='word_1_1055' title='bbox 2693 4483 2745 4532; x_wconf 87' lang='lat' dir='ltr'><strong>in</strong></span> <span class='ocrx_word' id='word_1_1056' title='bbox 2775 4479 2992 4532; x_wconf 80' lang='lat' dir='ltr'><strong>llebrtco</strong></span> <span class='ocrx_word' id='word_1_1057' title='bbox 3038 4473 3128 4546; x_wconf 83' lang='lat' dir='ltr'><strong>per</strong></span> <span class='ocrx_word' id='word_1_1058' title='bbox 3175 4473 3416 4532; x_wconf 47' lang='lat' dir='ltr'><strong>*Iditliun.</strong></span> <span class='ocrx_word' id='word_1_1059' title='bbox 3459 4489 3573 4546; x_wconf 82' lang='lat' dir='ltr'><strong>non</strong></span> <span class='ocrx_word' id='word_1_1060' title='bbox 3621 4487 3718 4541; x_wconf 85' lang='lat' dir='ltr'><strong>pro</strong></span> 
     </span>
    </p>
   </div>
   <div class='ocr_carea' id='block_1_137' title="bbox 2142 4545 3718 4618">
    <p class='ocr_par' dir='ltr' id='par_1_137' title="bbox 2142 4545 3718 4618">
     <span class='ocr_line' id='line_1_137' title="bbox 2142 4545 3718 4618; baseline -0.006 -17"><span class='ocrx_word' id='word_1_1061' title='bbox 2142 4547 2380 4616; x_wconf 86' lang='lat' dir='ltr'><strong>Iditltun,</strong></span> <span class='ocrx_word' id='word_1_1062' title='bbox 2411 4551 2607 4614; x_wconf 79' lang='lat' dir='ltr'><strong>haberi,</strong></span> <span class='ocrx_word' id='word_1_1063' title='bbox 2650 4560 2702 4603; x_wconf 89' lang='lat' dir='ltr'><strong>ut</strong></span> <span class='ocrx_word' id='word_1_1064' title='bbox 2738 4551 2988 4618; x_wconf 81' lang='lat' dir='ltr'><strong>signiﬁcet</strong></span> <span class='ocrx_word' id='word_1_1065' title='bbox 3013 4545 3113 4599; x_wconf 89' lang='lat' dir='ltr'><strong>non</strong></span> <span class='ocrx_word' id='word_1_1066' title='bbox 3144 4561 3236 4610; x_wconf 88' lang='lat' dir='ltr'><strong>pro</strong></span> <span class='ocrx_word' id='word_1_1067' title='bbox 3268 4561 3349 4618; x_wconf 82' lang='lat' dir='ltr'><strong>eo,</strong></span> <span class='ocrx_word' id='word_1_1068' title='bbox 3378 4545 3465 4596; x_wconf 75' lang='lat' dir='ltr'><strong>sed</strong></span> <span class='ocrx_word' id='word_1_1069' title='bbox 3493 4557 3718 4618; x_wconf 34' lang='lat' dir='ltr'><strong>per-eum</strong></span> 
     </span>
    </p>
   </div>
   <div class='ocr_carea' id='block_1_138' title="bbox 2139 4613 3718 4692">
    <p class='ocr_par' dir='ltr' id='par_1_138' title="bbox 2139 4613 3718 4692">
     <span class='ocr_line' id='line_1_138' title="bbox 2139 4613 3718 4692; baseline -0.007 -19"><span class='ocrx_word' id='word_1_1070' title='bbox 2139 4613 2393 4688; x_wconf 82' lang='lat' dir='ltr'><strong>psalmum</strong></span> <span class='ocrx_word' id='word_1_1071' title='bbox 2443 4613 2602 4692; x_wconf 74' lang='lat' dir='ltr'><strong>fuisse</strong></span> <span class='ocrx_word' id='word_1_1072' title='bbox 2645 4613 2916 4692; x_wconf 63' lang='lat' dir='ltr'><strong>cantatum</strong></span> <span class='ocrx_word' id='word_1_1073' title='bbox 2942 4627 2988 4670; x_wconf 88' lang='lat' dir='ltr'><strong>et</strong></span> <span class='ocrx_word' id='word_1_1074' title='bbox 3017 4616 3441 4692; x_wconf 62' lang='lat' dir='ltr'><strong>quodsequitur,</strong></span> <span class='ocrx_word' id='word_1_1075' title='bbox 3491 4613 3718 4692; x_wconf 71' lang='lat' dir='ltr'><strong>psalmus</strong></span> 
     </span>
    </p>
   </div>
   <div class='ocr_carea' id='block_1_139' title="bbox 2139 4683 3714 4759">
    <p class='ocr_par' dir='ltr' id='par_1_139' title="bbox 2139 4683 3714 4759">
     <span class='ocr_line' id='line_1_139' title="bbox 2139 4683 3714 4759; baseline -0.008 -15"><span class='ocrx_word' id='word_1_1076' title='bbox 2139 4683 2336 4757; x_wconf 60' lang='lat' dir='ltr'><strong>Asaplt,</strong></span> <span class='ocrx_word' id='word_1_1077' title='bbox 2369 4694 2422 4745; x_wconf 86' lang='lat' dir='ltr'><strong>in</strong></span> <span class='ocrx_word' id='word_1_1078' title='bbox 2443 4683 2579 4746; x_wconf 52' lang='lat' dir='ltr'><strong>&#39;veris</strong></span> <span class='ocrx_word' id='word_1_1079' title='bbox 2620 4691 2993 4759; x_wconf 75' lang='lat' dir='ltr'><strong>exemplaribus</strong></span> <span class='ocrx_word' id='word_1_1080' title='bbox 3029 4683 3131 4740; x_wconf 82' lang='lat' dir='ltr'><strong>non</strong></span> <span class='ocrx_word' id='word_1_1081' title='bbox 3161 4685 3354 4759; x_wconf 80' lang='lat' dir='ltr'><strong>haberi.</strong></span> <span class='ocrx_word' id='word_1_1082' title='bbox 3391 4685 3566 4759; x_wconf 65' lang='lat' dir='ltr'><strong>Asuph</strong></span> <span class='ocrx_word' id='word_1_1083' title='bbox 3596 4683 3714 4741; x_wconf 84' lang='lat' dir='ltr'><strong>iste,</strong></span> 
     </span>
    </p>
   </div>
   <div class='ocr_carea' id='block_1_140' title="bbox 2138 4757 3721 4826">
    <p class='ocr_par' dir='ltr' id='par_1_140' title="bbox 2138 4757 3721 4826">
     <span class='ocr_line' id='line_1_140' title="bbox 2138 4757 3721 4826; baseline -0.008 -12"><span class='ocrx_word' id='word_1_1084' title='bbox 2138 4779 2286 4826; x_wconf 88' lang='lat' dir='ltr'><strong>quem</strong></span> <span class='ocrx_word' id='word_1_1085' title='bbox 2313 4764 2535 4817; x_wconf 69' lang='lat' dir='ltr'><strong>diximus</strong></span> <span class='ocrx_word' id='word_1_1086' title='bbox 2573 4757 2811 4815; x_wconf 84' lang='lat' dir='ltr'><strong>uitiorum</strong></span> <span class='ocrx_word' id='word_1_1087' title='bbox 2847 4759 3229 4818; x_wconf 83' lang='lat' dir='ltr'><strong>transilitorem,</strong></span> <span class='ocrx_word' id='word_1_1088' title='bbox 3257 4757 3307 4807; x_wconf 89' lang='lat' dir='ltr'><strong>in</strong></span> <span class='ocrx_word' id='word_1_1089' title='bbox 3334 4757 3503 4824; x_wconf 86' lang='lat' dir='ltr'><strong>prima</strong></span> <span class='ocrx_word' id='word_1_1090' title='bbox 3536 4767 3721 4826; x_wconf 70' lang='lat' dir='ltr'><strong>narra-</strong></span> 
     </span>
    </p>
   </div>
   <div class='ocr_carea' id='block_1_141' title="bbox 2139 4820 3718 4904">
    <p class='ocr_par' dir='ltr' id='par_1_141' title="bbox 2139 4820 3718 4904">
     <span class='ocr_line' id='line_1_141' title="bbox 2139 4820 3718 4904; baseline -0.012 -15"><span class='ocrx_word' id='word_1_1091' title='bbox 2139 4820 2272 4904; x_wconf 76' lang='lat' dir='ltr'><strong>tione</strong></span> <span class='ocrx_word' id='word_1_1092' title='bbox 2311 4834 2498 4904; x_wconf 84' lang='lat' dir='ltr'><strong>psalmi</strong></span> <span class='ocrx_word' id='word_1_1093' title='bbox 2528 4834 2596 4885; x_wconf 90' lang='lat' dir='ltr'><strong>ad</strong></span> <span class='ocrx_word' id='word_1_1094' title='bbox 2624 4832 2894 4885; x_wconf 85' lang='lat' dir='ltr'><strong>Dominum</strong></span> <span class='ocrx_word' id='word_1_1095' title='bbox 2919 4831 3143 4883; x_wconf 85' lang='lat' dir='ltr'><strong>clamare</strong></span> <span class='ocrx_word' id='word_1_1096' title='bbox 3172 4820 3406 4904; x_wconf 74' lang='lat' dir='ltr'><strong>testatur,</strong></span> <span class='ocrx_word' id='word_1_1097' title='bbox 3435 4820 3718 4904; x_wconf 39' lang='lat' dir='ltr'><strong>et‘tribula-</strong></span> 
     </span>
    </p>
   </div>
   <div class='ocr_carea' id='block_1_142' title="bbox 2138 4895 3718 4960">
    <p class='ocr_par' dir='ltr' id='par_1_142' title="bbox 2138 4895 3718 4960">
     <span class='ocr_line' id='line_1_142' title="bbox 2138 4895 3718 4960; baseline -0.009 -4"><span class='ocrx_word' id='word_1_1098' title='bbox 2138 4895 2356 4956; x_wconf 79' lang='lat' dir='ltr'><strong>tionibus</strong></span> <span class='ocrx_word' id='word_1_1099' title='bbox 2383 4905 2486 4957; x_wconf 84' lang='lat' dir='ltr'><strong>suis</strong></span> <span class='ocrx_word' id='word_1_1100' title='bbox 2509 4906 2767 4956; x_wconf 85' lang='lat' dir='ltr'><strong>eruditum</strong></span> <span class='ocrx_word' id='word_1_1101' title='bbox 2806 4917 2911 4955; x_wconf 86' lang='lat' dir='ltr'><strong>esse</strong></span> <span class='ocrx_word' id='word_1_1102' title='bbox 2952 4908 3182 4955; x_wconf 78' lang='lat' dir='ltr'><strong>testatur.</strong></span> <span class='ocrx_word' id='word_1_1103' title='bbox 3220 4897 3286 4950; x_wconf 84' lang='lat' dir='ltr'><strong>In</strong></span> <span class='ocrx_word' id='word_1_1104' title='bbox 3315 4895 3539 4948; x_wconf 86' lang='lat' dir='ltr'><strong>secunda</strong></span> <span class='ocrx_word' id='word_1_1105' title='bbox 3569 4895 3718 4960; x_wconf 82' lang='lat' dir='ltr'><strong>cogi-</strong></span> 
     </span>
    </p>
   </div>
   <div class='ocr_carea' id='block_1_143' title="bbox 2140 4963 3718 5045">
    <p class='ocr_par' dir='ltr' id='par_1_143' title="bbox 2140 4963 3718 5045">
     <span class='ocr_line' id='line_1_143' title="bbox 2140 4963 3718 5045; baseline -0.01 -18"><span class='ocrx_word' id='word_1_1106' title='bbox 2140 4985 2354 5027; x_wconf 79' lang='lat' dir='ltr'><strong>tationes</strong></span> <span class='ocrx_word' id='word_1_1107' title='bbox 2387 4984 2645 5027; x_wconf 89' lang='lat' dir='ltr'><strong>enumerat</strong></span> <span class='ocrx_word' id='word_1_1108' title='bbox 2675 4989 2789 5045; x_wconf 52' lang='lat' dir='ltr'><strong>tritta</strong></span> <span class='ocrx_word' id='word_1_1109' title='bbox 2837 4975 3000 5045; x_wconf 81' lang='lat' dir='ltr'><strong>solent</strong></span> <span class='ocrx_word' id='word_1_1110' title='bbox 3040 4969 3253 5045; x_wconf 72' lang='lat' dir='ltr'><strong>pulsare</strong></span> <span class='ocrx_word' id='word_1_1111' title='bbox 3281 4965 3478 5045; x_wconf 76' lang='lat' dir='ltr'><strong>r&#39;_n_ltoc</strong></span> <span class='ocrx_word' id='word_1_1112' title='bbox 3527 4963 3718 5041; x_wconf 82' lang='lat' dir='ltr'><strong>mundo</strong></span> 
     </span>
    </p>
   </div>
   <div class='ocr_carea' id='block_1_144' title="bbox 2138 5038 3720 5107">
    <p class='ocr_par' dir='ltr' id='par_1_144' title="bbox 2138 5038 3720 5107">
     <span class='ocr_line' id='line_1_144' title="bbox 2138 5038 3720 5107; baseline -0.009 -8"><span class='ocrx_word' id='word_1_1113' title='bbox 2138 5046 2296 5099; x_wconf 85' lang='lat' dir='ltr'><strong>corda</strong></span> <span class='ocrx_word' id='word_1_1114' title='bbox 2323 5038 2695 5098; x_wconf 36' lang='lat' dir='ltr'><strong>laborantium;</strong></span> <span class='ocrx_word' id='word_1_1115' title='bbox 2715 5043 2884 5097; x_wconf 80' lang='lat' dir='ltr'><strong>Tertia</strong></span> <span class='ocrx_word' id='word_1_1116' title='bbox 2915 5042 3159 5107; x_wconf 82' lang='lat' dir='ltr'><strong>bene/icio</strong></span> <span class='ocrx_word' id='word_1_1117' title='bbox 3202 5038 3486 5091; x_wconf 80' lang='lat' dir='ltr'><strong>divinitatis</strong></span> <span class='ocrx_word' id='word_1_1118' title='bbox 3531 5038 3582 5085; x_wconf 76' lang='lat' dir='ltr'><strong>in</strong></span> <span class='ocrx_word' id='word_1_1119' title='bbox 3615 5046 3720 5084; x_wconf 64' lang='lat' dir='ltr'><strong>meo</strong></span> 
     </span>
    </p>
   </div>
   <div class='ocr_carea' id='block_1_145' title="bbox 2139 5115 3721 5179">
    <p class='ocr_par' dir='ltr' id='par_1_145' title="bbox 2139 5115 3721 5179">
     <span class='ocr_line' id='line_1_145' title="bbox 2139 5115 3721 5179; baseline -0.01 -11"><span class='ocrx_word' id='word_1_1120' title='bbox 2139 5117 2315 5168; x_wconf 86' lang='lat' dir='ltr'><strong>liorem</strong></span> <span class='ocrx_word' id='word_1_1121' title='bbox 2342 5131 2545 5169; x_wconf 85' lang='lat' dir='ltr'><strong>sensum</strong></span> <span class='ocrx_word' id='word_1_1122' title='bbox 2575 5132 2630 5169; x_wconf 85' lang='lat' dir='ltr'><strong>se</strong></span> <span class='ocrx_word' id='word_1_1123' title='bbox 2667 5115 2845 5167; x_wconf 69' lang='lat' dir='ltr'><strong>asserit</strong></span> <span class='ocrx_word' id='word_1_1124' title='bbox 2886 5119 3246 5179; x_wconf 85' lang='lat' dir='ltr'><strong>permutatum,</strong></span> <span class='ocrx_word' id='word_1_1125' title='bbox 3281 5121 3333 5159; x_wconf 87' lang='lat' dir='ltr'><strong>ut</strong></span> <span class='ocrx_word' id='word_1_1126' title='bbox 3365 5119 3578 5175; x_wconf 87' lang='lat' dir='ltr'><strong>operam</strong></span> <span class='ocrx_word' id='word_1_1127' title='bbox 3620 5117 3721 5169; x_wconf 82' lang='lat' dir='ltr'><strong>po-</strong></span> 
     </span>
    </p>
   </div>
   <div class='ocr_carea' id='block_1_146' title="bbox 2139 5179 3709 5253">
    <p class='ocr_par' dir='ltr' id='par_1_146' title="bbox 2139 5179 3709 5253">
     <span class='ocr_line' id='line_1_146' title="bbox 2139 5179 3709 5253; baseline -0.01 -15"><span class='ocrx_word' id='word_1_1128' title='bbox 2139 5189 2449 5253; x_wconf 76' lang='lat' dir='ltr'><strong>tcn&#39;iamque</strong></span> <span class='ocrx_word' id='word_1_1129' title='bbox 2480 5185 2575 5239; x_wconf 74' lang='lat' dir='ltr'><strong>Dei</strong></span> <span class='ocrx_word' id='word_1_1130' title='bbox 2600 5187 2705 5253; x_wconf 76' lang='lat' dir='ltr'><strong>lixa</strong></span> <span class='ocrx_word' id='word_1_1131' title='bbox 2734 5193 2898 5235; x_wconf 86' lang='lat' dir='ltr'><strong>mente</strong></span> <span class='ocrx_word' id='word_1_1132' title='bbox 2925 5183 3190 5250; x_wconf 85' lang='lat' dir='ltr'><strong>cogitaret,</strong></span> <span class='ocrx_word' id='word_1_1133' title='bbox 3225 5179 3407 5253; x_wconf 68' lang='lat' dir='ltr'><strong>quibus</strong></span> <span class='ocrx_word' id='word_1_1134' title='bbox 3443 5179 3594 5227; x_wconf 85' lang='lat' dir='ltr'><strong>rebus</strong></span> <span class='ocrx_word' id='word_1_1135' title='bbox 3632 5189 3709 5224; x_wconf 79' lang='lat' dir='ltr'><strong>as-</strong></span> 
     </span>
    </p>
   </div>
   <div class='ocr_carea' id='block_1_147' title="bbox 2137 5249 3715 5325">
    <p class='ocr_par' dir='ltr' id='par_1_147' title="bbox 2137 5249 3715 5325">
     <span class='ocr_line' id='line_1_147' title="bbox 2137 5249 3715 5325; baseline -0.011 -15"><span class='ocrx_word' id='word_1_1136' title='bbox 2137 5259 2285 5310; x_wconf 85' lang='lat' dir='ltr'><strong>sidua</strong></span> <span class='ocrx_word' id='word_1_1137' title='bbox 2313 5249 2634 5325; x_wconf 80' lang='lat' dir='ltr'><strong>cognoscitur</strong></span> <span class='ocrx_word' id='word_1_1138' title='bbox 2663 5249 3022 5325; x_wconf 72' lang='lat' dir='ltr'><strong>exercitatione</strong></span> <span class='ocrx_word' id='word_1_1139' title='bbox 3043 5253 3335 5325; x_wconf 70' lang='lat' dir='ltr'><strong>profecisse.</strong></span> <span class='ocrx_word' id='word_1_1140' title='bbox 3364 5249 3564 5310; x_wconf 82' lang='lat' dir='ltr'><strong>Quarta</strong></span> <span class='ocrx_word' id='word_1_1141' title='bbox 3592 5260 3715 5325; x_wconf 77' lang='lat' dir='ltr'><strong>pro-</strong></span> 
     </span>
    </p>
   </div>
   <div class='ocr_carea' id='block_1_148' title="bbox 2139 5319 3725 5397">
    <p class='ocr_par' dir='ltr' id='par_1_148' title="bbox 2139 5319 3725 5397">
     <span class='ocr_line' id='line_1_148' title="bbox 2139 5319 3725 5397; baseline -0.012 -16"><span class='ocrx_word' id='word_1_1142' title='bbox 2139 5319 2808 5397; x_wconf 74' lang='lat' dir='ltr'><strong>sequiturquernatlmodum</strong></span> <span class='ocrx_word' id='word_1_1143' title='bbox 2837 5339 2924 5391; x_wconf 82' lang='lat' dir='ltr'><strong>per</strong></span> <span class='ocrx_word' id='word_1_1144' title='bbox 2945 5323 3218 5397; x_wconf 80' lang='lat' dir='ltr'><strong>Dominum</strong></span> <span class='ocrx_word' id='word_1_1145' title='bbox 3240 5319 3558 5373; x_wconf 77' lang='lat' dir='ltr'><strong>Salvatorem</strong></span> <span class='ocrx_word' id='word_1_1146' title='bbox 3583 5319 3725 5377; x_wconf 74' lang='lat' dir='ltr'><strong>[actis</strong></span> 
     </span>
    </p>
   </div>
   <div class='ocr_carea' id='block_1_149' title="bbox 2140 5394 3058 5465">
    <p class='ocr_par' dir='ltr' id='par_1_149' title="bbox 2140 5394 3058 5465">
     <span class='ocr_line' id='line_1_149' title="bbox 2140 5394 3058 5465; baseline -0.008 -15"><span class='ocrx_word' id='word_1_1147' title='bbox 2140 5394 2238 5451; x_wconf 77' lang='lat' dir='ltr'><strong>sint</strong></span> <span class='ocrx_word' id='word_1_1148' title='bbox 2267 5400 2318 5450; x_wconf 89' lang='lat' dir='ltr'><strong>in</strong></span> <span class='ocrx_word' id='word_1_1149' title='bbox 2350 5394 2553 5465; x_wconf 81' lang='lat' dir='ltr'><strong>populis</strong></span> <span class='ocrx_word' id='word_1_1150' title='bbox 2581 5397 2754 5448; x_wconf 75' lang='lat' dir='ltr'><strong>dicina</strong></span> <span class='ocrx_word' id='word_1_1151' title='bbox 2781 5394 3058 5446; x_wconf 89' lang='lat' dir='ltr'><strong>miracula.</strong></span> 
     </span>
    </p>
   </div>
   <div class='ocr_carea' id='block_1_150' title="bbox 2723 5499 3151 5542">
    <p class='ocr_par' dir='ltr' id='par_1_150' title="bbox 2723 5499 3151 5542">
     <span class='ocr_line' id='line_1_150' title="bbox 2723 5499 3151 5542; baseline -0.012 0"><span class='ocrx_word' id='word_1_1152' title='bbox 2723 5499 3151 5542; x_wconf 67' lang='lat' dir='ltr'><strong>COMMENTARIUS.</strong></span> 
     </span>
    </p>
   </div>
   <div class='ocr_carea' id='block_1_151' title="bbox 2217 5569 3720 5638">
    <p class='ocr_par' dir='ltr' id='par_1_151' title="bbox 2217 5569 3720 5638">
     <span class='ocr_line' id='line_1_151' title="bbox 2217 5569 3720 5638; baseline -0.014 0"><span class='ocrx_word' id='word_1_1153' title='bbox 2217 5585 2351 5638; x_wconf 86' lang='lat' dir='ltr'><strong>Voce</strong></span> <span class='ocrx_word' id='word_1_1154' title='bbox 2383 5599 2492 5637; x_wconf 85' lang='lat' dir='ltr'><strong>mea</strong></span> <span class='ocrx_word' id='word_1_1155' title='bbox 2522 5581 2590 5634; x_wconf 91' lang='lat' dir='ltr'><strong>ad</strong></span> <span class='ocrx_word' id='word_1_1156' title='bbox 2639 5580 2910 5632; x_wconf 87' lang='lat' dir='ltr'><strong>Dominum</strong></span> <span class='ocrx_word' id='word_1_1157' title='bbox 2941 5576 3182 5630; x_wconf 84' lang='lat' dir='ltr'><strong>clamavi.</strong></span> <span class='ocrx_word' id='word_1_1158' title='bbox 3233 5573 3359 5626; x_wconf 67' lang='lat' dir='ltr'><strong>Haec</strong></span> <span class='ocrx_word' id='word_1_1159' title='bbox 3382 5571 3546 5626; x_wconf 84' lang='lat' dir='ltr'><strong>verba</strong></span> <span class='ocrx_word' id='word_1_1160' title='bbox 3577 5569 3720 5621; x_wconf 57' lang='lat' dir='ltr'><strong>refe-</strong></span> 
     </span>
    </p>
   </div>
   <div class='ocr_carea' id='block_1_152' title="bbox 2140 5643 3717 5716">
    <p class='ocr_par' dir='ltr' id='par_1_152' title="bbox 2140 5643 3717 5716">
     <span class='ocr_line' id='line_1_152' title="bbox 2140 5643 3717 5716; baseline -0.011 -8"><span class='ocrx_word' id='word_1_1161' title='bbox 2140 5665 2329 5708; x_wconf 87' lang='lat' dir='ltr'><strong>runtur</strong></span> <span class='ocrx_word' id='word_1_1162' title='bbox 2362 5657 2412 5706; x_wconf 88' lang='lat' dir='ltr'><strong>in</strong></span> <span class='ocrx_word' id='word_1_1163' title='bbox 2447 5654 2627 5715; x_wconf 87' lang='lat' dir='ltr'><strong>linem,</strong></span> <span class='ocrx_word' id='word_1_1164' title='bbox 2669 5662 2722 5704; x_wconf 90' lang='lat' dir='ltr'><strong>ct</strong></span> <span class='ocrx_word' id='word_1_1165' title='bbox 2767 5661 2889 5702; x_wconf 90' lang='lat' dir='ltr'><strong>sunt</strong></span> <span class='ocrx_word' id='word_1_1166' title='bbox 2936 5653 3172 5716; x_wconf 80' lang='lat' dir='ltr'><strong>psalmus</strong></span> <span class='ocrx_word' id='word_1_1167' title='bbox 3222 5643 3421 5716; x_wconf 76' lang='lat' dir='ltr'><strong>Asupli,</strong></span> <span class='ocrx_word' id='word_1_1168' title='bbox 3470 5647 3717 5716; x_wconf 58' lang='lat' dir='ltr'><strong>cantatus</strong></span> 
     </span>
    </p>
   </div>
   <div class='ocr_carea' id='block_1_153' title="bbox 2140 5710 3720 5785">
    <p class='ocr_par' dir='ltr' id='par_1_153' title="bbox 2140 5710 3720 5785">
     <span class='ocr_line' id='line_1_153' title="bbox 2140 5710 3720 5785; baseline -0.012 -7"><span class='ocrx_word' id='word_1_1169' title='bbox 2140 5727 2204 5778; x_wconf 88' lang='lat' dir='ltr'><strong>ad</strong></span> <span class='ocrx_word' id='word_1_1170' title='bbox 2253 5725 2482 5779; x_wconf 87' lang='lat' dir='ltr'><strong>ldithun.</strong></span> <span class='ocrx_word' id='word_1_1171' title='bbox 2516 5710 2725 5777; x_wconf 70' lang='grc' dir='ltr'>ΙάίιἸιιιιι</span> <span class='ocrx_word' id='word_1_1172' title='bbox 2779 5710 3160 5785; x_wconf 76' lang='lat' dir='ltr'><strong>interpretatur</strong></span> <span class='ocrx_word' id='word_1_1173' title='bbox 3214 5713 3530 5785; x_wconf 75' lang='lat' dir='ltr'><strong>transiliens.</strong></span> <span class='ocrx_word' id='word_1_1174' title='bbox 3587 5710 3720 5785; x_wconf 77' lang='lat' dir='ltr'><strong>Elo-</strong></span> 
     </span>
    </p>
   </div>
   <div class='ocr_carea' id='block_1_154' title="bbox 2139 5780 3726 5868">
    <p class='ocr_par' dir='ltr' id='par_1_154' title="bbox 2139 5780 3726 5868">
     <span class='ocr_line' id='line_1_154' title="bbox 2139 5780 3726 5868; baseline -0.013 -15"><span class='ocrx_word' id='word_1_1175' title='bbox 2139 5799 2316 5868; x_wconf 77' lang='lat' dir='ltr'><strong>quitur</strong></span> <span class='ocrx_word' id='word_1_1176' title='bbox 2357 5796 2410 5852; x_wconf 90' lang='lat' dir='ltr'><strong>in</strong></span> <span class='ocrx_word' id='word_1_1177' title='bbox 2457 5795 2557 5851; x_wconf 85' lang='lat' dir='ltr'><strong>hoc</strong></span> <span class='ocrx_word' id='word_1_1178' title='bbox 2606 5793 2810 5863; x_wconf 80' lang='lat' dir='ltr'><strong>psalmo</strong></span> <span class='ocrx_word' id='word_1_1179' title='bbox 2843 5780 3144 5846; x_wconf 80' lang='lat' dir='ltr'><strong>transiliens</strong></span> <span class='ocrx_word' id='word_1_1180' title='bbox 3197 5784 3557 5856; x_wconf 71' lang='lat' dir='ltr'><strong>cntrgregzitio,</strong></span> <span class='ocrx_word' id='word_1_1181' title='bbox 3591 5780 3726 5850; x_wconf 70' lang='lat' dir='ltr'><strong>quia</strong></span> 
     </span>
    </p>
   </div>
  </div>
