4010 6190
329 379 431 433 83‘)

998 377 1062 434 IN
1103 378 1521 435 PSALSIORUM
1565 376 1823 431 LIBRUM
1865 372 2218 431 EXEGESIS.
2265 407 2331 417 —
2375 378 2616 435 PSALM.
2660 379 2894 439 LXXVI.

3481 393 3587 448 890

329 496 504 564 Asapb
531 492 850 571 congregatio
875 492 1267 571 interpretatur
1295 506 1391 561 pro
1421 490 1653 571 ldithun,
1701 488 1751 571 id
1782 497 1883 555 est,
1914 488 1964 545 Α
1993 495 2097 567 est,
2119 488 2701 571 comparabilisl‘actus
2722 495 3171 571 sumanticipanti
3197 499 3420 571 vigilias,
3454 505 3579 571 quia

325 559 740 619 exhortans'nos
769 563 833 616 ad
875 563 996 627 hoc,
1025 574 1081 616 ιιι
1109 573 1161 617 ει
1192 559 1677 616 nos‘transilientes
1697 559 1885 623 simus,

324 635 379 691 id
410 645 512 698 est,-
541 646 596 689 ει
622 636 737 688 lucc
768 636 869 687 iuta
898 635 1075 686 omnia
1107 646 1535 690 contemnamus,
1566 639 1621 682 et
1649 629 1712 682 ad
1745 643 1891 681 sum-

324 722 412 761 ma
443 704 811 769 intendamus;
846 720 961 768 qua)
993 712 1165 757 autem
1212 704 1315 756 sint
1361 701 1727 762 transilienda,
1757 714 1889 769 quos

332 791 501 842 usque
546 776 609 827 ad
645 776 810 851 linem.
853 775 1001 851 illum
1050 774 1406 839 perveniatur,
1437 772 1534 851 ubi_
1574 769 1703 851 nihil
1748 768 1887 837 quod

328 838 684 920 transiliamus
729 838 1062 920 habebimus,
1095 853 1376 920 contextus
1418 840 1613 920 psalmi
1658 838 1885 920 demunt

324 916 742 991 strat._iEtenim
795 914 975 991 ta_nd_iu
1031 914 1295 991 transilire
1346 913 1604 991 debemus
1634 908 1887 991 quidquid

328 986 570 1053 impedit,
601 985 856 1053 quidquid
907 984 1097 1047 irretit,
1139 982 1398 1061 quidquid
1439 984 1584 1061 ligat,
1628 980 1887 1061 quidquid

324 1052 558 1111 animum
595 1052 757 1110 onere
806 1063 1074 1124 aggravat,
1120 1054 1289 1106 donec
1321 1053 1399 1124 ad
1449 1052 1497 1124 id
1550 1052 1891 1124 perveniatur

326 1128 470 1202 quod
520 1127 736 1191 sufﬁcit,
786 1118 1019 1179 etvvultra
1062 1118 1205 1202 quod
1262 1122 1390 1202 nihil
1436 1118 1711 1202 sithinlra
1745 1125 1887 1189 quod

322 1191 500 1251 omnia
531 1206 673 1261 sunt,
706 1204 759 1250 et
789 1211 853 1249 ex
892 1210 999 1262 quo
1044 1193 1218 1245 omnia
1267 1201 1408 1245 sunt.
1461 1191 1712 1259 Quisquis
1760 1205 1889 1257 ergo

325 1268 513 1329 psalmi
545 1266 701 1335 hujus
730 1268 962 1319 animam
995 1264 1121 1335 vult
1140 1264 1361 1335 sentire,
1396 1263 1589 1335 imitari
1612 1269 1780 1335 atque
1809 1270 1887 1313 te-

325 1353 475 1401 nere,
506 1331 737 1391 carnalia
769 1337 943 1390 Omnia
978 1333 1238 1387 desideria
1271 1332 1556 1394 transiliat,
1578 1331 1889 1401 Vsmcullque

325 1400 482 1475 hujus
514 1422 758 1475 pompam
790 1416 843 1460 et
886 1404 1190 1481 illecebram
1237 1402 1431 1481 calcet,
1481 1400 1715 1481 nihilque
1746 1401 1887 1481 ali-od

329 1474 418 1531 ubi
449 1474 911 1543 consistateligat,
944 1475 1043 1528 nisi
1090 1475 1237 1525 illum
1273 1474 1322 1525 in
1366 1487 1473 1539 quo
1519 1474 1882 1543 sunt-omnia.

328 1549 383 1602 In
417 1549 607 1621 quibus
633 1540 1061 1621 etiamomnibus
1109 1544 1227 1621 ipse
1270 1543 1616 1621 transiliendo
1658 1540 1884 1621 iaborat,

321 1613 493 1673 donec
524 1617 590 1672 ad
618 1632 797 1671 vetum
829 1617 986 1669 ῐὶιιρηι
1017 1614 1305 1681 perveniat.
1337 1614 1469 1680 Quia
1504 1626 1627 1665 vero
1658 1613 1888 1664 intendit

320 1692 373 1743 iu
406 1689 506 1743 hoc
537 1690 741 1755 psalmo
791 1688 965 1751 Asaph
1017 1685 1217 1761 hortari
1263 1693 1463 1761 uos_ut
1504 1683 1884 1761 transiliamus,

322 1775 446 1814 mox
478 1752 708 1825 qualiter
750 1757 1142 1810 transiliendum
1176 1755 1245 1807 sit
1287 1754 1537 1825 insinuat,
1566 1752 1801 1825 scilicet,
1832 1761 1888 1804 ut

1994 557 2134 631 sicut
2182 559 2269 611 ille
2299 562 2386 623 qui
2421 562 2674 629 anticipat
2706 563 2912 631 vigilias
2944 557 3214 621 studiosus
3248 557 3441 623 Tactus
3474 557 3578 625 ἐει

1992 626 2047 679 in
2090 643 2250 699 opere
2298 644 2433 691 suo,
2486 633 2554 684 ita
2590 626 2706 699 ego
2760 626 3036 689 studiosus
3088 637 3310 691 effectus
3352 656 3469 694 sum
3514 643 3573 695 in

1992 697 2379 753 exercitatione
2408 701 2516 753 illa.
2546 702 2607 753 Et
2640 697 2814 756 tamen
2845 705 3073 758 turbatus
3098 724 3211 760 sum
3241 726 3303 762 ex
3339 711 3573 766 humana

1996 766 2327 838 inlirmitate,
2359 771 2482 838 quia
2534 773 2709 836 putavi
2743 789 2827 825 me
2876 775 3284 832 insulﬁcientem
3337 795 3457 834 esse
3504 784 3571 835 ad

1994 837 2136 890 illam
2178 837 2639 893 exercitationem.
2674 841 2739 895 Et
2769 843 2911 896 illam
2952 848 3306 903 turbationem
3338 866 3437 903 non
3462 867 3576 903 sum

1994 908 2243 969 elocutus.
2276 921 2331 963 ut
2356 911 2562 972 culpam
2596 913 2646 964 in
2675 922 2944 967 auctorem
2994 919 3333 973 rel'uuderem
3381 922 3568 974 dicens

1995 980 2136 1052 quod
2168 994 2253 1033 me
2280 982 2439 1034 talem
2474 990 2578 1033 tam
2612 983 2879 1035 inlirmum
2921 987 3151 1045 fecisset.
3186 993 3279 1041 sed
3314 994 3575 1052 patenter

1996 1048 2490 1127 tuli_eatittacen«lo
2529 1064 2581 1104 et
2611 1054 2942 1127 attendendo
2980 1072 3065 1109 me
3110 1059 3216 1127 pati
3250 1048 3394 1112 illam
3423 1062 3570 1127 justo

1990 1116 2213 1198 judicio.
2246 1119 2572 1198 Diciturlioc
2603 1131 2657 1175 et
2694 1124 2849 1198 aliter
2875 1125 2923 1179 in
2947 1116 3129 1198 parte:
3160 1129 3203 1181 si
3238 1116 3440 1198 Deferii
3462 1134 3571 1197 spi-

1992 1187 2135 1263 ritus_
2152 1205 2313 1253 meus,
2346 1192 2637 1257 accipiatur
2669 1194 2903 1260 proprie.
2931 1196 3089 1263 Quasi
3120 1187 3264 1252 dicat
3292 1187 3573 1252 z'Delec'tm

1993 1266 2092 1323 tus,
2123 1260 2358 1335 inquam,
2392 1272 2585 1335 suntet
2613 1267 2914 1318 exercitatus
2954 1260 3002 1319 in
3046 1270 3281 1335 aeternis,
3313 1280 3367 1322 et
3398 1271 3450 1322 in
3480 1270 3572 1322 illa

1993 1331 2850 1407 citercintatioue“defecitspiritus
2884 1352 3042 1398 meus,
3091 1340 3212 1407 quia
3266 1331 3368 1392 non
3414 1340 3566 1392 solli-

1992 1398 2137 1475 ciens
2167 1398 2263 1453 fuit
2290 1402 2556 1475 adillam.
2590 1398 2782 1475 Et'boc
2813 1406 2951 1471 ideo,
2986 1398 3274 1475 quia-oculi
3301 1412 3397 1461 mei
3426 1413 3562 1462 anti-

1990 1468 2546 1543 cipoveruiitiviqiiias,
2595 1474 2643 1527 id
2690 1486 2791 1538 est,
2843 1468 3230 1543 comparabiles
3273 1479 3397 1532 facti
3446 1493 3571 1536 sunt

1993 1540 2308 1616 anticipanti
2343 1543 2571 1616 vigilias,
2602 1546 2722 1606 quia
2752 1547 2888 1599 sicut
2918 1540 3030 1610 ille,
3060 1549 3149 1616 qui
3180 1548 3393 1601 assidue
3430 1551 3570 1602 anti-

1991 1609 2133 1681 cipat
2164 1609 2600 1680 vigilias,’lippus
2631 1617 2705 1673 lit,
2742 1616 2811 1668 ita
2839 1618 2977 1670 oculi
3010 1609 3111 1670 mei
3151 1619 3448 1681 interiores,
3486 1636 3569 1673 ra-

1993 1678 2088 1743 tio,
2115 1682 2349 1757 scilicet,
2379 1694 2428 1735 et
2464 1678 2763 1757 intellectus
2817 1702 2907 1748 per
2956 1698 3228 1754 peccatum
3270 1678 3445 1757 primi
3472 1706 3567 1755 pa—

1994 1751 2158 1823 rentis
2200 1753 2482 1823 lippientes
2531 1764 2585 1806 et
2639 1756 2929 1821 caligantes
2957 1751 3103 1810 'lacti
3141 1751 3296 1823 sunt';
3337 1770 3391 1813 et
3450 1751 3571 1813 ideo

319 1820 618 1884 clamemus
647 1828 710 1880 ad
741 1827 1016 1879 Dominum
1050 1841 1152 1877 non
1196 1835 1413 1893 propter
1438 1823 1599 1898 aliud,
1628 1822 1732 1898 sed
1767 1837 1887 1898 p_ro-
1924 1835 1967 1894 Β
1997 1820 2227 1898 turbatus
2257 1838 2389 1898 sum,
2411 1822 2608 1898 idest.
2644 1820 2994 1879 turbationem
3022 1838 3075 1879 et
3105 1820 3348 1882 timorem
3375 1845 3437 1883 ex
3472 1830 3571 1883 hac

320 1910 441 1967 pter
486 1900 657 1967 ipsum
709 1898 1008 1973 Dominum:
1046 1892 1361 1973 lllulti’enim
1408 1893 1637 1973 clamant
1670 1892 1733 1973 ad
1780 1892 1885 1973 Do-

323 1963 527 2023 ininum
562 1984 655 2035 pro
686 1966 1040 2043 adipiscendis
1084 1965 1399 2027 commodis,
1435 1972 1487 2043 et
1532 1977 1627 2043 pro
1656 1963 1884 2043 vitandis

319 2033 695 2099 incommodis,
726 2052 821 2104 pro
862 2038 1117 2103 sospitate
1164 2050 1374 2087 suorum
1423 2041 1477 2085 et
1523 2033 1700 2085 multis
1744 2033 1877 2085 aliis.

318 2108 595 2163 Postremo
623 2110 777 2160 etiam
827 2122 922 2170 pro
957 2108 1125 2158 salute
1173 2105 1435 2172 corporis,
1465 2117 1583 2171 quze
1629 2104 1883 2169 patrimo-

325 2182 469 2232 nium
496 2187 577 2232 est
609 2177 877 2245 pauperis.
906 2176 1011 2232 Sed
1042 2175 1091 2228 hi
1136 2176 1266 2228 tales
1297 2190 1398 2245 non
1431 2172 1750 2225 transiliunt.
1789 2174 1880 2225 \‘ix

323 2258 500 2303 autem
532 2244 718 2320 aliquis
753 2257 855 2310 est,
885 2247 1195 2320 quiclamet
1245 2244 1311 2296 ad
1338 2244 1639 2320 _Dominutn
1670 2253 1883 2320 propter

323 2318 625 2373 Dominum.
661 2318 878 2387 Magnus
908 2314 1048 2392 enim
1078 2325 1158 2392 e_st
1190 2314 1461 2392 transitus,
1488 2329 1651 2392 quare
1679 2314 1755 2392 sic
1785 2328 1882 2366 nos

318 2389 588 2442 transilire
614 2383 873 2463 docei,_et
903 2387 1065 2463 tlicit‘:
1094 2386 1201 2463 Ego
1228 2385 1449 2463 clamosi.
1481 2384 1547 2434 ad
1581 2383 1877 2463 Dominum,

316 2469 374 2511 et
413 2460 532 2527 quia
582 2459 728 2511 multi
760 2458 981 2511 dicunt:
1015 2454 1252 2527 Domine,
1284 2453 1534 2527 Domine,
1574 2461 1628 2506 et
1673 2456 1881 2527 noniu-

318 2522 465 2582 ciunt
492 2544 610 2597 quae
652 2526 1201 2602 PFECiitiunlllf,-i(180
1231 2524 1376 2602 addit.
1405 2542 1419 2578 :
1463 2522 1594 2602 Voce
1621 2538 1732 2576 mea
1793 2523 1883 2578 lle

317 2600 459 2653 enim
490 2593 618 2652 voce
642 2593 736 2651 sua
780 2598 975 2672 clamat
1001 2597 1065 2649 ad
1105 2593 1414 2672 Dominum,
1441 2593 1718 2672 cujusvox
1747 2607 1879 2672 eou-

317 2683 446 2722 sona
492 2669 637 2721 Cordi
680 2677 781 2733 est,
836 2666 1061 2731 scilicet,
1122 2666 1165 2719 si
1197 2675 1247 2718 et
1280 2669 1417 2733 quod
1465 2663 1878 2717 desiderandum

316 2749 422 2800 εει,
455 2740 676 2801 scilicet,
714 2738 899 2797 Deum,
931 2736 1089 2791 corde
1134 2735 1419 2799 desiderat,
1454 2741 1510 2787 et
1551 2747 1678 2785 voce
1709 2743 1877 2797 rogat.

318 2809 378 2863 Si
416 2824 539 2882 vero
570 2808 708 2862 aliud
739 2808 1010 2875 quodlibet
1040 2806 1092 2882 in_
1136 2806 1296 2860 corde
1340 2814 1483 2882 optet
1525 2804 1876 2882 etnposmlet,

316 2894 425 2931 non
457 2879 649 2933 clamat
682 2874 812 2932 voce
858 2892 974 2941 sua,
1006 2878 1128 2943 quia
1174 2892 1275 2929 vox
1314 2875 1430 2943 ejus
1469 2874 1617 2927 cordi
1664 2890 1767 2927 nou
1799 2886 1882 2927 est

316 2963 574 3025 consona,
607 2948 732 3025 quia
765 2948 1069 3025 huiusmodi
1097 2963 1200 3025 min
1249 2956 1333 3001 Cal.
1380 2947 1647 3025 cordatus:
1698 2944 1882 3025 ροιεει

318 3017 477 3072 etiam
509 3019 820 3087 simpliciter
844 3018 944 3072 hoc
969 3017 1069 3071 dici
1099 3016 1259 3069 :Voce
1289 3031 1400 3067 mea
1429 3014 1662 3087 clamaui,
1698 3014 1746 3067 id
1774 3022 1877 3077 est,

316 3102 451 3143 voce
495 3082 864 3142 transilientis.
910 3088 975 3139 Et
1020 3102 1086 3140 ne
1135 3087 1425 3144 videretur.
1474 3082 1618 3152 quod
1664 3092 1880 3151 propter

316 3159 459 3211 aliud
490 3164 737 3239 clamaret
772 3158 847 3245 ‘ad
881 3157 1199 3245 D012;llllttl,.
1218 3171 1372 3245 unam
1425 3163 1638 3220 propter
1680 3155 1877 3245 ip‘sq‘m,
1908 3182 1956 3245 ο

322 3231 533 3295 repetit,
563 3229 712 3295 quasi
756 3228 901 3282 dicat
927 3245 939 3279 :
967 3227 1201 3281 Clamavi
1232 3225 1350 3279 dico
1380 3239 1495 3276 voce
1531 3239 1643 3277 mea
1670 3225 1738 3277 ad
1768 3223 1880 3278 Do-

314 3300 533 3355 minum.
569 3309 783 3365 pr0pter
828 3298 995 3365 ipsum
1047 3299 1208 3349 Deum
1257 3302 1482 3354 tantum,
1520 3308 1629 3365 non
1669 3304 1888 3362 propter

317 3368 491 3421 aliud.
520 3363 587 3421 Et
616 3384 720 3421 non
756 3363 967 3429 frustra,
998 3368 1121 3434 quia
1167 3368 1282 3434 ipse
1311 3365 1546 3423 intendit,
1582 3363 1634 3417 id
1665 3372 1766 3426 est,
1804 3364 1886 3418 itt-

317 3446 530 3491 tensunt
580 3454 640 3492 se
680 3437 802 3491 fecit
844 3437 987 3489 mihi.
1019 3437 1267 3502 Quisquis
1295 3438 1436 3488 enim
1485 3434 1549 3486 ad
1605 3435 1886 3488 Dominum

317 3509 518 3560 clamat
548 3517 761 3575 propter
802 3508 1099 3566 Dominum,
1137 3506 1225 3557 ille
1248 3520 1320 3575 se
1352 3505 1605 3568 intendit;
1637 3504 1725 3573 qui
1758 3519 1886 3560 vero

320 3574 839 3654 propter’aliudtilli
866 3592 922 3654 se
950 3593 1051 3629 non
1080 3574 1375 3654 intendit;
1512 3642 1543 3654 υ

389 3642 456 3699 lii
485 3648 567 3699 die
599 3647 937 3699 tribulationis
967 3661 1108 3699 mere.
1142 3644 1381 3698 Ostendit
1404 3642 1630 3711 qualiter
1650 3642 1884 3698 claman-

318 3717 447 3793 dum
493 3717 561 3793 sit
600 3717 667 3770 ad
699 3714 1207 3793 Dominum._Qttasi
1250 3716 1388 3793 dieat
1414 3730 1427 3765 :
1457 3714 1587 3793 lloe,
1633 3714 1881 3793 inquam,

321 3787 484 3838 modo
512 3787 738 3841 clamavi
774 3786 838 3840 ad
886 3787 1193 3851 Dominum,
1223 3784 1450 3850 scilicet,
1479 3784 1600 3853 quia
1641 3786 1885 3853 exquisivi

319 3854 489 3908 Deum
521 3858 765 3911 manibus
796 3858 951 3920 meis,
982 3857 1034 3911 id
1065 3866 1165 3923 est,
1199 3856 1449 3921 operibus
1499 3856 1651 3909 bonis
1702 3856 1755 3907 in
1801 3856 1886 3910 die

311 3926 688 3991 tribulationis,
734 3927 781 3979 id
824 3937 924 3990 est,
958 3930 1010 3981 itt
1046 3928 1144 3981 hac
1176 3928 1299 3986 vita,
1330 3939 1452 3993 qua:
1480 3935 1563 3979 est
1594 3925 1881 3988 tribulatio,

310 3996 440 4062 quia
471 3997 599 4050 nihil
631 4006 733 4062 est,
766 3998 867 4051 nisi
898 3999 1139 4060 tentatio,
1174 4006 1225 4050 et
1254 4007 1338 4049 est
1365 3995 1501 4056 dies,
1531 4004 1784 4062 quantum
1817 3997 1883 4052 ad

309 4066 475 4136 vitam
505 4069 781 4129 bonorum,
815 4083 935 4136 quae
960 4069 1075 4122 dies
1106 4076 1324 4120 vocatur
1350 4077 1590 4132 respecm
1625 4066 1748 4118 vitae
1772 4082 1882 4119 tua.

308 4134 514 4195 lorum.
546 4153 662 4203 qua:
692 4140 804 4192 sola
834 4134 937 4192 nox
969 4148 1072 4193 est.
1098 4136 1163 4190 Et
1192 4147 1367 4190 tamen
1396 4137 1517 4204 quia
1553 4136 1665 4188 luec
1693 4136 1879 4188 eadem

314 4203 426 4257 vita
469 4207 749 4269 bonorum,
798 4223 916 4274 qua:
967 4208 1083 4262 dies
1124 4206 1345 4261 dicenda
1387 4203 1469 4261 est
1500 4215 1716 4276 propter
1745 4208 1881 4261 bona

317 4288 482 4341 opera
516 4292 633 4344 qua:
665 4277 762 4344 ipsi
813 4278 1031 4342 faciunt,
1066 4292 1167 4331 nox
1199 4288 1451 4347 quantum
1498 4277 1563 4329 ad
1606 4277 1765 4329 vitam
1798 4277 1881 4330 iu-

319 4354 517 4410 turam,
550 4350 597 4399 in
631 4361 729 4414 qua
757 4350 956 4415 angelis
986 4348 1221 4415 aequales
1266 4349 1487 4411 erimus,
1518 4348 1568 4401 id
1602 4357 1704 4408 est,
1739 4348 1880 4415 quod

321 4419 533 4468 vocavit
563 4417 701 4470 diem
730 4425 885 4470 vocat
927 4430 1158 4473 noctem.
1202 4418 1361 4484 Quasi
1404 4418 1545 4471 dicat
1573 4436 1583 4469 :
1614 4416 1727 4469 Dixi
1759 4419 1879 4485 quia

317 4487 567 4555 exquisivi
597 4486 759 4539 Deum
790 4488 838 4539 in
868 4488 970 4554 die,
994 4489 1100 4543 imo
1124 4489 1294 4542 dicam
1322 4488 1441 4555 quia
1471 4488 1727 4555 exquisivi
1758 4503 1877 4541 eum

316 4554 374 4627 i_n
404 4566 569 4612 nocte.
604 4558 651 4611 id
680 4566 784 4620 est,
814 4558 863 4610 in
894 4560 991 4611 hac
1018 4558 1264 4627 praesenti
1293 4554 1613 4627 ignorantia,
1646 4560 1879 4611 omnibus

312 4622 498 4686 factis,
526 4627 610 4680 vel
641 4627 837 4681 habitis
864 4622 1041 4681 contra
1068 4645 1200 4695 eum,
1227 4629 1278 4682 id
1305 4622 1410 4691 est,
1440 4629 1692 4692 operibus
1725 4629 1881 4682 lactis

306 4709 419 4748 non
448 4698 513 4749 ad
545 4707 817 4764 aspectum
853 4699 1143 4765 hominum,
1179 4699 1271 4752 sed
1313 4698 1377 4750 ad
1422 4695 1539 4765 ejus
1579 4708 1876 4765 aspectum,

303 4775 484 4839 etnon
525 4784 637 4820 sum
681 4768 940 4839 deceptus,
985 4769 1104 4838 quia
1151 4768 1202 4821 in
1256 4768 1406 4821 llrma
1455 4781 1552 4833 spe
1578 4768 1685 4834 jam
1722 4776 1879 4823 teneo

302 4838 447 4903 quiid
472 4837 715 4904 quiesivi.

382 4905 568 4977 Renuit
597 4908 868 4961 consolari.
920 4910 982 4962 Et
1033 4908 1154 4977 quia
1186 4923 1289 4960 non
1336 4923 1448 4959 sum
1494 4906 1755 4975 deceptus,
1795 4911 1879 4964 vel

264 5006 267 5007 ν
302 4976 433 5042 quia
484 4976 649 5031 Deum
678 4980 935 5046 esquisivi
976 4976 1166 5041 solum,
1199 4978 1249 5031 id
1277 4988 1377 5045 est,
1427 4980 1598 5030 anima
1645 4995 1754 5030 mea
1800 4997 1881 5033 re-

300 5047 422 5097 nuit
452 5048 709 5117 consolari
748 5051 797 5117 in
832 5049 914 5103 his
941 5048 1189 5111 terrenis,
1220 5057 1275 5101 et
1305 5050 1405 5102 hoc
1432 5047 1574 5111 ideo,
1607 5050 1728 5117 quia
1772 5066 1879 5103 me-

302 5130 423 5164 mor
452 5118 527 5182 fui
566 5116 680 5183 Dei,
713 5113 764 5171 id
806 5130 905 5184 εει,
956 5127 1302 5181 a-teruorum,
1353 5128 1398 5170 et
1443 5118 1494 5170 in
1529 5113 1637 5171 illis
1676 5128 1878 5174 taotnm

302 5184 591 5241 delectatus
620 5205 752 5245 sum.
781 5197 835 5241 et
864 5198 959 5242 hoc
987 5206 1088 5242 non
1116 5191 1179 5242 ad
1214 5195 1420 5252 horam,
1451 5190 1543 5241 sed
1574 5191 1878 5242 exercitatus

305 5271 449 5319 sum,
485 5258 532 5308 id
577 5270 677 5323 est,
704 5263 1008 5313 continuam
1038 5260 1473 5314 ettercitationem
1504 5258 1660 5311 habui
1693 5260 1742 5311 iit
1774 5262 1875 5313 eis.

312 5326 644 5398 Exercitatio
687 5333 826 5382 enim
855 5340 933 5383 est
974 5334 1201 5398 suscepti
1250 5340 1401 5382 actus
1430 5331 1778 5383 continuatio.
1818 5332 1882 5384 Et

301 5394 448 5448 adeo
482 5398 533 5451 in
580 5400 656 5452 eis
709 5403 1005 5452 exercitatus
1062 5394 1194 5467 sunt,
1228 5403 1365 5468 quod
1414 5402 1621 5467 spiritus
1672 5402 1722 5452 in
1782 5404 1881 5454 hoc

300 5468 451 5538 quod
495 5480 609 5522 erat
654 5486 817 5529 meus.
852 5476 897 5521 iu
930 5484 1031 5535 est,
1068 5475 1309 5523 Voluntas
1340 5472 1704 5538 complacendi
1751 5473 1877 5525 nnhi

299 5536 359 5589 in
396 5540 642 5602 terrenis,
677 5542 859 5608 defecit
892 5560 938 5593 ιιι
971 5557 1075 5603 ιιιε,
1110 5554 1161 5593 ει
1207 5542 1427 5606 proiecit
1453 5536 1503 5593 ιιι
1533 5558 1617 5593 ιιιε
1663 5543 1880 5609 spiritus

301 5620 460 5661 meus
505 5620 646 5674 tuus,
705 5612 753 5663 id
799 5622 900 5674 est,
952 5613 1195 5663 voluntas
1247 5612 1609 5679 complacendi
1667 5615 1791 5665 mihi
1827 5618 1877 5666 ιιι

300 5681 542 5732 maernis.

381 5750 792 5818 Anticipavcrunt
823 5752 1018 5820 vigilias
1047 5753 1179 5804 oculi
1225 5754 1339 5804 mei.
1393 5752 1512 5803 Ideo
1542 5754 1720 5820 defecit
1767 5755 1874 5821 spi-

302 5812 436 5873 rittts
472 5812 633 5888 meus,
682 5839 803 5891 quia
834 5812 967 5877 oEttli
1002 5824 1096 5877 mei
1128 5823 1527 5893 anticiparerunt
1579 5812 1879 5893 t'igilias,'id

1996 1892 2311 1945 inlirmitate
2339 1892 2518 1946 habui.
2556 1893 2619 1946 Et
2653 1902 2826 1948 tamen
2871 1912 2969 1949 non
3016 1913 3127 1950 sum
3175 1900 3374 1952 locutus
3424 1900 3569 1953 illam

1992 1960 2348 2015 turbationem
2381 1964 2519 2016 sicut
2545 1964 2711 2027 prius.

2060 2030 2293 2106 (lagitavi
2325 2033 2432 2086 dies
2456 2035 2713 2102 antiquos.
2750 2035 2867 2088 Non
2899 2052 3033 2100 sum,
3080 2037 3314 2106 inquam,
3344 2040 3564 2101 locutus,

1986 2101 2078 2173 sed
2115 2103 2289 2166 potius
2318 2106 2519 2156 attendi
2568 2115 2619 2157 et
2652 2106 2844 2159 malum
2877 2108 3123 2160 meritum
3152 2101 3365 2173 'meum,
3396 2120 3449 2162 et
3477 2110 3569 2161 di-

1989 2172 2269 2243 gnitatem,
2314 2183 2567 2239 quantum
2622 2175 2672 2226 in
2717 2177 2889 2243 primo
2923 2186 3142 2243 parente
3188 2179 3316 2231 mihi
3346 2194 3565 2232 εοιιεεεο

1987 2240 2128 2313 sisti,
2166 2242 2265 2296 hoc
2294 2253 2394 2305 est,
2426 2245 2564 2311 quod
2590 2240 2753 2298 dicit:
2784 2240 3035 2313 Cogitavi,
3070 2248 3118 2298 id
3142 2257 3245 2310 est,
3282 2248 3333 2301 in
3366 2264 3567 2301 memo-

1986 2316 2061 2385 ria
2109 2312 2265 2365 habui
2298 2315 2404 2365 dies
2433 2315 2691 2382 antiquos,
2724 2316 2772 2367 id
2804 2312 2907 2377 est,
2935 2317 3141 2385 lapsum
3173 2319 3325 2384 primi
3361 2334 3554 2385 pureu-

1986 2381 2073 2443 tis,
2101 2396 2193 2453 per
2220 2398 2376 2451 quem
2436 2381 2643 2450 tempus
2691 2381 3066 2453 antiquum-et
3108 2381 3280 2451 veius,
3342 2381 3390 2440 id
3447 2403 3554 2449 est,

1990 2451 2178 2504 inutile
2209 2452 2405 2505 fat-tum
2443 2463 2545 2506 est.
2577 2451 2980 2520 Semperienim
3009 2457 3053 2510 si
3088 2459 3254 2510 Adam
3299 2474 3403 2511 non
3441 2473 3564 2523 pec-

1985 2530 2180 2585 casset,
2237 2523 2351 2575 dies
2403 2537 2537 2575 n0va
2569 2534 2622 2577 et
2668 2540 2771 2577 una
2817 2534 2978 2587 esset,
3013 2538 3058 2578 et
3105 2530 3263 2581 etiam
3313 2529 3466 2580 habui
3514 2534 3566 2580 in

1987 2602 2152 2643 mente
2195 2608 2359 2644 annos
2404 2603 2642 2657 wternos,
2698 2594 2744 2646 id
2796 2603 2896 2656 est,
2939 2596 3247 2663 dignitatem
3310 2599 3456 2651 illam
3511 2598 3562 2649 iu

1983 2674 2140 2726 quam
2196 2663 2350 2729 primi
2397 2673 2643 2735 parentes
2687 2666 2849 2735 creati
2894 2677 3038 2731 sunt,
3086 2681 3179 2734 per
3220 2683 3381 2735 quam
3431 2670 3472 2721 si
3514 2672 3563 2722 in

1986 2740 2253 2806 praecepto
2280 2734 2673 2806 persdtisseut,
2722 2734 2784 2806 ad
2820 2750 2998 2788 veram
3040 2734 3394 2791 aeternitatem
3444 2754 3565 2806 per-

1986 2801 2245 2874 venirent.
2278 2802 2343 2874 Et
2372 2818 2474 2854 non
2517 2804 2688 2855 solum
2723 2805 2772 2857 in
2803 2806 3054 2858 memoria
3086 2823 3200 2861 eam
3252 2801 3561 2874 ltabui,'sed

1984 2869 2142 2943 etiam
2173 2871 2443 2924 meditatus
2472 2889 2583 2925 sum
2621 2889 2736 2925 cum
2772 2878 2923 2927 corde
2952 2891 3085 2943 meo,
3118 2879 3167 2929 id
3197 2889 3279 2932 est
3307 2869 3555 2932 attentis-

1983 2938 2140 3018 sime,
2168 2946 2224 2995 et
2247 2943 2346 2995 hoc
2369 2943 2433 3018 i_n_
2451 2952 2615 3018 nocte,
2640 2943 2689 3018 id
2716 2954 2815 3008 est,
2843 2947 3003 2999 etiam
3036 2938 3329 3018 interrupta
3355 2949 3556 3018 quiete,

1985 3010 2063 3062 vel
2095 3012 2148 3089 iit
2181 3021 2350 3089 nocte,
2384 3013 2435 3066 id
2461 3022 2564 3075 est,
2598 3013 2656 3089 in_
2679 3013 2775 3089 hac
2816 3019 3062 3089 praesenti
3108 3010 3405 3089 ignorantia
3437 3010 3555 3072 sum

1987 3080 2272 3158 meditatus
2300 3080 2350 3135 in
2383 3097 2469 3148 ea,
2502 3092 2561 3136 ut
2609 3080 2844 3139 viderem
2879 3088 3108 3155 qualiter
3129 3080 3460 3158 vdigttitatem
3492 3090 3557 3142 ilo

1988 3149 2090 3223 lam
2120 3155 2371 3223 amissam
2414 3168 2625 3219 possem
2660 3149 3013 3223 recuperare;
3056 3166 3111 3209 et
3150 3149 3252 3211 ιιοῖι
3286 3171 3461 3213 tamen
3491 3162 3558 3212 ad

1994 3220 2180 3273 horam
2208 3222 2493 3275 meditatus
2524 3238 2665 3285 sum,
2691 3220 3129 3279 sed—exercitubar
3156 3230 3205 3281 in
3254 3229 3342 3281 illa
3388 3230 3559 3282 medi-

1993 3292 2213 3356 tatione,
2241 3302 2287 3343 et
2318 3293 2394 3346 sic
2422 3292 2694 3361 scapebam
2732 3296 2967 3362 spiritum
3011 3314 3191 3351 meum.
3223 3298 3383 3363 Quasi
3412 3300 3556 3352 enim

1987 3371 2331 3434 exasperatus
2363 3373 2477 3434 erat
2514 3371 2731 3429 spiritus
2779 3380 2927 3419 meus
2973 3383 3154 3420 am0re
3201 3378 3559 3434 terrenorum,

1987 3430 2219 3503 sediego
2262 3433 2583 3503 suSpiraodo
2627 3436 2691 3487 ad
2722 3437 3031 3503 dignitatem
3062 3443 3336 3501 amissam,
3370 3448 3423 3491 et
3446 3430 3559 3493 cm;

1988 3498 2141 3553 lestia
2164 3500 2521 3575 desiderando
2545 3498 2833 3575 scopebani,
2868 3506 2917 3558 id
2960 3519 3060 3570 est,
3097 3498 3374 3573 plauabam
3404 3510 3558 3575 spiri-

1989 3578 2098 3622 tum
2130 3586 2329 3623 meum.
2364 3572 2533 3627 Scobs
2571 3576 2747 3646 scobis
2799 3574 2997 3629 ferrum
3045 3572 3126 3631 est
3177 3594 3281 3646 quo
3338 3572 3558 3646 pistoria

1988 3654 2116 3692 vasa
2149 3652 2461 3711 purgantur,
2496 3644 2634 3698 unde
2680 3646 2901 3698 scobere
2930 3646 3142 3700 dicitur.
3180 3644 3361 3701 Potest
3400 3651 3558 3701 etiam

1985 3711 2115 3783 satis
2146 3709 2234 3763 hic
2257 3709 2383 3781 legi,
2415 3716 2457 3766 si
2492 3713 2626 3768 forte
2658 3714 2709 3767 in
2740 3716 3002 3783 aliquibus
3043 3718 3191 3770 libris
3238 3719 3560 3777 inveniatur,

1986 3780 2327 3856 §cr0pebam,
2361 3785 2443 3856 vel
2487 3780 2842 3839 scrobebam.‘
2880 3786 3129 3856 Nunquid
3182 3789 3234 3840 in
3278 3794 3583 3843 azternum?’

1986 3848 2343 3922 §crobebam,
2378 3855 2621 3922 inquam,
2673 3857 2917 3921 spiritum
2972 3848 3147 3911 meum
3200 3858 3389 3911 dicens
3438 3858 3555 3917 ita;

1986 3919 2147 3996 Deus,
2181 3923 2268 3988 qui
2295 3922 2407 3991 jam
2438 3919 2681 3992 projecit,
2707 3919 2764 3979 id
2796 3938 2897 3991 εει,
2933 3942 3091 3995 porro
3118 3943 3148 3980 a
3181 3928 3316 3981 facie
3356 3943 3450 3981 sua
3474 3928 3561 3996 je-

1985 3992 2071 4064 cit_
2090 3992 2361 4064 hominem
2407 3996 2575 4048 semel
2624 4005 2837 4064 propter
2869 3992 3373 4064 transgressionem,
3416 3992 3557 4051 nuo-

1984 4061 2110 4136 quid
2144 4063 2369 4136 piojecit
2413 4080 2535 4118 eum
2583 4065 2636 4118 in
2661 4061 2944 4130 azt'ermun,
2977 4061 3041 4119 id‘
3077 4079 3178 4133 est,
3230 4061 3559 4136 irrecupera-

1984 4131 2203 4186 bttiter?
2245 4133 2358 4205 Non
2400 4136 2602 4203 utique.
2635 4137 2737 4189 Aut
2785 4138 3021 4205 nunquid
3077 4131 3219 4192 Deos
3262 4131 3428 4192 iratus
3453 4156 3558 4192 non

1983 4212 2203 4276 apponet
2233 4204 2420 4268 adhuc,
2467 4216 2521 4257 ut
2547 4207 2895 4271 complacitior
2916 4204 3023 4262 sit?
3052 4208 3212 4276 Quasi
3249 4210 3391 4263 dieat
3417 4228 3427 4261 :
3453 4209 3556 4264 P04

1982 4274 2088 4325 suit
2110 4289 2167 4350 se
2185 4274 2295 4343 jam
2330 4277 2597 4350 placatum
2619 4290 2872 4344 quantmn
2907 4282 2972 4331 ad
3005 4274 3289 4350 quosdam,
3322 4294 3458 4349 quos
3504 4288 3559 4336 et

1982 4353 2105 4397 ante
2137 4345 2307 4413 legem
2361 4354 2415 4398 et
2440 4346 2539 4398 sub
2587 4347 2699 4413 lege
2745 4345 3036 4416 suscepitf
3063 4361 3117 4403 et
3161 4345 3355 4403 nonne'
3381 4350 3556 4406 adhuc

1982 4427 2239 4481 apponet,
2264 4426 2317 4467 ut
2348 4417 2713 4484 complacitior
2759 4420 2909 4472 nobis
2938 4422 3027 4483 sit,
3059 4434 3157 4471 nos
3186 4422 3345 4472 etiam
3384 4425 3553 4473 susci-

1988 4484 2216 4550 piendo?
2266 4484 2444 4556 Faciet
2494 4488 2694 4553 utique.
2741 4489 2839 4539 Aut
2886 4492 2998 4555 ipse
3042 4490 3130 4556 qui
3178 4492 3286 4556 jam
3327 4489 3555 4544 abscidit

1916 4543 1960 4600 Ι)
1985 4543 2388 4608 misericordiam
2413 4571 2557 4607 suam
2590 4543 2680 4623 per
2714 4543 2935 4623 primam
2977 4543 3209 4626 cul'pam',
3239 4573 3304 4610 an
3348 4560 3550 4611 abscin-

1985 4626 2068 4676 det
2097 4640 2215 4678 eam
2248 4629 2298 4677 in
2328 4627 2503 4690 ﬁnem,
2549 4627 2597 4677 id
2638 4637 2739 4690 est,
2773 4629 3136 4683 teterualiter?
3184 4628 3417 4690 Scilicet,
3460 4632 3557 4682 ab-

1984 4695 2192 4771 scindet
2220 4710 2336 4748 eam
2378 4711 2408 4747 α
2438 4698 2760 4765 generatione
2792 4701 3064 4765 praesenti,
3098 4699 3363 4753 tendendo
3393 4700 3445 4751 in
3473 4717 3557 4771 ge-

1984 4765 2296 4818 nerationem
2343 4776 2677 4834 sequentem,
2724 4779 2779 4820 ut
2818 4770 2959 4821 sicut
3003 4770 3281 4823 abscindet
3324 4784 3441 4823 eam
3473 4765 3553 4824 'ab

1984 4835 2083 4888 hac
2126 4837 2471 4903 generatione
2516 4836 2740 4899 carnali,
2789 4838 2857 4889 ita
2903 4840 3063 4891 etiam
3116 4841 3397 4893 abseindet
3432 4856 3553 4896 eam

1983 4904 2061 4978 ab
2082 4906 2162 4957 illa
2187 4908 2533 4974 generatione
2553 4905 2857 4972 spirituali?
2888 4910 3003 4962 Nan
3036 4913 3231 4978 utique.
3263 4911 3361 4963 Aut
3392 4908 3554 4975 Deus,

1982 4977 2064 5028 cui
2111 4978 2380 5044 proprium
2425 4986 2505 5029 est
2539 4978 2800 5039 misereri,
2835 4995 2900 5031 an
2953 4977 3271 5034 obliviscetur
3302 4983 3550 5045 misereri,

1982 5045 2186 5099 scilicet
2210 5086 2239 5121 ,_
2278 5057 2333 5098 ut
2378 5062 2644 5121 nunquam
2686 5050 2917 5121 amplius
2963 5050 3312 5104 misereatur?
3363 5052 3560 5121 Utique

1984 5128 2112 5179 non,
2148 5118 2240 5169 sed
2275 5124 2552 5184 postquam
2612 5119 2774 5171 iratus
2818 5120 2995 5184 fuerit,
3050 5122 3424 5175 misericordia.-
3466 5118 3551 5174 ie-

1982 5186 2304 5239 cordabitur.
2349 5188 2447 5239 Aut
2474 5190 2745 5241 continebit
2794 5192 3169 5245 tnisericordias
3214 5209 3331 5244 sitas
3362 5193 3414 5243 in
3446 5193 3547 5255 ira,

1982 5256 2033 5307 id
2063 5263 2167 5328 est,
2197 5274 2261 5309 an
2296 5258 2583 5326 prwcludet
2629 5260 2703 5311 ira
2744 5260 2859 5328 ejus
2908 5264 3361 5316 misericordiam?
3390 5263 3548 5315 Certe

1984 5341 2112 5406 ιιοιι.
2145 5326 2255 5381 lmo
2289 5328 2464 5396 (quasi
2494 5328 2658 5398 dicat)
2706 5326 3071 5387 misericordia
3102 5334 3218 5401 ejus
3262 5332 3552 5400 pt'arcludet

1985 5411 2137 5449 tram.

2052 5465 2121 5543 Lit
2146 5468 2273 5543 dixi.
2303 5466 2463 5531 Quasi
2497 5471 2675 5524 dicat:
2707 5472 2934 5525 Tantum
2980 5473 3192 5543 quidem
3239 5473 3548 5528 meditando

1980 5536 2321 5605 dedignitate
2348 5542 2542 5594 amissa
2574 5544 2625 5594 ιιι
2668 5543 2860 5604 Adam,
2910 5553 2965 5597 et
2998 5536 3351 5597 exercitando
3377 5560 3461 5599 me
3495 5550 3546 5600 in

1983 5608 2069 5660 illa
2102 5607 2466 5682 meditatione,
2496 5613 2605 5678 jam
2645 5614 2902 5666 transdivi
2937 5622 2994 5666 ut
3036 5614 3405 5682 intelligerent,
3440 5634 3544 5671 nou

1982 5679 2231 5745 praecludi
2257 5680 2678 5735 misericordiam
2699 5685 2764 5736 ab
2795 5685 2891 5737 ira.
2923 5682 2989 5736 Et
3015 5695 3187 5738 tamen
3206 5679 3327 5738 'dixi
3355 5700 3373 5737 :
3392 5679 3549 5740 Nunc

1984 5751 2130 5824 eiepi,
2162 5751 2335 5824 idest,
2362 5766 2460 5819 ego
2485 5756 2645 5807 miser
2674 5770 2766 5822 pro
2798 5755 3085 5824 incipiente
3114 5756 3386 5810 habendus
3407 5773 3551 5811 sum.

1983 5819 2113 5876 Cum
2143 5820 2285 5876 enim
2317 5819 2765 5887 consummaverit
2800 5819 2980 5897 ιιυιιέο,
3012 5836 3135 5884 tunc
3162 5829 3401 5899 incipiet,
3428 5832 3550 5898 quia
