4010 6190
172 406 279 466 893

848 399 911 456 IN
952 399 1367 457 PSALMOllUM
1414 398 1669 456 LIBRUM
1710 398 2062 457 EXEGESlS.
2103 430 2171 441 ——-
2212 398 2449 454 PSALM.
2493 396 2728 453 LXXVII

3329 404 3433 458 89$

180 516 439 587 quaslibet
475 510 833 594 accipiuntur.
890 510 944 565 Si
980 526 1112 594 vero
1138 513 1281 594 prius
1312 526 1408 594 per
1444 512 1578 594 viam
1614 526 1749 594 p‘rm-
1780 512 1824 571 Α
1854 519 2115 594 ςιλιρθτιο
2142 511 2455 594 videantur:
2482 522 2656 565 tamen
2696 514 2815 594 quia
2848 512 3028 594 titulus
3065 514 3184 579 ejus
3207 524 3307 578 est,
3340 514 3432 567 ln—

169 581 326 654 cepta
375 583 627 654 accipias,
662 591 793 654 lunc_
842 596 935 647 per
961 581 1181 654 semitas
1233 581 1495 654 strictiora
1546 590 1749 654 tantum

171 649 436 728 prieceptn
469 649 729 728 accipias._
766 649 831 728 in
857 652 1009 712 mari,
1049 653 1284 717 inquam,
1325 650 1533 728 cognita
1564 659 1646 703 est
1674 651 1755 701 via

174 721 289 789 iua,
319 737 375 781 et
402 736 575 776 tamen
600 721 817 790 vestigia
848 729 933 775 tua
964 737 1066 774 non
1093 730 1479 790 cognoscentur
1512 721 1562 773 in
1592 732 1752 773 terra.

172 800 231 853 ιη
282 806 418 851 terra
468 793 610 847 enim
654 793 872 859 vestigia
927 802 1213 859 apparent,
1247 794 1295 843 in
1328 792 1457 842 mari
1488 805 1618 842 vero
1648 805 1754 842 non

172 874 455 935 apparent.
518 864 582 916 Et
630 877 723 929 per
743 862 937 915 cultam
970 872 1161 913 terrain
1218 861 1394 915 Judaia
1428 862 1752 935 designatur,

169 931 293 1007 quin
322 938 485 1007 legem
517 942 791 1007 acceperat
824 948 837 982 :
869 947 958 998 per
988 948 1153 1007 mare_
1159 946 1283 1007 vero
1327 932 1620 1007 geritilitas,
1654 931 1753 1007 _ctii

172 1001 566 1063 titillus'cultus
624 1004 893 1070 impensus
948 1012 1078 1053 erat.
1117 1001 1181 1053 Et
1224 1003 1273 1053 iii
1318 1001 1494 1055 Judaia
1545 1001 1754 1066 quidem

171 1078 392 1144 vestigia
417 1076 626 1144 fuerunt
647 1110 663 1136 ,
701 1073 825 1137 quia
866 1072 941 1144 ibi
962 1072 1199 1144 Christus
1227 1072 1569 1144 corporaliter
1595 1086 1755 1137 appa-

172 1141 383 1213 riiit,‘et
414 1143 720 1211 praedicavit
748 1160 763 1195 :
794 1142 886 1195 sed
918 1141 1086 1193 Judaei
1109 1143 1325 1213 vestigia
1354 1156 1455 1213 non
1486 1155 1750 1213 cognove-

171 1210 321 1277 rnut.
347 1216 468 1281 quia
496 1213 763 1267 Christum
788 1226 967 1266 verum
994 1212 1269 1280 veSligiuni
1298 1212 1387 1264 Dei
1423 1210 1591 1263 Patris
1618 1220 1754 1273 erat,

170 1308 278 1343 non
302 1288 671 1340 ailoraverunt.
1260 1286 1265 1292 ’

249 1356 516 1410 Deduxisti
539 1355 665 1406 sicut
696 1367 807 1403 oves
829 1367 893 1421 po
920 1351 1071 1403 'nlum
1100 1360 1264 1403 tuum.
1293 1349 1404 1421 Non
1436 1364 1759 1417 cognoscen-

177 1440 282 1494 tur,
316 1429 554 1495 inquaui,
587 1422 818 1495 vestigia
846 1434 968 1495 _tu_a_
992 1422 1041 1473 in
1079 1430 1237 1485 terra,
1269 1420 1361 1474 sed
1392 1433 1567 1473 tamen
1597 1421 1758 1472 debe-

176 1490 291 1555 rent
316 1490 695 1555 ilii'cognOsci,
734 1490 856 1559 quid
886 1490 1140 1544 deberent
1173 1505 1437 1544 memores
1479 1505 1600 1543 esse
1640 1502 1758 1542 tuo-

176 1585 295 1623 rum
348 1565 741 1619 beneﬁciorum.
801 1562 930 1614 Nam
987 1571 1041 1613 tu
1086 1562 1377 1625 deduxisti,
1428 1560 1478 1614 id
1521 1569 1632 1622 est,
1691 1560 1757 1613 de

175 1638 412 1710 Egypto
440 1636 491 1689 iu
524 1645 719 1710 terrain
774 1632 1143 1710 promissionis
1198 1631 1394 1710 duxisti
1441 1646 1534 1710 per
1574 1633 1759 1710 deser-

177 1700 299 1763 tutii'
322 1700 471 1760 illum
512 1704 755 1774 populum
778 1702 996 1774 tuimiin
1024 1716 1203 1774 manu,
1237 1702 1285 1755 id
1314 1710 1416 1762 est,
1459 1701 1511 1753 in
1559 1700 1753 1755 ducatu

177 1780 343 1848 Moysi
370 1792 419 1831 ei
452 1771 649 1848 Aaron,
678 1774 807 1848 sicut
852 1772 1073 1840 quilibet
1102 1771 1217 1848 pius
1246 1780 1428 1848 pastor
1456 1786 1570 1823 oves
1594 1841 1606 1848 _
1630 1786 1757 1848 suas

1860 582 2089 635 tellectus
2139 582 2346 646 Asaph,
2403 592 2647 650 quaerunt
2705 582 2944 635 fortassis
3012 584 3260 637 leuorem
3321 599 3427 639 non

1858 652 2194 716 superﬁciem
2226 653 2583 707 intendentem
2607 694 2621 714 ,
2655 655 2746 705 sed
2779 655 2997 706 interius
3029 653 3428 713 intelligentiam.

1859 720 2121 775 Printerea
2150 723 2270 775 ideo
2300 723 2458 776 etiam
2492 727 2649 775 talem
2678 724 2781 775 lect
2804 738 2930 777 irem
2960 739 3201 792 qiitcrcre
3240 724 3429 778 viden-

1860 801 1962 854 tur,
1995 807 2115 863 cum
2148 793 2199 845 in
2232 792 2437 863 psalmo
2462 795 2666 847 dicatur
2697 811 2709 846 :
2744 796 2982 859 Aperiunt
3011 795 3062 845 in
3092 794 3345 862 parabolis
3370 812 3426 849 os

1860 861 2249 941 meum,_loquar
2304 865 2693 941 propositiones.
2729 863 3002 941 Paraliolm
3034 861 3173 941 enim
3205 873 3329 919 sunt
3357 865 3433 919 si-

1860 932 2184 1003 militudines
2217 932 2415 996 rerum,
2447 950 2563 1003 quae
2595 936 2674 986 liis
2720 936 2879 985 rebus
2907 936 2973 989 de
3015 935 3202 1001 quibus
3227 935 3422 1003 agitur,

1857 1002 2053 1071 aliquid
2076 1014 2433 1071 comparatur.
2462 1001 2529 1057 Ut
2555 1005 2635 1057 hic
2664 1010 2839 1073 agitur
2861 1004 2928 1057 de
2961 1020 3174 1062 manna.
3204 1001 3431 1058 etman-

1860 1088 1941 1125 na:
1970 1082 2308 1140 comparatur
2337 1075 2425 1127 ille
2452 1074 2597 1141 panis
2624 1076 2762 1126 vivus
2788 1074 2872 1141 qni
2902 1075 2965 1125 de
2991 1073 3115 1127 calo
3147 1076 3426 1138 descendit,

1859 1142 2000 1214 etsic
2027 1158 2119 1202 per
2139 1153 2352 1197 caetera.
2385 1144 2782 1211 l’ropositiones
2804 1159 2928 1196 vero
2951 1160 3068 1214 qua:
3093 1142 3277 1197 Graece
3305 1162 3426 1210 pro-

1860 1213 2075 1283 blemata
2123 1214 2409 1277 dicuntur,
2479 1224 2605 1267 sunt
2645 1213 2980 1283 quaestiones
3017 1214 3214 1281 aliquid
3258 1214 3308 1267 in
3365 1231 3423 1269 se

1858 1282 2073 1349 dignum
2100 1285 2364 1337 solutione
2393 1282 2745 1339 continentes.
2778 1284 3033 1353 Loquitur
3059 1300 3185 1350 ergo
3222 1285 3423 1337 intelli-

1857 1367 1984 1433 gens
2016 1353 2191 1433 Asapli
2234 1355 2429 1433 in_lioc
2463 1358 2707 1433 psalmo,
2735 1356 2882 1433 _quia
2917 1371 3019 1408 non
3052 1356 3334 1433 doluerunt
3362 1354 3433 1407 de

1860 1422 1949 1475 illo
2000 1425 2193 1491 populo
2222 1425 2310 1491 qui
2348 1424 2702 1491 intelligerent
2735 1425 2992 1478 habentes
3049 1424 3206 1478 ﬁdem
3230 1465 3244 1485 ,
3300 1439 3421 1491 quze

1860 1502 2040 1571 postea
2083 1496 2309 1571 revelata
2340 1503 2423 1547 est
2472 1510 2574 1571 non
2623 1495 2687 1548 ad
2741 1495 2871 1571 legis
2916 1495 3171 1571 litteram,
3212 1495 3419 1571 sed_ad

1857 1563 2073 1629 spiritus
2100 1565 2320 1632 gratiam
2353 1564 2724 1632 pertinentem.
2754 1566 2865 1617 Non
2889 1566 3027 1618 enim
3052 1564 3166 1618 sine
3197 1565 3299 1618 lide
3323 1563 3431 1617 fue-

1858 1641 2021 1703 runt,
2053 1635 2140 1699 qui
2167 1631 2283 1701 ejus
2326 1631 2376 1686 in
2406 1634 2619 1688 Christo
2651 1635 3027 1689 revelationem
3055 1644 3107 1688 et
3133 1634 3426 1703 prievidere

1857 1712 1909 1752 et
1933 1702 2047 1753 aliis
2079 1706 2433 1768 praenuntiare
2465 1714 2768 1766 potuerunt.
2797 1704 3085 1757 Audiamus
3116 1721 3241 1770 ergo
3274 1705 3423 1771 psal-

1860 1786 2003 1823 mum
2039 1786 2141 1824 iion
2176 1783 2423 1842 tanquam
2450 1773 2680 1839 Jiidieis,
2714 1775 2804 1828 sed
2840 1785 3087 1838 tanquam
3131 1775 3279 1828 nobis
3307 1788 3435 1826 can-

180 1841 429 1903 tleiiucet.
457 1917 468 1922 _
493 1846 665 1922 Potest
714 1842 887 1922 etiam.
924 1857 1112 1922 versus
1161 1842 1258 1922 iste
1288 1842 1353 1895 ad
1398 1841 1754 1922 print-edentis
1792 1862 1833 1919 η
1865 1848 2052 1922 latum.
2075 1841 2294 1922 "l‘iuliis’
2317 1844 2459 1922 enim
2490 1846 2668 1909 potius
2698 1843 2794 1895 ista
2826 1851 3089 1905 cantatur,
3126 1858 3242 1895 cum
3284 1847 3427 1909 Apo-

176 1934 364 1973 versiis
394 1916 705 1984 principium
746 1913 1043 1984 continuari
1077 1912 1146 1984 ita
1181 1929 1191 1963 :
1219 1910 1478 1984 In_mari_,
1515 1911 1753 1984 inquam,

174 1981 495 2056 ciiguila'est
517 1986 597 2037 via
628 1996 715 2056 tua
738 1992 785 2036 et
800 1982 1109 2056 scmittetua:
1124 1983 1175 2033 in
1193 1982 1357 2050 aquis,
1376 1981 1496 2049 quia
1522 1990 1573 2033 tti
1593 1981 1753 2033 dedu-

172 2053 318 2124 xisti,
354 2058 405 2111 id
433 2065 532 2120 est,
569 2054 755 2122 paiisti
799 2053 929 2105 sicut
958 2053 1071 2124 pius
1099 2062 1275 2113 pastor
1303 2068 1425 2124 oves
1448 2066 1570 2103 suas
1594 2066 1757 2124 popa:

174 2132 283 2183 lum
306 2119 439 2180 'vere
468 2119 631 2186 tuitui,
682 2126 729 2176 id
762 2132 862 2184 est,
899 2123 1148 2188 populum
1179 2122 1436 2190 gratimiu
1484 2137 1661 2183 manu,
1707 2119 1756 2190 id

173 2210 279 2265 est,
313 2200 365 2252 iii
399 2196 630 2261 potentia
677 2193 853 2265 Moysi
896 2201 942 2245 et
970 2194 1141 2265 Aaron
1177 2189 1279 2265 non
1310 2190 1616 2253 liistorialis,
1661 2189 1757 2243 sed

172 2260 290 2324 veri
320 2260 486 2337 Moysi
506 2275 553 2319 et
588 2260 781 2318 Aaron.
810 2262 1017 2331 Moyses
1036 2263 1176 2337 enim
1197 2260 1576 2337 interpretatur
1598 2276 1754 2328 aqua-

175 2343 329 2403 ticus,
366 2330 537 2392 Aaron
585 2351 709 2388 vero
738 2330 1027 2386 montanus.
1076 2330 1242 2403 Verus
1290 2346 1417 2399 ergo
1458 2330 1672 2403 Moyses
1703 2338 1757 2383 et

177 2399 337 2465 verus
362 2411 537 2463 Aaron
567 2404 655 2459 ille
682 2415 785 2467 est,
813 2404 902 2471 qui
938 2412 992 2455 et
1019 2403 1174 2455 saluti
1205 2399 1315 2456 fera
1332 2416 1476 2469 'aqua
1491 2400 1760 2471 doctrina:

178 2496 279 2535 nos
306 2481 524 2547 potavit,
558 2486 610 2529 et
634 2476 791 2547 corda
824 2469 1001 2526 nostra
1031 2471 1097 2525 ad
1125 2485 1333 2526 summa
1358 2469 1549 2535 erexit,
1577 2470 1627 2524 id
1650 2479 1756 2537 est,

176 2546 423 2607 Christus
444 2548 609 2603 Filius
638 2546 752 2599 Dei.

602 2634 667 2689 ΙΝ
712 2632 1028 2689 PSALMUll
1070 2630 1328 2687 LXXVII.

708 2726 1008 2779 Intellecuis
1037 2722 1235 2791 Asapb.

774 2832 1147 2873 ARGUﬂENTUI.

250 2910 476 2966 Virtutis
519 2909 713 2970 studia,
748 2910 985 2976 legisque
1029 2906 1327 2960 custodiam
1362 2907 1618 2976 proiilicta
1665 2920 1762 2976 po-

266 2946 476 2966 ...ιυιιδ
520 2946 691 2963 οων...
924 2946 985 2961 ην
1030 2946 1327 2960 νηυνυη...
1703 2946 1732 2957 ..

180 2982 308 3050 pulo
337 2950 745 3042 commendans,
799 2946 943 3032 initio
1000 2978 1257 3044 psalmum
1308 2946 1761 3044 coinpbsnbfin

178 3068 288 3117 quo
320 3060 499 3105 monet
520 3092 536 3112 ,
565 3060 621 3104 ut
653 3053 815 3104 lleum
862 3058 1173 3102 reverenter
1207 3056 1461 3112 metuant,
1493 3062 1598 3114 quo
1648 3059 1764 3117 san-

178 3124 389 3176 ctiones
423 3122 551 3191 legis
579 3136 688 3173 sua:
718 3119 1096 3191 beneﬁciorum
1131 3117 1375 3191 largitate
1423 3116 1759 3191 praiveiieril,

180 3204 236 3244 ut
270 3194 319 3246 lii
350 3192 439 3259 qui
467 3186 576 3260 j'am
622 3198 778 3243 erant
821 3186 1075 3250 obnoxii,
1128 3186 1334 3260 facilius
1375 3187 1755 3240 subderentur.

183 3254 483 3317 Postremov
514 3262 787 3319 hortatur,
822 3267 878 3310 nt
904 3266 1121 3311 servent
1164 3254 1365 3310 intenta
1410 3266 1586 3311 tuente
1628 3271 1756 3310 con-

177 3335 441 3387 cordiam.
473 3331 639 3385 Aliter
668 3344 766 3383 vos
789 3330 983 3381 Christi
1015 3328 1081 3381 de
1103 3327 1320 3381 JlldtﬁlS.

796 3434 1147 3474 EXPLANATIO.

253 3515 434 3580 Asaph
484 3512 713 3567 diximus
754 3513 1111 3581 Synagogain,
1157 3508 1206 3561 id
1239 3518 1341 3569 cst,
1383 3506 1755 3581 collectionem

177 3576 552 3647 iltli'l‘iil'elltl‘i;
585 3584 675 3635 sed
709 3576 827 3648 quia
862 3576 1186 3633 intellectum
1227 3578 1513 3648 prmiuisit,
1549 3576 1758 3630 ﬁdelem

180 3657 269 3710 liii:
296 3646 629 3726 Synagog’am
655 3646 794 3721 loqui
822 3649 1307 3726 possedcclaravit.
1329 3647 1388 3726 in
1420 3646 1585 3726 prima
1613 3655 1761 3726 parte

179 3716 371 3794 psalnii
403 3716 740 3778 ιίῦοἶδιιιιιιιὶ
761 3716 1016 3794 versiculi
1053 3733 1295 3794 personae
1329 3716 1535 3794 Domini
1565 3716 1765 3794 manci-

181 3788 398 3865 patitur,
425 3805 479 3847 ut
510 3793 803 3865 reverentia
826 3788 1623 3865 cresceretdoctorum,qiiibiis
1653 3788 1765 3865 ipse

181 3857 280 3920 res
321 3865 584 3932 posuisset
613 3863 840 3917 initium.
893 3860 1132 3932 Secunda
1168 3869 1317 3932 parte
1347 3857 1765 3932 latinsulutpiitur

182 3926 388 4000 Asapli,
421 3936 684 4001 imputans
709 3932 907 3987 Jndmis
936 3931 1077 3998 quod
1112 3926 1319 3982 Dimiiii
1369 3928 1641 4001 beneﬁcus
1675 3926 1761 4001 in-

180 3996 321 4076 grati
353 3996 513 4059 corde
557 4018 719 4073 pravo
760 4002 877 4071 ejus
900 3996 1047 4076 jnssa
1091 3996 1533 4076 contempserint.
1583 3996 1762 4049 Tertia

184 4066 466 4131 Enumerat
496 4066 694 4144 quanta
727 4066 948 4144 munera
983 4070 1158 4144 Israeli
1195 4066 1527 4144 prscstiterit,
1559 4081 1655 4144 nec
1688 4078 1763 4144 ta-

183 4162 313 4200 men
358 4146 446 4199 ille
475 4136 808 4198 murmurare
837 4142 1076 4195 desierit.
1119 4140 1313 4205 Quarta
1339 4137 1464 4190 dicit
1494 4136 1664 4205 qualis
1711 4138 1761 4188 in

180 4218 280 4272 eis.
298 4217 530 4269 vindicta
564 4214 905 4281 provenerit,
947 4211 1276 4278 qualiterque
1323 4208 1392 4261 sit
1426 4205 1765 4261 miseratione

185 4288 402 4341 Domini
436 4285 639 4339 mollita
672 4283 956 4339 sententia.
989 4282 1182 4347 Quinta
1214 4287 1429 4347 propter
1458 4292 1761 4347 murmura:

187 4356 362 4411 tiones
406 4372 590 4408 eorum
620 4355 943 4407 vindicatum
975 4345 1027 4404 iii
1053 4354 1133 4405 eis
1159 4345 1274 4415 est,
1308 4352 1400 4403 sed
1458 4351 1647 4400 iterum
1695 4345 1761 4399 ad

185 4425 631 4493 supplicationem
668 4423 875 4478 Domini
898 4462 911 4483 ,
944 4432 1325 4493 cognoscentes
1352 4418 1470 4493 ejus
1499 4418 1760 4483 magualia

186 4492 481 4551 redierunt.
511 4496 667 4549 Sexta
699 4494 873 4547 denuo
900 4492 977 4546 illi
1007 4492 1188 4544 dolose
1238 4492 1395 4543 locuti
1424 4531 1436 4551 ,
1470 4498 1525 4541 et
1552 4503 1761 4541 etrures

1858 1912 2026 1989 stolus
2056 1910 2157 1964 dici
2190 1913 2329 1980 quod
2368 1929 2456 1965 nec
2493 1914 2662 1989 omnia
2687 1913 2936 1989 inﬁgura
2959 1914 3277 1989 contingebat
3305 1913 3430 1989 illis,

1856 1984 2047 2048 scripta
2089 1993 2203 2034 sunt
2235 1992 2405 2035 autent
2445 1983 2513 2034 ml
2549 1984 2911 2046 correptionem
2932 1992 3176 2034 nostram.
3231 1984 3361 2048 Quia
3389 1982 3432 2037 si

1860 2064 2033 2116 paena:
2065 2051 2169 2103 illac
2193 2062 2344 2104 erant
2368 2052 2640 2116 cavendae,
2669 2053 2836 2106 multo
2864 2051 3050 2119 majori
3076 2053 3349 2119 diligentia
3370 2054 3440 2106 vi-

1861 2122 2037 2173 tanda:
2066 2132 2188 2173 sunt
2229 2124 2295 2173 ab
2321 2122 2421 2175 illis
2448 2123 2780 2187 sigiiilicatm.
2810 2120 3268 2187 Quemadmodum
3296 2124 3436 2176 enini

1861 2190 1913 2242 in
1941 2190 2092 2243 bonis
2116 2207 2219 2252 una
2244 2191 2627 2258 signiﬁcantur,
2654 2193 2812 2244 multa
2836 2190 3075 2260 digniora
3103 2201 3247 2253 suot,
3280 2207 3436 2259 quam

1862 2276 1981 2331 qua:
2008 2261 2309 2331 signiﬁcant
2335 2280 2346 2314 :
2381 2262 2451 2315 ita
2485 2271 2537 2315 et
2574 2263 2625 2314 in
2660 2262 2813 2314 malis
2838 2263 3139 2315 nece~sario
3170 2272 3292 2313 sunt
3320 2277 3440 2331 gra-

1860 2330 2008 2401 viora
2030 2330 2323 2400 signiﬁcata
2344 2348 2499 2401 quam
2524 2331 2894 2400 signiﬁcantia.
2922 2331 3072 2395 Quod
3096 2342 3273 2401 autem
3302 2330 3442 2397 Apo-

1860 2400 2029 2472 stolus
2082 2412 2233 2472 vocat
2261 2400 2487 2472 ﬁguras,
2524 2402 2799 2472 Psalinista
2824 2413 2975 2456 vocat
3001 2400 3295 2472 parabolas,
3331 2416 3433 2453 non

1864 2471 2117 2524 habentes
2147 2471 2304 2525 ﬁdem
2326 2473 2375 2525 in
2406 2488 2470 2525 eo
2490 2473 2627 2539 quod
2652 2471 2987 2536 coiitigeruut
3012 2488 3025 2535 ;
3056 2472 3146 2524 sed
3172 2471 3221 2522 in
3247 2473 3331 2524 his
3359 2486 3440 2524 re-

1864 2540 1959 2609 bus
2020 2541 2210 2608 quibus
2257 2542 2553 2596 rationabili
2608 2540 3008 2609 comparatione
3063 2540 3434 2594 conferuntur.

1864 2607 2135 2664 Psaltnum
2163 2626 2289 2679 ergo
2327 2614 2601 2665 audiamus
2626 2654 2639 2673 ,
2674 2607 2745 2664 eti
2775 2613 2945 2680 legem
2982 2611 3070 2665 Dei
3103 2610 3442 2680 attendamus

1866 2695 1969 2733 non
2014 2678 2303 2735 secundum
2356 2683 2495 2751 quod
2539 2681 2589 2734 iii
2634 2678 2915 2748 superﬁcie
2958 2690 3145 2743 sonat,
3179 2678 3439 2751 sedquod

1863 2752 2082 2820 mystica
2126 2753 2335 2806 actione
2368 2750 2767 2822 sigtiiﬁcatrad
2822 2754 2922 2804 lioc
2953 2752 3102 2822 enim
3139 2750 3443 2820 iiiti-lligens

1864 2824 2043 2892 Asapli
2068 2838 2165 2876 nos
2187 2823 2370 2875 invitat
2392 2821 2490 2875 ita:
2516 2821 2745 2892 Populus
2766 2837 2923 2884 mens,
2948 2821 2996 2875 id
3014 2832 3119 2892 est,
3140 2835 3232 2872 vos
3254 2833 3443 2873 omnes

1865 2891 1954 2960 qui
1975 2893 2097 2944 mihi
2126 2894 2285 2946 vultis
2305 2908 2425 2947 esse
2448 2902 2748 2956 consortes,
2775 2903 2821 2945 et
2846 2907 2964 2945 esse
2993 2891 3060 2944 de
3080 2892 3273 2960 popqu
3297 2906 3435 2943 meo.

1863 2959 2030 3032 Cujus
2069 2979 2191 3030 pars
2230 2979 2329 3031 ego
2355 2978 2492 3026 sum,
2536 2964 2584 3015 id
2619 2972 2735 3028 est,
2761 2961 2826 3014 de
2864 2959 3195 3032 intelligente
3221 2960 3439 3032 populo,

1864 3031 2015 3099 quasi
2038 3033 2179 3087 dicat
2212 3052 2222 3087 :
2259 3030 2345 3103 qui
2370 3043 2451 3089 est
2475 3033 2723 3087 Christus
2750 3033 3000 3100 jungatur
3032 3030 3182 3103 mihi.
3221 3031 3325 3103 vos
3354 3030 3441 3082 in-

1864 3117 2025 3171 quam
2070 3100 2335 3169 attendite,
2388 3104 2442 3158 id
2487 3115 2568 3158 est
2592 3143 2607 3168 ,
2640 3103 2865 3157 interius
2892 3101 3226 3155 considerate
3260 3100 3440 3168 legem,

1866 3187 2022 3240 quam
2056 3189 2153 3237 ego
2181 3176 2316 3228 iacio
2346 3188 2464 3228 esse
2492 3189 2653 3226 meam
2674 3216 2686 3237 ,
2715 3174 3068 3240 spiritualitcr
3090 3188 3205 3225 eain
3238 3171 3435 3224 intelli-

1865 3245 2038 3308 gendo
2067 3254 2120 3296 et
2150 3245 2491 3307 complenda,
2524 3254 2580 3295 ut
2608 3252 2663 3296 et
2693 3258 2785 3294 vos
2814 3242 3016 3295 faciatis
3042 3256 3156 3295 eam
3182 3248 3434 3294 vestram.

1872 3312 2061 3381 Legem
2087 3322 2268 3381 accipe
2292 3315 2618 3378 Scripturam
2639 3312 2842 3365 Veteris
2859 3310 3207 3365 Testanienti.
3231 3310 3294 3381 Et
3313 3325 3443 3379 qua-

1870 3383 1989 3435 liter
2015 3380 2530 3449 debeat’altendcre,
2548 3383 2693 3443 dicit,
2718 3383 2941 3444 scilicet,
2969 3381 3227 3443 inclinate,
3249 3380 3302 3434 id
3332 3391 3436 3443 est,

1870 3450 2141 3506 liiiiniliate
2161 3469 2333 3505 oui-em
2354 3461 2568 3504 vestram
2592 3454 2642 3504 in
2667 3450 2814 3505 verba
2856 3451 2958 3502 oris
2981 3451 3098 3512 inei,
3129 3450 3179 3503 id
3228 3459 3309 3503 est
3332 3493 3347 3517 ,
3373 3450 3440 3504 ad

1869 3520 2271 3590 intelligendum
2312 3524 2442 3591 legis
2486 3522 2679 3586 verba,
2729 3536 2847 3591 qua:
2893 3522 3137 3588 loquetur
3187 3521 3333 3573 vobis
3381 3534 3442 3574 os

1870 3608 2068 3655 meum,
2095 3593 2143 3645 id
2172 3604 2274 3657 est,
2302 3590 2755 3659 os’intelligcntis.
2785 3593 2878 3645 Ille
2901 3596 3042 3643 enim
3068 3606 3192 3644 vero
3221 3590 3442 3643 attendit

1868 3663 2062 3731 legem,
2079 3664 2167 3730 qui
2185 3679 2244 3718 se
2262 3663 2503 3715 liumiliat
2527 3672 2582 3716 ut
2599 3677 2713 3715 eam
2734 3673 2787 3716 et
2810 3660 3069 3726 intelligat
3087 3670 3140 3715 et
3156 3660 3440 3731 compleat.

1940 3734 2177 3802 Aperiunt
2206 3736 2258 3786 in
2283 3732 2561 3804 parabolis.
2596 3732 2719 3787 ldeu
2758 3733 2931 3801 (quasi
2962 3731 3125 3804 dicat)
3159 3745 3340 3804 aurem
3386 3730 3443 3783 in

1868 3808 2025 3855 verba
2053 3819 2169 3857 mea
2198 3802 2452 3858 inclinare
2479 3803 2717 3864 debetis,
2748 3806 2868 3870 quia
2897 3817 3000 3854 non
3033 3802 3149 3854 sine
3174 3816 3230 3853 re
3258 3802 3442 3870 loquar

1867 3871 2034 3945 vobis.
2067 3874 2195 3927 Nam
2224 3874 2450 3945 aperiam
2475 3890 2532 3926 os
2571 3869 2809 3945 incumin
2848 3871 3137 3945 parabolis,
3187 3870 3326 3923 aliud

1865 3944 2039 3996 cendo
2070 3954 2122 3995 ct
2151 3940 2291 4001 aliud
2334 3945 2553 3997 interius
2580 3940 2932 4009 signiﬁcando
2957 3958 2972 4005 ;
3005 3950 3057 3994 et
3087 3941 3265 4011 loquar
3288 3940 3441 4011 vobis

1866 4014 2259 4084 propositiones,
2287 4028 2404 4084 quae
2434 4014 2822 4084 prOpositiones
2845 4022 2893 4065 et
2931 4009 3194 4078 parabolas
3223 4020 3345 4084 sunt
3374 4009 3447 4062 ab

1866 4079 2030 4146 initio,
2062 4083 2111 4138 id
2133 4095 2214 4138 est
2239 4079 2567 4136 sniiittntnra
2604 4082 2773 4137 Veteri
2796 4084 3158 4143 'l'estauiento,
3186 4079 3323 4147 quod
3353 4090 3438 4133 est

1869 4153 2077 4208 initium
2128 4157 2359 4222 ipsarum
2432 4153 2799 4222 parabolaruin
2858 4160 2911 4205 et
2966 4153 3384 4222 propositionum
3422 4167 3442 4203 ι

1868 4224 1990 4277 ﬁnis
2021 4240 2145 4279 vero
2186 4236 2269 4279 est
2308 4223 2510 4278 Novum
2541 4224 2960 4278 Testamentum.
3013 4222 3170 4275 Vetus
3218 4222 3445 4290 quidem

1866 4292 2259 4349 Testamentum
2291 4296 2494 4350 initium
2523 4303 2640 4357 est,
2692 4294 2813 4361 quia
2863 4294 2931 4347 ibi
2973 4301 3097 4346 sunt
3124 4294 3301 4360 signa;
3334 4290 3447 4343 No-r

1866 4379 1990 4418 vum
2018 4380 2145 4419 vero
2174 4366 2244 4418 ﬁn
2271 4381 2319 4432 s,
2352 4366 2473 4435 quia
2508 4365 2575 4419 ibi
2608 4374 2733 4417 sunt
2763 4364 3077 4431 signiﬁcata.
3113 4362 3390 4435 Velaliter
3419 4374 3453 4413 ιν

1868 4435 2051 4503 loquar
2075 4429 2353 4504 parabolas
2371 4429 2427 4489 et
2449 4429 2837 4503 propositiones
2862 4435 3150 4487 existentes
3174 4433 3240 4483 ah
3264 4429 3443 4504 initio,

1870 4501 1972 4559 non
1998 4501 2174 4559 abillo
2204 4508 2377 4571 initio,
2403 4501 2505 4573 quo
2527 4501 2717 4558 ctenim
2748 4514 2801 4556 et
2826 4514 2964 4556 terra
2996 4504 3126 4573 facta
3156 4510 3313 4573 sunt;
3345 4501 3449 4552 sed?

188 4550 379 4620 solitos
417 4575 543 4619 sunt
569 4565 759 4647 secuti,
787 4578 884 4647 nec
914 4573 1099 4647 tamen.
1119 4576 1212 4614 eos
1232 4558 1607 4647 ‘misericordi‘a
1640 4550 1752 4647 D‘ei,

1865 4550 2502 4647 gaiastdi'ai')".si:.aiig
2520 4550 3140 4647 .Ia.;;'¢01;g'.sgas.;ig,
3161 4550 3223 4622 ia
3364 4550 3457 4647 μέν

188 4648 245 4690 ot
274 4652 516 4690 meruere
536 4676 549 4695 .
590 4625 925 4701 disperdidit.
958 4631 1189 4697 Septima
1215 4630 1344 4683 dicit
1362 4629 1628 4694 quomodo
1652 4625 1759 4679 Do-

188 4708 394 4761 minum
432 4705 752 4760 eoncitarint
803 4703 854 4756 iii
887 4703 1135 4765 deserto,
1167 4715 1287 4754 cum
1340 4710 1517 4751 tamen
1548 4704 1765 4763 propter

185 4779 335 4847 ipsos
364 4776 622 4847 Egyptus
645 4774 817 4847 luerit
845 4773 1066 4847 afﬂicta.
1126 4771 1320 4847 Dctava
1352 4768 1764 4847 beneﬁciisLDo-

186 4836 317 4901 mini
349 4836 527 4901 relatis
554 4846 790 4901 Judaicze
821 4841 1190 4895 obstinationis
1219 4839 1375 4906 culpa
1397 4836 1757 4903 subjungitur.

184 4919 336 4973 Nona
367 4917 498 4970 ultio
518 4916 830 4987 gravissima
857 4912 1214 4987 subsequitur,
1239 4911 1307 4962 ita
1344 4916 1412 4987 _ut
1454 4906 1646 4987 populo
1674 4920 1762 4958 ca-

185 4988 393 5057 ptivato
442 4980 840 5057 tabernaculum
894 4982 1071 5057 _S_eloui
1129 4980 1441 5057 alijeceritn
1476 4986 1766 5053 posteaque

184 5047 429 5112 inonteui
486 5057 613 5111 Sion
673 5066 725 5107 ct
780 5052 941 5106 David
986 5047 1304 5118 regein,’de
1358 5047 1511 5116 cujus
1562 5052 1767 5100 semine

183 5130 434 5183 Christus
457 5126 703 5180 salutaris
732 5123 970 5177 medicus
992 5121 1285 5181 adveniret,
1313 5118 1551 5185 elegerit.

770 5224 1197 5270 αοκκεκηιιιυε.

259 5310 538 5374 Attendite,
570 5307 791 5378 populus
820 5301 1167 5378 meus,_lcgem
1185 5315 1374 5378 meam.
1402 5298 1641 5353 Psalmus
1670 5297 1767 5350 iste

187 5384 433 5436 continet
475 5396 538 5435 ea
570 5374 697 5447 quae
738 5380 787 5430 in
838 5374 1006 5429 veleri
1040 5374 1233 5447 populo
1261 5382 1408 5447 gesta
1456 5378 1760 5447 iiarraiitnr.

188 5451 478 5507 Recentior
523 5440 701 5505 autem
753 5458 807 5502 et
859 5440 1381 5514 posteriorgpopiilus
1426 5440 1761 5514 admonetur,

188 5536 248 5576 ut
281 5530 475 5576 caveat
502 5536 569 5576 ne
597 5522 830 5587 ingratus
859 5508 931 5570 sit
979 5508 1251 5587 beneﬁciis
1282 5511 1394 5587 Dei,
1439 5511 1661 5587 ejusque
1704 5508 1764 5587 _i_n

185 5608 248 5648 se
283 5601 536 5661 pmvocet
563 5577 886 5661 iracundiam
912 5627 928 5649 ,
968 5584 1130 5661 cujus
1160 5577 1478 5661 obedienter
1506 5577 1767 5661 et_‘lld’elif

189 5647 465 5717 ter'debi-t
501 5664 773 5728 suscipere
804 5647 1219 5728 misericordiam
1246 5669 1262 5718 ;
1302 5667 1364 5705 ne
1392 5650 1608 5728 (inquit)
1641 5647 1765 5728 ﬁant

186 5736 323 5787 sicut
357 5745 526 5799 patres
554 5717 729 5784 eorum
757 5726 1013 5799 generatio
1065 5717 1254 5799 prava,
1284 5732 1387 5777 etc.
1433 5720 1556 5799 lla-c
1578 5717 1763 5797 psalmi

188 5789 369 5871 liojiis'
398 5803 620 5856 iu'entio
646 5841 659 5861 ,
689 5789 802 5871 haec
829 5798 1044 5871 utilitas,
1067 5789 1173 5847 'liic
1206 5794 1407 5870 fructus
1438 5789 1759 5866 uberrimus.

187 5859 326 5943 Qtiae
355 5882 531 5929 autem
560 5872 611 5927 in
638 5859 846 5937 l’salmo
877 5862 1122 5923 dicuntur
1148 5904 1161 5931 ,
1195 5862 1433 5933 quamvis
1480 5859 1757 5928 perspicua

1865 4636 1971 4717 quo
2016 4636 2282 4700 Abraham
2324 4647 2390 4699 de
2439 4644 2512 4700 Ur
2550 4636 2921 4717 (l'haldzeoiuit'i
2953 4643 3174 4693 eductus
3213 4650 3314 4717 est.
3363 4636 3449 4690 lbi.

1866 4708 2010 4771 enim
2040 4719 2256 4780 inetepit
2287 4718 2399 4769 haec
2446 4714 2812 4782 congregatio,
2844 4722 2898 4766 et
2948 4726 3017 4764 ex
3052 4718 3178 4782 tunc
3227 4708 3446 4782 fuerunt

1870 4778 2255 4853 prepositiones
2284 4798 2338 4839 et
2372 4778 2671 4852 parabolas:
2695 4785 2827 4849 Quid
2858 4791 3034 4853 autem
3068 4781 3177 4833 sint
3210 4778 3441 4853 parabo-

1868 4849 1931 4911 lae
1958 4849 2012 4910 et
2062 4849 2472 4923 prepositioiies,
2518 4854 2629 4923 jam
2673 4867 2836 4920 supra
2885 4851 3217 4923 dictouiest.
3254 4849 3441 4904 Scieti—

1867 4928 1992 4981 dum
2015 4921 2189 4979 autem
2218 4927 2355 4992 quod
2385 4921 2530 4978 idem
2551 4932 2723 4991 potest
2741 4936 2860 4975 esse
2891 4921 3139 4989 parabola
3168 4930 3221 4973 et
3250 4935 3437 4986 propo-

1874 4998 1998 5051 sitio
2044 4999 2258 5048 diverso
2289 5005 2555 5062 respectu.
2605 4992 2734 5045 Nam
2767 4992 2969 5045 scilicet
3009 4992 3336 5062 comparatio
3357 4998 3440 5042 est

1869 5067 2139 5135 parabola,
2167 5061 2457 5120 secundum
2485 5078 2609 5117 vero
2641 5063 2782 5135 quod
2807 5061 3083 5135 aliquidin
3111 5075 3169 5114 se
3196 5064 3434 5135 continet

1869 5132 2086 5206 dignum
2106 5136 2391 5201 solutione,
2422 5143 2506 5206 est
2530 5132 2843 5206 propositio.
2881 5132 2945 5186 Et
2967 5132 3159 5206 dieitur
3187 5132 3435 5206 parabola

1868 5200 2061 5271 et'res,
2092 5221 2211 5276 quae
2238 5206 2327 5260 alii
2365 5205 2441 5260 rei
2479 5200 2783 5270 confertur,
2816 5218 2910 5271 per
2938 5200 3218 5276 qtiaindain
3246 5200 3436 5255 simili-

1872 5272 2132 5340 tudinem,
2164 5286 2219 5331 et
2244 5286 2416 5330 oratio
2435 5290 2553 5345 qua:
2582 5276 2722 5343 ipsas
2748 5290 2833 5328 res
2862 5272 3090 5345 confert.

1943 5349 2148 5411 Quanta
2173 5341 2468 5406 audivimus
2484 5354 2529 5400 et
2551 5341 2875 5414 cognovimus
2897 5360 2978 5396 ea.
2994 5341 3439 5414 lileoloquarpa-

1870 5408 2080 5472 rabulas
2109 5428 2165 5473 et
2194 5408 2631 5485 pr0positiones,'
2654 5421 2775 5480 quia
2808 5428 2903 5467 nos
2936 5414 3097 5485 inulta
3127 5412 3177 5463 in
3207 5408 3432 5485 parabo-

1872 5490 1938 5543 lis
1962 5498 2016 5542 et
2044 5479 2499 5559 propositionibus
2529 5479 2815 5559 audivimus
2840 5483 3150 5559 prophetam
3178 5479 3440 5559 prioribus

1868 5568 1915 5613 et
1940 5554 2266 5629 cognovimus
2295 5573 2353 5609 ea
2378 5558 2656 5629 completa
2698 5554 3105 5629 posterioribus,
3156 5563 3211 5629 et
3250 5557 3440 5620 quanta

1869 5622 2073 5685 inﬁnita
2104 5630 2325 5684 scilicet.
2354 5628 2416 5681 Et
2449 5622 2571 5682 ideo
2598 5622 2717 5679 dico
2746 5624 3065 5688 audivimus,
3095 5622 3215 5691 quia
3244 5630 3431 5691 patres.

1869 5701 1919 5753 id
1951 5709 2053 5762 est,
2088 5699 2291 5765 priores
2319 5699 2478 5751 nostri
2510 5704 2844 5749 narraverunt
2886 5696 3028 5747 nobis
3061 5690 3442 5765 ediattllﬁplll-

1870 5772 1969 5826 ctis
1999 5781 2053 5823 et
2082 5762 2308 5837 scriptis.
2331 5767 2529 5827 Factis,
2556 5770 2694 5820 sicut
2723 5766 2987 5819 Abraham
3022 5765 3071 5817 in
3094 5762 3210 5837 ﬁlii
3229 5762 3434 5837 suiiui-

1872 5830 2344 5911 molatIOite,'.-\bel
2363 5840 2416 5894 in
2441 5846 2612 5895 morte
2637 5851 2730 5894 sua
2756 5876 2771 5907 ,
2798 5844 2851 5893 et
2876 5837 3031 5891 mulli
3061 5834 3150 5890 alii
3172 5830 3435 5887 similiter.
