4010 6190
539 349 645 409 895

1007 348 1211 406 ΒΕῡΕ
1252 344 1703 404 VENERABILIS
1738 344 1889 402 OPP.
1930 342 2107 399 PARS
2146 342 2208 399 Il.
2249 343 2443 401 SEC'I'.
2485 343 2550 399 Il.
2591 376 2659 385 —
2699 343 2905 401 DUBIA
2948 344 3033 399 ET
3075 341 3347 401 SPURIA.

3702 342 3811 397 896

545 465 709 519 Dictis
763 472 813 518 et
855 459 1098 530 scriptis,
1141 460 1279 514 sicut
1321 458 1519 518 Isaias,
1549 467 1603 530 et
1662 456 1753 530 alii
1803 455 2107 524 prophetae;
2142 455 2184 511 Α
2217 460 2675 522 interpretatione.
2737 458 2921 511 Posuit
2972 465 3147 530 tamen
3201 458 3284 510 hic
3314 454 3472 530 etiam
3521 470 3633 511 non
3702 471 3800 522 ter,

550 535 761 598 quidam
791 526 1442 587 etiam'annnntiaverunt
1475 529 1625 581 nobis
1649 526 1812 580 multa
1856 542 1952 595 per
1980 542 2132 583 suam

547 605 959 660 damnationem.

626 674 744 728 Non
764 681 879 726 sunt
909 672 1206 724 orcultataa
1230 670 1355 739 ﬁliis
1375 685 1567 724 eorum.
1599 666 1759 734 Quasi
1788 668 1928 739 dicat
1956 686 1968 720 :
1999 669 2131 733 Quia

552 745 648 805 ipsi
680 753 1009 796 narrarerunt
1038 742 1210 800 nobis.
1243 741 1361 793 ideo
1388 757 1486 793 non
1527 753 1642 791 sunt
1672 738 1892 795 occulta.
1918 740 2011 791 sed
2041 754 2133 794 co-

552 816 694 884 gnita
719 829 736 879 ;
766 814 885 876 quia
908 813 1065 884 etiam
1099 811 1358 884 completa
1392 825 1420 861 a
1443 810 1593 863 nobis
1618 808 1739 884 [iliis
1763 848 1778 869 ,
1814 808 1871 884 id
1900 816 2130 884 esttpo-

554 878 913 937 steriseorum
948 881 1299 935 existentibus
1326 881 1377 933 in
1411 880 1731 949 generatione
1772 878 1977 949 altera,
2004 879 2131 945 Qua:

552 962 637 1006 est
679 954 950 1020 generatio
980 953 1140 1005 altera
1163 993 1179 1016 ,
1226 952 1325 1005 nisi
1365 948 1447 1004 cui
1471 960 1570 1020 est
1598 950 1931 1020 regeneratio
1959 948 2132 1003 facta?

556 1018 729 1078 Altera
764 1039 990 1093 namque
1034 1023 1100 1075 de
1134 1022 1335 1074 duabus
1382 1018 1594 1093 dicitur.
1649 1019 1714 1093 Et
1746 1019 2129 1093 limerespectu

554 1096 784 1149 carnalis
806 1088 921 1157 qnai
946 1093 1219 1160 praecessit
1236 1100 1380 1145 recte
1407 1090 1603 1143 dicitur
1624 1091 1813 1142 altera.
1840 1088 1966 1140 Nota
1989 1090 2131 1157 quod

556 1164 736 1231 Asaph
769 1165 1063 1230 intelligens
1085 1164 1211 1215 dicit
1242 1176 1300 1216 se
1328 1176 1447 1214 esse
1492 1161 1542 1213 in
1569 1161 1921 1231 generatione
1940 1161 2127 1214 altera.

554 1234 868 1302 Quicunque
898 1250 1125 1302 namque
1154 1233 1221 1287 de
1248 1231 1405 1297 priori
1439 1232 1631 1302 populo
1660 1231 1827 1302 legem
1845 1230 2131 1302 spirituali-

556 1314 637 1358 ter
661 1300 1120 1359 intrl‘li-xerunt‘et
1152 1303 1497 1368 impleverunt
1521 1342 1536 1365 ,
1571 1301 1621 1353 in
1667 1300 1763 1353 hac
1788 1315 1980 1368 genera
2010 1301 2130 1357 ioue

556 1374 743 1440 altera,
773 1392 891 1443 qua:
918 1390 1056 1428 nunc
1086 1383 1166 1427 est
1190 1389 1283 1438 per
1308 1373 1485 1443 ﬁdem,
1517 1371 1749 1443 luerunt.

631 1440 913 1499 Narrantes
943 1445 1119 1497 laudes
1147 1444 1375 1496 Domini.
1406 1440 1605 1503 Patres,
1624 1442 1857 1503 inquam,
1884 1456 2131 1494 narrauc—

562 1526 679 1568 rnnt
708 1517 871 1580 nobis,
898 1517 992 1583 ipsi
1027 1516 1146 1566 dico
1170 1522 1434 1565 narrantes
1473 1512 1659 1583 laudes
1685 1510 1915 1583 Domini,
1939 1511 1991 1583 i_d
2022 1522 2125 1578 est,

565 1586 653 1639 illa
678 1587 729 1639 in
761 1578 948 1653 quibus
972 1587 1161 1637 inurito
1192 1584 1445 1636 Dominus
1472 1581 1765 1633 laudandus
1792 1590 1891 1633 est.
1932 1578 1995 1632 Et
2028 1584 2129 1634 vir-

564 1666 693 1709 tutes
716 1652 843 1720 eius,
869 1656 917 1708 id
940 1665 1041 1717 cst,
1060 1667 1111 1707 et
1131 1656 1179 1707 in
1204 1654 1393 1721 quibus
1416 1663 1634 1719 apparet
1663 1661 1889 1719 potentza
1915 1652 2050 1717 ejus,
2075 1659 2129 1705 et

567 1727 823 1779 mirabilia
846 1729 975 1789 eius,
1007 1726 1057 1778 id
1085 1735 1185 1788 est,
1218 1732 1271 1775 et
1295 1738 1412 1788 quae
1438 1723 1611 1788 digna}
1642 1730 1765 1773 sunt
1793 1722 2124 1775 admiranda.

2236 530 2437 584 scilicet
2464 532 2582 599 quia
2616 544 2774 591 grave
2800 532 2983 597 jugnm
3010 570 3023 589 ,
3052 528 3219 590 legem
3256 528 3524 599 rvidelicet
3554 543 3809 596 peccato-

2236 601 2380 655 ribns
2410 598 2679 667 imposuit.
2714 599 2820 651 Lex
2870 601 3025 656 enim.
3060 605 3113 651 ut
3140 599 3212 649 ait
3238 598 3544 659 Apostolus.
3590 616 3692 649 non
3745 608 3818 653 est

2235 673 2399 737 posita
2432 673 2610 742 justis,
2641 677 2725 723 sel
2760 671 2965 740 injustis
2993 711 3007 735 ,
3053 670 3175 738 quia
3201 668 3375 738 justus
3407 684 3508 722 non
3544 670 3646 723 sub
3694 669 3812 738 lege

2232 750 2333 801 est.
2367 744 2461 797 sed
2487 742 2536 795 in
2561 742 2695 809 lege.

2305 813 2508 877 Quanta
2528 811 2783 865 mandauit
2796 811 3044 876 patribus.
3073 811 3367 873 Suscitavit,
3394 810 3630 877 inquam,
3672 813 3813 864 testi-

2233 885 2458 936 monium
2485 892 2532 937 et
2571 885 2736 952 posuit
2767 882 2943 952 legem,
3007 891 3061 933 et
3090 882 3142 934 in
3193 882 3305 949 lege
3352 892 3547 949 quanta
3584 882 3808 945 inﬁnita,

2231 953 2436 1007 scilicet
2470 954 2724 1007 mandavit
2754 952 2981 1023 patribus
3036 953 3241 1011 nostris,
3294 952 3344 1023 id
3392 962 3497 1013 est,
3549 952 3813 1016 prioribus

2232 1025 2427 1077 nostris
2452 1034 2571 1077 nota
2593 1022 2775 1093 facere,
2803 1023 2850 1076 id
2870 1032 2972 1082 est,
2994 1030 3046 1074 nt
3066 1032 3187 1075 nota
3206 1037 3268 1075 ea
3284 1022 3519 1075 facerent
3545 1022 3669 1089 filiis
3689 1025 3813 1084 suis,

2230 1093 2281 1147 id
2311 1103 2413 1159 est,
2464 1095 2688 1159 posteris
2740 1092 2872 1147 suis.
2929 1092 3149 1158 Quidam
3190 1107 3317 1145 vero
3372 1101 3494 1145 nota
3546 1094 3810 1156 fecemnt,

2230 1164 2443 1229 quidam
2472 1181 2597 1217 non.
2618 1164 2692 1217 Illi
2717 1178 2943 1230 namque
2964 1165 3050 1232 qui
3077 1162 3422 1228 spiritualiter
3446 1178 3506 1216 ea
3535 1163 3814 1216 intellexe-

2232 1244 2375 1299 runt,
2406 1244 2459 1288 et
2484 1236 2834 1299 impleverunt
2878 1234 2950 1286 illi
3003 1236 3137 1287 bene
3186 1244 3305 1285 nota
3340 1248 3399 1285 ea
3434 1232 3699 1294 fecerunt,
3721 1235 3810 1286 alii

2230 1319 2357 1358 vero
2387 1321 2483 1361 nec
2527 1314 2906 1373 cognoverunt,
2955 1319 3054 1356 nec
3085 1312 3206 1357 nota
3240 1318 3300 1357 ea
3358 1304 3623 1357 iecerunt.
3659 1304 3811 1367 Nota,

2230 1374 2463 1442 inquam,
2486 1374 2736 1439 lacerent,
2754 1374 2819 1427 ad
2839 1375 2938 1428 hoc
2962 1384 3014 1427 ut
3038 1391 3221 1443 genera
3247 1377 3429 1432 altera.
3459 1374 3507 1426 id
3540 1382 3643 1434 est,
3663 1375 3816 1440 spiriv

2224 1444 2346 1498 talis
2391 1455 2678 1515 cognoscat,
2730 1445 2868 1509 quod
2900 1458 3003 1515 non
3030 1445 3295 1515 cognovit
3352 1445 3496 1509 prior
3537 1447 3812 1511 generatio

2227 1516 2470 1569 carnalis.
2494 1516 2556 1569 Et
2585 1526 2640 1569 ut
2668 1516 2899 1567 sciamus
2916 1514 3039 1582 quid
3064 1524 3217 1568 vocet
3244 1516 3646 1581 generat'ouem
3674 1517 3811 1566 alte-

2228 1600 2364 1647 ram,
2407 1586 2533 1640 dicit
2566 1603 2577 1637 :
2614 1587 2733 1652 quia
2766 1585 2850 1638 illa
2881 1586 3152 1652 generatio
3174 1596 3323 1638 erunt
3350 1584 3449 1651 filii
3479 1585 3555 1637 illi
3577 1587 3668 1652 qui
3697 1602 3816 1636 nas-

2226 1667 2424 1718 centur,
2444 1656 2662 1723 nonjam
2678 1654 3043 1722 corporaliter,
3060 1656 3150 1707 sed
3166 1655 3507 1720 spiritualiter
3520 1664 3574 1707 et
3590 1656 3658 1707 ita
3680 1656 3813 1717 quod

2226 1738 2551 1796 exsurgeret,
2572 1728 2619 1778 id
2644 1734 2745 1789 est,
2768 1740 2871 1791 quo
2892 1725 2902 1774 I
2922 1726 3081 1796 corda
3105 1740 3315 1796 sursum
3336 1725 3398 1776 ad
3423 1736 3619 1777 aeterna
3642 1727 3816 1792 erige-

566 1796 820 1849 Mirabilia
840 1798 956 1848 dico
976 1812 1088 1864 qua:
1111 1796 1248 1863 fecit,
1277 1794 1328 1864 id
1357 1800 1457 1851 est,
1478 1807 1594 1864 qua:
1623 1792 1734 1864 ipse
1751 1800 2001 1857 operatus
2024 1802 2125 1864 est.

2251 1806 2335 1861 ‘et,
2360 1792 2463 1849 non
2496 1812 2624 1849 vero
2646 1796 2709 1848 ad
2740 1805 2947 1848 terrena
3004 1795 3162 1847 veluti
3194 1795 3265 1847 illi
3314 1796 3514 1857 priores
3545 1810 3607 1847 se
3634 1796 3817 1859 deprio

572 1867 823 1917 Eamdem
847 1881 957 1917 rem
981 1860 1175 1931 accipit
1200 1878 1291 1929 per
1317 1861 1430 1914 lia'c
1454 1863 1571 1925 tria,
1598 1860 1825 1931 scilicet,
1852 1863 2133 1931 scrutatio-

571 1951 693 1987 nem
725 1936 1010 1988 testimonii
1039 1930 1545 1988 ct'consecmionem
1594 1930 1747 2000 legis,
1781 1930 1861 1983 vel
1908 1932 2135 1997 positio-

572 2021 715 2068 nem,
746 2006 883 2059 sicut
911 2020 1139 2071 sequens
1170 2017 1353 2056 versus
1385 2000 1574 2053 innuit.
1608 2000 1735 2071 Quae
1767 2002 1848 2054 lex
1881 2001 2135 2057 mirabilis

571 2084 673 2139 est,
705 2064 749 2127 si
776 2090 879 2128 non
902 2064 1188 2128 secundum
1215 2072 1385 2140 signa,
1409 2072 1501 2123 sed
1524 2064 1813 2125 secundum
1839 2070 2137 2141 signiﬁcata

573 2145 883 2209 accipiatur.
914 2146 969 2197 Et
995 2146 1113 2198 ideo
1136 2146 1293 2197 etiam
1318 2141 1598 2205 mirabilis,
1622 2143 1741 2208 quia
1770 2141 1887 2195 illos
1907 2142 1994 2210 qui
2020 2158 2137 2197 eam

570 2215 818 2280 implent,
842 2216 1110 2269 mirabiles
1143 2214 1283 2267 iacit.

649 2284 711 2337 Et
740 2286 994 2340 suscitavit
1019 2286 1357 2337 testimonium
1389 2284 1440 2337 in
1463 2282 1641 2337 Jacob.
1676 2281 1806 2335 Dico
1830 2282 1947 2350 quia
1982 2282 2139 2335 mira-

576 2357 697 2408 Iillia
727 2356 871 2417 fecit,
901 2369 951 2409 et
981 2357 1082 2409 hoc
1103 2356 1223 2409 diro
1250 2367 1465 2421 propter
1494 2353 1875 2408 scrutationem
1902 2354 2143 2406 testimo-

576 2427 646 2479 nii
680 2427 729 2478 in
759 2426 944 2488 Jacob,
988 2438 1035 2480 et
1071 2427 1385 2492 po.~itionetn
1420 2425 1545 2491 legis
1586 2426 1636 2477 in
1674 2422 1855 2476 Israel.
1902 2423 2007 2475 Lex
2043 2439 2141 2475 na-

580 2498 824 2549 turaliter
868 2496 985 2549 data
1010 2505 1092 2550 est
1121 2496 1290 2562 primo
1322 2494 1546 2558 homini,
1574 2492 1785 2561 quando
1832 2494 2032 2545 dictum
2065 2502 2147 2545 est

577 2567 625 2618 ei
656 2583 667 2615 :
698 2566 769 2618 De
792 2568 887 2618 isto
909 2570 1159 2629 comedas,
1195 2566 1256 2617 de
1278 2566 1371 2616 isto
1401 2582 1503 2617 non
1535 2565 1805 2626 comedas;
1836 2563 1928 2615 sed
1954 2562 2034 2615 lex
2061 2564 2144 2616 illa

583 2637 753 2701 sopita
788 2635 878 2688 fuit
921 2637 971 2688 in
1020 2651 1084 2689 eo
1136 2650 1225 2699 per
1264 2634 1675 2687 inobedicntiam
1706 2675 1721 2699 ,
1770 2634 2017 2685 suscitata
2068 2645 2148 2685 est

578 2716 758 2760 autem
810 2714 1014 2773 postea,
1075 2705 1122 2759 id
1172 2715 1252 2758 est
1307 2706 1615 2758 Conﬁrmata
1657 2719 1750 2771 per
1798 2706 2145 2771 Seriptnraut.

589 2775 764 2829 Potest
790 2777 949 2829 etiam
980 2778 1089 2842 ipsa
1120 2775 1392 2842 Scriptura
1427 2773 1818 2840 quodammodo
1841 2774 1941 2826 diei
1968 2774 2148 2827 susci-

582 2853 710 2906 tata,
744 2846 865 2910 quia
888 2846 1022 2899 sicut
1073 2861 1213 2899 mors
1243 2846 1434 2899 dicitur
1466 2846 1678 2910 pallida,
1732 2860 1795 2897 eo
1825 2845 1962 2911 quod
1996 2844 2150 2897 iaciat

585 2916 836 2980 pallidum
864 2935 875 2969 :
912 2920 979 2968 ita
1009 2918 1350 2984 etSt'riptttra
1388 2925 1557 2983 potest
1590 2916 1690 2970 dici
1720 2916 1995 2977 sust-itala,
2026 2916 2148 2983 quia

587 2986 861 3038 suscitavit
889 2996 1183 3053 peccatum.
1214 2987 1361 3050 Quod
1388 2996 1607 3039 testatur
1630 2985 1911 3050 Apostolus
1932 2984 2147 3038 dicens:

596 3053 834 3109 Veniente
860 3058 1113 3120 mandato,
1145 3057 1320 3110 revixit
1359 3066 1635 3124 peccatum.
1694 3053 1989 3107 Nesciebum
2017 3056 2152 3107 enim

583 3126 1042 3195 concupiscentiam
1074 3144 1181 3179 esse
1206 3136 1482 3195 peccatum,
1516 3127 1613 3178 nisi
1644 3125 1725 3178 lea:
1755 3126 1937 3178 diceret
1963 3140 1981 3178 :
2030 3125 2152 3179 Non

587 3198 931 3266 romupisces.
976 3198 1041 3249 Et
1072 3200 1277 3251 videtur
1326 3198 1539 3266 exigere
1604 3196 1795 3257 littera,
1836 3197 1955 3261 quia
1977 3196 2099 3248 dicit
2134 3212 2152 3249 :

592 3265 868 3320 Snscitavit
888 3268 1254 3320 testimonium.
1306 3265 1592 3336 Ipsa’enim
1638 3266 1909 3333 Scriptura
1962 3266 2155 3320 dicitur

593 3337 976 3407 testimonium,
1005 3341 1053 3389 in
1082 3349 1334 3405 quantum
1367 3338 1562 3407 aliquid
1588 3337 1813 3404 probat;
1851 3336 1932 3389 his
1953 3337 2154 3407 quippe

590 3406 798 3469 quando
818 3423 880 3460 ea
912 3408 1145 3475 legitime
1173 3418 1413 3473 utuntur,
1437 3405 1519 3461 est
1548 3407 1906 3462 testimonium
1934 3405 2154 3460 damna-

588 3475 768 3548 tionis.
822 3477 887 3531 Et
923 3479 1165 3548 quamvis
1211 3480 1368 3533 etiam
1424 3479 1655 3547 legitime
1704 3477 1972 3529 utentibus
1997 3478 2151 3531 testi-

588 3547 828 3599 monium
862 3547 952 3601 sit?
982 3550 1328 3611 liberationis,
1372 3559 1545 3603 tamen
1574 3557 1827 3615 quantum
1868 3548 1932 3599 ad
1965 3548 2152 3610 malos,

590 3615 787 3669 dicitur
810 3621 982 3685 potius
1009 3622 1367 3673 testimonium
1401 3637 1415 3673 :
1448 3621 1567 3686 quia
1596 3628 1780 3670 contra
1809 3618 1979 3670 malos
2006 3618 2154 3671 testi-

594 3689 828 3741 monium
882 3690 1112 3743 maxime
1158 3699 1238 3743 est
1291 3689 1673 3744 necessarium.
1724 3686 1924 3740 Dicitur
1968 3688 2152 3742 eadem

592 3755 861 3823 Scriptura
895 3758 1000 3821 lex,
1031 3758 1082 3812 in
1102 3772 1354 3825 quantttm
1374 3760 1615 3828 prohibet
1634 3758 1852 3828 aliquid,
1875 3757 1954 3811 vel
1980 3756 2150 3825 jubet.

597 3828 662 3899 Et
684 3838 857 3893 potest
882 3830 949 3881 ita
978 3830 1077 3899 legi
1108 3845 1290 3883 versus
1311 3827 1432 3895 iste,
1448 3839 1505 3883 ιιι
1534 3843 1627 3898 per
1646 3827 1808 3899 Jacob
1832 3830 2155 3895 accipiamus

596 3898 770 3951 minus
794 3914 951 3969 quam
978 3897 1067 3965 per
1093 3900 1252 3954 Israel
1288 3918 1301 3954 :
1332 3897 1547 3955 scilicet
1576 3913 1669 3967 per
1694 3897 1857 3952 Iacob
1888 3899 2151 3969 intelliga-

599 3984 715 4021 mus
760 3968 1178 4037 proﬁt-iscentes,
1230 3980 1284 4024 et
1331 3970 1618 4024 carnaliter
1668 3968 2155 4037 intelligentes,’et

596 4038 829 4091 nondum
861 4039 1097 4092 videntes
1124 4058 1137 4093 :
1172 4056 1265 4107 per
1296 4041 1452 4095 Israel
1484 4056 1632 4105 vero,
1662 4042 1799 4107 quod
1837 4041 2155 4104 interpreta-

596 4116 683 4160 tur
728 4109 802 4180 vir
830 4109 1003 4180 videns
1035 4109 1217 4180 Deum,
1267 4110 1625 4180 ituelligamus
1672 4110 2057 4180 pervenientes,
2098 4107 2153 4162 id

594 4187 699 4247 est,
730 4178 887 4231 saluti
939 4179 1249 4244 viciniores,
1280 4189 1335 4234 et
1381 4178 1725 4247 spiritualiter
1774 4178 2147 4247 intelligentes.

595 4245 722 4299 Item
758 4263 848 4313 per
879 4250 1239 4303 testimonium
1280 4245 1457 4303 minus
1483 4264 1639 4317 quam
1672 4264 1765 4315 per
1794 4245 1963 4317 legem
2002 4251 2151 4301 aeei-

596 4317 820 4383 piatnus,
852 4320 971 4382 quia
994 4319 1179 4374 eadem
1216 4322 1366 4385 Serip
1392 4336 1484 4373 ora
1500 4320 1706 4387 dignior
1732 4329 1811 4372 est
1843 4321 1892 4370 iu
1920 4336 1984 4371 co
2013 4317 2151 4387 quod

596 4388 677 4440 lex
702 4398 801 4447 est,
832 4402 988 4456 quant
1030 4393 1080 4442 in
1111 4406 1176 4445 eo
1205 4391 1344 4459 quod
1374 4389 1753 4443 testimonium.
1806 4388 1905 4441 Per
1931 4392 2146 4441 suscita-

591 4458 661 4530 uit
687 4474 897 4530 quoque
951 4459 1125 4514 minus
1181 4458 1335 4530 quam
1368 4476 1461 4528 per
1524 4459 1723 4512 Posuit.
1779 4460 1844 4512 Iit
1898 4460 2147 4512 dicatur:

592 4528 879 4581 Suscitavit
912 4530 1165 4584 Dominus
1200 4528 1528 4599 Scriptorum
1580 4530 1727 4596 legis,
1757 4540 1811 4581 nt
1837 4539 1977 4599 esset
2008 4532 2155 4581 testi-

596 4601 828 4651 monitnn
860 4600 1238 4665 damnationis,
1288 4598 1494 4660 seilicct
1547 4600 1599 4652 in
1630 4599 1815 4662 Jacob,
1862 4598 1913 4651 id
1967 4609 2067 4661 est,
2102 4601 2151 4652 in

595 4670 994 4733 proﬁcientibus
1023 4682 1249 4733 tantum,
1275 4688 1379 4726 non
1410 4670 1857 4739 pervenientibus.
1883 4667 1946 4721 Et
1978 4673 2155 4736 posuit

591 4742 832 4793 eatudem
864 4741 1186 4809 Scripturam
1218 4742 1270 4797 in
1307 4744 1474 4809 legem
1505 4741 1685 4800 Israel.
1723 4740 1772 4792 id
1804 4748 1903 4803 est,
1938 4749 1992 4790 ut
2018 4749 2160 4793 esset

597 4810 699 4873 les,
729 4810 777 4863 id
808 4822 908 4872 est,
952 4814 1257 4879 prohibitio.
1310 4812 1538 4867 Attende
1585 4811 1721 4877 quod
1754 4810 1838 4861 hic
1870 4811 2054 4874 posuit,
2086 4810 2156 4863 ibi

592 4881 873 4934 sttscitavit.
912 4882 1085 4937 I’osita
1112 4885 1338 4949 esl,quia
1361 4884 1413 4936 in
1441 4883 1554 4934 istis
1583 4883 1801 4933 ﬁrmiter
1818 4890 1899 4932 est.
1932 4895 1942 4929 :
1973 4881 2041 4932 ibi
2068 4896 2158 4933 γε·

596 4961 657 5000 r0
672 4960 868 5001 tantum
884 4958 1156 5018 suscitata,
1188 4956 1235 5005 id
1264 4964 1368 5014 est,
1390 4967 1573 5021 parum
1603 4963 1869 5003 commota
1899 4951 2013 5021 luit,
2039 4955 2156 5019 quia

593 5033 698 5070 non
723 5021 940 5074 lirmiter
966 5026 1045 5076 eis
1068 5025 1298 5077 inhaesit.
1327 5020 1467 5076 litin
1514 5022 1627 5074 istis
1651 5021 1808 5088 digne
1849 5031 1930 5074 est
1957 5020 2037 5073 lex
2062 5059 2076 5083 ,
2110 5021 2158 5074 id

589 5097 696 5167 est,
725 5089 1028 5158 prohibitio,
1060 5097 1182 5163 quia
1232 5110 1333 5146 non
1372 5101 1575 5167 tantum
1607 5103 1848 5167 cessatur
1869 5105 1899 5143 a
1930 5092 2161 5167 peccatis

591 5161 781 5232 timore
818 5176 1003 5226 pinnae,
1055 5161 1148 5219 sed
1188 5179 1372 5218 amore
1395 5163 1634 5232 justitite.
1663 5161 1895 5229 Uterque
1941 5164 2163 5214 enimet

589 5229 679 5303 qui
713 5231 901 5303 timore
932 5250 1123 5298 pinnae,
1184 5246 1237 5287 et
1288 5229 1607 5303 qui'amore
1641 5232 1858 5303 justitia:
1883 5247 1910 5282 a
1945 5232 2082 5303 furto
2106 5248 2162 5285 se

587 5300 840 5365 abstinet,
884 5303 1036 5357 habet
1062 5300 1321 5359 similem'
1349 5320 1582 5368 manum,
1616 5302 1709 5357 sed
1776 5318 1877 5353 non
1934 5302 2160 5355 similem

586 5372 841 5427 animum.
872 5374 1077 5430 Similes
1101 5378 1242 5431 enim
1262 5386 1379 5428 sunt
1404 5376 1454 5428 in
1484 5372 2080 5441 opere,scddissimiles
2113 5374 2161 5424 in

588 5444 878 5499 voluntate.
901 5447 1075 5500 Potest
1095 5449 1253 5502 etiam
1282 5449 1365 5500 Inc
1390 5446 1524 5499 idem
1544 5460 1729 5497 versus
1756 5442 2062 5508 simpliciter
2080 5460 2163 5495 ex-

589 5514 735 5578 Wni,
756 5524 807 5566 ut
838 5530 929 5581 per
952 5516 1116 5570 Jacob
1146 5530 1197 5571 et
1218 5518 1374 5572 Israel
1403 5526 1456 5571 et
1498 5530 1590 5581 per
1635 5515 1800 5581 legem
1832 5523 1884 5564 et
1928 5515 2164 5565 testimo-

587 5584 752 5655 nium,
775 5586 909 5638 idetn
934 5590 1253 5655 accipiamus
1277 5590 1374 5642 hoc
1399 5588 1583 5640 modo:
1607 5584 1881 5637 Suscitavit
1914 5583 2164 5655 Dominus

587 5654 923 5721 testimonium
943 5668 996 5708 ιιι
1014 5652 1155 5711 esset
1182 5663 1231 5713 in
1253 5658 1430 5721 Jacob,
1454 5659 1503 5711 id
1517 5666 1621 5717 est,
1643 5657 1692 5708 in
1714 5658 1904 5721 populo
1923 5652 2160 5708 Jndairo.

587 5720 803 5800 lituum
836 5736 985 5800 vocet
1019 5732 1374 5783 testiinonium
1420 5720 1662 5800 exponit
1693 5720 1875 5800 dicens
1910 5741 1945 5800 :_
1970 5722 2036 5774 Et
2068 5742 2161 5800 po-

583 5792 683 5841 suit
719 5792 875 5860 lrgcm
928 5797 978 5848 in
1034 5801 1218 5854 lsracl.
1274 5800 1437 5855 Israel
1491 5792 1803 5867 Supplicich
1837 5793 2016 5865 accipe
2047 5795 2160 5852 sine

2236 1878 2464 1923 merent.
2497 1868 2559 1920 Et
2588 1865 2671 1920 isti
2698 1866 2857 1919 etiam
2908 1867 3187 1917 narrabunt
3228 1866 3363 1917 veris
3415 1864 3537 1929 ﬁliis
3588 1866 3718 1926 suis,
3767 1865 3816 1917 id

2238 1946 2340 1998 est,
2384 1936 2737 1989 imitatoribus
2790 1934 2909 1987 ﬁdei
2941 1951 3080 1992 suae.
3118 1936 3216 1987 hor.
3266 1936 3486 1995 scilicet,
3519 1944 3571 1984 nt
3628 1942 3820 2001 ponant

2241 2007 2325 2058 isti
2356 2007 2485 2060 sicut
2516 2017 2571 2061 et
2599 2006 2670 2059 illi
2699 2008 2751 2058 in
2810 2005 2913 2057 Deo
2935 2021 3075 2073 spem
3119 2022 3287 2064 sitam,
3317 2004 3363 2056 id
3409 2014 3509 2066 est,
3546 2013 3602 2056 ut
3652 2007 3823 2058 nolint

2240 2085 2459 2129 statuere
2476 2077 2729 2145 justitiam
2751 2092 2916 2133 suam,
2944 2085 2987 2127 et
3004 2076 3221 2145 justitia:
3248 2074 3338 2126 Dei
3355 2092 3452 2126 non
3508 2091 3613 2128 esse
3643 2076 3820 2145 subje-

2242 2148 2347 2208 cti;
2400 2143 2494 2201 sed
2527 2156 2725 2199 tantum
2763 2158 2975 2207 sperent
3007 2143 3072 2196 in
3117 2143 3319 2212 jnstitia
3372 2146 3483 2205 Dei,
3546 2146 3664 2211 quia
3731 2143 3823 2207 per

2238 2215 2496 2281 justitiam
2543 2216 2798 2269 factorum
2845 2216 3017 2267 nullus
3056 2217 3360 2279 salvabilur,
3396 2216 3486 2267 sed
3535 2232 3625 2281 per
3648 2216 3820 2267 Solam

2241 2286 2493 2353 justitiam
2524 2287 2661 2339 ﬁdei.
2714 2287 2777 2338 Et
2816 2285 3103 2337 narrahint
3154 2288 3312 2337 etiam
3360 2286 3435 2337 eis
3466 2297 3517 2338 nt
3570 2286 3824 2337 nouobli-

2246 2358 2503 2409 t‘iscantur
2532 2372 2739 2423 operum
2772 2354 2883 2415 Dei,
2927 2355 2978 2407 id
3007 2365 3107 2415 est,
3142 2370 3207 2409 ne
3253 2356 3357 2407 sint
3402 2357 3589 2419 ingrati
3622 2356 3825 2407 beneﬁ—

2246 2428 2341 2481 ciis
2401 2428 2525 2493 Dei,
2584 2437 2637 2480 et
2691 2442 2785 2478 sua
2840 2441 3000 2491 Opera
3054 2426 3427 2491 tuagnilicent,
3482 2427 3584 2478 imo
3634 2427 3832 2476 oblivio

2248 2508 2462 2549 scaulnr
2528 2512 2745 2549 suornnt
2813 2512 3031 2561 operum
3070 2536 3083 2557 ,
3151 2508 3203 2547 et
3268 2497 3602 2562 tuaguilicent
3660 2510 3830 2558 Opera

2253 2568 2339 2618 Dei
2375 2579 2553 2620 utnon
2589 2577 2879 2635 provocent
2908 2569 3021 2629 ejus
3046 2565 3393 2628 iracundiam,
3425 2567 3515 2618 sed
3545 2568 3837 2619 Concilient

2252 2638 2693 2691 misericordiam.
2749 2635 2811 2689 Et
2851 2636 3114 2699 acquirunt
3148 2636 3265 2688 data
3290 2636 3405 2704 ejus
3432 2637 3827 2697 misericordia,

2252 2723 2354 2759 non
2389 2718 2587 2761 tantum
2632 2710 2697 2759 ad
2770 2708 3061 2766 sciendum,
3092 2707 3181 2757 sed
3212 2707 3276 2759 ad
3328 2708 3642 2760 l'acienlum.
3679 2705 3831 2769 Ilzec,

2253 2775 2487 2844 inquam,
2518 2780 2693 2830 omnia
2739 2777 2959 2835 faciant,
3008 2793 3070 2829 ne
3106 2777 3228 2842 ﬁant
3278 2778 3665 2830 abomindiiles
3696 2777 3831 2835 Deo,

2252 2848 2382 2900 sicut
2422 2849 2661 2901 carnales
2708 2857 2873 2915 patres
2920 2864 3118 2899 eorum.
3172 2847 3306 2913 Qui,
3355 2848 3555 2900 scilicet
3587 2888 3602 2910 ,
3653 2857 3835 2915 patres

2254 2916 2464 2971 fuerunt
2495 2920 2749 2987 generatio
2792 2935 2943 2984 prava
2989 2928 3035 2970 et
3085 2934 3393 2985 exasperans
3444 2920 3634 2976 Deum,
3690 2926 3751 2969 et
3784 2918 3832 2967 in

2256 3002 2361 3055 quo
2386 2999 2559 3043 essent
2590 2991 2845 3058 generatio
2868 3005 3023 3057 prava
3048 2988 3195 3050 dlCIl,
3230 2989 3456 3049 scilicet,
3492 2989 3545 3039 in
3576 2991 3675 3039 hoc
3704 2988 3833 3052 quia

2260 3058 2469 3111 fuerunt
2496 3061 2717 3113 distorta
2740 3060 3032 3126 generatio,
3064 3074 3173 3124 qua:
3200 3074 3299 3110 non
3326 3058 3511 3109 direxit
3538 3074 3626 3110 cor
3651 3072 3830 3107 suum.

2180 3158 2227 3220 ο
2261 3128 2511 3220 Ille-cnim
2538 3130 2844 3220 non-dirigit
2865 3132 3280 3220 COI'.SUlIlIl,.t|IIll
3306 3128 3444 3191 quod
3468 3143 3634 3220 praue.
3661 3126 3833 3220 inte:-

2259 3199 2371 3267 ligit
2433 3215 2537 3253 non
2601 3195 2861 3268 corrigit,
2926 3208 2979 3251 et
3040 3199 3180 3267 quod
3267 3199 3401 3251 bene
3468 3198 3713 3261 intelligit
3779 3195 3833 3249 in

2255 3279 2432 3322 aetum
2497 3287 2600 3323 non
2666 3269 2922 3336 perducit.
2994 3270 3057 3321 Et
3129 3272 3178 3322 in
3237 3270 3335 3322 hoc
3395 3269 3494 3321 fuit
3557 3277 3839 3335 generatio

2257 3339 2344 3393 illa
2391 3355 2734 3407 eanperans,
2787 3340 2912 3407 quia
2942 3339 3148 3406 spiritus
3188 3340 3296 3406 ejus
3351 3356 3451 3391 non
3482 3349 3556 3392 est
3606 3338 3837 3389 creditus

2254 3424 2368 3462 cum
2402 3409 2522 3474 Deo,
2558 3410 2605 3463 id
2630 3420 2732 3476 est,
2771 3410 2890 3478 qiiia
2924 3425 3027 3462 non
3079 3410 3261 3461 habuit
3310 3409 3488 3474 ﬁdem,
3522 3423 3642 3475 qua:
3697 3407 3836 3460 ﬁdes

2256 3479 2479 3547 imperat
2503 3481 2639 3548 quod
2673 3482 2753 3533 lex
2806 3481 3048 3547 imperat.
3107 3481 3237 3531 Cum
3270 3482 3411 3532 enim
3465 3478 3686 3541 Spiritus
3738 3478 3835 3530 Dei

2254 3560 2568 3617 cooperatur
2589 3551 2792 3617 Spiritui
2821 3561 3023 3611 nostro,
3058 3558 3180 3602 tunc
3218 3550 3356 3617 quod
3389 3551 3470 3602 lex
3506 3550 3679 3615 jubet,
3725 3548 3838 3597 im-

2257 3620 2428 3685 pletur
2456 3638 2470 3685 ;
2514 3622 2650 3681 quod
2681 3619 2793 3673 ﬁeri
2844 3620 3023 3684 nequit
3056 3622 3152 3673 nisi
3184 3618 3453 3673 credendo
3486 3619 3539 3671 in
3566 3635 3631 3670 eu
3660 3634 3689 3667 ιι
3734 3619 3833 3686 qui

2252 3689 2507 3758 justiﬁcat
2538 3691 2777 3756 impium.
2834 3690 3037 3743 Ilabere
3085 3699 3260 3742 autem
3290 3689 3532 3756 Spiritum
3560 3688 3833 3740 creditum

2255 3776 2376 3813 CUm
2413 3762 2539 3826 Deo,
2572 3770 2653 3814 est
2680 3762 2900 3816 credere
2925 3761 2991 3813 ad
3019 3760 3227 3826 aliquod
3253 3760 3447 3813 bonum
3478 3774 3609 3820 Opus
3631 3772 3689 3808 se
3721 3773 3837 3810 non

2256 3830 2502 3885 sufﬁcere
2532 3834 2647 3884 sine
2676 3831 2864 3897 spiritu
2897 3830 2987 3884 Dei
3010 3839 3346 3895 cooperante.
3380 3830 3445 3881 Et
3475 3828 3506 3880 ιι
3531 3844 3574 3879 »ο
3597 3836 3681 3880 est
3702 3843 3830 3897 cre-

2255 3900 2381 3953 dere
2407 3900 2457 3953 in
2489 3901 2672 3965 Deum,
2695 3896 2793 3953 hoc
2810 3910 2892 3954 est
2919 3900 3073 3953 ﬁdem
3101 3900 3315 3963 habere,
3350 3899 3398 3951 id
3422 3910 3526 3963 est,
3556 3896 3837 3951 credendo

2257 3970 2362 4022 Deo
2392 3972 2698 4033 adhaerere,
2729 3972 2861 4023 bona
2892 3971 3131 4036 aperanti
3154 3970 3217 4021 ad
3253 3972 3385 4023 bene
3411 3967 3839 4036 coiiperandum.

2255 4039 2332 4092 Illi
2384 4055 2559 4095 autem
2606 4058 2708 4093 non
2739 4041 3035 4095 habuerunt
3065 4040 3307 4108 Spiritum
3334 4053 3488 4093 suum
3542 4039 3841 4101 creditum,

2255 4110 2303 4163 id
2330 4120 2431 4176 est,
2462 4113 2805 4165 commissum
2849 4126 2969 4166 cum
2999 4112 3126 4171 Deo,
3178 4126 3299 4163 cum
3344 4125 3449 4178 quo
3489 4108 3735 4175 quisquis
3785 4108 3839 4162 ei

2252 4179 2486 4234 adlueret
2518 4198 2653 4235 unus
2682 4183 2899 4248 spiritus
2944 4181 3192 4240 efﬁcitur,
3243 4180 3365 4248 quia
3418 4187 3743 4248 putat-erunt
3772 4192 3841 4231 se

2252 4251 2315 4302 ad
2371 4250 2623 4315 justitiam
2655 4254 2919 4315 sulllcere,
2976 4252 3092 4304 sine
3122 4252 3313 4315 spiritu
3350 4250 3441 4302 Dei
3475 4259 3831 4314 cooperante.

2326 4321 2449 4374 Filii
2477 4321 2715 4383 Ephrem.
2742 4322 2900 4386 Quasi
2929 4321 3067 4374 dicat
3097 4338 3107 4372 :
3140 4321 3251 4373 Non
3279 4321 3453 4373 solum
3480 4320 3719 4370 minores
3748 4319 3837 4370 in-

2255 4400 2336 4443 ter
2360 4394 2474 4444 illos
2503 4398 2709 4444 luerunt
2732 4407 2890 4459 prava
2915 4393 3189 4457 generatio
3211 4434 3223 4453 ,
3252 4391 3343 4443 sed
3370 4400 3422 4443 et
3442 4389 3540 4455 ﬁlii
3569 4386 3834 4459 Ephrem,

2257 4461 2307 4513 id
2338 4472 2450 4527 est,
2480 4477 2509 4514 a
2543 4458 2739 4526 quibus
2774 4462 3002 4514 maxime
3032 4460 3345 4527 sperabatur
3376 4460 3569 4511 bonum
3594 4501 3609 4518 ,
3650 4465 3711 4527 et
3740 4458 3841 4523 qui

2260 4532 2382 4585 aliis
2410 4525 2608 4600 praelati
2640 4541 2813 4598 erant,
2846 4533 2987 4586 sicut
3016 4525 3245 4598 Ephrem
3280 4530 3525 4600 prtelatns
3555 4528 3644 4579 iuit
3675 4525 3843 4581 fratri

2262 4618 2357 4653 suo
2383 4599 2569 4671 majori
2596 4603 2647 4656 in
2672 4602 3042 4655 benedictione
3064 4602 3145 4653 avi
3168 4600 3255 4671 sui
3283 4599 3467 4671 Iacob.
3488 4599 3544 4671 In
3566 4611 3666 4671 qua
3699 4613 3846 4665 pne~

2261 4669 2619 4738 latione’quid
2661 4673 2801 4725 aliud
2840 4672 3116 4726 videbatur
3146 4670 3214 4723 de
3257 4671 3371 4735 ipso
3403 4669 3652 4738 Ephraint
3710 4684 3849 4734 prn-

2263 4742 2475 4796 mittere
2498 4737 2686 4809 Jacob,
2715 4758 2870 4809 quam
2899 4744 3145 4795 virtutem
3172 4749 3227 4794 et
3247 4757 3403 4793 omne
3430 4737 3660 4793 bonum?
3680 4738 3848 4809 iNihil

2265 4813 2460 4880 utique.
2493 4812 2557 4865 Et
2583 4812 2701 4865 ideo
2734 4808 2833 4879 lilii
2869 4812 3114 4879 Ephraim
3150 4812 3377 4877 positum
3405 4819 3485 4863 est
3516 4810 3597 4861 hic
3624 4808 3695 4860 ad
3740 4808 3849 4860 de-

2262 4882 2575 4945 signandum
2611 4884 2727 4935 illos
2772 4884 2838 4935 de
2880 4884 3073 4950 quibus
3120 4881 3310 4935 melius
3348 4880 3691 4945 sperabatur,
3742 4882 3843 4950 qui

2264 4960 2438 5004 tamen
2481 4953 2601 5005 lacti
2634 4964 2755 5005 sunt
2804 4949 2959 5019 prava
3005 4954 3315 5021 generatio;
3365 4950 3502 5019 quod
3534 4959 3643 5021 tam
3694 4949 3851 5021 aecif

2266 5021 2514 5090 piendum
2548 5034 2627 5075 t'Sl
2672 5026 2721 5074 in
2754 5024 2854 5075 hoc
2899 5019 3179 5089 posteriori
3207 5063 3221 5084 ,
3254 5035 3407 5085 quam
3446 5022 3499 5073 in
3530 5020 3618 5072 illo
3654 5019 3849 5090 priori

2265 5087 2483 5159 populo.
2518 5091 2584 5144 Et
2612 5093 2658 5143 in
2688 5108 2791 5160 quo
2823 5087 2981 5145 etiam
3017 5093 3066 5143 hi
3099 5092 3209 5143 sint
3248 5105 3404 5159 prava
3436 5087 3711 5159 generatio
3747 5103 3848 5139 os—

2267 5162 2479 5215 tendit:
2512 5177 2630 5229 quia
2683 5164 2830 5229 quasi
2876 5163 3193 5216 intendentes
3225 5176 3438 5223 arcum,
3491 5169 3537 5213 et
3584 5161 3850 5229 mittentes

2267 5248 2372 5284 non
2404 5227 2582 5286 :ircuin
2610 5276 2623 5297 ,
2656 5227 2746 5286 sed
2775 5250 2832 5283 ea
2866 5248 2984 5300 quae
3016 5235 3391 5299 promittuntur
3420 5245 3547 5282 art-u
3570 5270 3584 5290 ,
3626 5227 3675 5300 id
3712 5241 3805 5280 est
3831 5270 3847 5296 ,

2267 5304 2414 5367 quasi
2444 5304 2604 5354 artnis
2633 5302 2697 5355 ad
2732 5299 2923 5355 bellum
2956 5301 3307 5370 pimludetttes
3332 5340 3346 5362 ,
3372 5301 3422 5351 in
3451 5302 3532 5351 die
3558 5299 3672 5350 belli
3712 5314 3851 5350 con-

2267 5374 2394 5424 rcrsi
2428 5382 2582 5437 sunt,
2618 5373 2665 5424 id
2699 5382 2777 5423 est
2804 5412 2818 5433 ,
2852 5385 3089 5438 tempore
3131 5373 3436 5424 certaminis
3476 5373 3527 5422 in
3576 5372 3742 5433 pedes
3791 5384 3855 5421 se

2266 5444 2543 5496 dederunt.
2596 5442 2744 5508 Quod
2775 5456 2854 5494 est
2897 5446 3075 5495 dicere
3109 5460 3120 5493 :
3154 5442 3481 5494 Sunulabant
3523 5454 3653 5507 opus
3709 5438 3857 5506 legis

2268 5514 2526 5578 exterius,
2551 5513 2688 5580 quod
2714 5530 2816 5563 non
2842 5514 3087 5564 amabant
3115 5512 3355 5571 interius,
3383 5510 3629 5562 dixerunt
3652 5523 3851 5580 cuitu:

2271 5579 2593 5649 ancultque
2624 5583 2918 5649 pratcepcrit
2964 5581 3103 5635 nobis
3137 5581 3412 5642 Dominus,
3458 5581 3725 5647 faciemus.
3788 5579 3863 5631 Et

2271 5654 2400 5707 nihil
2434 5661 2605 5706 tamen
2640 5652 2758 5704 inde
2791 5656 3047 5713 leCeruut,
3077 5660 3133 5704 et
3162 5651 3237 5704 sic
3273 5655 3421 5719 quasi
3454 5660 3688 5717 tempore
3725 5664 3861 5701 cer-

2272 5723 2481 5776 taminis
2515 5734 2808 5777 cesserunt.
2855 5723 3111 5776 Similiter
3140 5722 3378 5789 quisquis
3410 5738 3545 5773 nunc
3572 5720 3698 5773 dicit
3742 5719 3867 5770 Do-

2274 5794 2426 5865 utine,
2451 5792 2682 5862 Domine,
2699 5803 2748 5849 ct
2767 5794 2816 5848 in
2837 5802 3072 5861 tempore
3090 5791 3622 5855 tcntatiootsreccdtt,
3648 5804 3755 5844 nec
3779 5792 3868 5845 la-
