4010 6190
191 362 295 417 807

822 363 884 417 ΙΝ
929 364 1346 422 Ρειιιιοιιυιι
1391 365 1647 423 LIBRUM
1695 363 2050 421 EXEGESIS.
2095 396 2160 404 -—-
2202 365 2444 422 i’SALM.
2491 368 2745 424 LXXVII.

3335 376 3440 429 898

184 484 254 534 (τη
287 495 407 545 qum
434 479 988 547 prmcipittntttr.qttasi
1016 481 1175 536 indie
1201 482 1320 535 belli
1353 482 1759 537 cedit.Promis-
1795 481 1838 537 Α
1867 488 1923 532 ει
1960 480 2126 551 ﬁdem
2170 482 2526 551 susvipiurus,
2579 487 2806 540 traducit
2858 501 2952 540 nos
3001 489 3050 541 in
3096 491 3435 548 securitatem

183 554 391 604 sionem
436 551 576 602 enim
624 550 943 602 ohedientia:
994 567 1098 605 rion
1147 554 1337 621 probat
1387 554 1621 616 auditio,
1670 551 1761 605 sed

185 631 431 673 lCttanO.

260 690 383 743 Non
410 688 755 742 custodierunt
783 700 1139 744 testamentum
1166 691 1277 745 Dei.
1302 690 1467 744 Causa
1498 701 1578 744 est
1604 706 1765 757 quare

182 760 239 813 in
270 761 356 812 die
382 760 498 813 belli
522 760 747 812 conversi
778 771 918 830 sunt,
949 761 1091 821 ideo,
1120 763 1345 824 scilicet,
1380 764 1497 830 quia
1523 777 1623 814 non
1650 778 1765 813 cus-

182 832 435 884 todierunt
448 838 796 882 testamentum
811 828 926 893 Dei,
946 831 995 883 id
1012 841 1112 896 εει,
1131 848 1232 884 non
1257 845 1302 883 at
1315 828 1592 884 tenderunt
1613 846 1766 885 veras

186 909 244 954 et
271 911 497 953 aeternas
528 899 908 968 promissiones
940 902 1052 964 Dei,
1088 917 1186 953 nec
1208 903 1623 956 observaverunt
1648 916 1759 966 eas,

184 972 279 1023 sed
313 970 465 1023 vilius
491 970 761 1041 quiddam,
797 970 846 1022 id
877 980 958 1023 est
989 982 1195 1024 terrena
1228 971 1537 1041 elegerunt,
1569 981 1614 1024 et
1642 972 1762 1038 quia

184 1042 455 1094 noluerunt
485 1038 745 1111 ambulare
770 1040 823 1092 in
855 1042 962 1109 lege
988 1042 1120 1111 ejus,
1156 1042 1207 1094 id
1239 1038 1342 1103 est,
1372 1043 1494 1095 etsi
1525 1042 1762 1111 quando-

186 1126 290 1178 que
320 1110 517 1176 aliquid
550 1111 617 1162 de
655 1109 769 1176 lege
797 1109 1148 1164 servaverunt
1174 1152 1190 1173 ,
1236 1127 1339 1165 non
1388 1112 1486 1165 hoc
1517 1110 1756 1164 fecerunt

187 1196 252 1233 ex
287 1181 555 1233 voluntate
585 1180 743 1243 bona,
762 1179 856 1232 sed
892 1180 1092 1234 timoris
1118 1183 1413 1235 coactione.
1440 1179 1506 1233 Et
1537 1193 1761 1249 praeter-

184 1265 249 1304 ea
306 1251 445 1302 obliti
492 1260 607 1303 sunt
633 1250 1015 1320 benefactorum
1039 1253 1151 1319 ejus
1171 1293 1185 1312 ,
1219 1253 1267 1304 id
1297 1260 1415 1317 est,
1451 1252 1640 1320 ingrati
1671 1268 1760 1304 ex-

184 1322 439 1373 Slilertlttl
484 1319 753 1372 beneﬁciis
798 1320 887 1372 Dei
932 1322 1031 1373 sibi
1070 1321 1320 1384 collatis;
1364 1330 1411 1375 et
1450 1322 1598 1374 obliti
1642 1330 1763 1374 sunt

187 1392 497 1442 mirabilium
527 1390 666 1460 ejus,
695 1404 806 1457 qua:
852 1392 1066 1442 ostendit
1097 1392 1167 1444 eis
1191 1436 1205 1457 ,
1238 1392 1286 1444 id
1318 1400 1398 1444 est
1422 1433 1436 1453 ,
1478 1406 1655 1445 coram
1684 1395 1763 1444 eis

185 1461 331 1514 tecit.
382 1460 640 1513 Mirabilia
682 1459 873 1527 accipit
911 1462 1047 1513 mala
1074 1502 1089 1525 ,
1133 1477 1248 1525 quze
1290 1462 1530 1515 hostibus
1574 1477 1759 1515 eorum

184 1530 446 1583 exhibuit.
480 1529 603 1583 Ideo
632 1529 754 1583 dico
779 1530 925 1583 obliti
953 1540 1070 1583 sunt
1104 1531 1436 1594 mirabilium,
1470 1531 1588 1595 quia
1616 1533 1760 1584 fece-

184 1610 311 1653 runt
339 1600 579 1667 quaedam
626 1598 883 1653 mirabilia
916 1615 1095 1653 coram
1134 1602 1373 1669 patrihus
1403 1615 1608 1655 eorum.
1658 1601 1759 1654 Pa-

186 1680 296 1722 tres
321 1670 512 1736 accipit
543 1670 625 1722 hic
653 1685 757 1741 non
789 1671 909 1723 illos
935 1670 1042 1741 qui
1072 1670 1285 1741 (uerunt
1315 1673 1574 1741 generatio
1601 1686 1757 1738 prava

185 1750 231 1791 et
260 1755 568 1805 exasperatis
590 1780 604 1803 ,
650 1740 717 1792 ιιι
737 1741 912 1809 prius;
953 1739 1045 1810 sed
1080 1740 1294 1810 Moysen
1318 1739 1378 1795 et
1420 1741 1596 1810 Aaron
1623 1782 1636 1802 ,
1670 1742 1756 1808 qui

188 1821 365 1878 patres
382 1810 673 1885 dicuntur,
704 1823 755 1885 ει
820 1809 1236 1885 causa_ho_t_roris
1266 1818 1375 1885 ,het
1405 1809 1756 1885 similitudine
1787 1828 1833 1885 Β

192 1895 354 1933 ειη-αι.
382 1879 527 1934 Licet
550 1879 690 1932 enim
716 1878 969 1932 Dominus
994 1880 1046 1932 in
1081 1880 1365 1947 Evangelio
1387 1880 1580 1932 dixerit
1609 1897 1621 1931 :
1650 1878 1758 1933 No-

186 1949 274 2002 lite
301 1951 437 2001 robis
461 1965 637 2003 vocare
664 1959 856 2018 patrem
884 1965 1037 2015 super
1066 1960 1273 2013 terram,
1315 1964 1419 2002 non
1453 1959 1627 2003 tamen
1659 1964 1756 2003 vo-

182 2019 285 2072 luit
336 2021 546 2073 auferre
599 2023 696 2070 hoc
756 2034 949 2072 nonren
996 2034 1023 2071 a
1072 2020 1456 2074 consuetudine
1511 2020 1758 2073 humana:

183 2088 491 2157 locutionis,
523 2089 614 2143 sed
659 2088 709 2142 id
739 2089 907 2142 volrrit
936 2100 992 2142 ut
1024 2089 1244 2158 gratiam
1285 2089 1575 2155 spiritualis
1607 2105 1758 2158 rege-

192 2161 488 2212 nerationis
514 2174 615 2212 non
649 2156 1047 2211 ascriberemus
1067 2156 1221 2211 alicui
1250 2160 1513 2212 sanctitati
1548 2159 1633 2212 vel
1662 2156 1754 2224 po-

186 2229 390 2292 testati,
421 2230 511 2283 sed
536 2229 583 2283 ei
611 2229 710 2281 soli
739 2244 834 2297 per
861 2229 1012 2297 cujus
1040 2228 1455 2282 misericordiam
1484 2226 1558 2280 ﬁt.
1586 2230 1760 2294 Quare

190 2315 299 2351 non
330 2299 618 2367 incongrue
648 2298 855 2365 Moyses
884 2312 935 2353 et
968 2299 1143 2352 Aaron
1172 2299 1255 2352 hic
1284 2309 1463 2365 patres
1489 2300 1754 2353 dicuntur.

187 2369 252 2421 Et
282 2384 452 2421 coram
484 2369 565 2421 his
593 2369 822 2436 patribus
850 2411 862 2429 ,
897 2369 946 2421 id
976 2377 1080 2430 est,
1113 2368 1240 2434 ipsis
1270 2370 1565 2421 astantibus
1590 2410 1601 2426 .
1633 2370 1762 2438 ipsis

185 2439 348 2491 etiam
383 2438 699 2492 facientibus
722 2449 771 2491 ει
803 2438 1198 2501 attestantibus,
1229 2440 1345 2507 fecit
1389 2440 1659 2502 mirabilia,
1692 2440 1760 2495 de

186 2509 382 2575 quibus
414 2510 499 2561 hic
523 2508 694 2577 agitur
718 2511 772 2560 in
804 2518 938 2561 terra
972 2506 1183 2577 Egypti
1208 2506 1233 2575 ,⁷
1255 2516 1307 2562 ει
1337 2510 1651 2562 determinat
1678 2510 1758 2562 lo-

183 2593 307 2631 cum
334 2618 349 2641 ,
393 2580 634 2648 scilicet,
684 2579 735 2630 in
766 2594 945 2648 campo
984 2577 1240 2632 T/raneos.
1271 2578 1312 2630 Τ
1321 2578 1472 2631 hanis
1509 2581 1648 2631 enim
1678 2588 1762 2633 est

182 2650 376 2701 civitas
404 2647 618 2719 IEgypIi
642 2689 655 2709 ,
689 2648 827 2710 apud
869 2663 1026 2715 quam
1055 2648 1240 2702 decem
1270 2648 1371 2719 illm
1412 2648 1578 2717 plaga:
1609 2648 1761 2719 factm

182 2728 357 2789 sunt,
381 2718 519 2786 quas
558 2719 816 2772 Dominus
851 2718 1116 2772 Pharaoni
1150 2733 1241 2785 per
1268 2718 1482 2789 Moysen
1517 2718 1758 2772 immisit.

182 2787 447 2842 Similiter
477 2798 526 2842 et
556 2803 739 2843 coram
768 2789 1006 2856 patribus
1051 2789 1244 2842 nostris
1273 2787 1634 2855 spiritualibus
1658 2831 1672 2854 ,
1708 2789 1759 2843 id

180 2867 286 2922 εει,
322 2859 449 2927 ipsis
475 2859 774 2912 videntibus
799 2868 853 2912 et
878 2862 1039 2914 etiam
1070 2858 1403 2923 facientibus,
1439 2859 1561 2911 facit
1590 2859 1764 2913 Domi-

186 2942 291 2981 nus
319 2928 579 2982 mirabilia
621 2928 968 2995 spiritualiter
997 2930 1049 2983 in
1096 2930 1271 2993 nobis,
1303 2938 1356 2982 et
1386 2931 1435 2981 in
1480 2928 1674 2982 bonum
1706 2940 1760 2982 ct

181 2998 235 3049 in
272 2999 466 3069 malum
499 3000 549 3051 in
576 2998 840 3069 IEgypto,
874 2999 923 3069 id
951 3008 1054 3060 est,
1088 2999 1138 3051 in
1172 2999 1270 3052 hac
1302 2998 1431 3069 v_ita,
1460 3013 1579 3066 qua:
1612 2998 1760 3065 igno-

181 3068 356 3120 rantia
390 3077 470 3123 est
509 3078 562 3123 et
594 3066 833 3122 tentatio.
886 3068 952 3121 Et
991 3069 1109 3120 ideo
1154 3084 1247 3133 per
1288 3066 1572 3138 Egypttttn
1617 3079 1761 3122 recte

181 3137 671 3230 desig'rratur,|qrtia
704 3139 965 3230 digyptus
997 3138 1372 3218 interpretatur
1403 3137 1635 3230 tenebrae
1676 3140 1758 3193 vel
1786 3170 1833 3230 ο

189 3207 486 3273 tribulatio,
520 3210 644 3261 dum
677 3209 849 3261 adhuc
878 3207 1151 3261 existimas
1184 3208 1234 3260 in
1272 3222 1461 3276 campo
1491 3208 1757 3275 Thaneos,

186 3278 240 3329 id
262 3286 362 3344 est,
397 3278 448 3329 in
474 3279 694 3346 planitie
720 3277 934 3331 humilis
958 3277 1212 3331 mandati.
1237 3278 1468 3346 Campus
1488 3279 1627 3332 enim
1658 3281 1765 3347 pla-

185 3349 370 3401 nitiem
410 3348 669 3417 signiﬁcat
700 3389 715 3411 ,
747 3347 945 3401 Thanis
982 3363 1108 3402 vero
1149 3348 1525 3415 interpretatur
1567 3348 1762 3404 humile

177 3418 491 3470 mandatum
520 3435 533 3479 ;
563 3428 617 3471 et
648 3420 698 3470 in
732 3418 828 3471 Irae
859 3419 963 3470 vita
994 3419 1147 3471 datur
1182 3418 1331 3471 nobis
1361 3420 1535 3487 plane,
1566 3419 1615 3471 id
1658 3428 1761 3483 est,

177 3487 467 3541 manifeste
496 3487 694 3542 humile
723 3488 1046 3549 mandatum,
1074 3488 1295 3553 scilicet,
1316 3488 1655 3540 utdiscamus
1679 3488 1763 3543 hic

178 3557 476 3622 burniliari,
504 3568 557 3610 ut
582 3557 794 3611 tandem
819 3573 1119 3611 mereamur
1142 3573 1262 3610 cum
1291 3558 1379 3610 illo
1401 3558 1644 3620 eiraltari,
1671 3560 1759 3626 qui

176 3642 279 3693 pro
308 3630 458 3680 nobis
478 3638 529 3681 et
558 3643 651 3695 per
675 3643 771 3681 nos
810 3627 859 3681 in
894 3629 992 3680 hac
1020 3627 1253 3695 Aﬂgypto
1282 3628 1448 3679 voluit
1474 3626 1760 3683 humiliari.

258 3695 544 3766 Interrupit
576 3715 734 3751 mare.
760 3698 1044 3752 Sciendum
1072 3696 1212 3764 quod
1244 3696 1525 3758 mirabilia,
1556 3697 1621 3750 de
1648 3701 1761 3764 qui-

185 3766 287 3819 bus
322 3770 549 3821 maxime
578 3769 782 3822 locutus
808 3778 909 3831 est,
937 3769 1000 3820 ad
1037 3781 1270 3835 prmseus
1302 3766 1501 3829 diﬂ'ert,
1529 3776 1581 3819 et
1608 3768 1764 3822 bene-

192 3837 314 3889 ﬁcia
342 3839 604 3904 posterius
626 3839 672 3892 ei
696 3839 886 3891 collata
917 3837 1067 3906 prius
1091 3836 1268 3890 refert.
1297 3837 1444 3901 Quod
1473 3837 1592 3890 ideo
1616 3836 1757 3906 facit,

195 3917 251 3957 ut
275 3921 458 3960 eorum
488 3908 924 3976 iugratitudiuem
951 3917 1221 3977 aggravet,
1254 3908 1343 3973 qui
1366 3922 1483 3959 cum
1514 3921 1608 3974 pro
1632 3909 1759 3960 solis

186 3977 522 4031 mirabilibus
545 3994 661 4046 quin
686 3980 736 4032 in
769 3979 948 4031 hostes
973 3992 1154 4031 eorum
1186 3980 1308 4031 t'ecit
1328 3979 1458 4030 satis
1484 3978 1615 4045 grati
1642 3992 1760 4031 esse

179 4046 469 4111 deberent,
497 4058 570 4101 tet
598 4050 817 4115 insuper
849 4048 1103 4102 beneﬁcia
1126 4056 1465 4112 acceperunt,
1490 4055 1543 4100 et
1572 4048 1760 4113 ingrati

177 4128 363 4170 tamen
397 4118 631 4173 fuerunt.
662 4119 726 4171 Et
756 4118 799 4171 si
827 4119 945 4170 hare
973 4126 1096 4170 sunt
1124 4116 1410 4185 parabolae,
1440 4125 1498 4170 ut
1526 4121 1762 4183 psalmus

175 4196 409 4240 testatur
453 4188 731 4255 superius,
776 4189 1033 4240 debemus
1079 4187 1353 4240 attendere
1402 4202 1507 4241 non
1555 4196 1757 4240 tantum

175 4255 311 4323 quid
342 4257 393 4309 in
426 4257 708 4325 superﬁcie
737 4267 965 4319 sonant,
1010 4257 1101 4310 sed
1132 4256 1258 4325 quid
1292 4258 1514 4324 mystica
1550 4258 1759 4312 actione

173 4326 500 4393 signiﬁcant.
545 4327 887 4397 Quaecunque
930 4329 1070 4381 enim
1119 4326 1257 4379 bona
1287 4328 1369 4380 vel
1416 4328 1555 4380 mala
1598 4328 1648 4379 in
1679 4330 1758 4381 eis

176 4397 268 4467 vel
299 4398 357 4467 in
390 4412 574 4450 eorum
611 4398 850 4453 hostibus
895 4397 1626 4467 contigerinthistorialiter,
1668 4412 1757 4451 ea-

174 4466 303 4518 dem
348 4465 397 4519 in
444 4469 598 4520 nobis
641 4470 769 4521 liunt
806 4465 1172 4534 spirituatiter,
1219 4466 1355 4520 bona
1399 4468 1613 4536 quidem
1661 4482 1754 4535 per

1868 550 2103 602 cmlestis
2133 550 2323 627 patriar
2358 553 2644 627 Dominus,
2673 558 2716 608 si
2751 571 2852 609 non
2878 572 2938 610 re
2964 599 2976 621 ,
3009 569 3182 612 tamen
3216 563 3265 614 in
3297 579 3391 626 spe
3421 610 3434 627 ,

1869 630 2028 695 atque
2057 636 2242 673 omnes
2272 623 2447 695 hostes
2478 625 2817 695 insequentes
2850 642 2946 679 nos
2968 668 2982 691 ,
3028 630 3077 681 id
3107 640 3228 695 est,
3258 623 3436 692 omnia

1870 691 1993 740 vitia
2030 699 2131 740 tant
2166 694 2388 744 actualia
2421 694 2593 765 priora
2619 691 2783 765 quam
2815 696 3089 765 originalia
3135 691 3437 757 ibi‘exstin-é

1868 766 2137 824 gnuntur;
2186 771 2239 812 et
2282 777 2375 827 per
2402 764 2641 817 eamdem
2693 764 3137 822 renuntiatiouem
3186 779 3239 823 et
3280 772 3436 827 ﬁdem

1868 842 2033 899 aquas
2061 830 2607 899 concupiscentiarum
2640 845 2694 889 et
2738 840 2983 889 vitiorum
3033 839 3221 893 ﬂuidas
3258 853 3313 894 et
3358 845 3434 896 la-

1869 896 2052 982 bentes
2087 896 2304 982 stabiles
2350 902 2491 982 facit,
2539 906 2773 982 scilicet,
2822 917 2876 961 ut
2917 922 3042 971 non,
3091 911 3231 963 sicut
3271 915 3437 982 prius,

1866 969 2092 1029 amplius
2121 970 2365 1025 difﬁuaut
2394 973 2445 1025 in
2474 974 2646 1029 nobis.

1890 1108 1898 1116 .
1940 1036 2006 1089 Et
2035 1040 2390 1116 dedu_:cit__eos.
2436 1044 2683 1116 Perduxit
2715 1061 2837 1111 eos,
2882 1047 3093 1115 inquam
3121 1090 3136 1112 ,
3181 1050 3246 1104 ad
3294 1052 3437 1109 aliud

1868 1105 2031 1184 littus,
2065 1120 2120 1162 ει
2144 1111 2210 1164 de
2237 1109 2325 1163 illo
2356 1113 2475 1165 loco
2502 1114 2649 1167 duxit
2677 1131 2761 1169 eos
2795 1105 2887 1184 per
2927 1105 3196 1173 desertum
3226 1122 3280 1174 in
3306 1105 3443 1178 nube

1868 1177 1988 1261 diei,
2014 1189 2070 1261 et.
2090 1188 2195 1233 tota
2224 1184 2444 1261 noctein
2457 1177 2839 1261 illurninatione
2861 1191 3011 1261 ignis,
3042 1190 3141 1243 hoc
3169 1200 3268 1255 est,
3299 1177 3437 1261 prae;

1865 1247 2110 1329 erdendo
2135 1266 2234 1329 eos
2259 1254 2309 1304 in
2340 1252 2425 1304 die
2457 1253 2506 1329 in
2537 1259 2782 1329 columna
2815 1247 3009 1321 nobis,
3041 1276 3157 1327 qua:
3184 1247 3276 1315 eos
3299 1247 3436 1329 'pro-

1868 1325 2123 1400 tegereta
2156 1321 2333 1400 calore
2355 1335 2452 1400 χει
2484 1324 2539 1400 in
2567 1334 2721 1400 nocte
2753 1326 2803 1378 in
2833 1321 3075 1382 columna
3106 1330 3240 1397 ignis
3263 1373 3278 1395 ,
3310 1321 3434 1400 qua:

1866 1390 1965 1439 iter
2006 1390 2445 1465 ostendereteis.
2487 1394 2741 1465 Similiter
2779 1407 2830 1448 et
2874 1414 2970 1451 nos
3001 1390 3436 1465 postvtransit'um

1865 1469 2024 1523 supra
2056 1460 2251 1530 dictum
2299 1464 2509 1516 deducit
2538 1465 2589 1515 in
2622 1464 2721 1517 hoc
2760 1460 3081 1530 deserto,'et
3112 1470 3161 1521 in
3207 1470 3308 1525 hoc
3339 1472 3435 1526 de-

1865 1537 2009 1607 serto
2036 1569 2048 1589 ,
2068 1538 2134 1607 _et
2159 1529 2209 1607 in
2240 1530 2340 1607 hac
2361 1534 2472 1607 _vit_a
2498 1572 2515 1598 ,
2554 1534 2604 1586 in
2638 1537 2962 1601 protectione
2990 1539 3144 1591 nuhis
3170 1580 3182 1597 ,
3216 1540 3264 1592 id
3308 1554 3390 1595 est
3417 1583 3435 1607 ,

1866 1595 2209 1672 humanitatis
2250 1600 2465 1664 Christi,
2497 1595 2588 1670 per
2613 1595 2769 1672 quam
2795 1610 2918 1671 quid
2951 1607 3090 1661 aliud
3124 1595 3319 1663 factum
3352 1595 3434 1666 est

1864 1666 2038 1743 nobis,
2081 1683 2237 1743 quam
2283 1666 2545 1743 quoddam
2580 1666 2941 1729 umbrticulum
2983 1678 3047 1731 ab
3076 1691 3208 1732 aestu
3254 1680 3435 1735 incen-

1864 1738 2131 1817 tivorum?
2156 1737 2438 1817 Ipseeuirn
2469 1743 2611 1817 prior
2640 1758 2825 1810 passus
2847 1754 2949 1817 est,
2980 1755 3038 1799 ut
3069 1763 3162 1802 nos
3191 1752 3294 1817 pati
3326 1766 3431 1805 non

1866 1804 2221 1869 haberemus;
2251 1816 2301 1882 et
2332 1804 2653 1882 resurrexit,
2686 1821 2743 1866 ut
2791 1804 3030 1868 eamdem
3076 1804 3223 1882 spem
3264 1804 3428 1874 habe?

1863 1890 2081 1934 remus:
2126 1887 2180 1930 et
2226 1878 2304 1932 sic
2346 1878 2514 1933 factus
2562 1893 2641 1935 est
2690 1884 2841 1937 nobis
2890 1878 3329 1941 olruntbraculurn
3375 1900 3432 1944 et

1865 1947 2025 2015 turris
2067 1944 2254 2009 fortis,
2303 1957 2360 2000 ut
2405 1950 2529 2003 alibi
2575 1954 2795 2008 dictum.
2842 1954 3040 2009 Dicitur
3080 1967 3253 2010 autem
3304 1973 3435 2015 caro

1862 2014 2059 2093 Chrisn
2094 2017 2213 2069 ideo
2228 2018 2430 2093 _t_tubcs,
2455 2020 2660 2093 quiain
2687 2037 2746 2074 ea
2780 2026 2948 2078 malos
2979 2027 3227 2080 divinitas
3258 2014 3429 2091 latuit,

1862 2082 2016 2168 bonis
2039 2100 2163 2168 vero
2189 2085 2387 2168 aﬁ'ulsit
2411 2082 2506 2168 χει
2535 2090 2775 2168 frrittalis
2803 2096 2969 2168 nubes
2995 2110 3110 2168 quin
3135 2108 3278 2151 esset
3299 2082 3429 2168 diei,

1865 2152 1916 2206 id
1948 2156 2369 2233 esthdieshquia
2397 2152 2539 2213 Clara
2574 2160 2689 2233 fuit,
2722 2172 2776 2216 et
2809 2166 2924 2217 sine
2972 2152 3159 2219 nebula
3195 2152 3432 2233 peccato,-

1864 2238 2001 2277 rum.
2036 2224 2184 2280 Unde
2218 2225 2419 2279 dictum
2450 2242 2525 2281 εει
2563 2248 2575 2282 :
2612 2232 2849 2285 Ascendit
2881 2233 3128 2288 Dominus
3158 2224 3312 2290 levem
3338 2256 3435 2292 nu-

1862 2293 2002 2375 bent,
2048 2306 2098 2375 et
2137 2297 2442 2375 ingredietur
2479 2296 2767 2375 Egyptian
2793 2340 2809 2364 ,
2852 2314 2898 2354 et
2941 2307 3223 2375 confringet
3264 2311 3435 2364 omnia

1861 2364 2004 2447 idola
2026 2364 2266 2447 Αξςῖιίριξ,
2288 2368 2353 2420 Ει
2375 2377 2481 2447 tota
2506 2364 2680 2447 nocte,
2714 2372 2963 2447 id_est,Ain
2992 2364 3259 2447 ta'rrta'hac
3283 2380 3431 2447 igno-

1864 2437 2033 2513 raptia
2057 2435 2272 2513 deducit
2296 2451 2404 2513 nos_
2419 2441 2471 2490 in
2501 2439 2872 2513 iituminatione
2894 2443 3027 2513 ignis
3050 2486 3064 2507 ,
3100 2446 3149 2498 id
3177 2458 3278 2511 est,
3300 2435 3432 2502 illu-

1870 2504 2123 2585 minando
2152 2521 2251 2560 nos
2278 2507 2640 2585 spiritualibus
2665 2510 2816 2585 donis
2846 2504 2975 2567 suis.
3008 2504 3108 2567 Per
3131 2504 3304 2585 iguem
3336 2535 3431 2573 au-

1868 2582 1975 2652 tem
2012 2576 2073 2652 in
2093 2590 2200 2652 quo
2241 2586 2310 2652 et
2337 2577 2589 2652 splendor
2616 2586 2694 2652 et
2714 2582 2857 2634 calor
2885 2593 2967 2636 cst
2991 2626 3004 2647 ,
3055 2576 3177 2638 hoc”
3198 2598 3428 2652 notatur,

1863 2644 1985 2710 quia
2019 2645 2339 2717 illuminabit
2369 2648 2536 2702 bonos
2564 2657 2617 2703 et
2647 2648 2731 2704 hic
2755 2662 2808 2705 ει
2838 2652 2888 2705 itr
2914 2644 3110 2717 futuro,
3140 2667 3192 2709 et
3219 2644 3431 2713 tandem
3518 2698 3526 2706 .

1861 2715 2120 2770 cremabit
2148 2716 2334 2770 malos.

1866 2851 1878 2863 _
1934 2783 2218 2866 Interrupit
2247 2798 2462 2867 petram.
2494 2787 2657 2867 Aliud
2694 2790 3027 2867 beneﬁcium,
3056 2796 3277 2867 scilicet,
3307 2800 3427 2867 quia

1860 2858 1913 2937 in
1942 2870 2109 2933 eremo
2132 2858 2384 2921 inaquosa
2411 2858 2679 2923 interrupit
2700 2874 2895 2927 petram
2924 2858 3173 2917 Dominus
3199 2884 3225 2918 a
3247 2858 3431 2937 Mdyse

1860 2921 2124 3002 bis_vir_ga
2155 2939 2482 3002 percussam,
2511 2939 2563 3002 et
2591 2921 2844 2997 aquarum
2878 2942 3017 2986 tanta
3048 2937 3195 3002 copia
3226 2921 3431 2992 alﬁtixit

1860 2993 2031 3069 (velut
2058 2998 2117 3069 in
2140 2998 2299 3049 multa
2328 2995 2573 3067 abysso),
2607 2993 2661 3052 ut
2688 3004 2936 3069 adaquari
2970 2993 3200 3069 possent.
3235 3006 3300 3059 Et
3331 3012 3430 3061 hoc.

1862 3065 2021 3118 modo
2051 3066 2321 3132 adaquavit
2349 3065 2433 3120 eos
2456 3108 2469 3130 ,
2501 3070 2623 3145 quia
2654 3065 2827 3145 eduxit
2867 3065 3051 3129 aquam
3081 3079 3142 3126 de
3175 3088 3345 3145 petra,
3380 3089 3435 3133 ct

1863 3148 1969 3216 non
2010 3151 2222 3216 parvam
2264 3152 2457 3216 aquam
2476 3178 2491 3201 ,
2524 3140 2617 3216 sed
2661 3142 2831 3193 eduxit
2862 3158 3018 3216 aquas
3057 3140 3301 3216 tarn/nam
3331 3140 3431 3216 Ῑιιι-

1865 3208 2002 3257 mina
2028 3249 2041 3272 ,
2086 3206 2137 3260 id
2175 3216 2256 3260 est
2281 3250 2294 3271 ,
2333 3209 2656 3275 largissimas
2696 3225 2877 3277 aquas.
2908 3206 3066 3277 Quod
3097 3206 3173 3267 sic
3221 3219 3283 3268 ad
3331 3206 3429 3270 nos

1867 3277 2294 3349 pertinetJ’etra
2324 3278 2374 3329 iu
2402 3292 2584 3331 eremo
2605 3278 2682 3331 bis
2705 3282 2845 3348 virga
2872 3296 3143 3349 percussa,
3168 3295 3248 3336 cst
3272 3286 3428 3340 Chri-

1864 3354 1977 3422 stus
2010 3345 2204 3422 duplici
2249 3348 2601 3422 liguocrueis
2644 3345 2924 3422 cruciﬁxus
2950 3391 2963 3413 ,
3009 3355 3060 3403 ιιι
3100 3345 3251 3420 cujus
3299 3372 3423 3422 pas-

1865 3415 2018 3493 sione
2046 3416 2211 3469 ttelum
2239 3415 2411 3485 templi
2439 3416 2651 3493 scissum
2673 3427 2766 3484 est,
2798 3420 2920 3486 quia
2943 3424 3114 3474 omnia
3139 3415 3258 3490 quas
3282 3415 3427 3493 prius

1863 3485 2066 3564 occulta
2110 3495 2257 3564 erant
2287 3527 2301 3549 ,
2346 3488 2574 3564 revelata
2606 3496 2764 3551 sunt;
2797 3485 2841 3541 et
2879 3499 3035 3564 petra:
3074 3485 3243 3545 scissa:
3269 3485 3387 3549 sunt
3412 3538 3428 3564 ,

1869 3553 1991 3629 quia
2030 3556 2232 3629 lapidea
2270 3555 2429 3609 corda
2465 3556 2618 3609 ﬁdem
2648 3553 2998 3629 susceperunt
3021 3601 3035 3623 ,
3082 3578 3237 3629 quam
3269 3553 3427 3621 ﬁdem

1870 3623 2161 3700 largissime
2185 3640 2372 3700 aqute
2395 3633 2600 3700 secutze
2621 3635 2763 3681 sunt.
2807 3623 2922 3684 Illa:
2961 3623 3111 3699 aquai
3136 3675 3149 3697 ,
3183 3632 3425 3700 scilicet,

1863 3692 1931 3772 de
1959 3693 2152 3772 quibus
2183 3692 2293 3763 ipse
2324 3696 2453 3749 dicit
2482 3698 2532 3749 in
2562 3694 2849 3772 Evangelia
2880 3717 2893 3751 :
2930 3692 3030 3765 Qui
3058 3702 3109 3753 in
3138 3692 3216 3755 me
3245 3692 3426 3772 credit,

1862 3765 2074 3829 ﬂumina
2104 3766 2167 3837 de
2210 3776 2376 3837 ventre
2403 3772 2515 3837 ejus
2556 3768 2744 3835 ﬂuent,
2776 3777 2881 3823 etc.
2909 3811 2924 3833 ,
2975 3772 3073 3823 hoc.
3101 3782 3218 3837 est,
3249 3765 3427 3831 secuta

1863 3843 1987 3905 sunt
2014 3848 2075 3886 ea
2106 3835 2567 3891 abundantissime
2598 3838 2886 3905 spiritua‘ia
2918 3840 3078 3894 dona.

1933 3902 2000 3955 Et
2038 3915 2381 3976 opposuerunt
2411 3907 2580 3958 adhuc
2620 3902 2826 3976 peccare
2851 3910 2915 3972 ei,
2945 3911 2996 3961 in
3042 3914 3172 3963 iram
3200 3913 3429 3968 concita-

1862 3981 2039 4046 uerunt
2067 3975 2318 4046 excelsum
2356 3977 2409 4028 in
2440 3978 2704 4043 inaquoso.
2738 3978 2840 4031 Tot
2867 3980 3080 4046 quidem
3119 3982 3369 4037 beneﬁcia
3396 4000 3428 4040 a

1863 4041 2084 4119 Domino
2115 4045 2348 4111 praestita
2387 4055 2509 4119 sunt
2537 4041 2618 4119 eis
2640 4090 2654 4111 ,
2687 4058 2743 4102 et
2772 4041 2946 4119 tamen
2983 4050 3082 4118 ipsi
3114 4053 3283 4105 adhuc
3311 4071 3429 4119 pec—

1860 4126 1977 4165 care
2000 4114 2045 4165 ei
2072 4124 2439 4191 apparuerunt.
2471 4116 2534 4169 Et
2573 4117 2690 4191 ideo
2723 4118 2896 4185 (quasi
2926 4114 3088 4179 dicat)
3116 4124 3235 4176 dico
3265 4114 3431 4191 appo-

1857 4192 2065 4254 suerunt
2094 4199 2319 4253 peccare,
2354 4187 2473 4253 quia
2511 4186 2656 4254 prius
2696 4201 3002 4254 posuerant.
3035 4192 3163 4244 Nam
3193 4186 3312 4246 cum
3334 4186 3432 4248 ea.

1857 4252 2137 4329 citaverunt
2166 4255 2311 4329 prius
2324 4252 2609 4329 eacelsum,
2638 4252 2836 4329 rid-est,
2884 4259 3162 4315 Domirutm
3191 4263 3243 4314 in
3268 4264 3423 4329 iram,

1857 4321 2147 4397 dubitando
2181 4323 2248 4378 de
2282 4324 2407 4397 ejus
2450 4328 2679 4392 potentia
2714 4328 2768 4381 in
2815 4331 3059 4395 inaquoso
3081 4372 3094 4391 ,
3129 4332 3179 4383 id
3223 4342 3340 4397 est,
3372 4321 3428 4387 in

1857 4393 2175 4470 arido_loeo,
2219 4393 2444 4470 scilicet,
2478 4398 2645 4464 magis
2675 4399 2727 4450 in
2757 4393 3004 4453 ariditate
3048 4403 3241 4454 mentis
3269 4393 3426 4470 quam

1857 4462 2077 4515 ventris.
2104 4463 2250 4517 Pleni
2272 4465 2414 4518 enim
2439 4462 2592 4519 ει·εηί
2618 4477 2855 4531 ventres,
2882 4472 2974 4521 sed
3001 4485 3174 4522 vacua:
3199 4462 3428 4529 mentes.

173 4537 402 4604 gratiam
425 4576 440 4600 ,
478 4538 615 4611 mala
649 4552 773 4611 vero
804 4527 905 4611 per
923 4528 1205 4611 justitiam.
1240 4527 1586 4591 Attendamus
1626 4527 1752 4605 ergo
1782 4527 1830 4585 Ι)
1862 4532 1925 4583 Et
1954 4534 2002 4585 iu
2029 4549 2133 4611 quo
2159 4545 2524 4611 apposueram,
2554 4538 2731 4611 subdit
2759 4555 2771 4590 :
2800 4527 3019 4611 scilicet.
3044 4542 3109 4611 in
3153 4538 3274 4611 hoc,
3305 4527 3430 4611 quia

171 4621 265 4667 ea,
296 4622 363 4660 ne
394 4612 560 4661 simus
588 4608 776 4676 ingrati
807 4607 1072 4662 beneﬂciis
1100 4606 1213 4670 Dei,
1240 4616 1295 4662 et
1327 4622 1580 4674 ponamus
1602 4620 1751 4673 spem

174 4686 418 4730 nostram
447 4692 551 4732 non
586 4679 635 4731 ιιι
670 4677 840 4739 nobis,
875 4678 967 4731 sed
1002 4679 1053 4730 in
1097 4692 1198 4741 eo;
1229 4685 1282 4729 et
1325 4677 1604 4729 timeamus
1632 4690 1753 4730 eum

172 4758 331 4799 casto
359 4762 541 4801 amore
564 4786 581 4813 ,
635 4763 737 4800 nou
769 4747 946 4801 servili
972 4788 989 4812 ,
1022 4761 1087 4799 ne
1118 4747 1209 4798 ﬁat
1240 4748 1290 4798 in
1324 4746 1475 4798 nobis
1503 4746 1643 4813 quod
1675 4745 1752 4799 fa-

170 4827 324 4868 ctum
352 4826 433 4869 est
476 4818 527 4870 in
559 4818 657 4879 eis,
687 4818 921 4881 scilicet,
954 4826 1012 4870 ut
1037 4816 1204 4869 simus
1241 4817 1492 4885 generatio
1524 4828 1677 4884 prava
1705 4825 1751 4870 et

169 4900 506 4953 exasperatis.
543 4886 797 4941 Litteram
827 4888 902 4941 sic
928 4886 1260 4940 continuabis
1287 4903 1299 4936 :
1327 4888 1482 4950 Ecce,
1512 4887 1747 4953 inquam,

170 4958 228 5007 in
261 4956 495 5027 Aigypto
528 4958 816 5023 mirabilia,
851 4967 903 5008 ct
932 4968 1108 5022 postea
1149 4957 1373 5027 contulit
1408 4958 1486 5027 eis
1518 4954 1748 5027 haebe-

168 5025 409 5090 nelicia',
441 5027 645 5080 scilicet
668 5067 683 5092 ,
724 5029 862 5094 quod
892 5043 1010 5080 cum
1059 5026 1325 5079 venissent
1357 5025 1420 5078 ad
1467 5039 1612 5080 mare
1642 5026 1750 5079 κυ-

169 5094 355 5158 brum,
388 5108 441 5150 et
472 5106 689 5165 pr0pter
717 5106 1000 5165 sequentes
1029 5097 1210 5150 hostes
1237 5096 1570 5165 dubitarent,
1599 5097 1751 5150 inter-

166 5172 338 5233 rupit,
371 5167 421 5219 id
453 5177 555 5229 est,
578 5164 766 5219 divisit
794 5164 868 5219 eis
894 5183 1066 5229 mare,
1095 5176 1142 5218 et
1177 5166 1413 5235 prduxit
1437 5181 1522 5217 eos
1545 5164 1655 5233 jam
1682 5168 1746 5220 ad

164 5236 317 5288 aliud
348 5238 491 5289 littus
518 5252 737 5290 securos
762 5237 827 5290 ab
855 5238 1096 5290 hostibus
1119 5254 1133 5301 ;
1156 5246 1201 5287 et
1225 5238 1302 5288 eis
1330 5236 1743 5301 transeuntibus,

164 5307 388 5368 statuit,
421 5305 471 5358 id
518 5318 627 5371 est,
672 5308 889 5360 stabiles
932 5309 1052 5360 fecit
1094 5322 1252 5374 aquas
1293 5306 1488 5370 maris,
1518 5308 1666 5373 quasi
1696 5309 1746 5361 vi

166 5376 435 5429 collectas
465 5393 478 5428 :
512 5377 613 5431 hoc
644 5377 988 5431 historiatiter
1017 5379 1139 5430 illis.
1177 5376 1253 5428 Fit
1284 5376 1442 5429 etiam
1473 5375 1610 5428 idem
1641 5377 1749 5444 spi-

164 5446 439 5500 ritualiter
470 5448 641 5500 nobis.
686 5451 831 5512 Aqua
880 5449 1021 5501 enim
1067 5447 1398 5513 baptismatis
1442 5447 1744 5513 rubricata,

164 5515 347 5577 idest,
368 5515 510 5570 velut
540 5533 685 5570 mare
710 5518 944 5570 Rubrum
975 5517 1108 5571 faeta
1141 5517 1398 5584 sanguine
1426 5513 1746 5583 Christi,qut

162 5586 503 5639 admiscetur
529 5589 576 5640 ei
610 5604 703 5653 pcr
731 5589 998 5655 signacula
1028 5588 1223 5651 crucis,
1254 5586 1507 5638 dividitur
1531 5588 1597 5639 ab
1626 5586 1749 5639 aliis

162 5655 507 5723 simplicibus
538 5660 711 5725 aquis,
740 5660 861 5726 quia
888 5658 998 5726 jam
1029 5669 1111 5711 est
1141 5672 1274 5724 aqua
1307 5671 1412 5709 non
1442 5664 1642 5709 tantum
1673 5657 1750 5709 la-

164 5728 362 5777 vandis
392 5728 705 5795 corporibus
733 5767 747 5789 ,
779 5729 870 5782 sed
899 5728 1164 5780 mentibus
1201 5737 1344 5795 apta.
1383 5728 1446 5779 Et
1489 5739 1582 5793 per
1615 5729 1751 5780 hanc

164 5808 362 5865 aquam
392 5796 441 5852 in
470 5814 568 5866 qua
598 5799 808 5855 Satanae
838 5808 888 5854 ct
918 5800 1123 5869 pompis
1152 5798 1265 5868 cjus
1290 5799 1745 5865 abrenuntiarnus,

1856 4616 1972 4654 cum
2005 4604 2275 4678 venissent
2304 4608 2368 4657 ad
2402 4605 2574 4659 locum
2606 4607 2695 4660 ubi
2728 4621 2826 4678 nec
2874 4610 2978 4661 seri
3007 4609 3204 4676 aliquid
3238 4604 3429 4678 potuit,

1854 4685 1952 4748 nec
1979 4684 2153 4748 satum
2196 4674 2295 4726 fuit
2316 4717 2330 4739 ,
2365 4682 2683 4748 tentaverunt
2719 4675 2885 4748 Deum
2927 4678 2980 4729 in
3019 4674 3255 4733 cordibus
3282 4674 3428 4748 suis,

1851 4743 1973 4816 quia
2014 4742 2263 4816 petebant
2293 4760 2398 4798 nort
2429 4747 2697 4816 credendo
2721 4786 2736 4812 ,
2763 4747 2863 4816 sed
2908 4748 3163 4803 tentando
3184 4790 3198 4813 ,
3232 4752 3374 4805 aliud
3405 4742 3422 4816 ζ

1851 4810 2074 4890 scilicet,
2102 4814 2153 4866 in
2177 4827 2293 4890 ore,
2312 4815 2455 4869 aliud
2480 4809 2734 4869 habentes
2759 4814 2810 4868 itr
2839 4819 3020 4890 corde.
3048 4818 3158 4882 Sic,
3184 4809 3428 4890 inquam,

1851 4884 2358 4958 mutaverunt-dico,
2391 4893 2461 4958 ut»
2471 4894 2695 4958 peterent
2734 4901 2875 4958 escas
2901 4889 3172 4958 animabus
3194 4884 3300 4945 suis
3328 4934 3342 4958 ,
3377 4884 3431 4948 id

1848 4962 1968 5015 est,
2004 4953 2219 5007 utilitati
2249 4969 2353 5007 non
2385 4954 2749 5022 spiritualitati
2780 4970 2912 5010 suas.
2958 4957 3022 5011 Et
3056 4976 3152 5013 nos
3183 4953 3434 5019 similiter

1848 5025 2168 5099 apponiurus
2197 5024 2500 5099 peccare‘in
2532 5024 2808 5099 irtaquoso,
2840 5028 2886 5079 si
2918 5039 3194 5098 postquam
3221 5049 3314 5099 per
3338 5035 3435 5087 mi.

1847 5092 2195 5167 sericordiam
2230 5094 2324 5147 Dei
2354 5092 2651 5162 spiritualia
2677 5095 2817 5149 dona
2849 5092 3170 5167 :rccepimus,
3200 5092 3270 5157 ita
3301 5105 3433 5158 aridi

1850 5175 2058 5225 srrrnus,
2085 5174 2138 5217 ut
2169 5164 2311 5238 bona
2340 5180 2458 5238 quae
2491 5180 2766 5231 possemus
2798 5164 2993 5235 agere,
3026 5164 3240 5238 prorsus
3269 5175 3428 5226 omitt-

1850 5238 2060 5309 t_atnus_;
2088 5243 2140 5287 et
2166 5236 2219 5287 in
2248 5235 2347 5288 hac
2376 5236 2621 5289 ariditate
2649 5244 2715 5290 ad
2746 5238 2876 5290 iram
2908 5235 3036 5293 eunt
3057 5257 3425 5309 provocamus.

1848 5301 2181 5380 Apponimus
2211 5314 2393 5373 postea
2423 5320 2663 5371 peccare,
2708 5308 2753 5380 si
2787 5301 3076 5380 tentarnus
3102 5326 3246 5375 eum,
3278 5328 3437 5380 quas-

1849 5382 2027 5450 rcutes
2058 5375 2126 5427 ab
2154 5391 2219 5450 eo
2250 5391 2372 5450 nou
2398 5390 2517 5430 vera
2544 5415 2570 5450 ,_
2593 5383 2686 5429 sed
2734 5377 2862 5430 falsa
2910 5381 3044 5433 bona
3069 5420 3082 5442 ,
3114 5384 3263 5450 quasi
3296 5375 3427 5447 ipse

1849 5442 1971 5509 quid
2015 5446 2297 5511 petendum
2330 5446 2399 5499 sit
2429 5447 2664 5509 nesciat,
2695 5462 2817 5500 cum
2847 5452 2913 5501 de
2951 5451 3082 5504 solis
3110 5442 3252 5506 v'eris
3282 5442 3437 5507 bonis

1848 5512 1991 5585 dicat
2019 5531 2031 5565 :
2067 5513 2231 5567 Petite
2257 5523 2304 5567 et
2332 5517 2609 5585 accipietis,
2640 5530 2743 5571 etc.

1922 5581 2154 5661 Etmate
2198 5586 2352 5637 locuti
2393 5581 2513 5639 sunt
2547 5586 2611 5639 de
2654 5586 2802 5661 Deo;
2849 5589 3084 5661 dixerunt
3125 5604 3146 5645 :
3182 5588 3435 5661 Nunquid

1850 5654 2030 5723 poterit
2074 5655 2211 5731 l_)eus
2255 5671 2439 5721 parare
2474 5658 2791 5731 me‘usamin
2831 5659 3073 5714 deserto?
3116 5654 3437 5731 Exsequ'itur

1851 5738 1956 5800 quo
1985 5725 2142 5800 modo
2177 5733 2511 5800 tentavcrunt
2546 5727 2729 5800 Deum,
2762 5730 2987 5800 scilicet,
3018 5732 3158 5800 quia,
3193 5725 3326 5785 male
3356 5742 3435 5785 Io—

1852 5794 1955 5849 cuti
1983 5796 2047 5849 de
2070 5794 2197 5861 Deo,
2233 5796 2577 5855 detrahentes
2603 5799 2649 5853 ei
2673 5838 2687 5866 ,
2718 5799 2836 5868 quia
2869 5794 3106 5856 dixerunt
3133 5794 3153 5857 ,ί
3184 5802 3433 5874 Nunan
