4010 6190
540 354 646 412 899

1007 348 1213 404 BEDIE
1256 348 1704 403 VENERABILIS
1739 349 1893 402 OPP.
1938 348 2112 401 PARS
2149 347 2211 401 ll.
2242 344 2433 403 SECT.
2476 345 2535 399 ll.
2581 374 2647 386 —
2689 342 2891 398 DUBIA
2939 342 3025 397 ΕΤ
3065 339 3336 399 SPURIA.

3696 344 3801 400 900

542 462 723 535 poterit
756 460 887 535 Deus
913 474 1093 535 parare
1121 475 1364 535 mensam,
1395 460 1442 535 id
1473 471 1576 535 est,
1607 462 1834 535 aliquant
1865 461 2111 535 relectjo-
2143 466 2184 518 Λ
2216 458 2406 535 cibaria
2449 457 2564 535 alia_
2597 456 2829 535 misiteis
2856 464 3052 535 printer
3104 471 3294 535 manna
3344 456 3396 507 in
3442 455 3801 522 abundantia;

546 528 665 587 iu-tn
691 537 743 586 in
775 533 875 584 hoc
909 529 1151 582 deserto?
1180 528 1247 581 Et
1285 532 1432 596 quasi
1464 532 1604 582 dicat
1632 532 1711 583 eis
1738 532 1929 597 aliquis
1967 546 1979 581 :
2016 530 2116 581 Po-

544 612 671 657 terit
693 640 709 665 ,
738 602 860 667 quia
891 599 1030 668 quod
1076 612 1226 666 aeque
1266 600 1358 652 fuit
1393 601 1720 668 impossibile
1750 601 1869 653 fecit
1894 640 1908 661 ,
1942 599 2118 652 dando

544 686 707 735 aquas
734 672 800 723 de
829 681 972 735 petra
996 708 1010 731 ,
1040 670 1246 732 diCunt,
1278 672 1341 723 ad
1374 671 1499 723 illud
1523 671 1904 724 destruendum
1937 686 1951 722 :
1984 668 2120 733 Qun-

546 742 683 794 niam
707 741 949 810 percussit
976 752 1192 806 petram,
1216 749 1269 792 et
1290 755 1452 806 aquas
1472 740 1670 794 eduxit.
1698 739 1946 808 Nunquid
1967 741 2118 791 etiam

541 811 722 880 poterit
748 813 870 862 dare
893 825 1077 867 panem
1099 810 1149 861 in
1176 814 1274 863 hoc
1299 810 1530 875 deserto,
1553 820 1640 862 aut
1663 826 1846 876 parare
1871 825 2115 872 mensam,

548 884 597 933 id
646 889 769 941 est,
802 880 1148 931 relcctinncm
1180 879 1406 947 aliquam
1455 881 1644 949 papula
1667 920 1682 942 ,
1714 880 1955 946 quamvis
1995 895 2115 949 eum

545 951 724 1004 dicant
753 950 952 1002 suum?
987 949 1178 1015 Utique
1209 966 1310 1003 non
1346 948 1578 1016 poterit,
1608 949 1729 1018 quia
1762 950 1933 1018 (quasi
1966 948 2117 1003 dice-

547 1023 692 1086 rent)
723 1020 851 1071 illud
883 1019 1061 1080 aliquo
1087 1018 1243 1069 modo
1275 1021 1521 1085 possibile
1552 1022 1643 1071 tutt
1671 1062 1685 1082 ,
1722 1020 1856 1072 istud
1883 1033 2007 1072 vero
2037 1028 2119 1074 est

550 1090 898 1157 impossibile.
925 1088 1219 1156 Allegorice
1252 1090 1476 1155 pertinet
1498 1090 1597 1142 hoc
1619 1093 1682 1142 ad
1715 1090 1828 1141 illos
1856 1091 1940 1157 qui
1975 1098 2109 1151 post-

545 1174 705 1227 quam
735 1167 1069 1224 cognoscunt
1094 1169 1148 1209 et
1192 1157 1492 1223 intelligunt
1521 1175 1643 1211 vere
1671 1160 1936 1213 Christum
1979 1175 2119 1212 tuor-

549 1238 698 1283 tuutn
722 1245 843 1283 esse
872 1245 964 1293 pro
988 1238 1167 1281 nostra
1192 1229 1509 1294 salvatione,
1535 1241 1590 1283 et
1613 1230 1929 1297 baptismum
1958 1230 2116 1282 etiant

552 1300 732 1353 valere
773 1301 838 1351 ad
868 1307 1103 1351 nostram
1135 1299 1479 1351 salvationetn
1506 1340 1521 1363 ,
1558 1300 1801 1353 dubitant
1849 1311 2021 1351 tamen
2052 1315 2118 1353 an

550 1369 666 1434 ipse
692 1370 746 1422 in
776 1369 875 1421 hoc
906 1369 1119 1421 deserto
1140 1407 1155 1431 ,
1189 1367 1239 1419 id
1270 1382 1370 1431 est,
1406 1370 1456 1421 in
1491 1372 1588 1421 hac
1621 1372 1742 1433 vita,
1786 1372 2040 1438 sanguine
2067 1378 2120 1421 et

552 1454 780 1505 corpore
808 1454 905 1489 suo
938 1453 1035 1489 nos
1065 1438 1225 1503 possit
1261 1440 1499 1491 reticere.
1535 1439 1599 1491 Et
1626 1442 1774 1505 quasi
1802 1441 1977 1492 dicant
2010 1440 2076 1490 ita
2103 1453 2118 1490 :

550 1507 802 1573 Quoniam
832 1508 973 1560 Deus
1003 1510 1245 1572 percussit
1271 1521 1495 1575 petram,
1540 1510 1586 1559 id
1612 1520 1712 1569 est,
1746 1511 1992 1575 quoniam
2022 1509 2121 1560 Do-

551 1580 728 1631 minus
760 1594 854 1641 pro
884 1578 1034 1629 nobis
1060 1586 1299 1629 mortuus
1332 1588 1432 1640 est,
1462 1590 1509 1630 et
1542 1578 1662 1631 inde
1691 1579 1946 1645 fluxerunt
1976 1594 2122 1645 aqua:

549 1648 631 1715 (ut
669 1663 829 1712 supra
867 1647 1063 1700 dictum
1095 1649 1199 1712 est)
1231 1648 1456 1711 nunquid
1484 1648 1636 1700 etiam
1670 1650 1850 1710 poterit
1880 1652 2001 1700 dare
2029 1665 2119 1713 pa-

552 1734 691 1779 rtem,
723 1717 772 1770 id
815 1727 898 1770 est
925 1758 937 1776 .
973 1717 1167 1783 poterit
1197 1730 1292 1768 nos
1338 1720 1387 1768 in
1420 1719 1631 1769 deserto
1666 1720 1819 1783 hujus
1861 1720 1977 1769 vine
2006 1734 2123 1769 cor-

2219 540 2270 580 et
2306 528 2405 581 hoc
2445 527 2603 580 modo
2643 525 2784 578 misit
2821 526 2938 579 eis:
2980 523 3261 578 Transtulit
3292 538 3546 589 austrum,
3581 538 3802 583 ventum

2218 597 2364 650 illum
2419 597 2645 651 calidum
2693 598 2756 648 de
2803 596 2926 647 caelo
2975 595 3039 648 ad
3093 604 3284 657 terras,
3317 605 3367 647 et
3403 596 3608 649 induxit
3636 599 3802 653 etiam

2218 668 2448 734 Africam
2471 668 2616 738 illum
2641 666 2743 719 coll
2762 666 2999 738 iteralein
3026 666 3162 733 ejus,
3191 675 3401 718 ventum
3432 681 3538 738 non
3576 666 3629 738 in
3657 668 3804 738 ejus,

2217 733 2309 792 sed
2350 739 2400 789 in
2436 753 2530 789 sua
2570 736 2749 788 virtute
2784 740 2869 801 qtti
2910 733 3034 787 facit
3073 751 3193 787 eum
3231 750 3373 788 esse.
3423 733 3489 788 Et
3515 737 3567 788 in
3598 733 3803 802 impetu

2220 809 2307 860 illo
2341 820 2613 859 ventorum
2647 808 2776 872 pluit
2808 821 2960 873 super
2999 821 3085 858 eos
3123 822 3326 859 carnem
3353 806 3484 858 sicut
3515 807 3801 874 pulverem,

2220 879 2402 935 idest.
2445 878 2807 939 abundanter;
2854 886 2907 928 et
2947 877 3047 929 hoc
3091 877 3345 944 exponit,
3387 876 3623 941 scilicet,
3673 880 3804 943 pluit

2218 963 2376 1014 super
2409 962 2503 1000 eos
2549 949 2679 998 sicut
2718 962 2930 997 arenam
2968 948 3140 1003 maris.
3180 946 3230 999 id
3277 954 3380 1006 est,
3428 948 3803 1012 copiosissime

2218 1018 2444 1070 volatilia
2474 1026 2711 1082 pennata.
2745 1015 2879 1069 Sunt
2923 1016 3065 1067 enim
3094 1016 3259 1069 etiam
3290 1015 3531 1083 qtnrdnm
3565 1018 3799 1073 volatilia

2220 1104 2322 1140 non
2357 1098 2603 1152 pennata,
2640 1094 2698 1155 ut
2729 1086 3042 1152 papiliOues.
3074 1095 3125 1137 et
3157 1087 3391 1139 volatilia
3420 1088 3533 1149 illa,
3570 1087 3799 1151 scilicet,

2222 1162 2552 1220 coturnices,
2600 1158 2888 1208 ceciderunt
2922 1155 2975 1206 in
3011 1157 3177 1206 medio
3212 1165 3497 1208 castrorum
3537 1174 3718 1211 eorum
3746 1171 3799 1214 et

2218 1231 2357 1281 circa
2398 1227 2722 1280 tabernacula
2763 1240 2926 1290 usque
2963 1226 3027 1277 ad
3067 1225 3322 1289 cubitum,
3367 1237 3420 1278 ut
3458 1228 3677 1281 historia
3712 1246 3803 1282 re.

2220 1298 2358 1362 fert;
2393 1308 2435 1349 et
2478 1298 2600 1350 inde
2622 1312 2724 1348 non
2756 1295 2933 1347 sobrie
2972 1296 3421 1361 manducarerunt,
3453 1301 3548 1349 sed
3581 1301 3800 1353 salutati

2219 1379 2335 1420 sunt
2361 1368 2571 1436 quidam
2596 1381 2776 1419 eorum
2803 1366 2977 1436 nimis,
3006 1366 3054 1417 id
3085 1377 3185 1424 est,
3212 1382 3378 1434 usque
3404 1368 3469 1419 ad
3500 1370 3798 1434 vomitum;

2220 1448 2266 1490 et
2297 1434 2396 1491 hoc
2432 1437 2591 1489 modo
2636 1436 2808 1488 attulit
2849 1434 2921 1486 eis
2954 1434 3206 1488 Dominus
3248 1436 3559 1489 desiderium
3595 1454 3798 1504 eorum,

2222 1509 2445 1571 scilicet,
2478 1507 2703 1573 replevit
2749 1504 3013 1558 inﬁdelem
3061 1507 3541 1573 concupiscentiam
3582 1522 3794 1564 eorum.

2226 1577 2287 1630 Et
2310 1592 2431 1631 vere
2459 1578 2652 1641 attulit,
2677 1576 2797 1642 quia
2820 1591 2920 1626 non
2946 1586 3058 1627 sunt
3084 1575 3315 1642 fraudati
3337 1595 3369 1629 a
3394 1578 3648 1631 desiderio
3677 1596 3790 1636 suo.

2228 1648 2289 1701 Et
2328 1648 2450 1715 quia
2492 1647 2650 1699 nimis
2685 1645 2906 1698 Suturati
2956 1656 3096 1705 sunt,
3133 1648 3249 1699 ideo
3290 1660 3410 1700 cum
3449 1648 3620 1699 adhuc
3665 1665 3797 1703 eset:

2224 1714 2403 1771 essent
2431 1719 2485 1769 iu
2525 1732 2613 1769 ore
2656 1717 2904 1781 ipsorum,
2936 1716 3110 1770 statim
3142 1714 3222 1767 ira
3252 1715 3341 1769 Dei
3376 1718 3604 1770 ascendit
3640 1735 3799 1784 super

550 1803 681 1855 pore
726 1798 775 1839 et
810 1787 1077 1860 sanguine
1112 1800 1209 1837 suo
1250 1785 1510 1860 reticere?
1551 1786 1712 1860 Quasi
1742 1787 1922 1860 dicant
1962 1802 1977 1841 :
2013 1787 2121 1840 lloc
2154 1803 2196 1860 Β
2224 1804 2328 1860 eos.
2364 1789 2413 1860 id
2452 1794 2556 1850 est,
2599 1785 2726 1860 ultio
2764 1784 2940 1860 divina
2982 1787 3246 1860 oppressit
3289 1800 3402 1860 eos.
3452 1788 3713 1860 Similiter
3744 1800 3799 1842 et

551 1868 638 1911 est
668 1857 1012 1924 impossibile.
1049 1855 1147 1907 Per
1180 1870 1368 1922 panem
1400 1857 1449 1909 iit
1498 1858 1750 1925 mysterio
1778 1856 1958 1922 accipe
1985 1860 2118 1909 alle-

549 1942 665 1980 rum
717 1936 921 1979 tantum
969 1935 1354 1994 sacramentum
1382 1965 1396 1988 ,
1446 1926 1649 1979 scilicet
1681 1965 1698 1989 ,
1746 1942 1977 1993 corpus;
2026 1941 2123 1994 per

559 2011 796 2050 mensam
830 2010 955 2049 vero
985 2006 1282 2058 utrumque.
1316 1992 1469 2049 Tales
1497 1995 1708 2049 luerunt
1733 1996 1804 2049 illi
1834 1992 1902 2049 de
1930 1992 2121 2062 quibus

550 2066 762 2135 legitur,
793 2081 910 2118 cum
954 2064 1160 2117 diceret
1198 2067 1450 2119 Dominus
1483 2083 1497 2116 2
1539 2064 1655 2119 Nisi
1694 2068 2120 2119 manducaveritis

546 2150 751 2189 carnem
781 2135 903 2187 Filii
933 2135 1171 2198 hominis,
1205 2144 1251 2186 et
1279 2135 1500 2188 biberiiis
1530 2137 1639 2204 ejus
1668 2138 1996 2204 sanguinem,
2018 2154 2118 2190 non

547 2206 792 2259 habebitis
822 2206 971 2258 vitam
992 2208 1043 2256 in
1069 2205 1224 2256 vobis.
1245 2204 1595 2259 Scandalisati
1616 2208 1774 2273 ferme
1801 2210 2120 2276 septuaginta

548 2277 654 2330 duo
681 2277 908 2329 abierunt
936 2285 1212 2327 retrorsum
1235 2276 1451 2330 dicentes
1482 2292 1500 2329 :
1528 2277 1695 2329 Durus
1724 2288 1794 2330 est
1823 2278 1905 2328 hic
1932 2293 2115 2342 sermo,

544 2348 657 2414 quis
702 2346 883 2413 paterit
909 2361 1021 2397 eum
1048 2347 1225 2397 audire
1246 2346 1271 2398 ?
1296 2345 1545 2415 Nunquid
1568 2347 1881 2399 abscissurus
1904 2358 1974 2398 est
2001 2365 2120 2410 par-

546 2418 729 2471 ticulas
757 2418 819 2469 de
842 2432 991 2469 carne
1010 2432 1129 2482 sua,
1152 2424 1199 2469 et
1230 2417 1444 2471 daturus
1472 2418 1610 2470 nobis
1639 2419 1706 2469 ad
1736 2420 2115 2484 comedendum,

545 2498 601 2541 et
621 2498 832 2539 castora.

620 2553 748 2609 Ideo
777 2556 969 2607 audivit
1004 2555 1269 2624 Dominus.
1303 2554 1383 2609 Illi
1415 2558 1628 2624 quidem
1658 2566 1923 2610 tentantes
1961 2556 2119 2610 dubi-

480 2670 486 2675 .
549 2635 809 2690 laverunt,
847 2635 901 2678 et
942 2626 1055 2677 ideo
1101 2623 1348 2678 Dominus
1386 2623 1578 2679 audivit
1607 2641 1735 2689 eos;
1769 2625 1915 2679 audit
1958 2630 2115 2681 etiam

548 2710 645 2748 nos
674 2710 792 2748 cum
832 2695 898 2748 de
928 2711 991 2747 eo
1020 2694 1341 2757 dubitamus,
1370 2706 1416 2748 et
1445 2708 1621 2751 tamen
1653 2696 1851 2749 distulit
1883 2712 2113 2764 pinnam,

547 2775 601 2819 ut
635 2766 778 2832 prius
817 2769 1034 2819 satiaret
1072 2764 1336 2819 inlidelem
1367 2781 1549 2819 eorum
1591 2766 2073 2833 concupiscentiam
2099 2807 2114 2831 ,

544 2845 602 2889 et
628 2835 934 2888 ostenderet
973 2850 1123 2888 suam
1154 2837 1461 2903 potentiam.
1495 2836 1648 2903 Quod
1680 2847 1734 2891 et
1776 2839 1821 2890 si
1851 2838 1968 2905 quis
1995 2837 2116 2889 dili-

546 2914 733 2975 genter
761 2906 1033 2972 sequentia
1064 2908 1385 2969 consideret,
1417 2911 1689 2973 aptissime
1718 2908 1783 2959 ad
1816 2922 1912 2960 nos
1946 2916 2117 2975 potest

549 2974 760 3045 referri.
796 2975 864 3027 Et
902 2976 1026 3041 quid
1058 2974 1325 3029 distulerit
1354 2976 1520 3042 dicit,
1551 2977 1673 3044 hoc,
1704 2978 1905 3029 scilicet
1931 2974 1955 3041 ,“
1976 2979 2114 3045 quod

544 3044 676 3113 ignis
704 3059 947 3097 accensus
978 3054 1070 3109 est,
1102 3045 1153 3097 id
1186 3054 1288 3108 est,
1323 3046 1515 3100 mentis
1543 3046 1830 3100 excmcatio
1859 3044 2001 3100 facta
2036 3058 2117 3103 est

544 3112 599 3169 in
625 3112 809 3176 Jacob,
836 3116 887 3167 in
916 3116 1227 3179 minoribus,
1259 3115 1310 3168 id
1340 3123 1441 3177 εει,
1478 3118 1528 3169 in
1558 3116 1943 3180 dubitantibus,
1975 3119 2115 3171 scili-

544 3193 635 3239 (et
659 3224 675 3248 ,
729 3185 1071 3239 historialiter
1106 3185 1207 3255 hoc
1235 3194 1289 3239 et
1318 3185 1369 3238 iit
1401 3185 1505 3240 illis
1553 3187 1667 3250 luit,
1697 3187 1857 3255 quod,
1884 3186 2017 3255 ignis
2064 3190 2115 3242 in

544 3265 717 3309 castra
756 3270 938 3307 eorum
968 3256 1132 3308 Venit.
1160 3253 1227 3307 Et
1258 3255 1338 3308 ira
1366 3256 1455 3309 Dei
1496 3257 1721 3310 ascendit
1754 3259 1805 3309 in
1837 3253 2031 3318 Israel,
2064 3259 2115 3313 itl

545 3334 647 3388 est,
678 3326 729 3377 in
760 3326 1068 3393 majoribus.
1100 3326 1254 3394 Saepe
1273 3326 1413 3379 enim
1445 3342 1539 3395 per
1562 3327 1846 3380 humanam
1874 3341 2117 3396 compas-

547 3396 751 3449 si0i.em
792 3397 1023 3463 majores
1066 3397 1199 3451 adeo
1227 3397 1520 3451 minoribus
1563 3397 2029 3463 condescendout,
2062 3409 2119 3454 ill

548 3466 866 3534 condignum
892 3467 1285 3519 correctionem
1307 3466 1447 3519 vitiis
1467 3483 1651 3520 corum
1678 3482 1780 3520 non
1804 3466 2113 3533 adhibeant,

546 3536 858 3603 deputantcs
889 3537 1063 3603 potius
1092 3536 1233 3602 quod
1262 3546 1483 3601 peccent
1524 3537 1768 3590 humana:
1800 3538 2114 3593 inlirmitati.

547 3605 616 3658 Et
640 3606 760 3659 ideo
792 3621 863 3658 ira
897 3608 1008 3670 Dei,
1039 3606 1089 3657 id
1121 3615 1237 3673 εει,
1268 3607 1462 3660 mentis
1500 3606 1787 3661 excaecatio
1816 3610 2013 3674 pariter
2039 3607 2119 3662 in-

550 3676 711 3745 volvit
733 3690 849 3734 eos,
874 3691 920 3742 q-
949 3676 994 3728 ia
1021 3690 1123 3728 non
1150 3676 1228 3745 sic
1250 3678 1478 3745 compali
1502 3677 1781 3740 deberent,
1806 3685 1940 3730 teste
1962 3677 2118 3731 beato

545 3743 843 3815 Gregorio,
873 3748 960 3813 qtti
991 3746 1119 3798 dicit
1148 3764 1161 3800 :
1191 3743 1599 3815 Corripuissionem
1630 3756 1824 3799 natura!
1859 3748 2115 3814 debemus,

540 3815 674 3868 vitiis
697 3831 811 3868 vero
842 3816 1226 3869 districtionem.
1251 3817 1597 3870 tlistorialiter
1619 3818 1780 3870 etiam
1809 3819 1982 3869 hocin
2013 3817 2117 3871 illis

544 3884 662 3953 fuit,
694 3888 814 3954 quia
844 3888 1020 3939 Aaron
1051 3902 1177 3940 vere
1201 3886 1359 3939 nimis
1381 3902 1692 3955 compasstts
1714 3899 1796 3940 est
1820 3889 1918 3947 eis,
1951 3903 2111 3955 quan-

540 3955 634 4024 do,
660 3958 791 4008 satis
814 3956 836 4008 l‘
866 3958 1011 4009 ciens
1036 3971 1210 4024 prava:
1237 3959 1490 4010 voluntati
1518 3972 1726 4021 eorum,
1756 3956 1973 4009 vitulum
1996 3972 2119 4011 cou-

544 4023 765 4078 ﬂatiletn
798 4024 908 4079 fieri
937 4023 1195 4094 permisit,
1227 4037 1282 4080 et
1305 4027 1425 4081 inde
1452 4027 1586 4080 iram
1615 4030 1704 4081 Uei
1734 4029 1945 4091 meruit,
1977 4028 2118 4081 Scili-

546 4105 653 4160 cet,
681 4105 735 4146 ut
766 4110 870 4147 non
900 4097 1266 4151 introduceret
1295 4098 1439 4151 illum
1470 4099 1724 4166 populum
1751 4111 1904 4151 Suum
1933 4099 1984 4150 in
2015 4110 2119 4152 ter-

542 4177 654 4216 ram
687 4166 1072 4232 promissionis.

617 4232 881 4307 Quianon
910 4235 1144 4307 credidit.
1173 4234 1318 4299 Ideo,
1348 4237 1581 4299 inquam,
1611 4236 1746 4307 ignis
1775 4251 2012 4289 accensus
2047 4247 2118 4291 est

545 4303 600 4357 itt
624 4303 805 4367 Iacob,
835 4306 955 4371 quia
982 4321 1083 4358 non
1113 4306 1431 4358 crediderunt
1460 4307 1514 4358 in
1539 4303 1667 4371 Deo,
1701 4307 1753 4359 id
1778 4319 1878 4371 est,
1910 4309 2118 4360 dubita-

546 4383 736 4447 verunt
755 4377 819 4447 de
843 4377 979 4439 Deo;
1002 4386 1057 4428 ct
1082 4377 1199 4429 ideo
1222 4392 1313 4429 nec
1336 4389 1657 4443 speraverant
1678 4379 1729 4429 in
1749 4375 1964 4429 salutari
1984 4381 2118 4447 ejus,

546 4444 599 4498 id
626 4454 726 4515 est,
754 4444 1167 4512 desperaverunt
1194 4449 1260 4499 de
1288 4447 1583 4501 sanatione
1611 4446 1748 4515 ejus.

614 4512 685 4567 Et
735 4518 991 4567 mandavit
1028 4515 1261 4569 nubibus.
1303 4519 1434 4570 Ecce
1482 4512 1696 4586 propter
1742 4520 1867 4588 quid
1913 4517 2116 4573 distulit

551 4598 783 4655 pinnam,
812 4587 1034 4646 scilicet.
1065 4597 1119 4638 ut
1150 4588 1292 4653 prius
1334 4588 1581 4654 impleret
1626 4590 1887 4642 inﬁdelem
1930 4604 2115 4642 eorum

549 4659 1053 4728 concupiscentiam,
1077 4657 1200 4723 quia
1227 4659 1482 4710 mandavit
1512 4656 1725 4717 nubibus
1764 4660 1978 4728 desuper
2022 4675 2115 4713 ve-

554 4730 821 4799 nientibus
845 4726 1047 4799 pluere,
1085 4736 1129 4778 et
1158 4729 1356 4799 aperuit
1382 4730 1529 4795 quasi
1552 4732 1743 4799 januas
1769 4726 1901 4783 creti.

618 4795 684 4847 Et
706 4797 830 4863 pluit
860 4796 963 4847 illis
986 4812 1173 4849 manna
1192 4795 1260 4848 ad
1285 4795 1722 4852 manducandum.
1755 4800 1906 4865 Quod
1936 4810 2115 4854 autem

546 4864 693 4937 dicit,
742 4880 933 4937 manna
978 4866 1331 4931 determinat,
1377 4870 1601 4935 scilicet,
1648 4864 1793 4922 dedit
1818 4872 1889 4922 eis
1933 4886 2117 4937 panem

542 4936 691 5010 caeli,
710 4936 759 4987 id
789 4946 891 4999 est,
941 4951 1128 5010 panem
1162 4941 1393 5010 missum
1436 4944 1505 5010 de
1550 4941 1708 4993 caelo.
1762 4944 1890 4993 Nam
1933 4936 2117 5010 panem

542 5004 839 5073 angelorum
868 5007 1191 5059 manducavit
1235 5009 1429 5071 homo;
1476 5008 1577 5063 hoc
1606 5025 1730 5064 vere
1761 5004 2116 5063 habct'histo-

544 5078 643 5142 ria,
667 5078 804 5143 quod
825 5076 897 5127 ιιι.
919 5078 1112 5144 populo
1137 5081 1485 5148 murmuranti
1510 5079 1649 5134 Deus
1673 5082 1866 5148 pluerit
1897 5095 2111 5133 manna.

541 5142 732 5201 Manna
772 5160 899 5199 vero
922 5142 1045 5199 'tale
1078 5142 1196 5209 luit,
1236 5149 1375 5215 quod
1416 5151 1635 5216 quidem
1674 5142 1893 5204 omnem
1940 5152 2114 5203 cibum

536 5220 614 5270 eis
658 5217 859 5282 sapuit;
912 5225 967 5287 et
1010 5218 1385 5285 interpretatur
1438 5234 1653 5280 manna,
1683 5222 1806 5287 quid
1855 5228 1932 5272 est
1978 5220 2118 5274 hoc?

535 5287 648 5341 Non
679 5298 851 5340 autem
885 5286 1003 5340 ideo
1031 5303 1220 5341 manna
1254 5305 1433 5356 panem
1462 5286 1761 5357 angelorum
1789 5292 1940 5353 dicit,
1973 5292 2113 5359 quod

537 5372 604 5429 eo
635 5367 849 5410 utantur
888 5359 1083 5426 angeli,
1127 5360 1220 5410 sed
1247 5374 1367 5426 quia
1394 5375 1545 5428 quasi
1570 5360 1635 5411 de
1664 5370 1851 5414 eorum
1876 5361 2111 5429 legione,

536 5428 589 5482 id
620 5437 724 5494 est,
755 5430 821 5482 de
877 5430 1241 5497 superioribus
1289 5429 1584 5481 descendit.
1642 5430 1733 5484 Vel
1778 5429 1896 5482 ideo
1944 5428 2112 5485 etiam

539 5513 730 5552 manna
759 5514 940 5568 pauent
980 5500 1274 5569 angelorum
1306 5501 1466 5561 duit,
1500 5502 1619 5568 quia
1674 5502 1988 5567 signiﬁcavit
2019 5517 2113 5555 ιε-

533 5584 651 5622 rum
700 5570 843 5621 illum
888 5584 1075 5636 panem
1127 5571 1212 5638 qui
1264 5571 1328 5623 de
1373 5571 1499 5621 casto
1546 5572 1825 5637 descendit,
1858 5586 1963 5639 quo
1990 5571 2110 5624 reli-

538 5640 749 5710 ciuntur
774 5641 968 5710 angeli.
1019 5641 1185 5693 liabet
1228 5654 1439 5708 quoque
1469 5639 1689 5694 historia
1718 5643 1863 5710 qttod
1895 5657 2109 5703 "tumlti,

535 5709 656 5774 quia
683 5708 886 5761 contusi
938 5709 1143 5775 saporis
1187 5719 1319 5775 erat,
1353 5711 1514 5775 C(Bpit
1562 5711 1643 5763 eis
1684 5708 1806 5765 esse
1838 5712 2025 5773 taedio;
2059 5721 2114 5765 et

538 5787 819 5845 coeperunt
848 5780 1170 5848 ‘dcstmrat'c
1219 5781 1510 5849 sapidiotes
1536 5782 1707 5849 cibos,
1741 5792 1785 5836 rt
1820 5792 1943 5838 tunc
1970 5781 2110 5837 Deus

2224 1856 2479 1909 D-nninus
2504 1855 2713 1908 mandat
2737 1854 2973 1917 nubibus,
3001 1856 3050 1907 id
3074 1864 3178 1920 cst,
3207 1856 3633 1921 praedicatoribus
3657 1874 3794 1919 suis.

2222 1938 2265 1978 et
2297 1928 2460 1989 aperit
2492 1930 2684 1995 januas
2710 1925 2847 1987 ctuti,
2889 1924 2939 1977 id
2969 1935 3082 1989 est,
3110 1925 3279 1995 aperit
3322 1927 3479 1979 corda
3518 1942 3705 1981 eorum
3730 1931 3797 1982 ad

2224 1993 2627 2064 intelligentiam
2659 1995 2927 2055 veritatis;
2958 2004 3011 2046 et
3042 2011 3131 2063 per
3163 1993 3286 2047 illos
3319 1996 3444 2058 pluit
3478 1998 3631 2050 nobis
3658 1998 3796 2052 illud

2221 2081 2403 2120 Verum
2431 2082 2644 2129 manna,
2668 2081 2770 2131 quo
2796 2066 3103 2117 reliciunlnr
3130 2064 3322 2132 angeli.
3345 2069 3484 2133 quod
3512 2068 3797 2121 desrendtt

2220 2137 2288 2190 de
2316 2138 2476 2197 melo,
2528 2146 2583 2188 tit
2614 2152 2799 2201 pultem
2843 2136 3154 2203 angelorum
3211 2138 3552 2188 tnanduearet
3607 2138 3793 2200 houtn,

2223 2208 2449 2271 scilicet,
2503 2206 2823 2258 notiticando
2869 2209 3021 2257 nobis
3068 2205 3347 2257 historiam
3405 2206 3795 2263 lncarnatiums

2219 2277 2417 2330 Christi
2468 2277 2572 2337 sui,
2620 2286 2671 2327 cl
2722 2284 3030 2342 mysterium
3081 2276 3246 2339 ipsms
3296 2276 3698 2342 locat-uallatus,
3740 2291 3796 2333 et

2224 2356 2479 2415 praeterea
2511 2344 2830 2399 notitiuando
2856 2346 3008 2397 nobis
3038 2358 3157 2396 eum
3198 2342 3249 2396 in
3278 2350 3623 2400 sacramentis
3649 2351 3799 2402 alta-

2222 2417 2313 2470 ris.
2355 2416 2639 2483 Postquam
2676 2424 2848 2467 autem
2896 2415 2997 2467 hoc
3034 2423 3199 2467 totum
3242 2429 3334 2482 per
3372 2416 3797 2471 misericordiam

2222 2486 2338 2555 ejus
2385 2487 2725 2556 percipimus,
2755 2500 2796 2537 si
2828 2485 3004 2536 adhuc
3046 2486 3230 2556 altiora
3260 2488 3405 2556 velut
3431 2486 3605 2539 cibum
3647 2488 3799 2556 sapi-

2222 2554 2428 2612 diorem
2460 2554 2767 2623 qumritnus,
2800 2562 2856 2607 ut
2886 2564 3125 2625 notitiam
3155 2554 3222 2607 de
3260 2555 3534 2625 divmttate
3559 2554 3799 2625 ειοιε,“ει

2219 2628 2381 2680 etiam
2428 2626 2496 2680 de
2545 2627 2815 2694 mysteriis
2865 2624 3167 2688 altioribus,
3216 2631 3342 2678 tunc
3381 2624 3633 2678 Dominus
3678 2644 3796 2681 non

2219 2696 2554 2765 Aquilonem.
2582 2693 2668 2762 qui
2698 2693 2919 2763 frigidus
2943 2704 3045 2759 est,
3073 2696 3165 2747 sed
3192 2697 3445 2747 Austrum
3476 2704 3531 2748 et
3554 2696 3797 2753 Alricum

2222 2766 2599 2820 meridionales
2638 2774 2823 2819 ventos
2864 2773 2918 2816 et
2955 2765 3189 2827 calidus,
3230 2766 3281 2818 id
3326 2773 3428 2825 est,
3478 2766 3712 2820 lucentes
3744 2780 3802 2823 et

2221 2836 2485 2890 ferventes
2532 2837 2751 2899 spiritus
2795 2835 3202 2903 praedicatorum
3244 2836 3497 2888 transfert
3526 2837 3593 2890 de
3629 2847 3796 2898 caelo,

2222 2907 2310 2961 ubi
2339 2907 2620 2960 audierunt
2644 2916 2847 2959 secreta
2878 2919 2996 2973 qua!
3027 2921 3129 2958 non
3171 2904 3292 2959 licet
3321 2906 3521 2958 honuni
3551 2905 3693 2974 loqui
3726 2908 3796 2962 ad

2221 2987 2407 3031 terras.
2438 2992 2559 3044 quia
2592 2974 2714 3029 lacu
2740 2990 2835 3028 eos
2865 2975 3293 3030 condescendere
3322 2982 3494 3038 nobis,
3532 2985 3588 3030 ut
3614 2988 3668 3030 et
3693 2995 3800 3032 nos

2222 3062 2340 3102 cum
2395 3047 2523 3115 ipsis
2575 3047 3005 3099 coasceudamus.
3060 3045 3122 3115 Et
3171 3060 3264 3112 per
3310 3048 3429 3098 illos
3456 3047 3590 3113 pluit
3634 3052 3797 3103 nobis

2223 3134 2396 3171 carnes
2420 3114 2471 3170 7e:
2503 3127 2722 3183 pennata
2761 3120 3007 3179 volatilia,
3040 3114 3093 3167 id
3120 3123 3223 3179 est,
3259 3115 3362 3170 illis
3415 3115 3702 3184 sapidiora,
3739 3129 3799 3172 et

2223 3191 2410 3242 altiora
2454 3188 2688 3240 notilicat
2732 3190 2904 3239 nobis.
2948 3185 3079 3237 sicut
3120 3186 3391 3251 pulverem,
3432 3195 3487 3238 et
3527 3190 3663 3240 sicut
3692 3196 3799 3243 nuc

2222 3260 2401 3311 modo.
2438 3258 2535 3310 Per
2574 3261 2847 3321 pulterem,
2882 3270 2969 3323 qui
3006 3256 3387 3308 minutissimus
3417 3263 3522 3315 εει,
3555 3257 3797 3326 intelligi:

2220 3328 2564 3382 subtilitatem
2592 3326 2972 3379 sententiarum
2997 3367 3011 3391 ,
3045 3340 3137 3392 per
3159 3340 3369 3378 arenam
3396 3340 3524 3379 vero
3547 3330 3787 3395 copiosi-

2222 3408 2411 3460 ta'em;
2444 3412 2535 3464 per
2560 3410 2725 3461 mare,
2749 3396 2888 3464 quod
2922 3404 3117 3450 salsum
3147 3404 3251 3459 est,
3278 3396 3640 3462 sapidttatem,
3666 3399 3796 3459 quia

2218 3470 2316 3523 etsi
2359 3483 2461 3520 non
2499 3470 2761 3528 omnibus,
2789 3469 3100 3533 quibusdam
3132 3473 3305 3518 tamen
3336 3476 3460 3518 sunt
3485 3480 3645 3534 sapor
3668 3480 3797 3522 vita

2218 3539 2284 3591 ad
2327 3538 2507 3590 vitam.
2557 3536 2844 3589 Possumus
2881 3545 3039 3589 etiam
3090 3550 3181 3603 per
3220 3537 3471 3603 pulverem
3512 3539 3796 3605 vilitatem,

2219 3618 2273 3662 et
2301 3622 2393 3675 per
2418 3621 2626 3661 arenam
2650 3619 2892 3672 acetpetc
2923 3606 3249 3659 sterilitatem
3282 3609 3333 3656 in
3365 3607 3587 3669 eisdem,
3617 3620 3787 3674 quan-

2219 3674 2327 3731 tum
2353 3679 2417 3731 ad
2447 3677 2633 3731 malos.
2668 3676 2732 3729 Et
2761 3675 2991 3728 volatilia
3022 3675 3109 3729 illa
3138 3674 3332 3727 cadunt
3356 3684 3410 3729 et
3434 3678 3483 3729 in
3508 3680 3683 3729 medio
3709 3686 3794 3731 ta-

2219 3748 2629 3802 bernaculurum
2680 3755 3011 3805 nostrorum.
3043 3755 3095 3800 et
3122 3746 3260 3798 circa
3291 3746 3647 3799 tabernacula.
3697 3747 3795 3799 Ill:

2217 3819 2429 3885 quidem
2478 3820 2529 3870 ill
2579 3817 2773 3877 medio,
2804 3831 2921 3885 quia
2968 3829 2997 3867 a
3042 3830 3266 3881 propriis
3300 3818 3531 3883 peculis
3558 3818 3794 3870 addisci-

2219 3903 2365 3953 mus;
2399 3888 2483 3941 illa
2506 3901 2632 3941 vero
2648 3888 2809 3947 circa,
2831 3901 2947 3953 quae
2970 3891 3035 3936 ab
3058 3897 3388 3941 exlrtttsems.
3413 3889 3465 3939 Si
3488 3898 3665 3939 autem
3692 3902 3797 3942 nos

2220 3960 2484 4011 relicimur
2512 3959 2621 4019 eis,
2669 3971 2771 4009 non
2810 3958 2876 4008 ad
2920 3957 3285 4017 sobrietatem.
3316 3958 3408 4009 sed
3454 3957 3521 4010 ad
3556 3956 3797 4010 ebrieta-

2220 4037 2347 4092 tem,
2389 4030 2606 4091 scilicet,
2647 4027 2689 4079 si
2725 4026 2883 4080 nimis
2912 4026 3015 4079 alte
3045 4032 3286 4079 volumus
3328 4042 3390 4079 ea
3431 4028 3702 4095 indagare,
3733 4040 3794 4081 et

2218 4113 2407 4166 sapere
2449 4099 2719 4166 plusquam
2760 4107 2967 4166 Oportet
3007 4110 3216 4162 sapt-ie,
3264 4104 3321 4147 ut
3349 4097 3472 4151 inde
3508 4099 3790 4165 superbis-

2220 4165 2359 4232 mus,
2386 4165 2700 4234 et’tnagistri
2732 4165 2929 4220 erroris
2959 4166 3246 4219 uinciantur
3275 4180 3437 4220 :ecce
3462 4182 3580 4219 cum
3610 4170 3791 4220 adhuc

2219 4239 2369 4305 quasi
2399 4253 2520 4293 esca
2553 4240 2604 4290 in
2643 4251 2737 4290 ore
2776 4237 2856 4301 lit,
2887 4240 3066 4288 statim
3114 4239 3187 4289 ira
3223 4236 3313 4289 Dei
3342 4238 3582 4291 ascendit
3624 4251 3793 4305 Super

2222 4324 2341 4371 llOs,
2363 4309 2487 4377 quia
2516 4309 2711 4362 mentis
2737 4315 2974 4377 εωειιειε
3002 4305 3339 4359 inulctamur.
3387 4306 3577 4360 Beatus
3601 4311 3787 4375 Augu-

2221 4381 2397 4431 stinus
2425 4383 2564 4430 hanc
2592 4376 2896 4444 allegoriam
2935 4376 3065 4429 satis
3094 4378 3290 4429 urbane
3318 4384 3373 4431 ει
3396 4390 3605 4445 proprie
3649 4378 3788 4429 illst-

2224 4448 2335 4510 stit,
2368 4449 2437 4501 ila
2466 4449 2646 4501 dicens
2676 4463 2687 4497 :
2726 4446 2861 4498 I’luit
2888 4461 3040 4517 super
3071 4445 3185 4498 illos
3215 4462 3431 4509 manna,
3468 4460 3512 4500 et
3535 4450 3622 4513 qui
3651 4447 3793 4501 illud

2148 4500 2196 4559 D
2222 4500 2594 4571 dedittenlanti
2625 4531 2914 4586 synagogw,
2951 4500 3061 4569 'uon
3102 4517 3363 4585 denegabit
3397 4500 3529 4569 illud
3549 4500 3794 4570 credenti

2222 4587 2484 4644 Ecclesia.
2551 4585 2659 4653 Qui
2694 4588 2835 4640 cnim
2873 4592 2951 4640 sic
2992 4585 3158 4654 potuit
3205 4589 3516 4640 tenlantium
3556 4599 3791 4652 corpora

2222 4661 2462 4723 reticere,
2496 4667 2666 4726 potest
2703 4668 2755 4708 et
2802 4673 2904 4708 non
2955 4658 3289 4719 tclttanlitlnt,
3324 4657 3377 4710 id
3420 4667 3522 4721 est,
3553 4665 3790 4710 creden-

2222 4732 2350 4782 tium
2393 4728 2668 4797 parvulam
2708 4727 2863 4778 lidetn
2906 4742 3065 4779 cat-ue
3096 4727 3249 4780 editis
3289 4742 3475 4781 vocum
3515 4726 3703 4792 signis,
3734 4737 3793 4780 et

2221 4814 2318 4866 per
2363 4815 2540 4852 aerem
2586 4798 3070 4850 transeurrentibus
3100 4836 3115 4859 ,
3169 4809 3413 4865 tanqulm
3480 4798 3791 4849 volatilibus

2221 4868 2465 4937 pennatis
2492 4881 2744 4936 pascere;
2775 4883 2879 4919 non
2926 4877 3099 4920 tamen
3129 4868 3195 4920 ab
3220 4870 3476 4936 Aquilone
3522 4867 3791 4920 venienti-

2220 4944 2341 5003 bus,
2368 4939 2456 4993 ubi
2485 4940 2647 5005 l'rigus
2674 4947 2731 4990 et
2756 4939 2924 5004 latigo
2956 4938 3223 5004 praevalet,
3251 4940 3300 4989 id
3326 4948 3427 5002 est,
3457 4940 3787 5004 eloquentia,

2218 5024 2338 5076 qua:
2383 5010 2506 5063 huic
2550 5009 2751 5061 mundo
2790 5009 2990 5074 placet;
3045 5010 3139 5061 sed
3185 5008 3453 5062 translatis
3493 5009 3692 5061 Austro
3732 5017 3792 5060 et

2219 5079 2422 5141 Africo,
2452 5080 2538 5148 qui
2568 5078 2725 5131 calidi
2753 5079 2894 5130 venti
2924 5089 3066 5141 sunt,
3101 5079 3167 5131 de
3195 5079 3353 5132 cudo.
3401 5077 3551 5144 Quo?
3575 5078 3640 5128 ad
3674 5088 3787 5130 ter-

2220 5164 2307 5203 ras
2349 5152 2580 5211 sellicet,
2631 5156 2688 5201 ut
2734 5148 2937 5214 parvuli
2985 5151 3035 5201 in
3084 5150 3186 5202 lide
3231 5162 3440 5201 terrena
3484 5148 3783 5213 audientes,

2219 5221 2523 5273 nutriantur
2551 5217 2617 5272 ad
2646 5219 2901 5285 capienda
2940 5222 3199 5273 cmiestia.
3244 5219 3299 5273 Si
3349 5218 3491 5272 enim
3531 5232 3630 5269 non
3663 5234 3790 5271 cre—

2217 5294 2345 5344 dent
2393 5300 2623 5354 terrena,
2675 5304 2779 5341 non
2826 5292 3045 5341 credent
3089 5302 3144 5343 et
3188 5288 3612 5357 cmlesua,juxts
3648 5285 3791 5342 illud

2218 5360 2546 5413 Dominicum
2583 5374 2596 5410 :
2629 5358 2688 5412 Si
2726 5368 2922 5410 terrena
2954 5359 3063 5410 dixi
3112 5360 3281 5423 vobis,
3323 5369 3370 5412 et
3412 5375 3514 5412 non
3550 5358 3788 5423 creditis,

2216 5432 2494 5499 quomodo,
2524 5430 2566 5482 si
2587 5430 2808 5482 (αἰθερία
2835 5430 3010 5483 dixero
3034 5430 3189 5495 vobis,
3209 5430 3458 5483 credetis?
3480 5432 3670 5481 Auster
3700 5432 3796 5481 ille

2214 5504 2283 5556 de
2311 5508 2469 5563 creto,
2505 5501 2589 5552 ubi
2634 5499 2827 5551 audivit
2866 5514 3092 5564 arcana,
3135 5517 3245 5567 quia
3285 5515 3387 5552 non
3429 5501 3542 5553 licet
3581 5500 3789 5549 homini

2215 5572 2395 5641 loqui,
2436 5585 2563 5624 vere
2602 5572 2675 5641 ad
2725 5580 2892 5622 tetras
2938 5574 3221 5624 translatus
3269 5571 3413 5641 fuit,
3445 5584 3566 5622 cum
3608 5569 3793 5641 dixit:

2216 5638 2337 5694 Non
2360 5644 2501 5711 potui
2528 5640 2667 5693 vobis
2694 5641 2832 5711 loqui
2869 5649 3109 5707 tanquam
3139 5639 3511 5711 spiritualibus,
3539 5638 3620 5692 sed
3652 5650 3799 5711 ton-

2213 5708 2369 5779 quant
2386 5711 2697 5765 carnalibus.
2724 5708 2988 5779 Tanquam
3008 5708 3230 5781 paruulis
3251 5712 3304 5763 in
3323 5711 3524 5765 Christo
3548 5714 3621 5760 lac
3641 5710 3801 5781 nobis

2216 5792 2391 5851 potant
2413 5782 2551 5849 dedi,
2593 5797 2694 5837 non
2717 5796 2900 5837 escam.
2932 5780 3033 5839 Pet"
3056 5786 3306 5839 Austrum
3356 5793 3528 5837 autem
3557 5791 3605 5835 et
3633 5780 3802 5833 Atri-
