4010 6190
265 288 366 343 9M

959 292 1022 345 ΙΝ
1063 292 1477 350 PSALMORU“
1522 296 1775 351 LIBRUM
1824 295 2185 354 EXEGESIS.
2231 329 2299 340 —
2340 298 2579 354 I’StI.TII.
2624 296 2885 352 LXXVII.

3422 298 3529 356 902

268 422 389 459 cum
423 402 954 486 intellige_ierveiites
982 415 1033 486 et
1068 406 1305 486 lucentes
1337 408 1554 475 spiritus
1588 411 1847 486 priedit-a-
1882 418 1923 469 Α
1954 422 2070 464 erat
2099 414 2164 466 de
2194 416 2397 467 semine
2427 428 2610 486 eorum
2643 412 2901 486 (ἒιιι-ιειιιᾳ.
2934 411 2995 465 Et
3023 414 3275 481 propitius
3303 417 3388 482 ﬁet
3411 438 3529 486 pec-

272 487 472 539 torum,
502 477 587 544 qni
621 477 758 527 nltra
789 475 1004 527 veniunt
1050 481 1113 528 ad
1147 491 1264 540 nos,
1296 487 1350 530 et
1379 488 1663 544 apportarat
1691 480 1848 533 verba

271 548 523 600 divinitus
555 545 743 610 iniSSa,
776 553 832 597 ut
860 546 1082 611 quisque
1122 547 1333 614 colligat
1379 565 1464 612 ea,
1508 558 1560 600 et
1600 553 1649 601 in
1680 551 1855 602 taber-

274 618 467 671 nacnln
495 625 551 669 et
574 616 715 668 circa
748 615 1143 669 tabernaculum
1188 632 1366 679 suum,
1393 628 1446 671 et
1469 617 1658 672 adoret
1687 618 1851 673 Deum

273 690 329 741 in
360 688 476 740 loco
506 701 624 740 suo.

348 756 417 810 Et
449 757 631 810 occidit
660 757 872 826 pingues
898 773 1096 809 eorum.
1128 756 1287 819 Quasi
1321 756 1464 810 dicat
1499 776 1510 810 :
1547 758 1656 812 Iloc
1687 760 1849 813 modo

275 829 518 883 ascendit
568 842 729 895 super
759 827 897 890 illus,
955 829 1076 895 quia
1106 827 1392 898 occidite:
1425 828 1503 881 eis
1551 829 1855 898 impingua-

279 908 385 959 tos.
413 899 463 952 id
495 909 596 960 est,
644 898 800 950 nimis
828 907 1098 949 satura'os
1130 896 1474 951 ltistorialiier
1518 898 1569 951 iu
1602 896 1855 967 corpore.

279 971 486 1023 Uecidit
516 971 670 1037 nimis
714 968 952 1021 doctrina
999 967 1114 1035 ejus
1147 968 1508 1036 iinpingttatns
1556 971 1605 1022 in
1655 984 1855 1037 meme,

284 1049 329 1094 et
359 1041 544 1094 electos
572 1036 739 1092 Israel
766 1038 1045 1105 impedivit,
1082 1038 1149 1089 ita
1180 1038 1385 1090 Scilicet
1417 1051 1473 1091 nt
1504 1054 1608 1093 non
1642 1036 1861 1108 possent

283 1109 394 1165 illis
428 1110 701 1177 prodesse,
733 1110 924 1176 quibus
969 1118 1188 1175 paterno
1219 1109 1409 1161 allecto
1460 1113 1705 1164 volebant
1734 1126 1855 1163 81ιο-

282 1197 521 1234 currere.
554 1180 689 1244 Quid
719 1178 860 1231 enim
910 1179 1129 1245 prodest
1177 1180 1408 1231 humana
1460 1182 1855 1246 misericordia,

290 1252 380 1304 ubi
426 1264 662 1319 praesens
690 1258 771 1302 est
798 1248 975 1302 divina
1003 1249 1269 1302 vindicta?
1311 1247 1403 1303 Vel
1436 1251 1595 1303 etiam
1648 1252 1717 1304 ita
1768 1268 1862 1306 eos

289 1322 587 1387 impedivit,
620 1321 739 1387 quia
772 1319 927 1373 nimis
970 1319 1343 1386 compatiendo
1388 1337 1491 1373 non
1526 1322 1627 1374 lioc
1654 1332 1865 1377 vertant

290 1393 677 1445 districtinnem
722 1388 879 1455 vitiis,
928 1400 983 1443 ut
1026 1400 1078 1443 et
1118 1388 1216 1457 ipsi
1246 1403 1367 1442 cum
1408 1389 1485 1443 eis
1534 1402 1860 1457 paterentur.

290 1460 451 1516 Vt-lnt
482 1476 623 1528 Sﬂ‘pe
665 1460 937 1529 propbette
967 1475 1087 1513 cum
1129 1459 1246 1512 aliis
1277 1460 1328 1511 iii
1367 1461 1727 1526 captivitatem
1759 1465 1860 1517 du-

289 1535 362 1585 cti
405 1540 548 1596 sunt,
598 1546 701 1583 non
728 1540 930 1584 tantum
980 1530 1032 1583 in
1077 1530 1641 1598 exetnplumjnstitic,
1684 1533 1777 1585 sed
1812 1542 1866 1585 et

292 1603 579 1670 patientur.
638 1602 693 1654 In
749 1604 1055 1669 exemplum
1116 1601 1324 1666 quidem
1379 1601 1620 1669 ⁸ῑιιιςιίιίιιξ,
1678 1613 1731 1655 ιιι
1776 1602 1863 1656 alii

292 1674 513 1728 scirent.
545 1672 665 1742 quia
718 1672 760 1724 si
792 1687 894 1724 non
942 1672 1109 1738 parcit
1139 1670 1280 1733 lillis,
1334 1688 1438 1724 non
1489 1681 1669 1737 parcet
1696 1674 1867 1727 servis

296 1742 559 1813 fugitivis.
612 1743 664 1795 Ιιι
712 1744 1013 1813 exemplum
1058 1756 1184 1813 vero
1229 1743 1517 1813 patientiae,
1552 1753 1606 1794 tit
1652 1744 1862 1797 illorum

298 1811 546 1877 exemplo
592 1818 854 1878 patienter
883 1812 1019 1864 mala
1069 1812 1294 1864 tolerare
1321 1811 1610 1865 discerent.
1648 1812 1700 1866 lii
1744 1830 1863 1865 titti-

297 1884 457 1937 nibus
489 1885 599 1936 Ita-c
630 1883 878 1950 praediCIa
909 1882 1043 1934 mala
1074 1879 1250 1934 intulit
1298 1881 1374 1935 eis
1418 1882 1692 1946 Dominus,
1728 1894 1783 1936 et
1812 1884 1865 1937 in

301 1955 383 2007 bis
430 1954 675 2008 “mnibus
718 1968 746 2005 a
783 1954 1004 2006 Domino
1048 1967 1075 2005 c
1100 1951 1271 2005 irrecti
1307 1966 1653 2018 peccaverunt
1687 1964 1863 2006 tamen

300 2025 473 2078 adliitc
499 2042 513 2079 :
544 2037 596 2079 et
626 2025 744 2077 ideo
773 2033 1145 2088 peccaverunt,
1200 2023 1319 2089 quia
1378 2040 1481 2075 non
1531 2026 1871 2077 crediderunt

304 2098 357 2148 in
402 2095 590 2160 Deum,
622 2094 957 2147 attendentes
1006 2096 1055 2144 iit
1089 2093 1419 2145 IIIII‘JIIIIIIlth
1450 2094 1587 2161 ejus,
1619 2098 1867 2160 quoniam

301 2165 591 2221 admonere
646 2167 922 2218 deberent.
974 2164 1228 2216 Mit'abilia
1285 2174 1437 2216 vocat
1495 2166 1770 2227 bettelicia,
1816 2177 1870 2219 et

306 2251 494 2304 ptenas
523 2238 598 2289 cis
632 2236 823 2295 illatas,
855 2246 1110 2304 quantum
1143 2235 1290 2304 adea
1328 2248 1444 2302 qua:
1474 2234 1867 2302 signiﬁcabant.

393 2306 456 2359 Et
483 2308 795 2373 defecerunt.
825 2305 984 2371 Quasi
1010 2303 1145 2357 dicat
1176 2321 1186 2354 :
1223 2303 1354 2369 Quia
1401 2321 1503 2355 non
1534 2306 1873 2360 crediderunt

316 2376 369 2430 in
400 2377 746 2438 mirabilibus,
780 2375 899 2427 ideo
931 2375 1147 2427 vanitati
1173 2376 1508 2437 studuerunt,
1551 2376 1601 2427 id
1628 2384 1730 2440 est,
1763 2387 1872 2428 ler-

311 2449 457 2501 renis
499 2450 675 2499 rebus.
710 2448 769 2498 Et
813 2448 864 2499 in
898 2461 959 2499 ea
990 2447 1212 2496 vanitate
1247 2445 1535 2514 defecerunt
1564 2446 1671 2499 dies
1698 2462 1873 2498 eorum

306 2518 495 2571 cta'titi
523 2532 695 2569 eorum
726 2531 838 2569 cum
888 2516 1243 2586 festinatione,
1293 2517 1414 2583 quia
1470 2517 1722 2582 prostrati
1752 2527 1876 2570 aunt

309 2604 417 2641 una
450 2590 533 2641 die
566 2587 743 2656 viginti
779 2588 875 2640 tria
912 2586 1096 2650 millia,
1131 2593 1186 2637 et
1222 2589 1496 2656 perierunt
1532 2603 1558 2636 a
1604 2587 1870 2653 serpenti-

311 2660 409 2711 bus
441 2669 493 2711 et
520 2654 638 2710 aliis
666 2658 827 2711 variis
877 2656 1099 2709 titorb.s.
1151 2654 1302 2720 Quod
1345 2668 1520 2709 autem
1553 2656 1701 2719 dicit,
1745 2656 1876 2711 Cum

309 2730 649 2796 festinatione,
702 2728 821 2780 ideo
873 2743 975 2779 non
1025 2725 1154 2779 dicit
1198 2724 1339 2792 quod
1394 2725 1519 2779 anni
1550 2727 1615 2779 ad
1649 2738 1876 2780 mortem

308 2798 643 2863 festinarent,
692 2799 784 2851 sed
827 2799 948 2865 quia
996 2796 1094 2864 ipsi
1146 2810 1249 2848 non
1300 2797 1727 2865 corrigebantur,
1784 2797 1876 2850 sed

310 2884 527 2937 semper
579 2874 629 2923 in
686 2868 833 2936 pejus
880 2866 1321 2937 detrudebantur,
1356 2866 1504 2937 ideo
1559 2866 1880 2921 videbantur

311 2936 467 3008 quasi
502 2939 752 2993 festinare
776 2938 839 2991 ad
873 2938 1163 3008 interitum.
1196 2936 1452 3008 Similiter
1479 2951 1602 2990 cum
1632 2938 1746 2990 dies
1767 2954 1881 2989 om-

312 3005 461 3064 nium
492 3020 727 3065 iiOstrnni
756 3008 820 3061 ad
847 3007 1197 3061 mleriiitatem
1227 3005 1391 3059 creati
1414 3018 1556 3073 sunt,
1589 3009 1633 3061 si
1660 3021 1756 3061 nos
1787 3022 1881 3061 va-

1960 486 2087 535 catis
2126 500 2318 548 eorum,
2364 500 2466 536 non
2515 485 2726 537 illorum
2756 483 2967 551 quidem
3012 486 3344 550 peccantium
3390 483 3524 545 etin

1960 553 2271 607 irilidelitate
2297 556 2707 620 persiStentimn,
2738 554 2828 605 sed
2858 556 3208 620 quorumdam
3244 559 3330 622 qui
3353 573 3419 613 ex
3448 562 3531 617 eis

1958 634 2337 677 convt'rtentnr
2361 665 2376 687 ,
2412 634 2468 676 tit
2518 624 2899 687 praediximus:
2934 634 2980 676 et
3022 634 3237 689 prouter
3284 628 3382 680 line
3425 646 3527 684 non

1961 694 2171 759 penitus
2208 695 2462 762 disperde!
2500 694 2637 747 illos.
2671 694 2957 748 Sciendum
2989 694 3128 761 quod
3169 709 3232 748 ex
3266 696 3367 751 hoc
3414 700 3531 754 Ioco

1961 773 2301 829 peceatores,
2336 764 2548 832 quidam
2597 764 2965 837 impunitatem
3012 775 3350 837 peccatorum
3389 784 3531 837 prte-

1960 844 2300 898 sumpsernnt
2340 849 2598 890 asserere.
2631 836 2869 887 tliCcnles
2900 836 3039 901 quod
3070 838 3229 889 etiam
3269 838 3364 902 ipsi
3394 836 3533 895 tales

1960 914 2135 956 essent
2161 945 2174 966 ,
2206 904 2391 972 quales
2433 906 2517 956 isti
2553 905 2763 957 fuerunt
2793 920 2805 954 ε
2841 914 3016 956 tamen
3063 904 3203 957 Deus
3251 907 3534 964 miseretur

1962 989 2172 1035 eorum,
2201 976 2323 1039 quia
2354 975 2437 1025 bic
2464 975 2654 1026 dicitur
2684 992 2695 1025 :
2725 972 2845 1041 Ipse
2883 982 3051 1025 autent
3086 984 3159 1026 est
3179 977 3467 1032 misericors
3488 989 3535 1035 et

1962 1046 2213 1114 propitius
2244 1045 2328 1107 ﬁet
2349 1046 2565 1102 peccatis
2589 1060 2784 1106 eorum,
2805 1060 2908 1095 non
2931 1046 3270 1099 attendentes
3290 1049 3410 1114 quia
3441 1065 3532 1113 pa—

1969 1113 2157 1166 tientia
2190 1114 2281 1167 Dei
2313 1114 2377 1165 ad
2421 1114 2785 1178 paenitentiam
2818 1129 2961 1167 nunc
2996 1113 3242 1178 adducit,
3274 1113 3325 1173 in
3353 1116 3535 1174 futuro

1964 1196 2091 1236 vero
2119 1184 2311 1236 nullius
2340 1183 2460 1235 inali
2495 1184 2851 1237 miserebitur.

2038 1252 2103 1305 Et
2144 1254 2439 1306 abundavit.
2471 1254 2525 1306 In
2575 1254 2673 1306 Iioc
2705 1252 2918 1321 quidem
2953 1255 3264 1308 miseriCnrs
3292 1258 3368 1311 eis
3401 1257 3534 1321 fuit.

1964 1323 2087 1387 quia
2142 1339 2245 1377 non
2290 1326 2499 1392 penitus
2537 1338 2632 1378 eos
2672 1324 3021 1389 disperdidit;
3075 1334 3121 1377 et
3159 1326 3437 1381 abundavit
3481 1331 3533 1384 in

1968 1395 2357 1456 misericordia,
2386 1394 2432 1447 id
2456 1404 2557 1458 est,
2576 1394 2749 1447 adhuc
2770 1394 3208 1450 abtindantinre-u
3234 1398 3539 1453 misericor-

1969 1466 2109 1516 diam
2141 1465 2219 1517 eis
2265 1464 2505 1517 exliibtiit
2529 1504 2542 1526 ,
2576 1466 2779 1519 scilicet
2810 1473 2865 1517 ιιι
2908 1474 3150 1518 averteret
3198 1467 3326 1520 iram
3356 1484 3534 1532 suam,

1974 1535 2180 1607 scilicet
2201 1544 2267 1587 ‘ut
2295 1544 2454 1607 etiam
2497 1537 2574 1589 eis
2616 1534 2872 1607 unigeniti
2926 1536 3042 1607 Filii
3093 1536 3175 1589 sui
3223 1552 3536 1607 sanguinein

1970 1606 2297 1658 condonaret
2322 1646 2336 1669 ,
2372 1606 2513 1658 velut
2554 1607 2655 1659 illis
2696 1606 2782 1673 qui
2814 1605 3129 1660 accedentes
3158 1607 3221 1659 ad
3254 1605 3539 1673 Apestolns

1966 1674 2213 1728 dixerunt
2240 1693 2252 1727 :
2287 1675 2421 1738 Quid
2446 1676 2715 1743 faciemus,
2746 1675 2839 1726 viri
2862 1674 3082 1740 fratres?
3116 1678 3307 1741 Quibus
3330 1695 3541 1741 respon—

1968 1745 2092 1797 dens
2117 1743 2299 1798 Petrus
2324 1747 2394 1796 ait
2419 1761 2437 1799 :
2465 1744 2816 1798 Ptenitentiani
2848 1745 2981 1810 agite
3010 1756 3055 1797 et
3084 1745 3363 1811 baptizetur
3384 1766 3542 1802 unus-

1970 1817 2178 1882 quisque
2197 1828 2417 1869 vestruni
2445 1818 2497 1868 in
2535 1815 2741 1868 nomine
2777 1813 3002 1867 Domini.
3033 1814 3290 1881 Quocirca
3323 1835 3423 1870 non
3456 1836 3544 1871 uc-

1970 1888 2151 1938 cendet
2196 1884 2353 1939 etiam
2402 1898 2599 1940 omnem
2644 1885 2775 1937 iram
2826 1899 2992 1953 suam,
3037 1897 3092 1937 ut
3122 1888 3340 1939 omnino
3370 1890 3545 1943 deleat

1972 1958 2225 2025 populum
2286 1958 2432 2009 illum
2495 1966 2712 2021 propter
2769 1954 2933 2021 prolis
2990 1957 3428 2024 successionem,
3486 1969 3543 2013 ut

1974 2042 2135 2091 supra
2167 2026 2423 2079 diximus.
2468 2026 2534 2078 Et
2567 2026 2685 2077 ideo
2708 2038 2920 2092 quoque
2950 2041 3053 2076 non
3084 2030 3340 2080 accendet
3362 2068 3377 2089 ,
3407 2044 3543 2095 quo-

1972 2096 2114 2149 niam
2155 2096 2452 2149 recordatus
2496 2105 2568 2148 est
2605 2111 2743 2148 nunc
2772 2096 2890 2159 quia
2917 2110 3037 2147 caro
3066 2104 3226 2161 sunt;
3272 2114 3374 2149 non
3405 2099 3544 2166 quod

1971 2166 2174 2219 oblivio
2196 2169 2352 2219 cadat
2372 2168 2423 2220 in
2453 2167 2637 2227 Deum,
2665 2166 2716 2217 in
2739 2179 2899 2234 quem
2927 2165 3127 2218 nullum
3154 2168 3296 2219 cadit
3320 2165 3503 2221 vitium
3526 2210 3541 2228 ,

1972 2238 2066 2288 sed
2094 2236 2216 2305 quia
2242 2239 2385 2301 prius
2407 2238 2620 2305 quando
2645 2237 2931 2307 prostravit
2952 2249 3064 2301 eos,
3093 2236 3371 2289 videbatur
3391 2239 3545 2307 qtiasi

1973 2308 2172 2360 oblitus
2223 2307 2543 2361 inﬁrmitatis
2590 2321 2798 2359 eorum.
2841 2305 2992 2358 Nunc
3040 2320 3167 2359 vero
3204 2321 3324 2359 cum
3377 2305 3546 2373 parcit

1974 2377 2083 2440 eis,
2121 2378 2328 2430 videtur
2355 2378 2501 2445 quasi
2550 2376 2860 2430 recordatus
2908 2389 3027 2429 esse
3048 2416 3062 2436 .
3091 2376 3226 2445 .quia
3257 2392 3376 2429 caro
3405 2389 3547 2438 sunt.

1980 2447 2031 2499 id
2055 2449 2279 2517 estquia
2305 2447 2371 2500 de
2398 2449 2603 2499 inlirma
2628 2448 2847 2498 materia
2872 2456 2994 2517 sunt
3016 2461 3030 2508 ;
3056 2456 3109 2498 et
3128 2446 3246 2499 ideo
3266 2448 3407 2516 quod
3433 2463 3551 2515 pec-

1976 2528 2099 2570 cant
2126 2515 2189 2570 es
2228 2517 2531 2570 inlirmitate
2560 2525 2661 2578 est,
2696 2525 2740 2567 et
2769 2515 3070 2569 recordatus
3109 2527 3180 2568 est
3210 2515 3391 2579 etiam,
3424 2522 3547 2585 quia

1981 2598 2103 2640 sunt
2130 2588 2338 2654 spiritus
2364 2588 2551 2640 vadens
2576 2627 2591 2653 ,
2653 2585 2703 2638 id
2736 2595 2841 2649 εει,
2871 2599 3071 2654 pronus
3095 2586 3161 2637 ad
3194 2588 3551 2656 peccandum,

1980 2669 2025 2709 et
2056 2673 2154 2710 non
2184 2659 2385 2711 rediens
2416 2673 2509 2724 per
2546 2673 2604 2711 se
2641 2656 2867 2719 scilicet,
2919 2656 3012 2709 sed
3058 2671 3152 2723 per
3201 2656 3291 2709 Dei
3340 2666 3546 2711 tantum

1983 2726 2428 2780 misericordiam.
2474 2727 2704 2781 Perdere
2748 2728 2891 2779 enim
2932 2740 2993 2779 se
3023 2726 3186 2779 homo
3224 2735 3420 2792 potest,
3445 2726 3555 2779 sal-

1983 2812 2111 2851 vare
2138 2813 2262 2851 vero
2285 2812 2343 2851 se
2384 2812 2486 2865 iio_:i
2534 2806 2727 2865 potest.
2763 2795 2916 2851 Unde
2945 2796 3200 2851 Salomon
3228 2798 3296 2849 de
3331 2798 3417 2850 via
3450 2797 3553 2850 ini.

1982 2868 2197 2935 quiiatis
2226 2868 2358 2921 dicit
2382 2883 2396 2919 :
2428 2863 2608 2920 Omnis
2634 2867 2721 2936 qui
2748 2870 2973 2919 ambulat
3008 2869 3059 2918 in
3088 2882 3168 2929 ea,
3208 2883 3308 2918 non
3337 2875 3556 2921 reverte-

1983 2947 2083 2992 tur.
2120 2939 2183 2991 Et
2228 2940 2543 3003 sciendmn,
2592 2939 2717 3006 quia
2762 2940 2904 2990 sicut
2934 2952 2997 2990 ex
3045 2936 3305 3004 superiori
3337 2938 3554 3008 quidam

1983 3019 2389 3076 assmnpserunt
2416 3008 2753 3063 Occasionem
2788 3008 3146 3076 impunitatis,
3195 3009 3264 3060 ita
3292 3012 3456 3061 etiam
3485 3022 3553 3062 ex

318 3082 471 3135 nitati
502 3083 797 3141 studemus,
829 3078 929 3144 ipsi
958 3088 1103 3131 certe
1150 3076 1218 3129 ab
1261 3075 1560 3132 aeternitate
1606 3076 1878 3142 deliciunt,
1914 3088 1956 3149 ,ς
1990 3078 2092 3132 lioc
2117 3075 2261 3133 dicto
2287 3080 2373 3133 alii
2405 3078 2622 3149 quidam
2650 3075 3057 3147 assumpserunt
3085 3076 3188 3130 sibi
3219 3080 3557 3132 occasionem

314 3127 369 3205 ei
403 3127 526 3204 cuni
550 3127 616 3202 de
642 3150 726 3202 die
749 3127 798 3201 iri
821 3127 961 3218 diem
993 3160 1293 3215 peccamus,
1326 3155 1379 3199 et
1406 3161 1510 3200 non
1542 3127 1881 3218 corrigimus;
1911 3127 1959 3188 ο
1990 3149 2396 3216 desperationis.

314 3230 446 3275 tunc
487 3219 649 3271 animi
700 3219 865 3271 nosui
896 3216 961 3271 ad
1013 3222 1363 3271 aeternitatem
1417 3218 1582 3273 creati
1634 3216 1888 3274 festinant

310 3291 467 3359 quasi
502 3290 564 3341 ad
598 3290 869 3341 interitum
896 3287 976 3340 vel
1002 3288 1066 3339 ad
1103 3288 1346 3359 nihilum.
1611 3328 1617 3335 .

389 3360 518 3413 Cum
548 3359 792 3410 occideret
824 3374 923 3419 eos,
954 3356 1244 3427 qurerebant
1288 3373 1423 3411 eum.
1455 3356 1885 3417 Defecerutit,in-

312 3430 633 3498 qnam,anni
666 3443 872 3493 eorum,
895 3444 1014 3497 quia
1054 3426 1193 3480 Deus
1227 3427 1506 3481 occidebat
1531 3437 1749 3498 eos:_et
1774 3444 1889 3481 cum

313 3496 569 3552 occideret
617 3514 723 3563 eos,
756 3500 907 3567 quasi
952 3498 1240 3567 quatiebant
1274 3512 1407 3561 eum,
1442 3512 1548 3552 non
1580 3496 1766 3567 occisi,
1794 3499 1889 3552 sed

313 3570 412 3622 alii
450 3571 700 3622 timentes
728 3566 920 3622 occidi.
958 3566 1025 3621 Et
1060 3566 1163 3622 boc
1191 3568 1352 3620 modo
1398 3569 1729 3635 quaerebant,
1756 3566 1890 3635 'quia

317 3643 695 3692 revertebantur
726 3654 829 3693 non
860 3641 1042 3702 corde,
1101 3637 1196 3692 sed
1245 3653 1339 3691 ore
1387 3638 1454 3691 ad
1485 3637 1677 3704 Deum,
1728 3655 1756 3692 a
1786 3654 1892 3707 quo

318 3712 471 3778 prius
498 3711 757 3772 abierant,
783 3718 831 3763 et
860 3707 1109 3772 diluculo,
1135 3707 1187 3762 id
1217 3718 1320 3773 est,
1352 3710 1501 3777 quasi
1532 3712 1771 3764 studiose
1794 3726 1884 3762 re-

315 3780 639 3833 vertebantur
664 3779 731 3831 ad
760 3795 873 3832 eum
905 3795 923 3832 :
972 3788 1027 3832 et
1057 3788 1182 3833 tunc
1226 3780 1548 3831 rememorati
1597 3792 1740 3843 sunt,
1789 3795 1891 3833 non

319 3862 500 3903 tamen
533 3866 680 3913 vere,
713 3850 835 3917 quia
868 3852 969 3903 hoc
998 3857 1202 3902 tantum
1232 3850 1391 3901 modo
1432 3860 1523 3902 aut
1553 3860 1769 3917 propter
1796 3853 1894 3903 alt-

322 3936 431 3989 qua
478 3922 755 3973 commoda
809 3919 1169 3987 adipiscenda,
1226 3928 1317 3971 aut
1366 3920 1698 3974 incommoda
1746 3919 1894 3974 devi-

323 3990 487 4058 tanda
544 3990 804 4044 fecerunt.
857 3990 1199 4044 Rementorati
1251 4000 1403 4054 sunt,
1456 3994 1712 4058 inquam,
1776 4006 1896 4058 qua

319 4057 467 4113 Deus
496 4062 705 4129 adjutor
727 4070 799 4114 est
830 4076 1026 4123 eorum,
1076 4060 1124 4112 id
1165 4070 1270 4122 est,
1302 4061 1424 4125 quia
1468 4057 1584 4113 sine
1613 4059 1723 4114 Deo
1764 4057 1896 4115 nihil

318 4131 509 4185 valetis
565 4132 740 4185 facere
764 4141 1003 4200 pOSsent,
1032 4140 1085 4183 et
1107 4134 1228 4200 quia
1260 4129 1568 4197 Redemptor
1594 4144 1767 4183 eorum
1797 4141 1893 4197 est,

321 4202 380 4254 id
408 4211 511 4261 est,
541 4204 661 4269 quia
691 4199 917 4255 redemit
943 4215 1036 4255 eos
1066 4201 1131 4253 de
1154 4199 1469 4267 Aigyptiaca
1498 4202 1787 4266 servitute;
1841 4213 1896 4255 et

322 4273 454 4323 ideo
476 4274 759 4323 dilexerunt
782 4288 893 4324 eum
921 4282 1119 4323 tantum
1148 4272 1201 4322 in
1230 4284 1336 4331 ore,
1364 4286 1468 4323 non
1496 4271 1548 4323 iit
1577 4272 1760 4326 corde.
1792 4271 1899 4326 Ore

320 4345 470 4393 enim
524 4344 878 4405 honorabant,
925 4355 1085 4409 quem
1138 4343 1297 4393 corde
1341 4342 1772 4395 contemnebant.
1831 4340 1898 4394 Et

320 4412 505 4480 lingua
529 4428 621 4483 sua
658 4412 852 4483 mentiti
878 4420 995 4483 sunt
1022 4410 1087 4473 ei,
1113 4411 1348 4464 dicentes
1380 4427 1391 4463 :
1428 4412 1750 4479 Quaecunque
1769 4429 1901 4483 pra:-

2064 3215 2308 3284 Qnoiiens
2352 3218 2687 3272 exacerbavit.
2736 3216 2946 3283 Repetit
2982 3215 3223 3269 eamdem
3270 3215 3558 3271 inﬁdelita-

1993 3296 2099 3341 tem
2128 3304 2334 3353 eorum,
2376 3303 2535 3359 quam
2563 3301 2723 3359 supra
2752 3289 3193 3359 commemoravit
3226 3301 3245 3359 :_
3258 3295 3325 3359 et
3361 3285 3459 3339 hac
3487 3286 3557 3342 de

1991 3372 2151 3411 causa
2192 3354 2407 3426 repetit,
2434 3358 2558 3425 quia
2605 3357 2718 3410 vult
2763 3355 2961 3409 addere
3003 3358 3185 3427 plagas
3233 3354 3373 3421 illas,
3422 3371 3558 3427 quas

1996 3425 2546 3497 Doniinusiﬁgyptiis
2576 3435 2793 3496 propter
2814 3438 2911 3497 eos
2942 3425 3151 3491 inﬂixit,
3184 3436 3240 3478 ut
3271 3436 3419 3479 tanto
3442 3425 3559 3480 ina-

1991 3497 2073 3565 gis
2099 3496 2401 3566 appareant
2432 3498 2658 3565 ingrati;
2690 3499 2811 3566 quia
2842 3496 3098 3551 deberent
3146 3499 3421 3564 utriusque
3458 3511 3547 3551 ro-

1993 3568 2221 3632 cordari,
2248 3569 2451 3622 scilicet
2480 3578 2533 3620 et
2564 3568 2943 3621 benellciorum
2972 3580 3193 3619 suorum
3216 3577 3265 3620 et
3294 3567 3552 3619 malorum

1997 3647 2210 3706 pr0pter
2236 3652 2330 3692 eos
2371 3638 2611 3691 hostibus
2656 3638 2944 3690 illatorum.
2980 3637 3047 3689 Et
3072 3640 3151 3689 sic
3174 3637 3554 3690 continuatur:

1997 3706 2134 3761 Vere
2160 3718 2276 3762 sunt
2304 3724 2422 3761 caro
2460 3718 2508 3760 et
2550 3708 2759 3773 spiritus
2800 3710 3005 3769 vadens,
3040 3707 3160 3773 quia
3203 3712 3246 3758 si
3293 3706 3361 3757 tal
3385 3720 3412 3759 s
3456 3720 3563 3759 non

1994 3789 2159 3843 esset,
2189 3780 2384 3832 totiens
2410 3777 2688 3831 Dominum
2718 3793 2821 3830 non
2851 3780 3262 3831 esacerliart-nt.
3287 3775 3417 3828 Nam
3440 3790 3567 3843 quo-

1996 3849 2143 3912 tiens,
2179 3863 2347 3917 usque
2389 3850 2442 3901 in
2486 3849 2747 3900 inlinitum
2778 3850 3204 3899 esacerboverunt
3224 3861 3346 3917 eum
3388 3846 3441 3896 in
3479 3845 3576 3896 de-

1995 3928 2159 3982 serto;
2193 3916 2293 3971 hoc
2320 3928 2401 3972 est
2428 3920 2805 3970 concitaverunt
2833 3933 2945 3970 eum
2973 3916 3029 3968 iit
3060 3917 3191 3968 iram
3214 3916 3266 3967 in
3299 3916 3568 3982 inoquoso,

2001 4004 2107 4042 non
2140 3997 2247 4041 tam
2277 3988 2329 4041 iii
2362 3988 2562 4042 ventris
2592 3986 2851 4050 siccitate,
2882 4000 3041 4054 quam
3073 3986 3124 4039 in
3157 3986 3355 4038 mentis
3394 3983 3572 4036 aridi-

2000 4066 2126 4113 tate.
2161 4058 2227 4113 Et
2271 4062 2371 4113 boc
2408 4060 2567 4111 modo
2598 4058 2965 4109 concitaverunt
3002 4072 3115 4109 eum
3138 4096 3154 4123 ,
3183 4055 3303 4124 quia
3345 4054 3571 4107 conversi

1997 4138 2115 4181 sunt
2147 4129 2213 4181 ad
2243 4144 2363 4183 eum
2403 4129 2642 4183 dicentes
2676 4144 2690 4180 :
2726 4126 3054 4194 Qtitecunque
3103 4128 3400 4195 prteceperit
3427 4126 3573 4178 nobis

2000 4196 2253 4252 Dominus
2284 4200 2527 4267 faciemus
2552 4214 2569 4252 :
2594 4208 2648 4252 et
2673 4208 2848 4251 tamen
2879 4197 3060 4250 statim
3093 4203 3571 4267 tentaverunteum,

2006 4270 2186 4337 inquo
2215 4264 2456 4337 apparet,
2484 4270 2606 4337 quia
2636 4283 2762 4322 vero
2784 4282 2887 4321 non
2924 4274 3051 4320 sunt
3072 4265 3342 4337 conversi.
3374 4264 3571 4337 Milites

1999 4334 2142 4393 enim
2170 4334 2363 4393 Clit-isti
2394 4334 2648 4393 nun'sunt
2672 4338 2852 4391 orarii.
2887 4337 2952 4391 Et
2983 4337 3085 4390 hoc
3113 4335 3271 4389 modo
3300 4334 3571 4387 exacerba-

2005 4417 2211 4474 verunt,
2241 4410 2292 4462 id
2315 4421 2415 4473 est,
2444 4408 2818 4463 exacerbatuni
2841 4408 2940 4459 sibi
2970 4406 3314 4459 reddiderunt
3340 4413 3571 4474 sanctum

320 4473 516 4548 ceperit
564 4482 836 4548 Dominus,
893 4481 1161 4551 faciemus,
1206 4491 1313 4536 otto
1341 4473 1521 4537 aut'ein
1560 4473 1821 4547 lece’run't,
1853 4493 1906 4538 et
1934 4479 1983 4539 D
2011 4473 2203 4545 Israel,
2236 4480 2285 4532 id
2308 4489 2409 4544 est,
2444 4480 2585 4551 illum
2614 4480 2701 4545 qui
2726 4476 3025 4551 sanctiﬁcat
3051 4488 3265 4529 onmem
3285 4473 3569 4551 Israelem,

320 4551 478 4604 obliti
502 4562 640 4605 sunt.

402 4620 703 4675 Cortautent
746 4638 944 4676 eorum.
998 4621 1306 4676 Dilexerunt
1334 4637 1448 4674 eum
1480 4622 1745 4691 (inquam)
1787 4632 1909 4677 tan-

322 4700 441 4746 tum
474 4694 523 4745 in
552 4710 659 4757 ore,
692 4709 779 4745 cor
803 4704 971 4746 autem
1002 4694 1227 4761 ipsorum
1273 4707 1373 4744 non
1414 4703 1525 4761 erat
1572 4704 1765 4745 rectum
1796 4710 1912 4746 cum

324 4777 414 4816 eo.
445 4762 587 4817 Illius
617 4774 793 4817 autem
824 4777 919 4817 cor
950 4760 1155 4817 rectum
1185 4769 1270 4817 est
1299 4776 1419 4831 cum
1451 4760 1583 4825 Deo,
1616 4765 1705 4831 qui
1738 4763 1908 4818 Deum

322 4837 524 4903 quatit
564 4844 769 4887 tantum
801 4846 1018 4902 propter
1063 4834 1248 4887 Deum.
1287 4830 1522 4903 Istive_ro
1553 4848 1658 4886 non
1694 4845 1913 4901 propter

325 4900 530 4971 ipsum,
557 4904 653 4957 sed
701 4900 919 4972 propter
961 4906 1064 4957 alia
1112 4902 1423 4971 quarebatit
1454 4900 1647 4955 Deum.
1678 4900 1749 4958 Et
1777 4900 1898 4972 quia

322 4988 420 5026 cor
445 4990 616 5025 eorum
645 4991 743 5027 non
773 4983 881 5027 erat
918 4986 1112 5027 rectum
1158 4989 1275 5025 cum
1320 4972 1451 5038 Deo,
1494 4972 1616 5025 ideo
1648 4989 1749 5026 non
1792 4988 1911 5027 sunt

327 5043 495 5096 habiti
533 5045 732 5110 ﬁdeles,
772 5045 879 5097 imo
919 5046 1157 5099 iiilideles
1200 5044 1253 5095 in
1284 5051 1599 5105 testamento,
1634 5044 1683 5096 id
1722 5055 1826 5108 est,
1858 5048 1909 5099 in

328 5116 777 5181 promissiombus
807 5112 948 5183 ejus,
979 5117 1103 5183 quia
1144 5130 1249 5167 non
1290 5112 1520 5166 fideliter
1563 5115 1909 5168 attenderunt

325 5198 454 5253 qua:
482 5184 737 5239 Dominus
782 5188 1147 5253 promittebat,
1186 5185 1391 5236 scilicet
1426 5192 1624 5235 wterua
1662 5194 1717 5238 et
1744 5186 1911 5240 cmic-

323 5262 457 5324 stta,
484 5258 575 5308 sed
604 5271 697 5323 pro
726 5255 805 5309 his
834 5256 1114 5324 elegerunt
1139 5268 1348 5309 terrena
1372 5263 1425 5305 et
1466 5257 1794 5309 transitoria.

407 5321 526 5377 lose
564 5321 734 5379 autem
768 5336 839 5379 est
880 5321 1184 5379 misericors.
1232 5324 1304 5377 Illi
1329 5324 1541 5391 quidem
1573 5326 1705 5379 tales
1732 5332 1909 5391 erant,

322 5396 472 5462 quod
501 5406 552 5449 et
584 5396 786 5449 mentiti
830 5408 955 5450 sunt
982 5398 1030 5450 ei
1052 5435 1069 5461 ,
1101 5406 1157 5451 et
1195 5410 1287 5449 cor
1320 5405 1519 5448 rectum
1549 5408 1669 5449 cum
1699 5411 1764 5450 eo
1806 5413 1910 5451 ιιυιι

326 5464 655 5532 habuerunt,
683 5468 822 5520 unde
853 5470 1061 5535 penitus
1080 5466 1282 5521 destrui
1305 5467 1765 5531 promerebantur.
1792 5464 1914 5538 Ipse

325 5541 507 5589 autem
548 5547 618 5589 est
648 5539 725 5590 eis
756 5539 1041 5591 misericors
1067 5578 1083 5601 ,
1113 5539 1235 5606 quia
1268 5552 1371 5589 non
1413 5540 1621 5601 penitus
1648 5539 1915 5593 destruxit

328 5608 586 5677 populum
608 5609 777 5673 illum,
794 5623 1007 5679 propter
1022 5618 1589 5679 preltssuccesswnem
1612 5624 1623 5658 :
1649 5614 1775 5679 quia
1799 5612 1916 5673 qni-

329 5684 456 5733 dam
482 5679 675 5746 posteri
700 5677 907 5734 eoruui'
930 5677 1183 5733 credituri
1206 5688 1259 5733 et
1283 5677 1502 5746 perlecti
1537 5678 1698 5732 l'uturi
1735 5689 1909 5743 erant,

337 5750 480 5805 sicut
500 5751 681 5821 sancti
713 5750 936 5821 apostoli
963 5760 1016 5808 et
1044 5752 1191 5807 utulti
1221 5752 1335 5818 alii,
1361 5758 1412 5803 et
1454 5751 1576 5816 quia
1606 5749 1911 5807 nasciturus

2014 4554 2066 4604 id
2098 4562 2203 4616 est,
2235 4565 2450 4602 omnem
2481 4549 2649 4601 viritin
2690 4548 2954 4599 videntem
2987 4546 3176 4613 Deum,
3218 4545 3299 4597 vel
3328 4549 3570 4616 sanctum

2013 4612 2199 4686 Israel,
2233 4621 2285 4673 id
2315 4629 2418 4683 est,
2449 4633 2605 4686 quem
2639 4618 2735 4685 ipsi
2767 4616 3026 4670 deberent
3051 4616 3387 4669 sanctiticare
3414 4612 3467 4686 in
3495 4627 3576 4678 se,

2013 4693 2058 4745 si
2088 4684 2265 4744 essein
2298 4684 2673 4742 verus-Israel.
2711 4687 2968 4739 Similiter
2997 4694 3053 4738 et
3090 4701 3186 4739 nos
3210 4684 3578 4738 et-nvertiinur

2012 4762 2273 4828 dicentes,
2307 4760 2551 4822 Domine,
2581 4768 2635 4811 et
2675 4758 2851 4808 statim
2900 4757 3063 4809 Deum
3113 4766 3377 4828 leniamus
3409 4770 3422 4806 :
3452 4755 3576 4823 quia

2015 4824 2268 4898 tempore
2283 4831 2588 4882 teniationis
2637 4828 2932 4881 recedimus
2964 4843 2977 4876 :
3005 4838 3059 4881 et
3090 4828 3167 4879 sic
3206 4824 3381 4898 Deum,
3418 4839 3576 4898 quem

2016 4895 2192 4969 potius
2241 4901 2452 4967 placare
2500 4900 2839 4961 deberemus,
2878 4902 3282 4951 esacerbamus.
3332 4895 3455 4948 Ideo
3495 4895 3578 4948 in-

2013 4986 2196 5041 quam,
2219 4981 2451 5022 sanctum
2495 4969 2655 5021 Israel
2692 4972 3138 5031 exacerbaverunt,
3164 4982 3285 5036 qma
3330 4983 3429 5019 non
3459 4974 3581 5041 sunt

2013 5036 2270 5094 recordati
2314 5056 2516 5102 manus,
2568 5040 2617 5092 id
2654 5048 2772 5103 est,
2805 5050 3051 5104 potentiae
3098 5042 3212 5106 ejus
3257 5046 3486 5091 ostensa:
3525 5036 3583 5090 in

2015 5112 2102 5165 die
2121 5151 2136 5174 ,
2166 5126 2267 5179 qua
2296 5111 2503 5163 redemit
2543 5124 2628 5162 eos
2659 5117 2721 5161 de
2763 5126 2918 5161 manu
2943 5109 3230 5162 tribulantis
3268 5108 3581 5179 Pharaonis.

2013 5182 2154 5236 Dicit
2178 5176 2533 5237 Cassiodorus
2555 5182 3018 5254 quodtiibulatio,
3048 5191 3100 5254 et
3130 5195 3192 5233 ea
3223 5194 3340 5246 qua:
3369 5176 3579 5254 dolent,

2014 5254 2245 5308 maxime
2272 5254 2322 5306 iii
2351 5253 2606 5306 meritoria
2635 5251 2816 5304 haberi
2845 5253 3040 5303 solent.
3076 5251 3166 5302 Isti
3199 5262 3330 5301 vero
3360 5261 3456 5300 nec
3482 5251 3583 5297 tri-

2024 5325 2313 5377 bulationis
2344 5321 2610 5376 recordati
2640 5332 2783 5383 sunt,
2813 5336 2976 5389 quare
3008 5322 3174 5372 multo
3217 5319 3393 5371 minus
3425 5318 3588 5370 bene-

2017 5395 2287 5461 ficiorum,
2313 5402 2365 5447 et
2392 5393 2514 5445 ideo
2546 5392 2703 5445 Ililllia
2736 5390 2921 5461 ingrati
2956 5390 3186 5443 fuerunt.

2087 5467 2234 5520 Sicut
2250 5454 2416 5533 posuit
2438 5464 2491 5515 in
2512 5461 2761 5532 Αῖρνριο.
2787 5454 3032 5514 Redemit
3052 5475 3167 5525 eos,
3192 5460 3426 5533 inquam,
3450 5454 3590 5533 sicut

2016 5551 2199 5593 revera
2231 5527 2354 5589 tunc
2381 5527 2761 5596 redeinit'eos,
2791 5535 3005 5599 quando
3034 5542 3199 5600 posuit
3238 5531 3383 5598 signa
3412 5542 3504 5580 sua
3531 5527 3590 5581 in

2016 5608 2271 5677 Egypto.
2305 5606 2394 5658 Vel
2426 5621 2607 5659 manus
2636 5604 2748 5674 ejus
2777 5602 3029 5657 recordati
3054 5617 3159 5677 non
3190 5612 3306 5677 sunt
3331 5608 3464 5677 ostet
3487 5610 3585 5665 sse,

2018 5672 2278 5734 ita—'sicut
2321 5672 2706 5750 tuticostensa
2754 5683 2855 5737 est,
2890 5675 3101 5750 quando
3150 5672 3443 5750 ptistliln‘id
3483 5680 3587 5732 εει,

2017 5753 2243 5806 ﬁrmiter
2275 5761 2326 5804 et
2357 5748 2631 5803 evidenter
2677 5747 2868 5801 locavit
2908 5737 3061 5814 signa
3107 5737 3200 5797 sua
3242 5746 3291 5797 iit
3332 5737 3587 5812 A'Igypto.
