4010 6190
450 322 559 380 905

918 319 1119 375 BEDAE
1161 317 1613 376 VENERABILIS
1650 318 1796 375 ΟΡΡ.
1842 318 2016 374 PARS

2158 314 2345 372 SECT.
2398 317 2459 372 ll.
2507 350 2568 357 —
2612 319 2812 373 DUBH
2854 319 2946 375 ἘΤ
2985 321 3254 377 δΡυΒΙΛ.

3595 329 3702 384 {om

456 439 617 504 Signa
650 440 800 485 vocat
825 431 1002 501 plagas
1030 430 1291 501 Aigyptiis
1314 430 1561 504 inﬂictas,
1588 443 1861 504 propterea
1887 432 2007 499 quia
2040 437 2089 496 Α
2120 446 2260 504 mus.
2296 432 2553 504 Tenehra:
2578 432 2819 504 stultitia:
2853 447 2987 501 quas
3020 435 3359 500 praediximus
3384 447 3526 491 sunt.
3547 439 3701 497 Nolle

455 500 596 561 aliud
625 500 1053 573 sigiiilicaverunt
1086 520 1099 573 ς
1130 500 1183 555 et
1214 504 1329 573 ideo
1357 502 1534 573 statim
1560 502 1723 573 signa_
1743 500 1826 554 illa
1856 510 2011 573 vocat

459 569 721 646 prodigia.
770 584 821 623 et
866 572 1035 646 Locum
1069 571 1386 646 determinat
1420 572 1649 646 dicens;
1680 569 1744 622 Et
1774 571 2012 646 prodigia

456 640 552 700 sua
582 640 634 697 in
658 658 832 710 campo
864 640 1117 693 Tliaiieos.
1153 640 1392 705 Prodigia
1419 640 1558 694 enim
1590 642 1835 694 dicuntur
1856 642 2010 709 quasi

459 730 619 782 porro
648 712 877 782 agentia.
907 711 970 763 Et
999 711 1165 781 plagae
1194 711 1296 763 illa:
1328 710 1542 765 fuerunt
1574 726 1735 777 porro
1769 720 2008 778 agentes,

464 780 514 838 id
566 793 641 835 est
690 780 1051 845 signiﬁcantes
1096 780 1159 835 ea
1202 796 1319 847 qua:
1364 781 1710 847 spiritualiter
1761 782 1812 833 in
1864 783 2016 834 nobis

461 857 677 907 fuerint.
716 851 780 903 Et
811 851 993 915 incipit
1020 865 1335 904 enumerare
1375 854 1520 917 signa
1559 851 1647 904 illa
1687 851 1868 903 dicens
1898 868 1909 902 :
1946 851 2011 903 Et

460 924 700 976 convertit
732 922 946 988 [Iuntina
968 936 1138 973 eorum
1163 921 1215 972 in
1247 922 1558 989 sanguinem,
1584 931 1629 973 et
1658 920 1840 972 imbres
1866 921 2017 973 etiam

463 1010 649 1049 eorum
690 1001 989 1058 pmpterea,
1042 1008 1102 1043 ne
1146 990 1213 1043 de
1264 991 1347 1043 his
1377 991 1459 1044 vel
1502 991 1570 1044 de
1615 989 1720 1042 illis
1760 990 2016 1055 biberent;

466 1063 809 1116 liistorialitcr
840 1062 940 1114 hoc
978 1075 1102 1114 vere
1129 1061 1321 1113 factum
1350 1071 1453 1124 est,
1488 1062 1629 1127 quod
1652 1059 1864 1113 ﬂumina
1892 1076 2018 1114 san-

464 1133 770 1201 guinolenta
801 1131 934 1183 facta
965 1140 1110 1193 sunt,
1137 1141 1189 1201 et
1215 1131 1387 1197 pisces
1416 1132 1643 1193 mortui;
1668 1140 1721 1183 et
1750 1130 1889 1197 quod
1920 1131 2019 1197 ipsi

466 1200 724 1257 cisternas
770 1201 1034 1263 foderunt,
1065 1210 1116 1253 et
1160 1200 1229 1253 ibi
1260 1201 1423 1269 etiam,
1460 1201 1767 1269 sanguinem
1804 1202 2020 1255 invene—

469 1282 610 1325 runt.
636 1270 888 1325 Similiter
904 1271 1062 1323 etiam
1081 1284 1221 1323 nunc
1244 1271 1324 1323 his
1344 1268 1432 1337 qui
1453 1278 1747 1335 sequuntur
1772 1272 2021 1334 pupulum

468 1343 638 1410 illum,
667 1351 717 1393 et
744 1341 797 1392 in
829 1338 1083 1408 Egypto,
1117 1340 1167 1392 id
1190 1348 1289 1404 est,
1326 1341 1377 1391 in
1404 1341 1634 1393 tenebris
1662 1354 1784 1392 esse
1816 1340 2021 1405 volunt,

471 1413 713 1465 convertit
756 1412 1005 1464 Dominus
1035 1410 1249 1477 [lumina
1290 1410 1342 1461 in
1365 1415 1685 1478 sanguinem,
1719 1409 1769 1463 id
1803 1420 1903 1474 est,
1930 1412 2025 1463 do-

469 1485 697 1537 ctrinam
748 1495 913 1534 sacra:
941 1481 1231 1545 Scriptura:
1272 1480 1400 1533 facit
1425 1482 1502 1532 eis
1537 1480 1816 1547 insipidam
1844 1491 1897 1533 et
1925 1482 2027 1533 iin-

473 1552 782 1623 piitabilem,
810 1552 1010 1623 scilicet
1044 1558 1100 1601 ut
1123 1549 1190 1602 de
1215 1550 1388 1623 causis
1426 1563 1602 1603 rerum
1627 1552 2025 1623 _nonspiritua-

475 1619 625 1687 liter,
657 1621 751 1675 sed
792 1620 1075 1673 carnaliter
1109 1620 1337 1672 sentiant
1366 1637 1378 1671 :
1410 1628 1464 1673 et
1500 1619 1639 1685 quod
1680 1621 2030 1687 spiritualiter

474 1696 671 1746 factum
702 1700 804 1755 est,
836 1690 1120 1743 carnaliter
1166 1690 1476 1757 intelligant.
1520 1689 1585 1742 Et
1640 1690 1738 1743 hoc
1778 1701 1858 1743 est
1897 1706 2028 1744 con-

476 1764 612 1816 verti
640 1761 776 1827 quod
804 1760 1043 1825 sapiduin
1067 1770 1176 1812 erat
1196 1762 1246 1811 lii
1272 1760 1669 1825 insipiditatem,
1693 1762 1828 1813 sicut
1846 1776 1875 1814 e
1896 1775 2027 1815 con-

478 1843 555 1885 tra
600 1844 734 1900 aqua
776 1845 892 1897 qua:
940 1831 1055 1883 sine
1084 1843 1273 1900 sapore
1309 1838 1391 1882 est
1421 1829 1471 1881 iu
1502 1830 1705 1900 vinum,
1746 1830 1797 1883 id
1842 1839 1943 1897 est,
1979 1832 2030 1884 in

477 1898 721 1969 saporem
754 1909 1002 1969 mutatur,
1045 1914 1164 1952 cum
1204 1898 1375 1953 littera
1410 1900 1536 1967 legis
1581 1898 1926 1967 spiritualiter
1954 1901 2034 1954 in-

479 1967 751 2038 telligitur.
797 1967 899 2022 Per
934 1969 1154 2022 imbrem
1199 1984 1341 2039 vero,
1391 1972 1476 2037 qui
1516 1977 1600 2022 est
1630 1984 1764 2036 aqua
1803 1970 2034 2039 desuper

480 2044 719 2105 veniens,
750 2038 937 2092 altiora
980 2039 1032 2091 in
1067 2038 1176 2105 ipsa
1208 2038 1470 2109 doctrina.
1513 2053 1630 2106 qua:
1661 2041 1893 2096 maxime
1919 2038 2031 2109 spi-

482 2112 742 2165 ritiialiter
766 2118 909 2163 esset
948 2109 1307 2175 intelligenda.
1339 2108 1719 2176 signiﬁcantur.

552 2182 693 2234 Misit
719 2182 772 2235 in
800 2196 881 2232 eos
920 2179 1255 2251 cynomyiam,
1290 2190 1333 2233 et
1360 2179 1575 2251 comedit
1614 2196 1717 2233 eos.
1744 2179 2032 2251 Cynomyia

480 2262 561 2305 est
588 2266 765 2304 musca
814 2250 1034 2311 canina,
1068 2249 1219 2302 valde
1247 2263 1406 2302 canes
1438 2249 1711 2314 infestans,
1746 2266 1839 2318 per
1875 2249 2032 2318 quam

482 2324 563 2390 (ut
589 2322 657 2375 ita
686 2320 856 2374 dicam
881 2320 898 2388 )
928 2320 1103 2373 canini
1143 2334 1321 2390 mores
1350 2318 1711 2387 designantur,
1744 2320 1932 2386 quibus
1966 2326 2033 2373 ita

479 2389 864 2446 consumuntur
913 2390 1134 2444 interius
1183 2389 1419 2443 volentes
1475 2390 1734 2444 devorare
1783 2395 2031 2457 popu‘iim

485 2462 597 2525 Dei,
641 2471 699 2514 ut
741 2475 838 2513 nec
869 2459 1177 2527 parentibus
1216 2460 1325 2512 suis
1356 2458 1581 2527 aliquem
1614 2460 1898 2514 exhibeant
1940 2460 2036 2513 bo-

486 2547 690 2584 norem.
716 2529 846 2583 Cum
871 2539 1044 2583 tamen
1069 2529 1324 2583 Dominus
1352 2530 1402 2581 in
1429 2530 1711 2597 Evangelii)
1734 2531 1996 2597 praecipiat
2020 2549 2031 2583 :

488 2600 697 2653 Honora
728 2607 920 2666 patrem
948 2608 993 2651 et
1023 2608 1252 2662 matrem,
1279 2611 1333 2650 ut
1361 2600 1429 2650 sis
1458 2599 1711 2668 longaevus
1749 2616 1901 2667 super
1937 2610 2037 2652 ter-

486 2688 616 2723 ram.
654 2669 856 2722 Ranam
886 2683 1097 2736 quoque
1124 2671 1267 2723 misit
1298 2669 1548 2723 Dominus
1578 2670 1629 2723 in
1661 2668 1965 2737 1Egyptum,
1990 2681 2036 2723 et

485 2740 785 2810 disperdidit
824 2754 926 2810 eos.
980 2737 1082 2810 Per
1141 2755 1320 2792 ranam
1375 2739 1666 2808 loquacitas
1704 2739 2035 2808 designatur,

489 2808 612 2878 quia
644 2808 958 2875 disperdidit
1011 2808 1262 2863 Dominus
1315 2820 1680 2874 persecutores
1724 2820 1778 2862 et
1828 2811 2034 2875 malos;

488 2882 609 2948 quia
650 2880 747 2946 ipsi
795 2879 1127 2948 intendentes
1168 2880 1473 2932 vanissima:
1520 2881 1856 2947 loquacitati,
1906 2881 2038 2933 deli-

489 2946 635 3004 ciunt
689 2950 1023 3002 auctoritate.
1080 2946 1143 2999 Et
1188 2950 1324 3000 dedit
1366 2952 1559 3016 [ructus
1592 2946 1789 3014 eorum,
1837 2950 2039 3004 scilicet

492 3018 858 3090 JEgyptiorum
900 3019 1133 3090 wi‘ugini.
1165 3018 1370 3090 Erugo
1408 3029 1490 3073 est
1532 3022 1667 3073 tinea
1698 3022 1778 3073 vel
1829 3020 2034 3089 rubigo,

493 3089 696 3143 icctilte
730 3102 959 3151 nocens;
990 3089 1129 3155 quod
1161 3089 1210 3141 in
1240 3089 1400 3156 spicis
1429 3090 1557 3141 satis
1587 3090 1807 3143 evidens
1839 3101 1939 3144 est.
1975 3092 2037 3143 Et

493 3162 797 3226 designatur
826 3174 917 3225 per
943 3159 1229 3226 :Bl‘llgilltfm
1258 3159 1465 3212 occulta
1505 3161 1750 3227 superbia
1794 3160 1846 3213 in
1886 3161 2037 3214 malis

490 3230 715 3294 scilicet,
745 3228 955 3295 quando
981 3227 1096 3295 plus
1139 3228 1455 3297 superbiunt
1493 3245 1651 3294 quam
1686 3230 1958 3295 deberent,
1985 3240 2041 3285 et

492 3300 798 3371 existimant
820 3314 879 3371 se
908 3298 1106 3365 aliquid
1138 3314 1275 3360 esse.
1308 3314 1426 3353 cuni
1464 3299 1591 3371 nihil
1617 3308 1759 3371 sunt,
1787 3316 1880 3367 per
1900 3303 2039 3371 quod

490 3370 782 3439 destriiitur
812 3368 1009 3439 [ructus
1034 3382 1219 3423 eorum
1242 3408 1256 3433 ,
1286 3384 1440 3438 quem
1468 3369 1565 3437 ipsi
1604 3384 1669 3422 ex
1698 3368 2040 3439 intelligentia

494 3452 547 3494 ct
578 3438 781 3491 ratione
803 3437 1061 3492 deberent
1099 3437 1511 3495 facere.0mnis
1536 3441 1678 3494 enim
1708 3437 2044 3495 homo—natu-

494 3510 677 3563 raliter
704 3524 771 3562 ex
799 3508 1169 3577 intelligentia,
1203 3517 1257 3563 et
1286 3511 1489 3563 ratione
1522 3510 1621 3562 hoc
1648 3510 1828 3577 habet,
1856 3520 1913 3565 ut
1937 3511 2046 3565 l'ru-

492 3590 634 3633 ctum
668 3580 778 3632 Deo
808 3578 1015 3641 reddat,
1048 3578 1097 3631 id
1126 3586 1209 3632 est
1237 3580 1373 3632 bona
1404 3593 1561 3647 Opera
1585 3578 1759 3633 faciat.

563 3647 629 3700 Et
661 3652 851 3701 latores
875 3664 1049 3701 eorum
1085 3650 1310 3702 locusttr.
1345 3648 1572 3701 Locusta
1608 3664 1703 3701 ore
1734 3649 1895 3715 laedit,
1926 3654 2045 3718 quia

492 3721 650 3781 rodit,
682 3734 776 3787 per
809 3733 968 3786 quam
1015 3720 1246 3785 nequitia
1289 3719 1373 3771 illa
1426 3720 1477 3772 in
1524 3720 1677 3771 malis
1718 3720 2047 3789 designatur,

489 3789 629 3854 quod
664 3789 761 3853 ipsi
793 3790 942 3841 bonis
968 3789 1217 3855 operibus
1244 3790 1605 3857 proximorum
1634 3790 1941 3855 detrahunt,
1965 3794 2045 3846 vel

492 3862 648 3910 etiam
697 3858 884 3911 falsum
919 3859 1243 3911 testiiiionim
1274 3869 1457 3912 contra
1507 3861 1802 3926 proximum
1843 3859 2046 3915 dicunt.

496 3929 560 3981 Et
609 3929 730 3982 huic
783 3931 996 3981 locusta:
1024 3929 1217 3981 dantur
1264 3928 1471 3983 labores
1516 3945 1731 3993 eorum,
1774 3930 1892 3996 quia
1923 3933 2048 3985 dum

493 3998 630 4071 bona
673 4013 834 4071 opera
882 4000 1106 4051 aliorum
1149 4001 1443 4071 destruunt
1481 4000 1805 4067 principalis,
1851 4003 1896 4055 si
1924 4002 2050 4071 quid

492 4068 590 4134 ipsi
620 4069 740 4119 boni
783 4068 1018 4120 iecerunt
1039 4071 1290 4121 deterunt
1314 4109 1326 4127 .
1359 4068 1479 4135 quia
1513 4084 1669 4122 nemo
1701 4085 1843 4135 prius
1871 4068 2054 4136 peccat

492 4140 545 4189 in
587 4151 664 4199 se,
707 4152 864 4204 quam
902 4138 951 4188 iii
998 4138 1245 4190 alterum.
1282 4137 1463 4191 Potest
1506 4140 1664 4191 etiam
1701 4139 1850 4207 juxta
1895 4142 2052 4194 aliam

495 4207 898 4259 similitudinem
940 4221 1032 4273 per
1057 4207 1315 4260 locustam
1348 4208 1665 4261 instabilitas
1688 4209 1948 4264 malorum
1977 4213 2056 4265 itt-

494 4278 686 4344 telligi,
724 4278 929 4329 scilicet
960 4277 1080 4344 quia
1110 4276 1173 4329 ad
1207 4288 1414 4345 tempus
1444 4278 1699 4344 credunt,
1733 4289 1787 4332 et
1828 4281 1881 4333 in
1922 4292 2057 4336 tem-

495 4363 621 4414 pore
652 4347 957 4399 tentationis
990 4347 1262 4399 recedunt.

569 4417 631 4470 Et
671 4417 852 4470 occidit
895 4417 948 4468 in
977 4416 1225 4485 grandine
1264 4418 1434 4469 uineas
1478 4433 1674 4470 eorum.
1709 4418 1808 4472 Per
1847 4421 2053 4476 vineam

2065 3131 2111 3193 C

2116 502 2308 554 imitari
2348 501 2496 574 illum
2527 502 2614 568 qui
2648 503 2879 554 animam
2924 518 3073 556 suam
3120 507 3284 559 voluit
3334 521 3428 574 pro
3452 512 3702 565 omnibus

2125 585 2346 637 ponere,
2375 573 2519 645 sicut
2543 590 2571 623 e
2601 582 2787 645 contra
2835 574 3005 645 ipso_m
3052 574 3273 645 imitari,
3308 573 3389 629 est
3427 582 3575 645 quasi
3619 582 3703 633 ln-

2123 656 2243 718 men
2272 642 2569 718 sapientiae.
2600 640 2866 718 Velaliter
2894 659 2906 694 :
2942 642 3132 718 Pruiua
3181 640 3701 718 anticipat'l'riictus,

2117 713 2276 765 etiam
2327 712 2647 784 priusquam
2684 712 2735 784 in
2779 711 2926 775 folia,
2978 716 3059 766 vel
3108 716 3159 767 in
3204 717 3360 770 liores
3400 711 3705 784 producas);

2119 789 2371 847 ιιη-ςρθι·
2420 782 2561 852 quod
2616 781 2924 848 designatur
2975 785 3210 847 nequitia
3270 785 3358 838 illa
3402 781 3699 852 malorum,

2118 866 2237 924 quia
2263 852 2330 902 ita
2360 851 2617 924 anticipat
2648 866 2807 924 omne
2846 866 2982 919 opus
3026 854 3284 908 bonorum
3327 859 3697 924 proximorum

2120 920 2477 985 dehortando,
2529 920 2876 983 devocando,
2909 932 2967 974 ut
3015 924 3142 977 nihil
3195 927 3246 979 in
3296 920 3374 979 eis
3422 927 3546 981 boni
3585 932 3702 983 liat.

2118 990 2278 1069 .luxta
2317 990 2451 1069 hanc
2474 1004 2608 1069 vero
2647 991 2971 1045 sententiam
3006 1009 3215 1049 morum
3246 1011 3341 1063 pro
3372 1013 3707 1069 quocunque

2122 1061 2293 1113 fructu
2321 1061 2570 1120 accipias.

2196 1129 2258 1204 Et
2289 1130 2497 1204 tradidit
2534 1132 2771 1199 grandini
2805 1135 3043 1204 jumenta
3083 1150 3276 1188 eorum.
3321 1136 3429 1191 Hoc
3460 1153 3587 1193 vero
3615 1138 3706 1191 hi-

2122 1200 2411 1278 storialiter
2430 1202 2621 1278 factum
2650 1212 2751 1278 est,
2779 1200 2915 1270 quod
2942 1205 3144 1273 grando
3168 1212 3426 1278 percussit
3447 1208 3699 1278 joinenta

2122 1269 2517 1347 @gyptiorum.
2548 1271 2655 1347 Per_
2678 1269 2928 1347 damnum
2947 1269 3131 1347 autem
3163 1269 3546 1343 iumentorum,
3598 1295 3705 1347 pu-

2124 1341 2320 1418 dicitire
2365 1340 2614 1418 damnum
2643 1343 2980 1413 intelligitur.
3010 1340 3277 1418 _.l_umenta
3324 1340 3556 1418 namque
3588 1340 3706 1403 nan

2127 1411 2227 1463 nisi
2258 1411 2322 1463 ad
2355 1410 2527 1484 letum
2566 1410 2890 1484 coquuntur,
2917 1422 2971 1466 et
3003 1414 3130 1484 ideo
3160 1419 3441 1472 commode
3467 1410 3587 1484 'per
3611 1422 3710 1484 ju-

2128 1490 2303 1556 nienta
2337 1480 2642 1556 designatur
2668 1483 2938 1556 pudicitia.
2977 1482 3067 1537 Vel
3101 1485 3293 1539 aliter:
3327 1489 3457 1553 Quia
3485 1480 3703 1556 jumen-

2130 1560 2178 1622 t_a
2208 1550 2458 1622 dicuntur
2493 1564 2520 1601 a
2556 1550 2814 1619 juvando,
2844 1563 3063 1620 possunt
3102 1570 3196 1621 per
3230 1550 3707 1622 juiiienta'uxores

2128 1620 2414 1696 designari,
2444 1634 2564 1688 qua:
2604 1630 2731 1674 sunt
2754 1620 3116 1696 adiumentum
3148 1620 3247 1678 etsi
3284 1642 3388 1680 non
3428 1629 3707 1696 virginalis

2129 1692 2409 1765 castitatis,
2455 1699 2641 1765 tamen
2693 1693 3007 1761 conjugalis.
3068 1693 3193 1747 llaec
3244 1705 3420 1750 autem
3455 1692 3704 1765 jiiinenta

2062 1783 2105 1841 Β
2132 1763 2280 1841 quasi
2306 1758 2708 1841 grandinantur,
2720 1758 3010 1841 _cuiii'ips:e
3035 1779 3231 1841 uxores
3259 1758 3518 1841 vilescunt
3543 1770 3701 1841 viris.

2132 1833 2269 1883 sicut
2290 1846 2319 1883 e
2342 1840 2522 1882 contra
2562 1831 2813 1885 uxoribus
2836 1848 2977 1900 saepe
3007 1833 3129 1886 viri.
3157 1833 3392 1889 Tradidit
3419 1840 3549 1892 enim
3572 1838 3699 1891 illos

2136 1902 2291 1972 Dens,
2334 1911 2392 1952 ut
2419 1901 2701 1972 Apostolus
2747 1903 2858 1967 ait,
2888 1905 2940 1955 in
2978 1905 3248 1969 reprobum
3272 1922 3496 1972 sensum,
3526 1918 3583 1960 ut
3608 1910 3709 1961 viri

2132 1970 2434 2041 relictoiusu
2472 1970 2690 2037 feminae,
2718 1981 2765 2023 et
2795 1973 2994 2041 [carinae
3016 1974 3188 2027 relicto
3215 1978 3440 2031 naturali
3465 1970 3554 2031 usu
3592 1995 3705 2031 ma-

2130 2040 2282 2110 sculi,
2307 2040 2497 2109 faciant
2524 2056 2635 2110 qua?
2665 2057 2763 2093 non
2793 2040 3114 2107 Conveniunt,
3142 2054 3244 2098 etc.

2211 2109 2586 2163 Possessionem
2610 2126 2779 2163 eorum
2822 2114 2947 2179 igni.
2991 2113 3263 2168 Possessio
3306 2126 3487 2170 nostra
3514 2126 3596 2171 est
3624 2116 3701 2170 in-

2136 2180 2300 2257 terior
2330 2182 2508 2257 homo,
2536 2180 2686 2249 juxta
2718 2182 2845 2257 illud
2874 2199 2884 2233 :
2920 2181 2987 2235 In
3016 2184 3264 2257 patientia
3284 2195 3447 2257 vestra
3472 2187 3706 2257 possideo

2136 2250 2249 2304 bitis
2295 2251 2491 2326 animas
2538 2251 2929 2326 vestras._Hicc
2976 2256 3246 2326 posseSsio
3291 2250 3518 2310 traditur
3561 2258 3697 2326 igni,

2135 2321 2351 2388 quando
2378 2336 2528 2374 mens
2558 2334 2736 2373 nostra
2770 2321 3165 2378 immanissima:
3188 2326 3473 2380 iracundiae
3512 2321 3701 2380 fur'ore

2136 2402 2372 2443 vastatur
2403 2406 2415 2441 :
2445 2389 2583 2443 sicut
2603 2391 2744 2443 enim
2778 2407 2872 2458 per
2894 2394 3198 2460 patientiam
3223 2405 3597 2459 conservatur,
3629 2397 3705 2449 ita

2138 2475 2262 2535 per_
2282 2460 2663 2535 impatientiam
2694 2460 3026 2535 devastatur.
3070 2464 3352 2520 Sciendum
3388 2468 3526 2535 quod
3566 2469 3713 2519 sicut

2137 2532 2191 2604 in
2226 2530 2409 2604 Eiodo
2436 2530 2621 2583 decem
2656 2532 2823 2604 plaga:
2866 2530 3082 2604 Egypti
3113 2530 3514 2601 enumeraniur,
3550 2536 3627 2589 ita
3656 2546 3716 2591 et

2140 2600 2245 2673 hic.
2269 2599 2401 2655 Tres
2418 2608 2632 2673 tantum
2660 2601 2728 2654 ibi
2752 2599 3153 2668 enumerantur.
3182 2622 3297 2673 quia
3320 2606 3407 2660 hic
3430 2599 3531 2661 non
3549 2618 3710 2669 sunt.

2138 2670 2231 2742 sed
2264 2684 2359 2737 pro
2398 2669 2658 2742 illisalia:
2697 2680 2805 2742 tres
2846 2672 2931 2726 hic
2982 2669 3266 2742 ponuntur,
3303 2690 3405 2729 non
3433 2676 3499 2729 ad
3528 2676 3711 2730 histo-

2140 2740 2295 2811 riam,
2326 2739 2421 2794 sed
2450 2738 2524 2811 ad
2553 2741 2879 2809 allegoriam.
2908 2738 3144 2807 Quarum
3185 2738 3284 2800 una
3313 2750 3427 2800 hac
3469 2755 3568 2811 est,
3599 2746 3713 2800 sci-

2142 2808 2463 2884 l_icet_,__quod
2503 2808 2792 2884 posseSsio
2812 2813 3000 2866 tradita
3030 2816 3101 2867 sit
3130 2816 3256 2884 igni.
3286 2816 3399 2869 Alia
3431 2808 3560 2869 vero
3591 2824 3707 2879 est,

2143 2879 2340 2932 Occidit
2367 2894 2535 2931 moros
2561 2896 2737 2933 eorum
2777 2882 2827 2935 in
2854 2883 3061 2949 pruina,
3096 2879 3269 2948 tertia,
3313 2884 3377 2938 Et
3410 2886 3547 2938 dedit
3570 2900 3722 2939 cru-

2141 2950 2249 3019 gini
2279 2953 2477 3018 {ructus
2503 2965 2695 3004 eorum.
2739 2951 2803 3004 Et
2838 2952 2937 3005 hoc
2966 2965 3047 3007 est
3084 2958 3331 3009 usitatum
3363 2957 3414 3009 in
3446 2957 3542 3008 hac
3574 2957 3719 3009 seri-

2144 3029 2320 3088 ptura,
2350 3020 2575 3097 alterum
2626 3035 2722 3097 pro
2758 3023 2927 3076 altero
2950 3037 3178 3097 propter
3204 3026 3519 3097 allegoriam
3556 3040 3713 3093 szepe

2146 3105 2347 3213 puqerf.l
2369 3107 2383 3142 :
2408 3089 2582 3146 taliter
2610 3092 2752 3146 enim
2782 3089 3028 3161 superius
3058 3089 3153 3165 pro
3184 3089 3350 3150 Achis
3376 3096 3548 3165 posuit
3576 3089 3716 3149 Abi-

2146 3176 2227 3213 ine
2250 3177 2310 3213 cc
2355 3200 2369 3213 .

2143 3176 2369 3214 metecn.

2217 3229 2363 3284 Misit
2412 3232 2465 3284 in
2512 3248 2618 3285 eos.
2659 3230 2821 3294 Quasi
2869 3233 3047 3289 dicat:
3083 3235 3204 3289 Hinc
3244 3235 3417 3289 omnia
3460 3236 3715 3302 praedicta

2144 3302 2324 3355 intulit
2355 3302 2616 3355 Dominus
2648 3302 2933 3371 IEgyptiis,
2963 3315 3016 3359 et
3046 3308 3146 3358 hoc
3178 3307 3353 3360 taliter
3381 3306 3523 3368 fecit,
3563 3309 3719 3359 Scili-

2144 3383 2228 3446 cet
2256 3374 2396 3446 quod
2438 3375 2585 3440 prius
2639 3375 2775 3446 misit
2823 3375 2876 3446 in
2916 3391 3001 3428 eos
3050 3377 3472 3446 indignationem,
3513 3376 3716 3430 deinde

2147 3444 2301 3514 iram,
2354 3445 2567 3499 demum
2610 3444 3022 3509 tribulationem,
3085 3444 3184 3499 hoc
3222 3456 3302 3499 est
3355 3447 3493 3514 quod
3532 3446 3669 3499 dicit
3699 3463 3717 3498 :

2149 3512 2289 3563 Misit
2328 3514 2378 3564 in
2404 3528 2487 3565 eos
2516 3516 2647 3564 iram
2675 3514 3044 3581 indignationis
3072 3532 3176 3568 sua:
3203 3512 3619 3579 consecutivam,
3661 3528 3716 3569 et

2146 3583 2467 3655 determinat
2489 3598 2593 3649 quo
2614 3584 3074 3655 ordine.scilicet,
3106 3588 3250 3653 prius
3278 3588 3710 3655 indignationem,

2149 3661 2204 3704 et
2228 3660 2346 3715 post
2374 3652 2529 3715 iram,
2559 3660 2605 3704 et
2646 3656 2723 3705 sic
2754 3652 3150 3709 tribulationem.
3183 3658 3245 3710 Et
3281 3652 3418 3711 hanc
3444 3658 3721 3709 immissio-

2150 3739 2259 3774 nein
2287 3722 2413 3775 fecit
2452 3737 2542 3791 per
2571 3723 2781 3792 angelos
2807 3725 2989 3788 malos,
3042 3729 3132 3780 ira:
3160 3741 3269 3780 sum
3300 3730 3591 3780 ministros.
3626 3725 3715 3778 In-

2155 3793 2517 3859 dignationem
2542 3793 2740 3864 quippe
2772 3794 2916 3847 misit
2954 3796 3154 3857 statim,
3196 3798 3407 3864 quando
3445 3811 3549 3849 non
3586 3810 3721 3847 coo-

2149 3872 2433 3916 senseruut
2475 3862 2647 3935 primo
2675 3864 2968 3929 admonitu,
3000 3876 3056 3918 ut
3084 3862 3418 3919 dimitterent
3461 3867 3718 3935 populum

2150 3946 2307 3985 suum
2335 3950 2348 3984 :
2382 3932 2598 4005 quando
2625 3948 2751 3987 vero
2777 3936 3051 4002 superbire
3078 3937 3244 4005 magis
3264 3932 3563 4005 cmperuiit,
3587 3945 3720 3989 tunc

2151 4003 2483 4056 contumacia
2500 4007 2956 4070 promeruitiram.
2989 4003 3186 4060 Secuta
3201 4003 3394 4060 deinde
3422 4006 3717 4069 induratio,

2154 4081 2336 4145 secuta
2368 4082 2424 4145 e_t
2463 4073 2751 4145 tribulatio.
2780 4075 2976 4141 Accipe
3011 4083 3190 4129 autem
3235 4079 3285 4129 in
3313 4078 3483 4145 primo
3510 4075 3723 4143 ﬂagello

2155 4141 2593 4214 indignationem,
2626 4144 2677 4195 in
2710 4145 2944 4199 secundo
2972 4147 3112 4213 quod
3140 4141 3352 4214 gravius
3376 4144 3494 4211 fuit,
3539 4141 3675 4198 iram
3702 4160 3720 4199 :

2156 4212 2549 4265 tribulationem
2580 4228 2706 4265 vero
2734 4216 2783 4266 in
2816 4216 2931 4268 aliis
2954 4212 3218 4269 omnibus.
3252 4219 3513 4271 Similiter
3542 4228 3594 4269 et
3621 4229 3725 4267 nos

2156 4298 2277 4335 cum
2312 4296 2612 4355 peccamus,
2664 4284 2822 4337 mittit
2871 4285 3123 4338 Dominus
3176 4288 3622 4355 indignationem.
3669 4285 3725 4337 id

2156 4362 2258 4413 est,
2287 4353 2480 4405 mentis
2506 4358 2953 4417 exciecationem;
2986 4356 3177 4409 deinde
3202 4353 3357 4415 iram.
3390 4356 3440 4409 id
3480 4367 3563 4409 est
3596 4370 3724 4424 gra-

2159 4424 2359 4475 viorem
2391 4427 2832 4489 exczecationeni;
2861 4425 3143 4478 novissime
3158 4441 3283 4480 vero
3299 4438 3333 4477 ti
3350 4426 3724 4487 ibulatiunein,

496 4487 856 4555 compunctio.
884 4489 1056 4564 idest,
1097 4489 1397 4553 compassio
1428 4503 1551 4564 erga
1582 4490 1879 4564 proximum
1913 4492 2054 4547 desi-
2087 4485 2135 4545 Ι)
2159 4492 2373 4560 quando
2405 4493 2457 4564 in
2490 4485 2828 4564 profundum
2853 4495 3144 4563 iniquitatis
3175 4497 3589 4564 principitainur.
3612 4485 3727 4549 Αηέ

493 4570 706 4625 gnatur,
758 4572 875 4624 qua:
926 4557 1144 4610 deberet
1192 4567 1443 4624 tanquam
1500 4558 1682 4612 vinutn
1738 4561 1888 4615 nobis
1936 4576 2055 4618 esse

494 4627 851 4689 delectabilis,
899 4636 952 4679 et
994 4642 1088 4693 per
1135 4641 1290 4695 quam
1335 4631 1493 4682 etiam
1549 4644 1723 4682 rerum
1756 4644 2053 4686 nostrarum

497 4698 753 4751 debemus
784 4698 1044 4750 oblivisci.
1084 4698 1223 4750 Alibi
1274 4700 1416 4751 enim
1465 4698 1657 4751 dicitur
1689 4716 1703 4752 :
1738 4699 1933 4755 Potasti
1963 4719 2057 4755 nos

496 4768 610 4819 vino
640 4768 1055 4833 ronipunctionis.
1101 4768 1225 4821 llazc
1252 4769 1401 4821 vinea
1442 4770 1787 4835 grandinatur
1812 4769 1863 4822 in
1905 4774 2058 4827 malis

501 4849 642 4900 tunc,
673 4838 898 4908 quando
921 4837 1017 4901 ipsi
1063 4852 1156 4904 per
1193 4840 1538 4905 rapacitatem
1585 4847 1677 4891 aut
1707 4839 2060 4908 depraedatio-

501 4922 643 4984 iicm.
668 4917 757 4957 aut
779 4907 1016 4984 quolibet
1041 4908 1149 4984 alio
1172 4910 1332 4984 modo
1346 4909 1624 4961 devastanl
1649 4907 1790 4984 bona
1811 4912 2057 4965 aliorum.

504 4976 682 5097 Lliiiige
709 4974 849 5027 enim
893 4974 1009 5043 plus
1040 4992 1098 5031 se
1130 4978 1273 5045 ipsos
1302 4978 1583 5032 devas‘ant
1623 4980 1866 5045 interius,
1900 4997 2058 5049 quam

504 5046 533 5097 il
559 5062 617 5097 os
642 5045 899 5097 extetius.

500 5046 617 5099 illos
642 5045 899 5099 exteiius.

572 5112 641 5167 Et
669 5115 851 5167 occidit
874 5131 1009 5170 mors
1063 5131 1234 5169 eorum
1275 5117 1327 5169 in
1356 5118 1561 5182 pruina.
1593 5118 1769 5173 Morus
1792 5130 1873 5172 est
1902 5120 2060 5174 arbor

503 5201 622 5259 qua:
654 5185 807 5238 lacile
840 5187 1023 5253 pruina
1059 5187 1313 5259 ltediturr:
1346 5188 1537 5259 pruina
1565 5204 1692 5243 vero
1730 5198 1814 5243 est
1841 5191 2063 5259 frigidus

495 5256 709 5324 quidam
740 5271 833 5327 rus
851 5267 1160 5319 nocturnus,
1187 5266 1238 5309 et
1263 5258 1504 5326 designat
1528 5257 1696 5312 latens
1719 5256 1929 5327 odium,
1954 5264 2062 5314 sci-

499 5329 621 5381 licet
663 5326 878 5395 quando
923 5328 1158 5379 tenebris
1196 5328 1436 5379 stultitia:
1471 5329 1631 5381 veluti
1677 5326 1939 5382 nocturno
1968 5334 2063 5383 [ri-

497 5412 624 5465 gore
653 5397 873 5449 dilectio
902 5397 1128 5464 proximi
1156 5400 1476 5463 coiigelascit
1512 5400 1561 5450 iii
1596 5400 1767 5452 nobis.
1804 5401 1900 5454 Per
1923 5404 2063 5468 quod

498 5467 775 5539 niorus,id
807 5480 909 5529 εει,
942 5467 1147 5520 fructus
1189 5469 1487 5539 dilectionis
1515 5470 1740 5535 prosimi
1764 5472 2067 5539 quicunque

493 5551 616 5591 esse
643 5536 884 5607 deberet,
914 5539 965 5589 in
997 5539 1150 5591 nobis
1175 5542 1331 5605 perit.
1368 5537 1528 5592 [lecte
1553 5554 1679 5607 ergo
1710 5536 1801 5607 per
1836 5536 2062 5605 morum,

494 5609 643 5671 cujus
674 5603 879 5658 fructus
909 5603 1244 5677 rubicundus
1270 5618 1374 5671 est,
1406 5603 1638 5663 dileCIiO'
1659 5603 1886 5677 proximi
1918 5603 2061 5664 desié

495 5686 689 5741 gnatiir
710 5714 723 5736 ,
757 5690 875 5742 quae
906 5676 955 5728 in
992 5688 1194 5729 tantum
1218 5678 1397 5731 valere
1420 5680 1581 5732 debet
1614 5676 1669 5734 in
1696 5679 1848 5733 nobis
1876 5689 1932 5733 ut
1960 5682 2070 5734 ani-

497 5758 634 5795 mam
665 5759 759 5812 iro
794 5745 1045 5799 Iratiibiis
1075 5761 1334 5815 ponamus
1356 5790 1371 5817 ,
1402 5758 1454 5802 et
1483 5751 1794 5819 sanguinein
1826 5749 2063 5807 ell‘uttda-

2154 4564 2302 4634 gelus
2327 4563 2495 4634 malos
2520 4578 2622 4615 non
2640 4562 2853 4617 dubium
2871 4562 2955 4618 est
2976 4569 3150 4619 vocari
3174 4562 3314 4628 illes,
3344 4562 3537 4634 quibus
3566 4574 3726 4618 aeter-

2155 4647 2258 4703 nus
2280 4633 2419 4703 ignis
2447 4642 2691 4701 paratur:
2733 4649 2827 4702 per
2850 4650 2983 4702 quos
3008 4636 3146 4690 Deus
3174 4653 3279 4690 non
3308 4633 3482 4689 solum
3508 4638 3730 4688 damnat

2156 4702 2347 4766 malos,
2379 4706 2471 4756 sed
2504 4704 2665 4755 etiam
2708 4706 2894 4770 probat
2935 4704 3072 4772 pios,
3116 4717 3172 4759 ut
3210 4708 3424 4761 beatum
3466 4706 3589 4760 .loh.
3624 4706 3730 4757 Ve-

2158 4780 2459 4825 ruintamen
2494 4773 2637 4824 illam
2670 4782 2985 4841 potestatem
3028 4777 3222 4830 habent
3250 4778 3301 4830 in
3348 4778 3540 4837 malos,
3566 4777 3727 4827 aliain

2160 4841 2211 4895 in
2245 4844 2433 4916 bonos.
2464 4842 2517 4916 l_n
2566 4842 2718 4916 bonis
2741 4847 2886 4897 enim
2914 4846 3041 4899 tithil
3088 4847 3301 4914 operari
3352 4857 3596 4916 possunt,
3626 4846 3731 4916 nisi

2163 4912 2443 4987 periitissi;
2476 4913 2526 4965 in
2578 4912 2732 4965 malis
2759 4918 3059 4987 vero,quia
3100 4912 3209 4985 jam
3259 4920 3310 4970 in
3352 4912 3441 4987 ius
3488 4929 3543 4968 et
3586 4915 3735 4967 arbi-

2163 4984 2317 5034 trium
2336 4996 2520 5055 eoruin
2534 4992 2814 5055 venerunt,
2845 4984 3278 5055 qnidlibct'agere
3292 4984 3533 5055 possunt,
3566 4988 3731 5037 etiam

2162 5068 2268 5105 non
2301 5054 2542 5118 permissi
2566 5067 2581 5116 ;
2605 5053 2758 5123 _sicut
2801 5057 2993 5123 aliquis
3024 5053 3248 5110 rusticus
3277 5053 3507 5111 alienum
3540 5059 3733 5108 bovem

2163 5139 2266 5175 non
2297 5130 2533 5184 exercet,
2566 5121 2667 5175 nisi
2696 5121 2908 5191 quando
2935 5127 3003 5178 ab
3037 5128 3128 5177 illo
3155 5129 3309 5194 ciijus
3338 5141 3443 5188 est.
3471 5130 3735 5195 permitti-

2164 5202 2457 5266 tur;_suom
2493 5206 2621 5245 vero
2664 5204 2887 5247 exercet
2913 5197 3203 5250 secundum
3229 5200 3368 5266 quod
3397 5201 3500 5250 sibi
3536 5198 3734 5262 placet.

2168 5260 2300 5314 Boni
2325 5276 2537 5330 quoque
2556 5267 2743 5335 angeli
2769 5276 3080 5335 potestatein
3124 5267 3158 5319 h
3177 5260 3323 5321 ibéiit
3354 5260 3733 5335 corporaliter,

2164 5331 2587 5405 etiatnnoceiidi
2629 5334 2780 5405 malis
2821 5333 3146 5388 hominibus.
3181 5339 3312 5391 'l‘tes
3341 5331 3483 5390 enim
3530 5331 3735 5405 angeli,

2165 5416 2301 5469 quos
2335 5404 2466 5474 Loth
2491 5401 2544 5474 in
2571 5401 2800 5470 hospitio
2832 5407 3056 5472 recepit,
3084 5408 3208 5460 boni
3226 5406 3463 5471 luerunt,
3492 5425 3585 5474 per
3605 5401 3739 5474 {pios

2168 5483 2347 5544 tamen
2395 5472 2642 5544 Sodoma
2694 5476 2972 5528 subversio
3023 5476 3160 5530 faeta
3212 5487 3314 5531 est.
3374 5472 3525 5544 Quod
3558 5472 3745 5529 autem

2170 5543 2291 5619 boni
2336 5544 2509 5619 angeli
2561 5543 2714 5619 bonis
2760 5546 3066 5619 hominibus
3113 5543 3447 5616 corporalem
3496 5549 3740 5619 aliquam

2170 5612 2454 5685 laesioneni
2480 5614 2775 5679 intulerint,
2806 5630 2910 5668 noo
2937 5617 3147 5685 legitur.

2249 5679 2396 5757 Viam
2428 5682 2548 5751 fecit
2576 5686 2766 5757 semitm
2786 5685 2879 5739 ire
2904 5679 3035 5740 stiti.
3074 5688 3319 5743 Ostendit
3349 5689 3621 5757 quomodo
3642 5687 3760 5741 im-

2173 5751 2481 5807 missiouem
2507 5754 2815 5822 praedictam
2848 5772 2941 5825 per
2970 5760 3185 5827 angelos
3213 5751 3384 5815 malos
3404 5758 3613 5828 iecerit,
3644 5763 3772 5813 sci-
