4010 6190
317 371 424 424 905

1008 373 1070 425 IN
1110 371 1520 427 PSALMORUM
1561 370 1810 425 LIBRUM
1853 368 2206 425 EXEGESIS.
2240 394 2307 407 -
2341 368 2581 422 PSALM.
2626 368 2878 422 LXXVII.

3459 363 3560 418 906

320 493 440 546 licet
473 488 593 554 quia
627 486 740 552 fecit
786 487 1016 537 semitam
1058 485 1152 536 ira:
1196 500 1322 546 stite,
1358 482 1536 535 tandin
1564 481 1704 535 enim
1733 482 1880 548 quasi
1910 483 1959 540 Α
1989 483 2212 554 positam
2257 482 2308 533 in
2358 481 2642 554 montanis,
2675 483 2761 533 tibi
2812 481 2909 546 ipsi
2959 478 3269 554 surrender-ti
3301 489 3422 554 sunt
3464 493 3556 554 per

319 553 505 614 semita
538 557 631 610 ira:
656 555 744 608 Dei
780 553 898 620 fuit,
929 554 1054 607 dum
1087 554 1413 616 iniquitatem
1440 554 1650 606 illorum
1678 560 1880 603 occu'ta

320 628 437 700 ejus
467 628 686 700 :equitas
721 625 944 700 punivit.
997 624 1282 700 Postquam
1336 638 1461 675 vero
1518 637 1619 700 per_
1655 623 1882 700 angelos

321 690 491 755 malos
519 690 572 750 in
609 695 888 750 manil'eSIa
928 690 1282 746 secreta'duci
1323 708 1414 746 eos
1455 692 1710 758 permisit,
1745 699 1800 741 ut
1831 690 1882 742 in

320 766 745 824 evidentissimos
787 773 1092 831 peccatores
1118 761 1519 815 evidentissime
1566 762 1880 831 vindicaret,

323 849 450 895 tunc
478 834 663 892 semita
715 830 895 888 stricta
947 832 1082 884 facta
1114 843 1194 885 e~t
1225 834 1324 884 lata
1356 834 1457 884 via.
1511 831 1572 885 Et
1602 844 1725 882 vere
1752 830 1885 880 viam

321 911 466 977 fecit,
493 909 612 977 quia
637 922 738 958 non
770 904 988 973 pepercit
1017 919 1047 977 ᾳ
1074 912 1232 977 morte
1263 901 1526 977 animabus
1555 916 1724 977 eorum
1760 914 1882 950 ΠΟ·

325 970 462 1032 rum:
495 976 591 1029 Vel
634 970 825 1029 aliter:
874 971 1032 1037 Quasi
1058 973 1244 1024 semita
1297 973 1387 1024 ira:
1439 972 1528 1023 Dei
1580 970 1695 1029 fuit,
1726 983 1884 1035 quam

324 1050 434 1102 dixi
467 1047 585 1100 illos
627 1047 678 1099 in
727 1043 1078 1097 exterioribus
1131 1040 1284 1093 bonis
1339 1041 1626 1104 percussit;
1677 1039 1886 1106 quando

324 1134 454 1170 vero
486 1119 628 1185 ipsos
673 1115 887 1170 eosdem
946 1112 1227 1185 per_cussit_,
1278 1110 1659 1185 demergendq
1695 1126 1800 1185 cus_
1835 1109 1885 1160 itt

323 1178 519 1242 mare.-
550 1187 684 1239 Ecce
731 1185 972 1238 semitam
1008 1183 1144 1233 viam
1195 1181 1336 1234 fecit.
1374 1182 1436 1232 Et
1463 1180 1754 1232 secundum
1789 1178 1888 1231 hoc

323 1259 463 1327 quod
499 1258 739 1323 sequitur
769 1252 1252 1327 est.detertninatio_
1278 1250 1555 1327 quomodo
1574 1251 1698 1302 fecit
1725 1251 1887 1300 semi-

329 1320 436 1380 t'am
468 1320 625 1386 viam,
661 1340 751 1391 per
783 1324 884 1375 hoc
913 1321 1135 1391 scilicet,
1169 1322 1287 1387 quia
1318 1336 1436 1371 rum
1480 1320 1626 1386 prius
1675 1334 1888 1391 percus-

325 1400 486 1452 sisset
525 1411 616 1447 eos
647 1390 696 1446 tu
737 1390 1114 1456 exterioribus,
1147 1391 1358 1443 tandem
1392 1405 1490 1442 non
1517 1390 1732 1458 pepercit
1760 1403 1892 1440 mor-

327 1471 450 1523 tein
482 1466 750 1519 animabus
782 1477 978 1523 eorum,
1013 1461 1060 1512 id
1109 1469 1208 1525 est,
1242 1460 1553 1526 gravissima
1599 1468 1768 1511 morte
1797 1472 1891 1510 eos

327 1537 612 1592 interiecit.
666 1535 836 1588 Minus
887 1531 1029 1583 enim
1060 1529 1290 1582 dicendo
1328 1530 1444 1595 plus
1484 1531 1766 1596 signiticu.
1827 1526 1890 1580 Et

317 1610 555 1681 jumenta
583 1620 759 1681 eorum
803 1602 1046 1681 conclusit
1084 1601 1157 1680 in
1189 1609 1370 1662 morte,
1424 1597 1740 1681 quia-ipsos
1771 1613 1888 1650 cuin

327 1668 480 1745 'equis
510 1686 562 1729 et
591 1675 836 1745 curribus
866 1673 1122 1745 demersit
1151 1674 1198 1721 in
1228 1683 1394 1745 mare.
1427 1668 1684 1745 Similiter
1715 1669 1764 1720 iit
1799 1684 1893 1745 no-

330 1739 412 1801 bis
437 1745 585 1816 quasi
610 1745 799 1816 semita:
823 1744 912 1795 ira:
941 1755 1046 1816 sua:
1065 1741 1196 1792 viam
1223 1741 1359 1807 fecit,
1393 1739 1602 1816 quando
1625 1739 1690 1790 de
1719 1740 1890 1816 gravi.-

330 1817 428 1870 bus
456 1808 690 1884 peccatis
731 1815 782 1866 iit
814 1813 1061 1884 graviora
1108 1825 1322 1876 semper
1350 1809 1608 1884 permittit
1654 1808 1893 1884 prtecipi-
1930 1825 1973 1882 Β

331 1877 544 1941 ιςπίλίῑ
576 1901 677 1938 non
713 1878 882 1949 paruit
929 1881 1080 1934 nobis
1107 1895 1133 1929 a
1169 1890 1340 1932 morte
1369 1880 1692 1936 animarum,
1723 1877 1896 1929 dando

330 1973 429 2010 nos
479 1957 689 2010 tandem
723 1956 772 2007 in
806 1950 1124 2020 profundum
1159 1950 1469 2018 iniquitatis,
1502 1959 1552 2000 et
1598 1951 1650 2001 in
1677 1957 1904 2020 a-ternas

331 2028 574 2082 tenebras
605 2019 830 2087 mentis;
884 2032 937 2074 et
992 2023 1271 2072 nobiscum
1326 2021 1562 2085 iumenta
1620 2028 1797 2069 nostra
1853 2019 1902 2067 in

331 2108 505 2150 morte
557 2095 845 2156 concludit,
897 2092 1015 2160 quia
1068 2090 1372 2158 pudicitiam
1408 2087 1561 2142 nobis
1603 2103 1816 2140 omnem
1853 2087 1903 2138 iu

333 2169 488 2221 nobis
519 2169 690 2235 perire
732 2162 1008 2227 permittit.

405 2269 468 2320 Et
498 2268 738 2336 percussit
767 2281 912 2318 omne
944 2262 1331 2336 primogenitum
1353 2260 1420 2336 ab
1440 2259 1659 2336 hont_ine_
1665 2275 1819 2326 usque
1841 2261 1908 2310 ad

331 2329 509 2405 pecus,
544 2349 595 2392 ut
629 2336 845 2390 historia
887 2329 1069 2394 rel'ert,
1103 2329 1156 2386 in
1184 2342 1323 2405 terra
1355 2329 1590 2405 )Egypti.
1625 2330 1687 2382 Et
1708 2340 1906 2405 pratic-

332 2400 420 2463 rea
465 2400 571 2472 pert
592 2413 725 2460 uss‘t
773 2406 1022 2475 primitias
1061 2403 1224 2475 omnis
1253 2400 1662 2475 laboriseorttm,
1707 2400 1756 2452 id
1785 2414 1907 2475 _eSt,

332 2470 512 2532 omnia
544 2470 808 2544 pruuitiva
841 2478 891 2526 in
921 2475 1114 2540 agresti
1146 2473 1344 2544 labore.
1376 2471 1532 2524 Velut
1563 2471 1758 2544 (eumn,
1785 2470 1909 2544 Itur:

331 2549 512 2611 deum,
546 2539 740 2612 linum,
795 2554 846 2599 et
891 2539 1103 2609 similia,
1149 2557 1252 2594 non
1291 2543 1508 2593 interra
1561 2539 1767 2601 Jerscn,
1821 2539 1908 2590 ubi

330 2633 487 2672 erant
517 2617 605 2671 lilii
638 2617 822 2677 Israel,
856 2615 947 2667 sed
973 2616 1024 2666 in
1057 2612 1413 2666 tabernaculis
1434 2612 1618 2672 (illam,
1651 2612 1698 2661 id
1731 2619 1831 2671 est,
1860 2613 1907 2662 in

332 2699 475 2743 terra
505 2689 754 2740 hostium.
786 2684 1149 2739 Tabernacula
1177 2681 1342 2736 Cham
1389 2682 1525 2734 idetn
1556 2681 1737 2746 accipe
1767 2680 1907 2746 quod

334 2768 532 2813 terram
564 2758 802 2828 1Egypti.
837 2755 967 2828 Dii-it
1005 2756 1166 2828 cnim_
1190 2751 1592 2828 Augustinuset
1630 2749 1912 2828 Cassiodo-

335 2845 447 2891 rus,
471 2830 606 2897 quod
637 2820 796 2881 citant
830 2824 923 2878 fuit
951 2836 1101 2897 pater
1127 2822 1399 2883 Chanaan,
1441 2820 1594 2897 cujus
1625 2821 1910 2887 posterita-

334 2909 444 2952 tem
473 2894 666 2952 terram
699 2899 840 2950 illam
891 2894 1195 2962 poSsedisse
1239 2902 1467 2945 constat.
1515 2894 1691 2962 Potest
1737 2903 1910 2962 autem

332 2985 432 3037 per
468 2968 768 3021 animalium
822 2959 1204 3037 primogenita“
1229 2962 1446 3037 intelligi
1487 2961 1568 3012 vel
1602 2959 1753 3021 iides,
1796 2961 1914 3037 sine

329 3031 436 3104 qua
466 3054 624 3092 omne
655 3031 851 3091 bonum
896 3031 1029 3103 opus
1059 3033 1243 3104 inutile
1285 3039 1339 3085 ct
1384 3031 1682 3104 incassum;
1728 3031 1806 3104 vel
1835 3031 1915 3082 tli-

329 3101 494 3162 lertio
524 3108 612 3160 Dei
645 3118 698 3161 et
724 3101 970 3174 proximi,
997 3105 1050 3156 in
1076 3103 1253 3170 quibus
1284 3101 1723 3174 pendetuniversa
1763 3101 1843 3152 (ex
1866 3109 1914 3153 et

326 3180 633 3248 prapttetw;
663 3171 741 3230 vel
767 3175 924 3228 etiam
969 3175 1194 3244 justitia,
1243 3187 1363 3240 qttte
1407 3171 1792 3248 priucipalis_et
1821 3187 1913 3224 so.
1943 3185 1989 3246 ρ

326 3241 485 3301 ὲίειῖε
525 3248 692 3300 virtus
734 3255 838 3311 est,
885 3241 1004 3311 quia
1033 3259 1130 3312 per
1168 3257 1284 3295 eam
1320 3253 1482 3294 totum
1523 3256 1688 3312 genus
1722 3241 1910 3293 hutna-

334 3335 467 3372 Itnm
500 3319 551 3369 in
582 3321 802 3370 naturali
835 3311 1319 3368 saltentsociatur.
1354 3313 1453 3364 Per
1501 3311 1759 3378 primitias
1788 3326 1913 3364 vero

328 3389 536 3443 laboris
570 3387 931 3450 signiﬁcantur
961 3384 1219 3452 pra-cipua
1247 3388 1295 3432 in
1322 3382 1516 3434 nostris
1539 3381 1916 3439 actibus,sicut

332 3474 458 3528 quae
481 3458 731 3528 pratdicta
754 3464 894 3528 sunt,
912 3459 1186 3528 praecipita
1228 3461 1350 3528 sunt
1377 3453 1767 3528 i_t_t_virtutih_us._
1788 3453 1915 3516 Quae

327 3519 515 3583 6mnia
533 3526 754 3594 percutit
774 3519 1045 3585 Dominus,
1061 3519 1110 3576 id
1130 3534 1261 3594 εςιιζ
1250 3523 1312 3574 ad
1342 3521 1562 3594 nihilum
1582 3519 1794 3594 deducit
1813 3536 1914 3594 non

328 3599 394 3653 in
418 3590 552 3652 terra
579 3596 760 3660 Israel,
794 3597 889 3650 sed
935 3595 1157 3646 interra
1197 3591 1437 3662 IEgypti,
1489 3591 1539 3643 id
1589 3599 1691 3656 est,
1735 3590 1786 3643 in
1836 3591 1917 3644 his

339 3670 436 3732 qui
468 3680 518 3722 et
544 3669 792 3735 p0pulum
817 3665 932 3734 ejus
958 3675 1366 3735 persequuntur,
1395 3671 1447 3714 et
1471 3662 1916 3735 magistenebras

331 3755 498 3805 quam
525 3732 694 3791 lucent
721 3732 983 3803 diligunt;
1013 3742 1068 3788 et
1091 3734 1178 3805 qui
1206 3741 1330 3805 sunt
1361 3733 1696 3805 tabernacula
1726 3732 1831 3783 Utta
1861 3753 1913 3805 τι,

334 3801 394 3861 id
428 3817 528 3867 est,
563 3809 611 3861 in
646 3801 836 3876 quibus
866 3815 1049 3876 regnat
1077 3801 1536 3876 diabolusstj‘hatn
1577 3803 1718 3853 enim
1769 3803 1916 3876 ralit-

335 3880 440 3930 dus
471 3873 868 3944 interpretatur.
900 3873 1028 3941 Quis
1065 3873 1709 3944 atttemicallidionquam
1746 3874 1916 3924 versi-

335 3951 500 4017 pellis
533 3940 624 4002 ille
649 3959 872 4015 serpens
900 3940 1144 4012 antiquus
1171 3944 1192 3995 ?
1225 3943 1412 4010 Utique
1439 3940 1635 3994 nullus.

419 4051 484 4104 Et
518 4051 723 4104 abstulit
773 4049 902 4102 sicut
954 4064 1084 4100 oves.
1119 4046 1278 4114 Quasi
1319 4048 1457 4100 dicat
1488 4065 1498 4097 :
1534 4047 1606 4098 Ita
1656 4047 1922 4114 percussis

337 4137 397 4176 et
423 4121 699 4174 destructis
724 4120 934 4180 ovibus,
965 4118 1166 4170 abstulit
1199 4118 1266 4171 de
1296 4119 1472 4170 medio
1496 4118 1704 4170 illorum
1745 4117 1925 4168 Domi-

337 4207 447 4248 nus
475 4192 719 4260 papulum
747 4206 914 4252 suum,
947 4203 1104 4256 quem
1134 4189 1334 4241 Scilicet
1383 4188 1521 4260 inter
1559 4203 1746 4239 omnes
1791 4203 1923 4253 geo-

341 4274 431 4316 tes
456 4258 758 4328 specialiter
784 4260 882 4312 sibi
916 4262 1166 4328 elegerat.
1205 4263 1353 4310 b‘icut
1385 4258 1554 4328 bonus
1585 4267 1766 4324 pastor
1795 4274 1924 4310 oves

338 4346 474 4386 suas
490 4327 672 4384 educit
702 4330 768 4382 de
797 4327 1042 4396 periculis
1067 4345 1081 4392 ;
1106 4336 1156 4381 et
1182 4329 1235 4379 in
1263 4331 1479 4390 deserto,
1508 4327 1558 4379 id
1590 4339 1691 4390 est,
1726 4342 1819 4394 per
1842 4330 1928 4378 dt:-

337 4412 547 4457 stertum
597 4399 852 4469 perduxit,
896 4400 943 4450 id
999 4408 1100 4463 est,
1142 4399 1205 4469 ad
1250 4401 1592 4469 securitatem
1619 4412 1732 4459 eos,
1793 4399 1928 4450 sicut

343 4483 552 4541 pastor,
580 4467 792 4538 gregem
820 4467 1286 4541 deduxit._Auiert
1324 4477 1381 4541 et
1412 4482 1524 4541 nos
1578 4468 1848 4529 Dominus,
1884 4469 1924 4520 si

1987 548 2270 614 SﬂCl‘iiiCitt,
2299 561 2351 603 et
2379 568 2470 611 per
2498 550 2595 602 alia
2623 552 2970 603 instrumenta
3012 549 3088 600 Pis
3118 549 3269 608 data;
3307 548 3557 601 historia-

1989 621 2107 674 Iiter
2135 623 2275 674 enim
2302 621 2560 690 [Egypltts
2594 623 2642 690 in
2671 621 2808 674 valie
2837 629 2936 680 est,
2972 619 3263 671 Jerusalem
3307 619 3358 672 in
3402 635 3558 672 mon-

1991 691 2142 743 tanis.
2171 693 2235 743 Et
2265 691 2383 744 ideo
2407 689 2571 744 dicit:
2602 689 2812 742 lnduxit
2839 707 2922 742 eos
2953 690 3003 740 in
3035 697 3252 740 montem
3280 705 3295 749 ;
3320 699 3559 752 montem,

1989 761 2130 823 dico,
2159 778 2303 826 quem
2350 777 2451 813 non
2477 760 2683 826 gladius
2715 775 2919 819 eorum,
2955 758 3045 811 sed
3090 761 3295 811 dextera
3317 799 3331 820 ,
3377 759 3426 811 id
3457 770 3558 818 est,

1992 835 2220 897 potentia
2246 834 2355 898 ejus
2379 832 2642 898 acquisivit
2671 831 2768 891 eis,
2798 831 2917 896 quia
2945 839 3048 881 tant
3083 829 3375 882 manifestis
3400 828 3565 896 signis

1993 916 2112 953 cum
2144 904 2222 954 eis
2251 901 2459 967 agebat,
2493 909 2548 968 ut
2579 913 2813 967 prmsetts
2842 915 2960 952 esse
2989 899 3389 962 intelligeretur.
3416 899 3572 951 Sillti-

1992 971 2108 1024 liter
2138 981 2191 1023 et
2222 985 2318 1022 nos
2356 971 2573 1023 eductos
2619 971 2685 1020 de
2734 969 2975 1022 convalle
3003 970 3199 1020 erroris
3229 980 3280 1021 et
3315 969 3570 1021 tenebra-

1992 1056 2106 1092 rum
2159 1055 2251 1104 per
2283 1040 2435 1092 [idem
2480 1050 2531 1092 et
2578 1039 2796 1106 gratiam
2848 1039 3176 1099 baptismatis
3208 1038 3412 1090 induxit
3459 1039 3566 1101 jam

1992 1125 2105 1176 spe,
2139 1119 2193 1163 et
2218 1111 2260 1162 si
2290 1111 2522 1160 nondum
2557 1126 2608 1159 re
2641 1110 2690 1160 in
2733 1120 2949 1160 montem
2992 1109 3412 1171 sanctiﬁcationis
3437 1125 3571 1171 sum,

1994 1180 2044 1233 id
2073 1189 2174 1246 est,
2207 1181 2257 1230 in
2289 1181 2559 1234 caelestem
2589 1179 2905 1240 Jerusalem,
2956 1178 3041 1229 tibi
3094 1193 3216 1231 vere
3264 1180 3565 1230 sanctilica-

1995 1266 2112 1301 mur
2149 1266 2242 1315 per
2267 1264 2444 1301 veram
2481 1249 2894 1311 cottfessionetn,
2944 1249 2992 1301 id
3039 1257 3139 1306 est,
3192 1249 3398 1300 laudem
3452 1247 3569 1310 Dei,

1993 1322 2116 1384 quia
2146 1331 2271 1372 tunc
2302 1321 2585 1371 novissima
2624 1334 2768 1370 mors
2789 1322 3106 1370 destruetur.
3131 1317 3298 1383 Quem
3334 1328 3566 1372 montem

1995 1404 2099 1441 non
2129 1393 2316 1442 merita
2355 1399 2532 1442 nostra
2556 1390 2974 1453 acquisiverunt,
3015 1388 3106 1440 sed
3139 1390 3252 1454 ejus
3277 1389 3487 1450 dextra,
3521 1390 3568 1440 id

1997 1469 2098 1521 est,
2131 1459 2296 1511 Filius
2323 1459 2437 1525 ejus
2470 1460 2722 1525 sanguine
2770 1474 2865 1510 suo
2893 1457 3044 1509 nobis
3092 1458 3238 1510 illttm
3268 1457 3570 1520 acquisivit.

2003 1592 2007 1595 ι
2071 1528 2136 1581 Et
2185 1531 2350 1599 ejetit.
2405 1528 2614 1581 induxit
2665 1543 2780 1590 eos,
2831 1529 3064 1599 inquam,
3110 1537 3156 1580 et
3205 1529 3409 1595 ejecita
3444 1529 3574 1591 facie

2000 1615 2172 1651 eorum
2197 1598 2386 1666 gentes,
2413 1615 2531 1664 quze
2556 1609 2751 1650 terram
2795 1598 2934 1649 illam
2971 1608 3386 1662 occupaverant,
3430 1599 3575 1650 scili-

1999 1680 2104 1733 Cet,
2127 1669 2397 1732 lletltteos,
2421 1669 2657 1729 Hevaaos,
2685 1667 3326 1732 Pberezmos..lehus:eos,
3350 1667 3572 1722 etalios.

2002 1737 2070 1792 Et
2100 1738 2297 1791 deinde
2326 1738 2493 1790 divisit
2519 1748 2703 1791 terram
2731 1737 2973 1789 tribubus
2998 1740 3046 1789 in
3079 1740 3312 1806 [unicut'o
3339 1739 3584 1792 distribu-

2005 1810 2174 1872 tionis,
2230 1809 2279 1860 itl
2310 1817 2413 1867 est,
2447 1809 2496 1860 in
2525 1817 2826 1859 meusurata
2858 1817 2910 1859 et
2939 1809 3130 1875 aequali
3173 1808 3580 1861 distributione.

2007 1879 2152 1932 Solet
2176 1878 2315 1931 enim
2344 1876 2576 1931 funiculo
2603 1877 2845 1929 distribui
2878 1879 3178 1940 hereditas,
3212 1887 3266 1931 et
3299 1877 3398 1930 hoc
3421 1891 3578 1936 sorte.

2010 1949 2059 2001 id
2093 1959 2194 2009 est,
2221 1963 2315 2013 per
2353 1956 2574 2000 Sortem.
2619 1946 2901 2014 Similiter,
2935 1957 3212 2016 postquam
3246 1948 3447 2002 induxit
3486 1964 3580 2001 nos

2007 2034 2101 2088 per
2125 2033 2272 2082 Spem
2301 2020 2349 2069 in
2376 2019 2647 2088 cmlestent
2670 2016 2992 2080 Jerusalem,
3011 2020 3156 2088 ejccit
3176 2029 3371 2088 gentes,
3399 2018 3448 2070 id
3477 2034 3578 2081 esu

2007 2087 2280 2153 gentilium
2306 2102 2536 2151 errores,
2569 2087 2668 2139 hoc
2695 2096 2792 2148 est,
2837 2089 3052 2154 spiritus
3108 2087 3426 2147 immundos.
3494 2091 3581 2153 qui

2010 2167 2271 2223 prteerant
2302 2158 2454 2210 nobis
2484 2172 2511 2208 a
2538 2157 2670 2210 facie
2686 2167 2865 2209 nostra
2890 2158 3149 2219 interiori,
3185 2159 3234 2208 id
3260 2169 3360 2219 est,
3387 2160 3451 2210 ab
3473 2160 3584 2210 ani-

2009 2244 2113 2282 ma.
2143 2227 2207 2280 Et
2235 2227 2421 2280 dividit
2449 2227 2601 2280 nobis
2621 2227 2768 2294 quasi
2791 2227 2843 2278 in
2870 2228 3096 2295 funiculo
3115 2229 3507 2295 distributionis,
3535 2231 3585 2280 id

2009 2307 2110 2360 est,
2137 2300 2200 2350 ad
2243 2313 2544 2350 mensuram
2580 2297 2774 2360 pariter
2797 2299 2948 2348 nobis
2971 2307 3188 2364 terram,
3219 2299 3266 2352 id
3297 2311 3400 2363 est,
3424 2304 3587 2353 cmle-

2010 2379 2144 2422 stem
2167 2368 2409 2434 patriam.
2433 2369 2564 2433 Quia
2587 2367 2638 2420 in
2656 2367 2808 2418 domo
2826 2365 2999 2419 Patris
3031 2371 3121 2418 mei
3148 2370 3436 2422 mansiones
3456 2373 3589 2422 ntul-

2013 2451 2074 2490 ιν
2108 2449 2245 2491 sunt.
2285 2437 2376 2490 Vel
2420 2449 2613 2490 terram
2655 2438 2800 2489 illam
2850 2437 2917 2490 de
2947 2453 3044 2505 qua
3078 2442 3362 2506 pascimur,
3400 2441 3446 2491 id
3480 2448 3587 2506 est,

2012 2508 2304 2576 spiritualia
2331 2509 2472 2580 dona
2530 2506 2716 2580 dividit
2749 2508 2808 2580 ἰπὶ
2841 2509 3012 2580 nobis,
3054 2507 3172 2576 quia
3224 2510 3588 2580 unusquisque

2015 2583 2281 2649 proprium
2310 2579 2509 2631 donum
2540 2577 2700 2649 habet
2724 2577 3319 2649 aneoqadmensuram
3343 2577 3515 2634 suam.

2087 2648 2394 2702 Etltabitare
2421 2649 2537 2716 fecit
2561 2648 2719 2700 tribus
2745 2647 2929 2699 Israel.
2968 2647 3319 2702 Ilismrialiter
3345 2651 3396 2702 in
3428 2653 3592 2706 taber-

2016 2720 2214 2771 naculis
2243 2735 2439 2783 eorum,
2475 2718 2524 2770 id
2556 2725 2658 2781 est,
2694 2718 2929 2786 gentium
2959 2717 3248 2786 ejectarum
3277 2734 3306 2772 a
3338 2720 3472 2774 facie
3501 2739 3594 2774 eo-

2017 2805 2154 2842 rum.
2187 2787 2388 2843 Eodem
2433 2790 2593 2840 modo
2623 2785 2782 2839 tribus
2808 2785 2998 2846 Israel,
3021 2789 3069 2840 id
3119 2800 3222 2849 est.
3257 2790 3373 2844 illos
3406 2806 3594 2845 omnes

2016 2858 2105 2926 qui
2129 2859 2193 2910 ad
2225 2862 2324 2912 hoc
2355 2859 2594 2920 tendunt,
2630 2866 2686 2910 tit
2718 2857 2882 2910 Deum
2931 2872 3087 2924 quem
3120 2875 3222 2911 non
3256 2860 3460 2927 vident,
3493 2864 3595 2916 title

2016 2930 2232 2983 videant
2272 2938 2326 2982 et
2363 2944 2509 2996 spem
2541 2929 2655 2998 fecit
2681 2929 2789 2997 jam
2821 2927 3049 2980 habitare
3087 2942 3182 2996 per
3231 2945 3378 2994 spem
3427 2933 3478 2984 itt
3513 2942 3594 2985 ta-

2019 3000 2325 3054 bernaculis
2355 3014 2564 3063 eorum,
2616 2999 2666 3051 id
2719 3008 2820 3062 est,
2852 2999 2903 3051 in
2935 2999 3062 3052 locis
3093 3002 3237 3065 cm'i,
3272 3003 3410 3054 unde
3433 3002 3593 3068 ejecti

2017 3080 2140 3123 sunt
2193 3071 2631 3137 prazvaricatores
2679 3070 2873 3136 angeli,
2917 3083 3036 3136 qua:
3082 3072 3478 3134 quodammodo
3519 3082 3590 3126 ta-

2019 3139 2308 3194 bernacula
2353 3140 2454 3191 dici
2501 3147 2741 3206 possunt,
2799 3148 3055 3207 quantum
3106 3141 3171 3193 ad
3231 3141 3376 3208 ipsos
3405 3143 3494 3209 qui
3525 3145 3591 3196 ad

2025 3220 2233 3275 tempus
2260 3210 2330 3262 ibi
2359 3210 2590 3263 fuerunt.

2090 3281 2155 3332 Et
2190 3289 2500 3333 tentaveruut
2554 3288 2598 3330 et
2629 3278 3071 3330 exacerbavet'unt.
3135 3278 3348 3334 Induxit
3379 3298 3484 3345 eos,
3518 3283 3595 3336 in-

2017 3366 2198 3417 quam,
2237 3351 2291 3403 in
2344 3359 2584 3410 montem,
2617 3357 2662 3400 et
2690 3349 2834 3417 ejecit
2876 3357 3045 3419 gentes
3074 3366 3105 3401 a
3136 3352 3268 3419 facie
3311 3368 3517 3417 eorum;
3549 3366 3598 3406 et

2021 3431 2197 3474 tamen
2254 3419 2425 3472 adhuc
2465 3427 2784 3471 tentaverunt
2815 3417 3064 3486 petendo,
3119 3417 3220 3474 non
3289 3423 3599 3487 credendo;

2017 3491 2110 3544 sed
2135 3498 2446 3544 tentat'erunt
2472 3491 2656 3552 Deum,
2680 3490 2920 3557 quamvis
2945 3492 3222 3545 excelsum.
3244 3491 3306 3544 Et
3331 3492 3431 3546 hoc
3456 3493 3597 3556 ideo,

2019 3563 2138 3627 quia
2165 3577 2264 3613 non
2286 3559 2624 3612 custodierunt
2653 3559 2960 3617 testimonia,
2985 3557 3034 3610 id
3059 3571 3160 3621 est,
3187 3571 3444 3629 praecepta
3467 3566 3599 3629 eius.

2021 3630 2088 3682 Et
2133 3640 2418 3684 averterunt
2441 3647 2493 3684 se
2520 3631 2587 3684 ab
2607 3645 2693 3696 eo,
2721 3639 2766 3681 et
2800 3647 2901 3682 non
2941 3643 3258 3684 servaverunt
3290 3644 3515 3700 pactum,
3549 3635 3598 3686 id

2020 3710 2102 3754 est
2133 3701 2510 3768 promissiones
2537 3715 2666 3766 quas
2698 3700 2936 3752 fecerunt
2962 3701 3008 3754 ei
3038 3702 3273 3755 dicentes
3300 3722 3312 3756 :
3341 3703 3603 3766 Quincun-

2021 3788 2116 3840 que
2139 3773 2428 3840 prwceperit
2459 3771 2602 3822 nobis
2638 3768 2913 3834 Dominus,
2964 3771 3236 3836 faciemus;
3279 3775 3602 3841 quemadmo-

2022 3845 2142 3920 dum
2170 3847 2329 3894 etiam
2363 3841 2597 3920 fecit-runt
2643 3849 2813 3920 patres
2842 3856 3039 3920 eorum,
3073 3856 3174 3895 n0n
3219 3845 3357 3920 q-tpd
3393 3844 3603 3914 Moyses

2023 3921 2079 3963 et
2109 3915 2309 3975 Aaron,
2334 3919 2390 3964 et
2416 3910 2500 3963 alii
2533 3910 2678 3972 boni,
2712 3911 2804 3962 sed
2830 3911 2895 3963 de
2918 3913 3106 3978 quibus
3140 3913 3450 3979 prtPtiit‘lllln
3477 3910 3558 3966 est
3587 3934 3600 3966 :

2023 3980 2297 4033 Genet-otio
2350 3997 2503 4050 prava
2525 3991 2571 4034 et
2610 3995 2933 4049 exasperans.
2968 3980 3033 4032 Et
3064 3982 3181 4036 ideo
3208 3983 3329 4036 dico
3360 4000 3459 4036 non
3489 3999 3602 4036 ser-

2025 4060 2258 4104 caverunt
2289 4062 2506 4117 pactum,
2540 4053 2658 4119 quia
2692 4052 2915 4124 conversi
2942 4062 3056 4104 sunt
3089 4054 3138 4104 in
3173 4070 3343 4106 arcum
3367 4070 3600 4124 pravum.

2028 4126 2196 4174 Arcus
2223 4138 2361 4174 enim
2397 4138 2587 4188 pravus
2618 4133 2718 4184 est,
2767 4122 2853 4192 qui
2911 4138 3029 4175 cum
3077 4122 3383 4186 intenditur,
3415 4135 3469 4178 tit
3511 4141 3605 4192 per

2026 4208 2146 4242 eum
2200 4193 2396 4255 aliquid
2457 4192 2689 4261 ntittatur
2742 4192 2791 4242 iit
2824 4191 3051 4256 hostem,
3109 4196 3415 4256 remittitur,
3463 4191 3602 4261 quod

2028 4262 2156 4312 nihil
2209 4275 2302 4331 per
2330 4276 2450 4313 eum
2479 4260 2742 4325 mittitur;
2779 4264 2910 4314 talt-s
2954 4274 3007 4315 et
3048 4265 3130 4317 isu
3158 4277 3301 4326 sunt,
3335 4265 3421 4329 qui
3455 4260 3603 4331 quasi

2030 4331 2224 4383 iutcnsi
2255 4328 2483 4391 fuerunt,
2520 4332 2875 4398 promittendo
2905 4349 2962 4385 se
2991 4334 3165 4385 omnia
3217 4328 3444 4385 tacturos
3471 4328 3603 4400 'quze

2029 4402 2466 4468 principerentur,
2510 4409 2562 4452 et
2591 4417 2711 4453 mox
2743 4404 2948 4455 remissi
2985 4402 3104 4454 iacti
3136 4411 3280 4466 sunt,
3310 4405 3429 4468 quia
3467 4404 3599 4457 nihil

2033 4471 2292 4524 fecerunt.
2359 4470 2448 4522 Vel
2500 4471 2566 4522 ita
2605 4473 2698 4522 :Si
2724 4471 2914 4537 aliquis
2946 4473 3012 4522 ita
3057 4486 3250 4537 pravus
3281 4486 3436 4525 arcus
3483 4487 3605 4526 esse

341 4536 536 4597 smnus
578 4536 799 4609 populus
843 4553 989 4604 Suus,
1040 4537 1090 4591 id
1137 4547 1238 4610 est,
1286 4537 1595 4610 obedientcs
1649 4541 1924 4610 prwceptis
1959 4536 2007 4594 D
2035 4551 2231 4604 posset,
2263 4541 2402 4609 quod
2434 4555 2550 4592 eum
2576 4542 2693 4607 (pro
2724 4536 2922 4610 aliquo)
2954 4536 3172 4593 deberet
3197 4557 3353 4610 agere
3382 4547 3597 4594 mitten-

343 4614 484 4676 suis,
532 4608 599 4665 de
647 4619 910 4680 potestate
961 4619 1013 4662 et
1055 4608 1512 4680 spiritualiumet
1563 4608 1920 4680 corporalium

345 4675 584 4736 hostium
608 4675 912 4734 nostrorum
939 4677 1202 4746 pascendo
1225 4691 1323 4728 nos
1353 4675 1717 4744 spiritualibus
1746 4692 1922 4730 sacra-

344 4753 570 4815 mentis,
601 4752 736 4804 sicut
766 4753 877 4819 pius
908 4761 1087 4817 pastor
1113 4763 1239 4800 oves
1269 4762 1390 4819 suas
1428 4747 1616 4814 pascit,
1649 4755 1701 4799 et
1741 4749 1792 4799 in
1831 4749 1923 4800 de-

343 4833 504 4885 serto,
539 4821 586 4875 id
615 4832 717 4887 est,
749 4817 800 4873 in
841 4822 938 4872 hac
976 4823 1104 4882 vita,
1153 4833 1269 4886 quae
1315 4817 1584 4869 desertum
1632 4827 1710 4869 est
1743 4834 1921 4886 respe-

340 4905 444 4947 ctu
495 4893 682 4944 futurae
712 4893 853 4954 vite,
904 4890 968 4942 ad
1027 4890 1360 4942 securitatem
1413 4902 1502 4953 per
1549 4889 1778 4952 speciem
1830 4905 1923 4942 nos

346 4964 783 5030 ducit,tanquam
821 4974 1032 5028 gregem
1053 4959 1239 5030 factos,
1271 4958 1318 5030 id
1353 4967 1454 5030 est,
1482 4957 1532 5009 in
1565 4974 1724 5010 utunu
1757 4973 1847 5010 cor
1873 4968 1928 5013 et

347 5027 584 5087 animant
604 5027 758 5083 uitam
781 5027 1150 5098 congregatos.
1175 5027 1238 5080 Et
1262 5028 1468 5079 deduxit
1497 5043 1578 5079 eos
1601 5030 1649 5080 in
1672 5045 1758 5097 spe
1773 5041 1927 5082 terrae

352 5102 769 5173 pronussionisL
779 5101 992 5173 deducit
1034 5107 1086 5151 et
1125 5114 1222 5151 nos
1253 5100 1323 5173 in
1351 5111 1464 5173 spe.
1495 5099 1609 5173 _Spe
1630 5115 1688 5150 cn
1714 5115 1761 5149 nt
1800 5101 1928 5151 salvi

348 5169 483 5246 facti
506 5187 694 5224 sumus.
725 5169 789 5224 Et
813 5186 915 5246 non
948 5171 1225 5246 tintuerunt
1252 5169 1326 5223 illi
1363 5170 1601 5246 inimicos
1621 5184 1790 5246 suos;
1825 5186 1926 5221 non

350 5239 610 5297 timemus
653 5249 705 5292 et
753 5255 849 5292 nos
893 5241 1132 5293 inimicos
1165 5249 1396 5301 nostras,
1425 5239 1545 5305 quia
1588 5239 1632 5290 si
1666 5242 1803 5292 Deus
1837 5255 1930 5307 pra

354 5313 537 5372 nobis,
571 5315 687 5379 quis
731 5322 912 5363 contra
957 5309 1094 5362 nos?
1140 5307 1203 5360 Et
1238 5309 1356 5360 ideo
1386 5308 1460 5359 illi
1491 5307 1674 5361 hostes
1706 5327 1732 5359 a
1765 5309 1932 5365 latere

352 5384 692 5438 incurrentes
713 5383 790 5433 vel
815 5389 1158 5435 occurrentes
1187 5393 1283 5429 non
1310 5381 1602 5439 timuerunt,
1633 5379 1754 5445 quia
1785 5393 1934 5433 mare

352 5454 568 5521 operuit
587 5465 771 5504 omnes
794 5452 1199 5517 subsequentes.
1225 5448 1422 5500 Eodem
1447 5448 1624 5512 modo,
1652 5460 1929 5517 postquam

356 5525 411 5576 in
440 5523 598 5587 mari,
631 5521 680 5573 id
713 5531 814 5584 est,
849 5525 897 5572 in
951 5522 1278 5588 baptismate,
1327 5531 1514 5570 omnes
1548 5521 1930 5584 sultsequeutes

357 5595 546 5646 hostes
574 5592 759 5655 nostri,
791 5591 840 5644 id
873 5601 973 5652 est,
1006 5590 1182 5641 omnia
1212 5588 1481 5654 originalia
1515 5598 1567 5640 et
1589 5589 1808 5640 actualia
1841 5593 1931 5643 de-

356 5673 661 5724 struuntur,
693 5666 734 5713 si
765 5664 902 5714 cauti
949 5675 1068 5713 esse
1101 5661 1371 5723 volumus,
1424 5658 1667 5712 inimicos
1708 5662 1933 5725 amplius

361 5748 471 5786 non
495 5733 816 5784 timebimus.
851 5732 908 5782 Et
942 5730 1146 5781 induxit
1174 5743 1266 5780 eos
1296 5729 1362 5779 de
1403 5726 1636 5796 IEgypm
1658 5772 1671 5794 ,
1717 5731 1935 5784 eductos

360 5802 414 5853 in
447 5811 662 5855 montem
707 5799 1119 5868 sanctiﬁcationis
1166 5811 1290 5862 sua,
1344 5795 1394 5848 id
1425 5795 1525 5862 est,
1551 5795 1610 5852 in
1642 5801 1933 5855 .leruvalcnt

565 5891 834 5948 Parum“
885 5889 1102 5948 XClll.

2025 4612 2094 4662 do
2135 4614 2293 4663 telum
2327 4611 2376 4662 iu
2411 4610 2637 4672 hostem,
2688 4609 2859 4676 potius
2888 4621 3071 4662 contra
3107 4609 3276 4676 ipsum
3308 4622 3489 4679 ageret
3520 4629 3602 4666 re-

2031 4680 2321 4745 lorquendo
2345 4682 2504 4732 telum
2533 4679 2583 4731 in
2608 4680 3014 4751 eutn.‘llliareoi
3049 4693 3229 4734 essent
3252 4682 3350 4749 ipsi
3381 4697 3598 4751 compa-

2029 4752 2244 4811 rabiles,
2299 4751 2386 4808 qui
2441 4767 2559 4802 cum
2613 4763 2705 4814 pro
2748 4749 2852 4802 Deo
2884 4751 3143 4803 deberent
3171 4766 3346 4819 agere.
3390 4749 3601 4819 pactum

2028 4821 2142 4888 ejus
2194 4821 2384 4886 impleo
2413 4833 2483 4882 ευ,
2533 4821 2704 4885 potius
2755 4829 2935 4873 coittra
2980 4822 3150 4887 ipsum
3176 4833 3428 4889 egerunt,
3458 4824 3599 4876 aliud

2030 4902 2238 4956 pactum
2256 4901 2570 4941 contracum
2588 4891 2905 4956 recrpiendo.
2927 4891 2987 4943 Et
3009 4895 3377 4944 concitaverunt
3400 4909 3515 4946 cum
3550 4896 3603 4946 in

2028 4963 2126 5024 ira,
2141 4961 2486 5012 sacriﬁcando
2507 4959 2694 5027 singuli
2711 4962 2762 5011 iu
2779 4961 2988 5014 collibus
3002 4966 3127 5024 suis,
3147 4973 3191 5014 ct
3205 4974 3604 5029 prouocauerunt

2031 5048 2140 5082 eum
2163 5033 2229 5081 ad
2245 5033 2621 5102 rtt'iilttltllittnt’tn
2646 5031 2695 5081 in
2721 5033 3036 5098 sculptilibus
3057 5033 3181 5085 suis.
3201 5034 3433 5102 Quisque
3461 5034 3603 5086 enim

2031 5117 2214 5155 eorum
2240 5101 2437 5153 idolum
2471 5101 2572 5152 sibi
2606 5103 2841 5166 sculpsit,
2870 5113 2923 5154 et
2952 5107 3182 5169 aliquem
3211 5101 3518 5156 umbrosum
3550 5118 3606 5154 et

2032 5171 2394 5223 delectabilem
2424 5171 2611 5223 collem
2666 5171 2838 5239 elegit.
2901 5173 2986 5225 tibi
3039 5177 3205 5238 ipsum
3237 5178 3500 5234 adoraret,
3550 5183 3600 5225 et

2032 5256 2079 5295 et
2137 5240 2484 5310 sacrilicarct.
2542 5241 2740 5292 Eodem
2794 5245 2951 5294 modo
3005 5257 3052 5295 et
3124 5259 3263 5303 nos.
3326 5255 3603 5310 posuptatn

2034 5313 2190 5365 etiam
2211 5309 2322 5378 jam
2354 5325 2448 5376 spe
2475 5312 2526 5364 in
2561 5319 2752 5363 terram
2786 5315 3177 5379 promissionis,
3213 5313 3261 5365 id
3289 5309 3389 5376 est,
3425 5313 3475 5364 in
3505 5328 3606 5365 ('(B-

2037 5383 2224 5433 lestem
2260 5383 2477 5446 patriam
2512 5381 2870 5447 pervenimus,
2905 5382 3075 5435 adhuc
3107 5383 3270 5434 Deum
3313 5392 3602 5444 leniamus,

2038 5457 2276 5518 petentes
2305 5450 2372 5501 ab
2399 5465 2462 5503 eo
2491 5465 2608 5516 quae
2648 5468 2754 5503 nou
2805 5461 2984 5503 essent
3015 5454 3260 5519 petenda.
3294 5453 3359 5506 Et
3384 5467 3601 5505 exacer-

2037 5525 2228 5573 bantus
2271 5535 2414 5584 eum,
2461 5525 2579 5587 quia
2612 5519 2937 5585 testimonia,
2969 5523 3016 5573 id
3049 5530 3152 5585 est,
3201 5536 3458 5590 prtecepta
3491 5523 3606 5590 eius

2038 5607 2142 5643 non
2170 5591 2519 5643 custodimus.
2555 5591 2615 5640 Et
2655 5592 2944 5643 avertimur
2993 5592 3059 5643 ab
3096 5607 3180 5657 eo,
3231 5602 3608 5648 convertentes

2044 5674 2143 5714 nos
2170 5659 2233 5710 ad
2259 5658 2442 5710 alium.
2475 5661 2539 5712 Et
2565 5675 2668 5713 non
2702 5676 2975 5714 servamus
3005 5673 3236 5727 pactum.
3272 5664 3319 5714 id
3351 5672 3452 5727 est,
3485 5681 3606 5727 pru-

2040 5731 2367 5792 t'nissionetu,
2398 5745 2554 5797 quam
2578 5730 2628 5783 itt
2660 5733 2970 5797 baptismate
2992 5748 3037 5785 et
3071 5732 3315 5797 fecimus,
3341 5736 3424 5786 tibi
3454 5734 3607 5801 quasi

2043 5811 2248 5870 pactum
2274 5813 2393 5853 cum
2421 5816 2485 5858 eo
2511 5803 2857 5868 instituimus,
2881 5806 3247 5871 promittentes
3275 5821 3368 5859 nos
3397 5805 3446 5858 itt
3475 5819 3596 5857 euut

3103 5896 3179 5952 ἓξ)
