4010 6190
311 358 413 412 909

989 352 1049 406 IN
1094 352 1508 407 PSALMORUM
1554 352 1807 409 LIBRUM
1850 350 2294 409 EXEGESIS.»
2320 352 2567 409 PSALM.
2614 351 2895 406 LXXVIII.

3472 359 3502 408 ἓν
3514 359 3530 409 'I
3540 361 3573 411 ti

312 470 528 525 humilis
554 476 691 530 erat,
724 476 775 521 et
810 468 859 521 in
891 466 1087 534 ignem,
1121 466 1242 530 quia
1271 466 1400 519 Jnda
1430 464 1645 533 Zelphaa
1686 466 1969 527 ancillmA
2000 473 2174 519 nocet.
2208 465 2389 518 Potest
2413 464 2553 518 enim
2585 480 2707 519 esse
2736 464 2874 531 quod
2916 463 3106 533 aliquis
3135 464 3262 518 nulli
3293 473 3441 523 extra
3468 483 3535 518 uo
3562 496 3578 507 -

312 545 419 598 Lias
451 541 588 593 lilius
619 539 736 604 fuit,
767 547 821 590 et
857 537 909 589 in
951 538 1185 603 nomine,
1218 538 1337 604 quia
1367 535 1499 588 .Iuda
1530 536 1780 602 confessio
1813 536 1889 588 iu-

311 618 652 679 terpretatur,
684 606 949 679 confessio
985 621 1112 660 vero
1158 608 1386 679 pertinet
1413 608 1479 657 ad
1512 606 1887 679 humilitatem.

313 675 623 753 Mysterium
648 686 821 732 autem
849 678 953 753 tale
974 688 1072 753 est,
1098 678 1217 753 quia
1245 677 1449 741 infirma
1470 679 1692 753 etstulta
1715 675 1893 753 mundi

310 746 460 823 elegit
493 752 647 823 Deus,
677 758 733 801 ut
778 748 1056 823 confundat
1088 748 1266 823 fortia,
1314 755 1360 823 et
1408 746 1579 823 perdat
1620 747 1889 813 sapientia.

315 815 722 878 I'Zt'sciendum,
754 815 885 886 quia
927 818 1117 871 tribum
1146 815 1278 868 .Iuda
1308 816 1467 883 elegit
1508 816 1646 869 Deus
1676 828 1895 885 propter

313 892 499 952 David,
537 905 632 959 per
662 904 816 956 quem
848 888 1101 959 populum
1134 902 1285 939 suum
1318 888 1383 940 ab
1411 888 1651 959 hostibus
1694 887 1890 959 libera--

311 966 419 1029 vit;
454 956 615 1014 David
655 974 783 1013 vero
812 958 969 1025 elegit
1002 968 1225 1029 propter
1255 972 1437 1029 verum
1481 956 1662 1029 David.
1699 956 1891 1022 Elegit,

313 1026 548 1099 inquam,
599 1030 739 1085 Deus
770 1028 958 1081 tribum
989 1028 1143 1099 .Iuda,
1178 1026 1227 1079 id
1260 1039 1358 1099 est,
1414 1026 1686 1099 humiliter
1720 1029 1891 1099 conli-

315 1095 512 1158 teutem
540 1118 556 1165 ;
587 1110 641 1156 et
660 1100 977 1154 determinat
999 1096 1121 1166 quid
1154 1112 1243 1164 per
1268 1098 1459 1150 tribum
1486 1095 1617 1149 Juda
1648 1096 1890 1164 accipiat,

312 1176 541 1235 scilicet,
574 1171 737 1241 elegit
766 1179 1001 1241 montem
1044 1169 1208 1241 εῇοη,⁸
1236 1167 1289 1241 id
1333 1177 1436 1229 est,
1463 1166 1622 1241 elegit
1654 1167 1771 1241 illos
1802 1169 1891 1241 qui

311 1253 436 1297 sunt
465 1236 740 1307 mons,'id
784 1249 883 1303 est,
921 1240 1055 1292 lirmi
1087 1238 1138 1290 in
1182 1237 1305 1301 ﬁde,
1333 1245 1388 1291 et
1416 1236 1671 1290 sublimes
1698 1238 1748 1289 in
1782 1239 1892 1289 vir-

313 1315 534 1376 tutibus,
567 1322 620 1365 et
646 1318 769 1365 sunt
798 1309 946 1371 Sion,
980 1309 1029 1361 id
1074 1316 1173 1371 est,
1207 1317 1613 1360 contemnentes
1654 1323 1893 1376 praesen-

315 1386 409 1451 tia,
463 1394 516 1438 et
546 1382 881 1450 speculantes
928 1379 1122 1451 futura,
1155 1393 1289 1445 quos
1327 1378 1668 1451 singulariter
1697 1378 1892 1445 diligit.

313 1448 537 1508 Videtur
563 1448 628 1507 ad
658 1452 960 1519 allegoriam
1011 1450 1094 1502 hic
1126 1456 1326 1500 tantum
1370 1463 1428 1501 se
1475 1448 1786 1508 transferre,
1841 1459 1895 1501 ut

312 1541 411 1594 per
436 1524 536 1577 hoc
563 1524 743 1577 innuat
769 1520 1066 1594 supradicta
1092 1520 1259 1594 etiam
1281 1518 1892 1594 allegoriceaccipienda

312 1588 454 1649 esse.
488 1596 778 1647 Possumus
810 1603 981 1644 tamen
1006 1590 1345 1643 liisturialiter
1365 1590 1526 1641 etiam
1550 1588 1747 1653 dicere,
1771 1591 1892 1657 quia

313 1667 475 1731 elegit
506 1673 740 1717 montem
772 1664 918 1724 Sion,
967 1660 1018 1714 id
1062 1670 1162 1723 est,
1205 1657 1521 1724 Jerusalem,
1556 1659 1608 1711 in
1650 1674 1752 1728 qua
1780 1672 1893 1712 erat

317 1735 639 1788 niouticnlus
665 1734 815 1787 Sion.

391 1806 453 1856 Et
497 1804 764 1861 wdiﬁcavit
808 1801 1117 1889 sacri/ieiuni
1158 1815 1328 1881 suum,
1375 1799 1506 1889 sicut
1550 1798 1888 1880 unicorniupt.
1931 1832 1973 1889 Β

318 1875 580 1929 Ilistorice
609 1874 779 1937 dices,
828 1889 945 1939 quia
992 1871 1273 1925 aedificavit
1310 1872 1562 1937 templum
1609 1885 1760 1921 suum
1818 1870 1886 1921 ita

316 1946 593 2008 mundum,
628 1945 761 1998 sicut
790 1954 870 1996 est
895 1942 1256 1995 habitaculum
1287 1941 1637 1992 unicurniuni.
1678 1939 1891 1993 Unicor-

316 2019 398 2070 nis
430 2015 571 2075 enim
604 2026 683 2069 est
711 2013 902 2066 anima!
942 2014 1317 2065 castissimum.
1376 2009 1527 2064 Unde
1578 2011 1738 2063 etiam
1784 2026 1888 2063 ηοι

316 2087 526 2151 capitur
553 2086 653 2138 nisi
688 2100 777 2151 per
805 2098 954 2136 veras
985 2082 1234 2149 virgines,
1267 2079 1389 2149 quia
1422 2080 1487 2132 ad
1518 2093 1609 2131 eas
1639 2082 1804 2139 venit,
1840 2091 1889 2132 et

315 2150 474 2223 caput
503 2156 553 2207 in
576 2150 837 2222 gremium
869 2168 1051 2205 earnm
1096 2150 1248 2223 potiit
1271 2160 1326 2204 et
1350 2151 1635 2223 obdormit.
1667 2151 1736 2223 Et
1758 2151 1888 2203 dici-

316 2220 405 2282 tur
462 2220 661 2280 habere
708 2223 1116 2277 tnuudissiinuin
1168 2221 1547 2273 habitaculum.
1597 2220 1894 2288 Allegorne

314 2308 491 2351 autem
531 2296 675 2348 dices
706 2295 823 2360 quia
863 2293 1136 2358 wdificavit
1174 2291 1507 2357 sacriﬁcium,
1550 2291 1600 2341 id
1648 2300 1749 2353 est,
1780 2306 1897 2342 san-

312 2376 457 2423 ctam
489 2365 777 2421 Ecclesium
821 2379 994 2423 suam,
1026 2364 1158 2415 sicut
1187 2361 1504 2415 sacriﬁcium
1554 2362 1889 2420 unicornium,

317 2438 369 2491 id
403 2448 506 2502 est,
538 2438 589 2489 in
621 2450 727 2503 quo
774 2450 875 2487 non
915 2444 1037 2485 sunt
1067 2432 1167 2487 nisi
1199 2435 1503 2495 unieornes,
1556 2431 1605 2482 id
1658 2440 1763 2495 est,
1821 2433 1893 2480 illi

316 2511 405 2578 qui
439 2508 490 2561 in
522 2505 765 2578 pruenti
795 2504 1150 2578 singulariter
1181 2503 1364 2578 volunt
1392 2516 1512 2554 esse
1554 2503 1605 2552 in
1638 2515 1750 2567 spe,
1788 2517 1894 2578 non

318 2571 681 2647 multipliciter
711 2577 872 2629 iure.
907 2573 1182 2647 Unicornis
1206 2573 1350 2647 enim
1402 2587 1565 2647 unum
1595 2586 1762 2622 cornu
1796 2571 1893 2622 lia-

318 2649 428 2712 bet,
457 2640 509 2703 et
537 2663 632 2717 per
672 2647 796 2717 illud
846 2660 1005 2698 unum
1039 2643 1162 2717 quid
1206 2640 1349 2694 aliud
1397 2640 1679 2717 signiticat,
1737 2657 1895 2717 quam

318 2708 451 2772 illud
480 2708 638 2771 unum
670 2716 737 2770 de
766 2730 870 2783 quo
897 2708 1069 2781 supra
1113 2714 1309 2783 dictui_n
1330 2720 1423 2783 est
1452 2708 1468 2762 7:
1497 2708 1697 2783 Unam,
1720 2712 1839 2783 petii
1866 2727 1899 2763 a

319 2788 563 2852 Domino,
591 2801 715 2854 spes
768 2781 992 2847 Scilicet,
1038 2798 1159 2836 una.
1225 2781 1531 2854 lEdiﬁcavil
1568 2781 1899 2854 sacri/icium,

316 2860 458 2921 dico,
492 2851 700 2912 interra
728 2871 877 2925 quam
902 2856 1134 2925 [undavit
1162 2855 1213 2905 in
1243 2851 1454 2925 stecula,
1486 2851 1535 2902 id
1566 2861 1669 2913 est,
1722 2853 1770 2903 in
1818 2853 1900 2904 his

319 2937 522 2981 tantum
567 2930 656 2997 qui
703 2923 838 2998 bene
876 2923 1005 2998 culti
1052 2935 1173 2977 sunt
1210 2923 1450 2998 doctrina
1489 2933 1897 2998 praeceptorum,

316 3008 373 3051 et
424 2992 623 3052 lundati
657 3000 707 3051 in
750 2997 851 3049 lide
880 2996 1045 3061 ipsius
1112 2992 1454 3052 wternaliter,
1489 2993 1589 3043 hoc
1613 2992 1899 3044 liistoriali-

318 3082 401 3122 ter
429 3070 494 3123 de
521 3080 657 3123 terra
683 3067 825 3120 illius
854 3080 959 3118 non
1005 3072 1177 3129 potest
1226 3063 1356 3127 dici,
1390 3062 1489 3115 nisi
1538 3071 1790 3127 quantum
1834 3062 1899 3115 ad

316 3142 697 3207 signiticatum,
726 3144 822 3207 aut
849 3137 951 3190 nisi
980 3134 1190 3199 saecula,
1227 3144 1281 3187 ut
1317 3147 1459 3201 saepe
1485 3135 1639 3197 solet,
1675 3135 1901 3199 accipia-

314 3206 437 3262 mus
462 3206 840 3274 temporaliter.

392 3278 459 3331 Et
489 3273 634 3347 elegit
666 3275 854 3347 David.
891 3275 1074 3345 Elegit,
1103 3275 1341 3343 inquam,
1366 3274 1546 3326 tribum
1568 3273 1728 3339 Juda,
1762 3283 1815 3326 et
1842 3273 1909 3347 de

315 3350 408 3403 illa
444 3344 583 3401 tribu
610 3348 759 3417 elegit
788 3344 952 3398 David
976 3344 1180 3417 servum
1206 3362 1374 3417 suum,
1404 3353 1449 3397 et
1480 3347 1685 3417 sustulit
1707 3360 1821 3396 eum
1848 3344 1910 3395 de

316 3419 556 3489 gregibus
580 3415 769 3481 ovium,
800 3417 919 3485 quia
955 3416 1021 3489 de
1054 3416 1481 3489 pastorali_cur_a
1511 3415 1709 3489 _ovium
1735 3425 1909 3489 trans-

317 3483 458 3543 latus
505 3499 588 3543 est
626 3490 691 3542 ad
720 3483 941 3554 regnum
988 3485 1279 3538 hominum.
1314 3483 1383 3537 Et
1419 3483 1548 3554 dicit
1600 3486 1738 3539 idem
1787 3484 1908 3554 aliis

317 3557 520 3625 verbis,
549 3559 757 3613 scilicet
786 3552 979 3621 accepit
1010 3570 1122 3609 eum
1152 3555 1215 3607 de
1245 3554 1387 3625 loco,
1420 3552 1507 3619 qui
1537 3563 1641 3625 est
1664 3563 1787 3625 post
1826 3553 1907 3621 fe-

319 3623 513 3693 tantes,’
557 3629 607 3682 id
650 3638 733 3683 est
777 3627 1067 3690 assumpsit
1110 3639 1233 3677 eum
1277 3624 1346 3679 de
1397 3624 1648 3690 pastorali
1705 3623 1905 3678 officio.

318 3700 495 3768 Elegit
523 3699 685 3752 etiam
712 3711 895 3751 verum
929 3694 1095 3748 David
1117 3709 1521 3768 servumsuum,
1541 3702 1807 3768 quantum
1840 3700 1906 3747 ad

324 3764 734 3831 humanitatem,
769 3782 875 3821 non
905 3775 1159 3835 quantum
1193 3766 1259 3817 ad
1291 3764 1585 3835 divinitatis
1636 3764 1907 3831 aequalita-

317 3850 451 3892 tem.
488 3838 559 3891 De
588 3854 654 3892 eo
683 3838 825 3891 enim
856 3833 983 3890 vere
1012 3834 1211 3889 dictum
1244 3842 1329 3888 est
1363 3851 1375 3886 :
1410 3833 1587 3886 Inveni
1642 3836 1805 3885 David
1840 3837 1906 3902 [i-

317 3910 450 3961 lium
478 3906 622 3962 Iesse
673 3910 837 3962 virum
864 3908 1141 3960 secundum
1172 3920 1260 3958 cor
1289 3920 1477 3957 meum.
1507 3904 1573 3955 Et
1600 3906 1823 3969 sustulit,
1859 3905 1907 3958 id

316 3983 427 4042 es't,
461 3981 711 4033 exaltavit
754 3994 867 4031 eum
916 3974 1289 4029 transferendo
1326 3975 1395 4029 de
1425 3974 1616 4027 ovibus
1662 3976 1727 4027 ad
1779 3978 1911 4029 alias

319 4065 478 4109 oves,
513 4049 564 4101 id
595 4060 697 4113 cst,
731 4050 797 4101 de
825 4046 1026 4101 ludatis
1050 4046 1115 4097 ad
1143 4055 1351 4113 gentes.
1393 4044 1548 4097 Juxta
1578 4044 1709 4097 illud
1746 4063 1757 4097 :
1800 4044 1907 4098 Va-

322 4120 403 4172 bis
437 4121 655 4182 primum
687 4117 948 4187 Oportebat
976 4116 1113 4180 loqui
1138 4116 1348 4169 verbum
1392 4112 1511 4187 Dei,
1539 4119 1627 4167 sed
1665 4118 1906 4183 quoniant

315 4190 582 4257 repulistis
608 4186 764 4253 illud,
795 4200 840 4241 et
865 4188 1101 4257 indignos
1128 4201 1214 4238 vos
1232 4186 1531 4256 judicastis,
1555 4201 1666 4238 ecce
1696 4202 1907 4239 conver-

319 4262 482 4311 timur
512 4262 579 4311 ad
607 4269 799 4329 gentes.
833 4259 1036 4325 Accepit
1064 4272 1180 4309 eum
1210 4260 1330 4309 dico
1352 4258 1548 4308 deloco
1569 4257 1658 4329 illo
1680 4262 1765 4323 qui
1792 4266 1909 4310 erat

318 4340 439 4397 post
468 4326 703 4397 fetanies.
737 4329 898 4395 Quasi
929 4330 1068 4381 dicat
1103 4343 1115 4377 :
1152 4340 1275 4397 non
1301 4329 1446 4393 prius
1478 4326 1801 4397 translatus
1830 4337 1911 4379 est

317 4395 396 4451 de
442 4395 629 4454 ovibus
654 4400 719 4453 ad
747 4413 896 4462 oves,
952 4412 1110 4464 quam
1152 4398 1204 4449 iu
1247 4396 1355 4448 illis
1411 4395 1677 4463 piioribus
1724 4396 1912 4449 ovibus

319 4470 521 4524 multas
547 4472 681 4524 l'etas
711 4469 893 4523 iecerit
926 4483 940 4519 :
970 4470 1109 4520 alios
1134 4466 1342 4520 scilicet
1364 4466 1414 4517 in
1440 4465 1543 4519 [ide
1568 4477 1908 4534 generantes,

1996 544 2116 590 ceat
2142 535 2317 597 alteri,
2348 546 2400 588 et
2425 545 2598 588 tamen
2626 537 2885 588 innocens
2914 537 2964 587 in
2990 538 3151 588 corde
3178 551 3279 587 nan
3309 536 3378 588 sit
3411 552 3424 588 :
3453 541 3573 605 quia

1994 608 2194 673 cogitat
2217 620 2359 672 smpe
2384 607 2601 666 malum.
2629 606 2872 669 quamvis
2896 620 2997 657 non
3025 605 3247 669 perlicit.
3278 605 3340 659 Et
3363 608 3577 662 deducit

1994 692 2100 736 eos,
2128 676 2195 729 de
2226 678 2418 728 virtute
2450 678 2499 729 in
2534 678 2729 729 virtute
2754 691 2783 726 n
2812 675 3143 728 intellectibus
3174 692 3416 729 manuum
3449 697 3572 733 sua-

1994 762 2109 798 rum
2159 746 2488 814 reparandis,
2536 747 2586 798 id
2633 756 2735 809 est,
2766 757 2822 799 ut
2850 747 3152 799 restitueret
3182 747 3232 798 in
3263 747 3341 800 eis
3373 748 3580 803 intelle-

1994 827 2135 868 ctum
2166 816 2336 879 illum,
2370 831 2523 881 quem
2551 830 2758 875 manus,
2792 817 2838 868 id
2869 826 2950 868 est
2984 816 3218 879 potentia
3251 832 3343 869 sua
3379 818 3430 869 in
3475 823 3579 886 pri-

1996 902 2083 939 mo
2113 898 2330 953 parente
2356 886 2500 949 fecit,
2524 886 2734 951 quando
2757 885 2806 938 in
2833 887 3154 940 abundantia
3178 887 3429 941 virtutum
3454 885 3574 942 eunt

1998 958 2190 1023 posuit.
2224 956 2316 1011 Vel
2344 957 2554 1009 deduxit
2599 972 2681 1008 eos
2711 957 2776 1009 de
2804 955 2998 1010 virtute
3041 959 3090 1008 in
3124 959 3371 1017 virtutem
3415 961 3465 1011 in
3496 960 3578 1011 in-

1997 1026 2273 1080 tellectibus
2322 1043 2565 1078 manuum
2613 1043 2841 1090 suarum,
2869 1026 2918 1079 id
2952 1036 3034 1080 est
3073 1028 3124 1080 in
3158 1026 3581 1094 intelligibilibus

1998 1098 2250 1168 operibus
2279 1098 2410 1151 suis.
2440 1096 2532 1150 Illa
2578 1098 2719 1151 enim
2772 1112 2931 1160 opera
2987 1107 3111 1159 sunt
3156 1114 3277 1151 vere
3324 1100 3577 1168 intelligi—

1998 1166 2141 1229 bilia,
2166 1182 2287 1235 qua:
2317 1184 2419 1221 non
2447 1177 2658 1229 tantum
2683 1168 2860 1221 verbis
2889 1167 3170 1230 docentur,
3207 1168 3298 1222 sed
3323 1180 3377 1222 et
3402 1166 3573 1235 laetis,

2000 1241 2098 1310 hoc
2132 1240 2243 1306 ipse
2274 1237 2413 1299 fecit,
2446 1239 2567 1306 quia
2595 1238 2661 1294 de
2687 1254 2752 1292 eo
2782 1239 2976 1310 dictum
3012 1250 3090 1290 est
3125 1256 3136 1289 :
3177 1237 3409 1310 Primum
3459 1244 3577 1310 qui-

1996 1309 2109 1360 dem
2140 1324 2419 1361 sermonem
2451 1311 2543 1377 {eci
2575 1312 2637 1361 de
2666 1309 2896 1380 cornibus
2925 1324 3036 1380 quia
3066 1310 3212 1373 carpit
3241 1309 3393 1364 Jesus
3413 1309 3583 1380 facere

1996 1388 2041 1429 et
2070 1380 2283 1441 docere;
2316 1381 2461 1445 prius
2492 1382 2633 1433 enim
2665 1377 2793 1432 fecit
2818 1395 2977 1448 quam
3006 1379 3206 1442 docuit,
3229 1377 3423 1437 etideo
3460 1398 3583 1437 vere

2003 1449 2355 1518 intelligibdis
2382 1450 2626 1504 doctrina
2656 1448 2770 1503 fuit.

2425 1581 2488 1635 IN
2530 1581 2649 1636 PSA
2663 1581 2849 1637 L.\IU.\i
2894 1582 3174 1637 LXXVIII.

2538 1671 2780 1725 Psahnus
2840 1673 3041 1740 Asaph.

2603 1778 2987 1818 ARGUMENTUM.

2073 1852 2125 1906 In
2159 1867 2383 1916 persona
2418 1852 2844 1907 Machalneoruin
2878 1855 3111 1918 canitur,
3141 1856 3229 1923 qui
3260 1859 3358 1913 sub
3395 1859 3584 1913 Antio-

1998 1922 2100 1974 cho
2154 1924 2429 1989 Eplleulte
2496 1925 2691 1990 patrias
2724 1926 2867 1993 leges
2894 1922 3196 1989 tumidaque
3228 1938 3375 1994 patre
3420 1932 3583 1984 Maia-

1997 1994 2100 2043 tliia
2127 2002 2366 2068 auctore,
2394 1993 2597 2045 ultimis
2622 1996 2789 2068 coacti
2816 1995 2991 2068 tit-llis,
3026 1993 3317 2052 defendere
3340 2005 3573 2068 aggressi

1994 2072 2135 2115 sunt.
2165 2063 2353 2126 Aliter,
2381 2079 2478 2116 vox
2497 2066 2856 2129 apostolorum
2882 2064 2946 2117 de
2971 2069 3216 2133 passione
3240 2063 3454 2125 Christi.
3472 2074 3582 2125 Ali~

1997 2142 2080 2186 ter
2108 2137 2283 2184 anima
2317 2148 2437 2199 pten
2468 2144 2583 2187 iens
2617 2146 2803 2188 contra
2838 2139 3102 2205 pessimos
3157 2139 3382 2204 vicinos,
3424 2141 3473 2194 id
3502 2152 3586 2197 est

1998 2206 2289 2269 demones,
2325 2205 2430 2258 Deo
2460 2208 2746 2273 sopplicat.

2612 2314 2970 2354 EXPLANATIO.

2078 2384 2315 2440 Psalmus
2330 2389 2444 2453 iste,
2460 2389 2589 2442 sicut
2605 2392 3005 2460 septuagesimus
3022 2394 3212 2458 tertius,
3235 2395 3590 2450 lamentatione

2004 2456 2179 2523 plenus
2204 2468 2297 2521 est,
2329 2462 2418 2533 qui
2444 2460 2622 2533 futura
2645 2456 2872 2533 tempora
2895 2462 3027 2516 velut
3055 2456 3308 2533 puerei-ita
3330 2468 3587 2531 deplorat,

2002 2538 2053 2605 et
2075 2539 2278 2596 propfer
2302 2530 2542 2605 duritiam
2564 2531 2863 2605 cordissuw
2881 2537 3017 2605 genti
3044 2530 3262 2601 graviter
3290 2530 3587 2605 a/‘ﬂigendte

2003 2601 2204 2664 pietatis
2230 2600 2403 2651 studio
2429 2610 2667 2668 precatur
2698 2600 2955 2655 Christum
2991 2600 3264 2655 Dominum
3303 2600 3581 2661 subvenire.

2003 2670 2171 2737 Asaph
2205 2670 2296 2744 sub
2324 2669 2492 2744 ﬁgura
2515 2672 2743 2744 ﬁdelium
2787 2672 3088 2740 populorum
3120 2690 3208 2739 per
3240 2685 3395 2727 totum
3419 2680 3586 2744 loqui—

2004 2750 2088 2815 tur
2112 2743 2402 2815 psalm‘um.‘
2420 2738 2483 2792 In
2506 2742 2672 2815 prima
2703 2738 2842 2815 parte
2855 2738 3139 2795 numerans
3169 2755 3359 2815 quanta
3390 2738 3584 2815 tenipo-

2004 2811 2151 2885 ribns
2168 2810 2403 2885 Antiochi
2426 2813 2688 2885 pertulerit
2708 2810 2995 2885 erusalem
3018 2810 3239 2885 populus
3254 2810 3556 2870 Judtrorunt
3577 2863 3589 2885 ,

2002 2887 2056 2931 ut
2102 2878 2516 2933 dlacltabteorum
2557 2882 2683 2935 liber
2728 2884 2974 2935 insinuat.
3019 2878 3265 2937 Secunda
3305 2878 3584 2941 Demittunt

2005 2959 2172 3019 rogat.
2215 2958 2267 3002 ut
2297 2967 2453 3016 supra
2479 2964 2707 3018 potentes
2740 2953 2967 3007 inimicos
2993 2956 3122 3007 irant
3154 2972 3299 3008 suam
3327 2956 3584 3022 e/Iundat,

2005 3032 2050 3096 et
2079 3022 2298 3096 peccatis
2334 3039 2589 3096 servorum
2637 3040 2843 3076 suorum
2889 3026 3127 3094 dignetur
3164 3042 3269 3078 esse
3319 3031 3588 3096 propitius.

2005 3088 2178 3143 Tertia
2207 3091 2487 3163 prophetiw
2512 3096 2695 3160 spiritu
2728 3095 2911 3162 populo
2939 3088 3162 3163 postulat
3203 3088 3452 3149 vindicari
3489 3116 3590 3153 non

2013 3162 2375 3229 peremptionis
2402 3173 2535 3223 voto,
2565 3164 2652 3216 sed
2682 3162 3017 3227 correptionis
3046 3166 3233 3218 studio.
3266 3167 3594 3224 Arnobiusin

2015 3245 2148 3282 nunc
2169 3234 2423 3306 psalmum
2452 3234 2927 3306 talearguntentum
2956 3235 3096 3301 fecit,
3129 3238 3524 3306 septuagesimus
3542 3248 3590 3291 et

2012 3310 2213 3373 octavus
2234 3302 2459 3373 psalmus
2482 3304 2674 3373 apicem
2702 3307 3033 3356 tmtecesson's
3054 3308 3133 3356 sui
3153 3302 3374 3371 secutus,
3400 3310 3591 3363 lamen-

2012 3380 2117 3445 ltutt
2137 3372 2290 3422 simul
2316 3372 2479 3423 David
2505 3374 2876 3445 caniforatione
2903 3373 3139 3441 e/fundit.
3175 3376 3336 3445 Cujus
3376 3381 3590 3433 historia

2010 3440 2895 3518 dum.prteteritanrPhilistinorum
2930 3440 3119 3518 civilem
3162 3440 3424 3514 explanat,
3462 3467 3587 3518 pro-

2010 3512 2180 3577 phetia
2206 3511 2429 3579 futuram
2460 3511 2980 3567 Nabuchodonosoris
3018 3511 3396 3571 commemorat.

2588 3618 3017 3660 COMMENTARIUS.

2074 3691 2230 3772 Deus,
2249 3702 2488 3772 venerunt
2506 3705 2675 3772 gentes
2696 3695 2746 3747 in
2766 3696 3386 3772 [itereditatein.Psnlmus
3402 3702 3592 3772 Asaph.

2013 3762 2263 3838 Deplorat
2292 3762 2343 3815 in
2366 3768 2476 3838 _lioc
2518 3766 2726 3838 psalmo
2750 3766 2928 3838 Asaph
2954 3806 2968 3830 ,
3003 3769 3116 3823 sive
3150 3771 3407 3838 propheta
3432 3812 3447 3834 ,
3477 3762 3592 3826 sive

2010 3833 2233 3906 quilibet
2266 3833 2528 3906 perlectus
2555 3836 2622 3888 de
2653 3836 2817 3903 priori
2843 3838 3036 3906 populo
3063 3833 3477 3894 deStructiotieiii
3512 3845 3594 3896 ci-

2014 3903 2190 3955 vitatis
2217 3912 2271 3974 et
2302 3907 2477 3974 templi
2509 3904 2697 3957 lactant
2730 3922 2756 3955 a
2796 3903 3043 3974 gentibus
3068 3908 3438 3965 transferendo
3468 3913 3591 3966 illos

2012 3974 2062 4044 in
2090 3987 2149 4044 se
2179 3973 2267 4039 qui
2300 3972 2615 4044 tuncil'uturi
2640 3972 2830 4037 erant,
2863 3978 3078 4044 quando
3110 3980 3223 4034 hrec
3253 3983 3592 4036 eveniebant.

2012 4042 2201 4118 ﬁnierit
2227 4043 2489 4118 auteinin
2522 4046 2850 4118 orationibus
2882 4042 2991 4102 Deo
3018 4049 3145 4117 dici,
3173 4066 3287 4118 qua:
3320 4053 3594 4106 vindicans

2012 4113 2154 4174 facit,
2186 4120 2239 4165 et
2266 4114 2459 4189 deinde
2503 4115 2693 4189 petitio
2734 4117 2970 4189 adjnngi,
3024 4130 3078 4174 ut
3121 4113 3231 4189 jam
3277 4127 3594 4178 misereatur

2011 4191 2064 4260 et
2096 4195 2294 4249 parcat.
2330 4184 2527 4237 Eodem
2574 4186 2731 4260 modo
2756 4198 2807 4240 et
2839 4184 2932 4260 hic
2957 4184 3205 4245 dicuntur
3230 4232 3244 4256 ,
3276 4207 3305 4244 a
3329 4210 3432 4259 quo
3461 4208 3596 4260 prm-

2010 4255 2265 4327 diciintnr
2288 4264 2542 4327 tanquam
2569 4258 2637 4309 ab
2663 4256 2741 4310 eis
2773 4259 3216 4327 praedicerentur,
3234 4255 3436 4325 quibus
3461 4255 3594 4319 con-

2012 4326 2264 4391 tigerunt.
2316 4327 2378 4377 Et
2412 4326 2523 4392 ipsa
2557 4327 2865 4393 deprecatio
2889 4339 2972 4383 est
3000 4332 3352 4398 proiihetatio.
3391 4333 3594 4387 Dicitur

2011 4405 2195 4468 autem
2224 4408 2470 4468 tauquam
2502 4398 2824 4464 praeteritum
2852 4438 2867 4461 ,
2898 4402 3038 4465 quod
3071 4403 3121 4455 ili
3153 4403 3340 4468 spiritu
3373 4405 3589 4458 videba-

2019 4472 2102 4541 tur
2134 4463 2386 4541 futurum.
2417 4465 2480 4518 Et
2498 4463 2686 4541 incipit
2714 4468 2781 4541 ita
2811 4482 2825 4522 :
2859 4463 3101 4534 U'Deus,
3131 4463 3302 4541 gentes
3329 4483 3592 4541 venerunt,

319 4548 383 4593 et
411 4541 548 4596 lacte
580 4541 894 4601 uutrieutes,
926 4552 1059 4604 quas
1089 4550 1212 4590 ante
1243 4552 1302 4588 se
1330 4535 1470 4612 sicut
1518 4525 1696 4612 pa'stor
1738 4525 1906 4589 mina;
1946 4525 1992 4583 D
2018 4534 2071 4612 id
2100 4541 2204 4612 est.
2241 4535 2456 4612 venient
2489 4536 2544 4612 iit
2576 4525 2940 4612 [nereditatem
2966 4525 3221 4593 tuan't.“5i
3254 4542 3307 4594 iu
3348 4525 3597 4612 liacpro:

324 4612 438 4663 bat.
476 4613 630 4665 Prius
659 4611 799 4664 enim
833 4612 1114 4662 duodecim
1144 4605 1415 4673 apostolos
1448 4612 1503 4657 et
1532 4605 1663 4657 alios
1694 4617 1910 4674 septua-

318 4682 470 4747 ginta
525 4683 682 4744 duos,
716 4687 771 4732 ct
809 4681 1003 4732 inultos
1027 4679 1159 4729 alios
1182 4686 1235 4728 et
1266 4690 1358 4742 per
1388 4689 1446 4727 se
1476 4685 1528 4727 et
1568 4690 1661 4743 per
1689 4676 1807 4729 illos
1840 4677 1911 4728 ibi

322 4752 583 4820 elegerat.
622 4753 695 4803 De
728 4753 809 4802 his
840 4750 957 4802 fetis
986 4749 1036 4801 in
1061 4748 1294 4820 Canticis
1339 4748 1668 4797 canticorum
1707 4748 1913 4820 dictum

320 4815 451 4873 est':
480 4821 661 4874 Dentes
689 4824 760 4872 tui
790 4823 921 4872 sicut
955 4832 1130 4888 greges
1153 4818 1508 4888 detonsurunt,
1531 4815 1913 4867 ascendentium

319 4892 643 4952 tie-lavacro,
676 4906 791 4958 qua!
836 4887 1010 4942 omnes
1046 4887 1253 4957 pariunt
1303 4887 1566 4958 gemellos,
1611 4894 1657 4937 et
1694 4901 1794 4958 non
1842 4896 1916 4938 est

318 4964 511 5013 sterilis
550 4964 603 5013 in
639 4954 734 5024 eis,
775 4961 913 5028 quod
952 4954 1061 5026 jam
1102 4958 1224 5031 alibi
1278 4955 1651 5031 exposuimus.
1696 4954 1918 5031 Poscere

318 5029 512 5084 Jacob.
542 5034 619 5085 Ad
655 5024 1050 5099 hoc,’inquant,
1078 5028 1239 5095 elegit
1280 5024 1441 5099 llavid
1468 5024 1833 5087 historialiter,
1862 5036 1918 5081 ut

321 5113 576 5170 pasceret
608 5102 793 5161 Jacob,
828 5096 1013 5166 idest,
1039 5113 1232 5170 novum
1263 5096 1513 5162 populum
1550 5111 1675 5149 vere
1698 5111 1913 5170 servum

318 5168 505 5226 Suum.
532 5174 842 5226 Sicntenim
866 5184 960 5238 per
982 5173 1115 5222 Esau
1143 5168 1284 5234 prior
1306 5174 1360 5218 et
1390 5174 1539 5218 vetus
1569 5171 1796 5238 populus
1826 5168 1919 5220 in-

320 5243 606 5310 telligitur,
642 5243 712 5296 ita
742 5256 837 5311 per
864 5237 1327 5311 Jacobposterior
1347 5248 1401 5289 et
1442 5250 1634 5290 novas.
1670 5237 1751 5311 Et
1796 5240 1916 5311 quia

318 5308 607 5381 de‘Jacob
636 5315 693 5366 tit
722 5308 903 5377 lSrael,
957 5310 1165 5363 scilicet
1196 5318 1249 5360 ut
1289 5309 1425 5381 sicut
1472 5321 1614 5381 nunc
1638 5308 1918 5381 _lide,_ita

321 5374 456 5435 tunc
493 5384 669 5436 videat
697 5374 897 5451 specie.
931 5383 994 5434 Et
1023 5389 1305 5451 tunc_vere_
1332 5376 1432 5451 erit
1473 5374 1760 5451 haeredtas
1800 5378 1916 5446 Dei,

322 5454 453 5505 ideo
501 5453 683 5506 subdit
716 5446 739 5506 ;”
759 5452 828 5505 Et
877 5466 1093 5522 pascere
1142 5446 1306 5500 Israel
1357 5446 1704 5522 hw-reditatem
1751 5463 1918 5522 suam.

322 5523 481 5576 'l'unc
530 5526 672 5577 enim
725 5539 850 5577 vere
878 5518 1079 5589 pascet
1113 5532 1224 5582 eos,
1267 5518 1481 5584 quando
1512 5522 1624 5589 erit
1654 5520 1833 5569 omnia
1866 5520 1917 5570 in

319 5593 600 5648 omnibus.
640 5593 706 5647 Et
739 5596 852 5660 ipse
880 5588 1015 5663 pavit
1054 5606 1137 5642 eos
1174 5588 1554 5663 iniuriocentia
1597 5591 1767 5663 cordis
1816 5590 1917 5663 sui.

325 5666 524 5718 Pastus
554 5667 643 5718 ille
675 5659 807 5719 nihil
837 5659 976 5715 aliud
1011 5663 1127 5722 luit,
1158 5661 1256 5711 nisi
1288 5660 1458 5710 dulcis
1483 5666 1537 5707 ct
1566 5659 1918 5711 saluberrima

325 5737 420 5787 illa
455 5736 717 5799 doctiina,
752 5748 975 5801 qureqne
1001 5745 1096 5784 eos
1123 5730 1689 5801 innocentiamvcram
1716 5731 1919 5801 docuit.

332 5805 468 5858 Vera
500 5817 681 5862 autem
716 5800 1018 5859 innocentia
1050 5812 1151 5870 est,
1185 5816 1303 5869 qua:
1335 5812 1435 5853 nec
1465 5800 1565 5852 sibi
1620 5814 1716 5852 nec
1767 5800 1920 5856 alteri

2020 4604 2197 4672 plietia
2231 4610 2455 4679 populus
2484 4608 2576 4679 ille
2606 4610 2748 4674 prior
2778 4609 3068 4675 accipiatur
3095 4650 3109 4674 ,
3141 4613 3333 4665 mit-uni
3364 4604 3591 4679 videtur,

2017 4677 2296 4749 quomodo
2316 4676 2716 4749 haereditastiei
2749 4678 2978 4745 dicatur,
3005 4695 3125 4734 cum
3149 4693 3200 4735 et
3226 4682 3464 4749 lapidem
3493 4676 3593 4738 an;

2018 4747 2255 4809 gularem
2285 4745 2654 4817 inici-ﬁetendo
2679 4763 2799 4800 eum
2826 4752 3245 4817 reprobaveruut
3269 4745 3319 4807 in
3350 4768 3473 4807 eum
3506 4771 3591 4810 re-

2018 4825 2343 4883 surgentem,
2374 4816 2747 4871 ascendentem
2769 4857 2785 4883 ,
2817 4828 2869 4872 et
2894 4816 2961 4873 ad
2988 4821 3259 4877 dexteram
3301 4822 3396 4878 Dei
3425 4825 3597 4880 Patris

2018 4889 2417 4959 consederiteni,
2450 4887 2581 4959 visis
2614 4895 2695 4943 tot
2719 4888 2886 4959 signis
2917 4903 2969 4944 et
3001 4895 3266 4947 miraculis
3296 4896 3517 4950 credere
3543 4899 3595 4953 in

2019 4969 2141 5033 eum
2185 4956 2393 5033 nolunt.
2440 4957 2543 5011 Sed
2592 4956 2792 5033 tamen'
2816 4976 2920 5014 non
2956 4964 3188 5029 mirum,
3238 4967 3360 5033 quia
3386 5009 3402 5030 ,
3438 4977 3493 5019 ut
3522 4969 3596 5021 ait

2020 5026 2309 5102 Apostolus
2334 5064 2350 5089 ,
2384 5042 2484 5079 non
2513 5032 2700 5097 repulit
2739 5031 2873 5084 Deus
2902 5033 3096 5101 plebem
3135 5026 3301 5087 suam.
3332 5026 3399 5090 Si
3420 5039 3598 5102 paleas

2021 5097 2247 5172 repulit,
2290 5111 2452 5172 grana
2501 5115 2603 5172 non
2647 5103 2842 5168 repulit
2871 5097 3051 5166 {hinc
3081 5106 3221 5158 enim
3253 5097 3594 5172 virgoMaria

2021 5166 2114 5246 fuit
2139 5205 2156 5231 ,
2190 5168 2311 5246 hinc
2326 5168 2525 5246 beatus
2547 5166 2746 5246 Joseph
2781 5172 3096 5246 paedagogus
3134 5174 3250 5244 ejus
3276 5218 3290 5241 ,
3323 5166 3379 5229 Et
3399 5175 3596 5243 losepli

2020 5239 2087 5290 ab
2119 5236 2432 5312 Arimatliia,
2478 5247 2532 5291 et
2572 5236 2742 5295 sancti
2782 5236 3029 5312 'apost'oli'
3062 5253 3118 5298 et
3162 5236 3342 5312 plures
3385 5247 3498 5299 alii.
3526 5236 3599 5300 Et

2020 5320 2275 5375 quantum
2309 5309 2374 5361 ad
2418 5316 2529 5362 haec
2559 5326 2720 5378 grana
2750 5311 2919 5367 dicit:
2962 5309 3214 5367 Venerunt
3241 5316 3293 5366 in
3324 5315 3599 5371 Itwredita-

2024 5388 2121 5452 tem
2156 5389 2296 5432 tuam
2326 5396 2338 5431 :
2375 5379 2510 5452 banc
2536 5382 2899 5436 haereditatem
2924 5400 3027 5436 non
3055 5388 3472 5452 niuriens~pater
3495 5387 3599 5441 sibi

2022 5451 2272 5517 reiquit,
2316 5450 2408 5502 sed
2457 5454 2567 5516 ipse
2612 5454 2750 5505 libus
2795 5455 3112 5507 mirabiliter
3156 5450 3335 5510 morte
3356 5472 3449 5509 sua
3479 5472 3596 5511 eam

2022 5522 2322 5593 acquisivit.
2356 5520 2413 5593 ln_
2448 5520 2584 5575 hanc
2625 5521 2995 5576 haereditatem
3028 5537 3210 5591 gentes
3245 5538 3600 5593 pervenerunt

2023 5604 2127 5661 non
2186 5589 2493 5656 credendo,
2539 5593 2631 5646 sed
2694 5589 3108 5661 persequendo:
3158 5589 3432 5651 voluntate
3482 5615 3600 5651 caui

2024 5660 2279 5736 delendi,
2303 5672 2354 5712 et
2385 5666 2604 5718 omnino
2636 5680 2827 5719 nomen
2856 5660 2969 5733 ejus
3001 5666 3068 5720 de
3114 5676 3250 5720 terra
3283 5668 3599 5736 dis‘perdeu—

2022 5729 2096 5781 di.
2125 5732 2410 5797 Sequitur:

2098 5799 2404 5855 Polluci-unt
2444 5805 2687 5873 templum
2726 5815 2956 5861 sanctum
3001 5817 3164 5865 tuum.
3214 5808 3428 5865 Scilicet
3468 5819 3609 5865 teta-
