4010 6190
482 378 590 435 ’911

945 374 1141 430 BENE
1185 375 1634 431 VENEIHBILIS
1669 375 1819 430 OPP.
1861 376 2034 431 PARS
2075 377 2132 431 ll.
2175 376 2365 432 SECT.
2412 376 2474 430 11.
2518 405 2583 414 --
2625 374 2825 429 DUIlIA
2871 374 2955 428 ET
2996 373 3262 430 SPURIA.

3641 379 3742 432 9|?

480 500 625 565 plum
654 508 756 547 non
789 488 1147 545 marmoribus
1176 499 1560 565 constructum,
1595 504 1698 540 non
1731 489 1884 565 lignis
1913 491 2043 544 mili-
2075 495 2123 551 Α
2151 493 2452 543 acrendetur
2483 489 2614 565 velut
2643 490 2785 565 ignis
2807 489 2997 543 solitus
3023 531 3037 553 ,
3070 490 3271 565 scilicet
3295 530 3309 555 ,
3362 502 3412 565 ut
3444 493 3578 563 ignis
3606 497 3734 549 inci-

482 559 693 622 iicamm
747 587 758 614 ».
807 559 899 615 sed
931 560 1059 612 illttd
1086 571 1312 611 sanctum
1355 560 1594 625 temp/tun
1633 571 1812 622 tuum,
1847 561 1912 615 de
1942 577 2046 627 quo

479 639 672 691 dicitur
705 650 716 684 :
745 632 1011 696 'I'emp'um
1050 642 1278 682 sanc'um
1313 629 1402 682 Dei
1429 671 1442 689 ,
1473 629 1606 697 quod
1645 632 1764 681 estis
1794 647 1914 684 ros:
1948 633 2046 684 ltoc

479 701 1073 772 [i-mplttmpolluerunt,
1107 701 1315 766 qttando
1349 700 1623 772 tormentis
1656 701 1733 772 vel
1759 701 2038 772 blanditiis

481 770 686 844 aliquos
715 771 973 844 devorare
998 779 1308 844 potuerunt.
1346 770 1571 844 Attende
1601 771 1734 844 quia
1757 770 1878 824 ideo
1905 786 2044 824 sein-

477 841 766 911 pt-r'Tuum
808 851 860 893 et
903 841 967 892 ad
997 841 1358 911 lia-.reditatvm
1389 850 1442 892 et
1479 841 1541 892 ad
1577 841 1830 911 templum
1873 857 2041 908 appu-

474 909 546 970 ttit
572 957 588 983 ,
629 925 686 968 ut
715 920 987 983 comparet
1008 919 1061 983 et
1087 910 1477 983 infestationem
1511 909 1759 983 inimicis,
1791 911 2040 983 et_beue-

477 980 763 1040 voletttiam
814 980 1070 1033 auditoris
1100 981 1181 1034 bis
1214 997 1307 1046 pro
1348 983 1537 1048 quibus
1569 981 1816 1048 loquitur.
1854 980 1921 1033 Et
1950 999 2042 1046 po-

469 1063 679 1110 suerunt
727 1051 1036 1113 Jerusalem,
1087 1067 1191 1102 non
1236 1061 1563 1112 terrestrem,
1595 1049 1687 1103 sed
1741 1049 1880 1104 illam
1923 1066 2042 1120 qua;

469 1142 678 1181 sorsum
709 1135 811 1183 εει,
845 1121 895 1174 id
921 1130 1022 1181 est,
1051 1122 1363 1184 Ecclesiattt,
1389 1137 1506 1189 qure
1530 1129 1614 1174 est
1642 1130 1811 1174 mater
1835 1130 2034 1184 nostra,

466 1201 518 1248 in
544 1196 825 1250 cuttodiam
848 1207 1137 1261 pomorum,
1173 1190 1222 1242 id
1253 1202 1354 1255 est,
1390 1192 1627 1244 iecerunt
1653 1205 1769 1242 eam
1810 1191 2037 1246 similem

469 1265 724 1321 custodia;
755 1277 1056 1329 pomorum.
1088 1261 1334 1314 Custodia
1363 1262 1504 1314 enim
1535 1272 1808 1324 pontorum
1834 1301 1848 1323 ,
1885 1270 2037 1329 tugu-

469 1339 606 1390 rium
639 1334 766 1390 illttd
795 1331 988 1386 dit-itur
1015 1332 1063 1382 in
1089 1331 1244 1384 but-to
1269 1371 1282 1392 ,
1323 1332 1408 1383 tibi
1441 1332 1666 1385 rusticus
1695 1340 1848 1384 nocte
1871 1331 2033 1398 jacet.

468 1409 550 1460 vel
577 1409 756 1475 iacens
783 1417 937 1472 poma
969 1417 1061 1475 sua
1093 1411 1294 1475 servat,
1321 1401 1491 1475 donec
1515 1406 2036 1475 maturescattt,‘col-

471 1471 623 1531 lectis
668 1471 842 1529 autem
895 1472 1066 1537 pomis
1117 1473 1368 1538 relinquit
1410 1472 1678 1526 desertum
1732 1487 1744 1522 :
1793 1471 2036 1526 similiter

467 1548 705 1602 collectis
753 1541 1030 1612 Spiritibus
1059 1542 1765 1612 sanctorumapostolorum
1807 1549 1861 1595 et
1905 1542 2036 1594 alio—

467 1635 583 1674 rum
610 1611 915 1673 sanctorum
949 1624 1239 1679 martyrum
1273 1613 1338 1665 de
1367 1611 1632 1664 dominico
1672 1615 1824 1663 ltorto
1852 1613 1902 1666 in
1932 1627 2036 1667 cce-

464 1691 651 1743 lestcm
681 1684 1000 1747 Jerusalem,
1033 1697 1272 1735 mensam
1303 1721 1316 1741 ,
1361 1691 1609 1748 tauquam
1646 1682 1824 1734 multis
1862 1683 2034 1736 suavi-

467 1761 565 1812 bus
595 1770 646 1811 et
671 1756 916 1810 dulcibus
944 1753 1136 1819 pomis,
1171 1753 1421 1804 remansit
1450 1751 1562 1818 ipse
1584 1749 1880 1804 dominicus
1910 1753 2033 1806 bor-

467 1841 572 1893 tus,
603 1827 656 1881 id
679 1835 780 1885 est,
812 1823 1072 1893 Ecclesia,
1105 1824 1256 1893 quasi
1283 1822 1528 1893 desertus
1559 1830 1612 1873 ct
1632 1821 1924 1893 desolatus.

541 1890 832 1951 Postterunt
871 1892 1140 1945 morticina
1174 1909 1185 1942 :
1233 1891 1388 1957 Quasi
1420 1890 1562 1944 dicat
1600 1907 1612 1942 :
1646 1890 1894 1945 Collectis
1922 1907 2035 1944 sur-

465 1983 582 2020 sum
611 1965 908 2036 spiritibus,
933 1961 1059 2036 quid
1091 1960 1330 2036 fecerunt
1357 1960 1422 2014 de
1447 1962 1797 2028 corporibus?
1828 1963 2042 2017 Scilict-t

467 2031 746 2104 posuerunt
776 2035 1042 2087 morticina
1067 2071 1082 2094 ,
1117 2031 1308 2104 idet,
1341 2046 1490 2104 etesa
1515 2046 1736 2104 cotpora
1783 2049 2038 2104 servorum

463 2102 664 2162 tuorum
691 2114 864 2171 extra,
887 2113 945 2157 ttt
967 2111 1150 2157 essent
1179 2103 1229 2154 in
1253 2117 1390 2154 escas
1411 2102 1694 2154 volatilibus
1711 2104 1843 2156 coeli.
1871 2103 1935 2156 Et
1959 2105 2040 2156 di-

463 2181 534 2234 cit
563 2179 702 2232 idem
733 2177 853 2230 aliis
878 2173 1072 2238 verbis,
1107 2173 1307 2226 scilicet
1333 2182 1619 2240 posuerunt
1640 2188 1816 2226 carnes
1837 2185 2038 2226 sancto-

460 2267 575 2304 rum
602 2257 803 2302 tuorum
833 2259 1008 2299 escam
1042 2244 1210 2296 best'is
1235 2252 1402 2306 terra’,
1437 2242 1537 2294 ltoc
1565 2244 1628 2295 ad
1663 2244 1911 2296 litteram.
1940 2245 2039 2297 Po-

463 2330 566 2374 lest
605 2331 658 2373 et
704 2317 988 2384 allegorice
1033 2315 1134 2366 dici
1170 2313 1248 2367 sic
1291 2331 1302 2364 :
1341 2311 1631 2365 Posuerunt
1656 2316 1944 2377 morticina,
1989 2314 2039 2368 id

456 2401 562 2454 cst,
609 2403 834 2453 corpora
883 2393 1189 2439 sanctorum
1227 2392 1438 2454 tuorum
1485 2385 2038 2454 tnnltiscruciatibus

462 2452 605 2514 escas
633 2452 924 2512 volatilibus
955 2455 1088 2515 cteli,
1124 2469 1227 2506 non
1259 2456 1396 2517 quod
1427 2452 1523 2518 ipsi
1550 2455 1648 2507 hoc
1679 2453 2032 2518 intenderent,

462 2532 556 2584 sed
591 2530 660 2581 ita
695 2528 889 2580 factum
915 2535 996 2578 est
1020 2564 1033 2584 ,
1067 2539 1131 2576 ex
1160 2523 1337 2576 divina
1370 2524 1742 2589 dispositione.
1774 2524 1913 2589 quod
1948 2541 2037 2576 vu-

467 2600 630 2654 lalilia
662 2598 810 2657 curti,
843 2596 985 2661 quod
1015 2595 1090 2647 illi
1118 2609 1343 2660 quorum
1378 2609 1526 2645 tuens
1559 2597 1608 2645 ιιι
1639 2609 1790 2649 cunis
1814 2603 1916 2655 est,
1952 2611 2037 2648 re-

469 2672 714 2724 lieiantur
762 2670 814 2718 itt
855 2666 978 2728 illis,
1025 2664 1360 2716 attendi-tiles
1396 2677 1580 2716 eorum
1634 2665 1941 2729 patientiam
1983 2678 2036 2719 et

463 2741 851 2800 fortitudinem,
885 2745 942 2788 ut
971 2736 1077 2803 jam
1112 2750 1202 2801 per
1233 2749 1439 2798 pinnam
1482 2749 1665 2788 eorum
1695 2751 1797 2788 non
1830 2745 2032 2790 tantum

463 2818 764 2864 terreantur
790 2849 802 2868 ,
833 2820 1087 2874 quantum
1121 2818 1213 2871 per
1237 2807 1458 2872 gloriam
1491 2804 1555 2856 ad
1589 2805 1899 2858 imitandum
1931 2823 2036 2859 ex-

465 2883 712 2934 citentur.
746 2877 937 2929 Carnes
980 2889 1104 2946 vero
1143 2885 1438 2926 sanctarum
1474 2885 1676 2946 tuorum
1719 2878 2034 2946 simpliciter

465 2956 760 3019 posuerunt
781 2962 934 3000 escas
966 2945 1134 3019 bestiis
1164 2953 1317 2996 terra:
1339 2947 1502 3019 ,_qui_a
1529 2954 1585 3019 et
1613 2945 1710 3012 ipsi
1733 2955 1789 3019 et
1816 2945 1903 3000 alii
1939 2948 2034 3000 bc-

462 3014 645 3075 stiales
671 3031 828 3071 terra:
851 3032 955 3070 non
978 3015 1118 3068 aliud
1141 3029 1300 3080 quam
1323 3014 1640 3082 simpliciter
1663 3017 1777 3069 sola
1808 3031 2032 3084 corpOra

462 3105 604 3146 caesa
660 3086 1030 3148 attendentes,
1082 3084 1422 3156 refectionem
1473 3087 1754 3154 quamdam
1797 3090 1946 3156 quasi
1981 3091 2031 3142 in

459 3163 705 3218 sordibus
733 3158 992 3212 abstersis
1021 3158 1156 3208 meis
1186 3154 1472 3208 habebant.

530 3231 842 3300 Effuderunt
861 3229 1158 3300 sanguinem
1182 3226 1427 3294 ipsorum.
1457 3227 1767 3300 l’osuerunt,
1793 3225 2028 3296 inquam,

455 3297 749 3360 sanctorum
778 3314 955 3351 carnes
983 3297 1151 3349 bestiis
1183 3306 1349 3363 teme,
1376 3305 1426 3348 et
1457 3297 1555 3350 ltoc
1582 3311 1684 3350 non
1708 3300 1759 3351 itt
1786 3314 1888 3351 uno
1914 3301 2030 3353 loco

457 3383 663 3435 tantum
712 3371 972 3431 iecerunt,
1016 3370 1108 3420 sed
1153 3367 1206 3418 in
1259 3367 1492 3434 pluribus
1531 3384 1543 3418 :
1587 3368 1710 3435 quia
1743 3368 2029 3430 e/Iuderuut

455 3446 754 3515 sanguinem
807 3443 1032 3509 ipsarum
1075 3446 1320 3515 tanquam
1360 3439 1932 3515 aquariiabundanter,
1978 3450 2032 3493 ιιι

457 3506 576 3569 διιιὲ
606 3506 850 3580 respecut
881 3511 935 3562 in
969 3511 1182 3580 circuitu
1208 3506 1604 3580 Jerusaletn._id
1629 3518 1710 3580 est
1741 3524 1832 3574 per
1866 3521 2026 3563 tota...

460 3578 830 3654 gentilitatem,
863 3579 1235 3654 quzeundique
1258 3578 1676 3654 circumvallavit
1695 3594 1808 3632 eos.

524 3655 593 3708 Et
631 3669 732 3706 non
775 3662 878 3704 erat
909 3650 993 3714 qui
1034 3649 1290 3716 sepeliret.
1335 3649 1466 3713 Quia
1506 3658 1682 3701 tantus
1725 3659 1842 3702 erat
1872 3650 2029 3704 timor

456 3735 880 3794 persecuturum,
899 3720 1040 3788 quod
1071 3718 1267 3785 nullus,
1295 3718 1393 3771 nisi
1417 3717 1595 3794 furtim
1622 3719 1840 3783 laceret,
1864 3720 2028 3794 aude-

452 3788 544 3850 Lat
582 3793 810 3863 sepelire
847 3803 1073 3858 corpora
1122 3799 1453 3843 Sanctorum.
1494 3788 1584 3863 vel
1625 3806 1744 3863 non
1773 3800 1889 3863 erat
1931 3793 2022 3858 qui

455 3860 658 3920 nataui
699 3863 1009 3930 patientiam
1035 3872 1366 3930 sanetorum
1389 3861 1661 3930 __sepeliret
1683 3899 1699 3922 ,
1733 3860 1782 3912 id
1815 3875 1890 3914 εει
1923 3903 1936 3922 ,
1971 3863 2022 3914 in

449 3939 613 3991 corde
645 3928 978 3988 reconderet.
1010 3929 1102 3984 Vel
1144 3932 1299 3985 aliter
1337 3947 1349 3981 ε
1381 3928 1688 3996 Effuderunt
1725 3935 2023 3999 sanguinem

449 4013 756 4059 sanctorum
796 4015 1036 4070 tanquam
1075 4018 1296 4068 aquam,
1342 4001 1538 4070 idest,
1589 4003 1656 4052 ad
1707 4001 2020 4055 lavationem

451 4077 738 4129 multorum
767 4112 780 4135 ,
809 4069 947 4124 sicut
976 4085 1110 4137 aqua
1143 4078 1281 4123 solet
1327 4069 1522 4123 effundi
1551 4072 1615 4123 ad
1660 4073 1775 4122 lava
1804 4071 1975 4125 iuueni
2003 4091 2016 4136 ;

451 4163 557 4200 non
586 4146 726 4212 quod
763 4145 861 4210 ipsi
893 4144 991 4192 hoc
1025 4150 1386 4212 intenderent,
1415 4139 1509 4212 sed
1541 4157 1602 4192 ex
1632 4143 1807 4192 divina
1840 4143 2019 4209 tltSpo-

451 4209 646 4271 Iitiotie
679 4209 999 4267 ttoc’l'actttm
1023 4217 1126 4272 est,
1161 4221 1212 4262 ut
1244 4209 1352 4276 ipsa
1383 4210 1570 4264 elfusio
1597 4212 1866 4279 sanguinis
1895 4227 2019 4265 sau-

451 4295 660 4341 ctorutn
689 4286 888 4338 valeret
915 4284 978 4334 ad
1011 4281 1445 4333 emendationem
1473 4282 1777 4344 multorum,
1813 4281 2020 4336 scilicet

451 4358 538 4427 qui
588 4372 682 4412 eos
728 4354 920 4427 imitati
961 4361 1104 4404 sunt.
1146 4349 1212 4427 lit
1246 4362 1418 4427 tamen
1464 4367 1564 4427 nou
1594 4362 1700 4402 erat
1730 4354 1920 4427 aliquis
1951 4355 2016 4407 de

449 4420 578 4497 ipsis
607 4425 1040 4497 cliundentibus,
1073 4421 1164 4497 qui
1179 4423 1409 4490 sepeliret
1438 4461 1450 4482 ,
1487 4420 1537 4497 id
1569 4429 1670 4483 est,
1701 4425 1787 4497 qui
1816 4431 2013 4497 tantam

449 4492 755 4553 sanctorum
803 4493 1105 4565 patientiam
1155 4493 1206 4565 in
1256 4505 1353 4544 suo
1382 4492 1542 4545 corde
1580 4494 1912 4565 reconderet.
1950 4494 2013 4547 Et

449 4571 569 4623 ideo
595 4571 613 4639 (
636 4584 784 4636 quasr
805 4563 950 4639 dicat
974 4568 991 4630 )
1017 4602 1032 4626 ,
1056 4563 1182 4639 facti
1211 4577 1386 4614 sumus
1425 4563 1787 4639 opprobrium,
1831 4564 1880 4616 id
1911 4577 2012 4639 est,

447 4641 583 4694 adeo
602 4633 768 4705 'viles,
799 4645 858 4690 ut
883 4637 991 4703 jam
1020 4633 1136 4686 aliis
1164 4648 1255 4700 pro
1270 4633 1564 4705 approb'riu
1593 4635 1886 4700 objicercnt
1919 4633 2016 4688 hos

448 4711 626 4763 vicinis
656 4703 860 4762 nostris.
892 4708 1000 4760 Nos
1028 4713 1204 4756 autem
1233 4703 1433 4756 victnos
1458 4703 1660 4770 accipe,
1685 4706 1765 4757 vel
1796 4705 1927 4758 alios
1950 4707 2016 4759 de

448 4781 638 4833 eodem
684 4782 882 4848 papulo
907 4814 920 4840 ,
971 4775 1058 4848 ιεξιΔ
1087 4774 1362 4848 quoslibet
1397 4784 1766 4848 persecutores
1796 4776 1863 4848 de
1895 4790 2015 4842 pro-

451 4851 660 4917 pinquis
681 4845 950 4917 (gentibus,
971 4845 1023 4898 in
1049 4845 1147 4897 Itoc
1169 4845 1519 4917 licetvicutos
1546 4847 1735 4908 malos,
1760 4847 1880 4912 quia
1897 4860 2017 4898 oru-

446 4915 659 4973 ciabant
682 4915 796 4974 eos.
830 4918 970 4973 Satis
991 4917 1128 4970 enim
1154 4915 1310 4968 alicui
1334 4915 1540 4968 vicinus
1567 4926 1667 4979 ρει,
1691 4917 1776 4985 qui
1803 4918 2012 4969 oculum

442 4994 492 5046 ei
519 4993 711 5044 aul'ert.

517 5059 860 5115 Subsannatio
884 5067 930 5110 et
950 5056 1122 5111 illusio
1149 5056 1224 5109 his
1245 5057 1332 5125 qui
1360 5056 1409 5108 in
1441 5057 1653 5108 circuiri
1681 5065 1852 5108 nostra
1874 5068 2011 5110 sunt.

449 5130 540 5186 Vel
584 5134 802 5185 remotis
846 5131 1090 5199 gentibus
1117 5169 1132 5192 ,
1175 5127 1220 5199 si
1277 5142 1367 5194 per
1399 5128 1602 5180 vicinos
1628 5129 1771 5194 ptius
1802 5132 2015 5195 propin-

441 5217 576 5269 quos
598 5210 784 5272 gentes
807 5197 1079 5268 accepisti,
1113 5197 1196 5272 vel
1218 5200 1261 5250 si
1285 5199 1486 5272 vicinos
1514 5207 1714 5272 tantum
1748 5199 1798 5249 in
1824 5200 2011 5252 eodem

447 5266 642 5342 populo
683 5272 876 5328 notaSIi
902 5266 1078 5342 ,‘tune
1121 5271 1205 5321 Itic
1250 5282 1342 5342 per
1367 5266 1646 5320 circuitum
1674 5282 2015 5342 quascunque

443 5338 634 5412 gentes
665 5345 953 5410 intelligas.
985 5339 1468 5412 Subsaunationem
1499 5347 1676 5412 autem
1708 5338 1870 5390 refert
1899 5351 2015 5412 lati-7

443 5407 552 5466 t'utn
584 5415 648 5467 ad
682 5418 826 5468 illum
846 5407 1219 5476 contemptum
1246 5451 1261 5477 ,
1307 5407 1394 5476 qui
1426 5407 1742 5474 exprimitur
1773 5422 1866 5475 per
1897 5411 2010 5462 nasi

444 5487 868 5552 corrugationetn
897 5500 909 5535 :
943 5482 1243 5535 illusionem
1258 5492 1394 5552 vero
1423 5478 1488 5528 ad
1511 5478 1746 5552 irrisorta
1778 5479 1959 5552 verba.

517 5547 812 5623 Usqucqna,
833 5554 1065 5605 Domine.
1108 5551 1267 5623 Quasi
1299 5547 1440 5623 dicat
1473 5565 1484 5598 :
1525 5547 1730 5623 Videris
1754 5547 1965 5616 quidem
1997 5591 2012 5616 ,

442 5635 476 5674 ο
502 5619 722 5677 Domine
763 5619 925 5676 tratus
961 5623 1112 5676 nobis
1137 5665 1150 5687 ,
1183 5621 1304 5688 quia
1337 5621 1415 5672 sic
1442 5619 1761 5680 cruciamur,
1792 5623 1912 5687 quia
1939 5636 2014 5672 sic

442 5697 832 5746 eontentnitnur
853 5707 868 5755 ;
890 5707 1151 5760 usqueqno
1176 5703 1354 5744 autem
1374 5691 1630 5752 irasceris,
1657 5694 1704 5742 td
1725 5700 1828 5753 est,
1849 5705 2016 5758 quan-

443 5761 534 5814 diu
582 5763 717 5812 Itane
750 5767 878 5812 iram
920 5764 971 5813 in
1005 5762 1154 5813 nobis
1181 5761 1496 5812 exercebis?
1524 5776 1590 5812 an
1630 5761 1682 5811 in
1723 5760 1917 5826 ﬁnem?
1955 5764 2017 5813 ιςι

441 5830 611 5896 zelus,
645 5832 694 5882 id
724 5842 824 5897 est,
857 5830 1143 5896 indignatio
1163 5870 1178 5896 ,
1210 5844 1526 5895 quamnunc
1556 5835 1790 5883 ostendis
1816 5834 1866 5883 ιιι
1895 5846 1991 5884 nos

2056 3194 2104 3257 C

2152 574 2345 612 nvrans
2369 601 2385 624 ,
2425 575 2488 611 au
2513 559 2656 612 velut
2684 562 2818 626 ignis
2846 560 3108 628 purgans?
3143 562 3333 629 Utique
3357 559 3531 630 (quisi
3561 566 3731 624 dicat)

2149 640 2203 681 ut.
2231 645 2486 699 purgans,
2530 638 2715 682 nonut
2748 631 3070 683 ittcineratts.
3120 631 3182 684 Et
3214 634 3392 685 tantliu
3437 635 3510 688 ira
3555 646 3642 689 tua
3681 649 3734 690 et

2147 701 2295 752 zelus
2331 709 2448 752 tuus
2477 699 2730 761 manebit,
2773 701 3006 766 qttattdiu
3039 703 3400 756 necessarium
3447 708 3602 759 nobis
3630 710 3734 760 erit

2145 771 2208 822 ad
2240 770 2526 823 vindictam
2555 769 2869 837 iniquitatis,
2903 781 2956 824 et
2978 771 3041 823 ad
3068 772 3402 826 exactionem
3429 777 3692 830 castitatis
3715 818 3730 839 ,

2146 839 2244 892 hoc
2267 850 2348 893 est
2371 881 2385 904 ,
2418 839 2540 892 tattd
2571 857 2600 892 u
2633 839 2827 907 pateris
2855 855 2882 891 a
2917 843 3347 908 persecutoribus
3385 859 3479 897 nos
3501 847 3729 901 cruciari

2145 919 2198 962 et
2221 908 2471 982 derideri,
2501 910 2672 964 d0nec
2698 919 2751 962 et
2782 910 3014 978 perfecte
3043 911 3395 972 vindicentur.
3439 931 3572 982 quas
3599 919 3732 972 feci-

2148 995 2266 1033 mus
2298 981 2621 1048 iniquitates,
2666 991 2720 1034 et
2749 982 3055 1048 perliciatur
3086 983 3137 1036 in
3167 983 3321 1036 nobis
3349 986 3592 1050 castitas,
3622 997 3729 1041 sci-

2143 1049 2266 1104 licet
2299 1062 2354 1102 ut
2401 1049 2628 1122 amplius
2675 1053 2857 1122 anima
2903 1062 3078 1104 nostra
3131 1053 3300 1122 legem
3347 1053 3440 1110 Dei
3490 1049 3587 1111 sui
3618 1074 3723 1111 non

2141 1131 2469 1191 contemnat,
2499 1129 2554 1173 et
2583 1119 2898 1174 fornicando
2925 1125 2991 1173 alt
3020 1138 3085 1175 eo
3107 1119 3398 1191 dispereat.

2215 1190 2436 1257 [tl/funde
2460 1194 2588 1242 iram
2619 1201 2758 1263 tuam
2788 1192 2839 1244 in
2863 1202 3052 1260 gentes.
3077 1190 3204 1245 Hoc
3226 1204 3396 1260 potest
3429 1196 3531 1263 legi
3558 1199 3636 1251 vel
3669 1199 3723 1252 itt

2142 1260 2281 1314 bono
2305 1262 2386 1313 vel
2407 1265 2456 1312 in
2481 1264 2639 1312 malo.
2666 1261 2719 1316 Si
2743 1272 2922 1314 autem
2951 1264 3001 1314 ιιι
3030 1265 3172 1316 malo
3197 1265 3452 1330 legamus,
3482 1260 3726 1324 dicemus

2139 1334 2258 1395 quia
2283 1332 2471 1383 dicitur
2496 1347 2598 1382 non
2621 1331 2872 1398 optando,
2904 1334 2998 1384 sed
3024 1334 3390 1400 prOphetando
3416 1354 3428 1387 :
3461 1338 3600 1392 sicut
3624 1355 3724 1394 s2-

2143 1416 2206 1465 pe
2228 1402 2386 1453 etiam
2419 1402 2614 1453 dicitur
2635 1418 2740 1454 non
2769 1401 3114 1469 imperando,
3142 1405 3235 1458 sed
3260 1407 3592 1460 enuntianda
3619 1454 3630 1470 ,
3668 1421 3724 1464 ιιι

2142 1475 2412 1541 ξιτ-εῑιιςειοε
2442 1471 2613 1538 gladio
2645 1482 2734 1524 tuo
2763 1509 2778 1534 ,
2821 1483 2876 1525 et
2907 1472 3125 1526 similia.
3159 1473 3224 1527 Et
3251 1485 3332 1528 est
3358 1480 3509 1539 quasi
3534 1479 3679 1533 dicat
3707 1498 3721 1534 :

2139 1539 2320 1605 Nobis,
2357 1541 2595 1613 Domine,
2624 1557 2691 1595 tte
2721 1542 2970 1596 irascaris
2996 1545 3047 1594 in
3073 1545 3230 1597 linem
3273 1563 3285 1597 :
3318 1545 3526 1613 e/funde
3547 1561 3722 1603 autem

2137 1614 2268 1682 iram
2287 1621 2447 1671 luant,
2469 1612 2516 1664 id
2535 1621 2638 1674 est,
2665 1613 2950 1676 plenariatn
2977 1616 3106 1666 iram
3136 1627 3274 1666 tuam
3298 1612 3468 1682 mitte,
3492 1629 3545 1672 et
3568 1621 3652 1674 hic
3671 1633 3725 1674 et

2138 1681 2188 1732 itt
2214 1679 2414 1743 futuro,
2437 1682 2488 1733 in
2527 1694 2696 1748 gentes
2735 1698 2858 1759 quae
2885 1683 2984 1736 hoc
3012 1695 3357 1759 meruerunt,
3390 1679 3570 1754 idest,
3604 1706 3723 1759 qum:

2139 1767 2331 1804 llllmCll
2354 1761 2497 1804 tuutn
2530 1767 2751 1805 noscere
2774 1753 3078 1806 uoluerunt.
3107 1753 3173 1807 El
3198 1771 3300 1807 11011
3329 1760 3501 1811 solum
3623 1753 3720 1813 illl-

2073 1841 2117 1900 Β
2146 1836 2304 1874 nores
2331 1863 2343 1885 ,
2379 1821 2472 1900 sed
2500 1823 2741 1900 etiamin
2764 1837 2921 1890 regna
2946 1863 2959 1882 .
2993 1824 3042 1877 id
3076 1835 3154 1900 est
3183 1863 3199 1890 ,
3231 1825 3282 1878 in
3310 1829 3578 1897 principes
3609 1831 3722 1884 illa-

2149 1908 2264 1944 rum
2297 1893 2556 1960 gentium,
2591 1893 2681 1959 qui
2711 1908 2892 1945 nomen
2920 1903 3066 1947 tuum
3092 1893 3727 1954 invocaverunthidetur

2149 1960 2249 2014 ltoc
2281 1977 2401 2015 esse
2423 1964 2749 2015 contrariunt
2785 1966 3106 2032 evangelica:
3136 1966 3209 2018 illi
3240 1971 3519 2022 sententiae
3554 1989 3567 2023 :
3601 1971 3725 2025 Ser-

2141 2047 2228 2109 vus
2257 2035 2340 2099 qui
2372 2035 2463 2084 scit
2487 2033 2793 2109 voluntatem
2829 2034 3033 2086 Domini
3062 2038 3180 2102 sui,
3209 2047 3254 2088 et
3287 2055 3386 2091 non
3413 2041 3537 2109 facit
3563 2081 3579 2104 ,
3611 2043 3725 2106 pla-

2141 2103 2219 2175 gis
2247 2105 2504 2175 vapulabit
2530 2104 2707 2175 multis
2735 2119 2754 2156 :
2779 2120 2950 2156 servus
2973 2120 3086 2157 vero
3107 2109 3195 2175 qui
3223 2112 3382 2160 nescit
3412 2103 3725 2165 voluntatem

2144 2173 2350 2250 Domini
2395 2175 2511 2250 sui,
2545 2183 2590 2225 et
2634 2174 2767 2250 facit_
2794 2176 2951 2243 digna
2998 2173 3188 2244 plagis,
3230 2181 3487 2247 vapulabit
3521 2186 3719 2250 paucis,

2141 2244 2267 2318 quia
2299 2242 2767 2318 lticndicituruptod
2794 2242 2956 2310 super
2993 2242 3182 2318 gentes
3210 2242 3720 2318 nescientes'major

2144 2313 2236 2390 erit
2259 2310 2381 2383 [ira]
2397 2313 2511 2378 Dei;
2531 2312 2841 2390 sednonest
2863 2310 3213 2390 comi-arium,
3235 2325 3356 2386 quia
3377 2310 3723 2390 Evangeliittn

2146 2385 2249 2450 agit
2283 2393 2484 2436 tantum
2513 2383 2578 2435 de
2615 2387 2808 2449 servis,
2841 2399 2888 2437 et
2925 2387 3146 2440 multum
3185 2383 3349 2442 diétat
3377 2383 3722 2445 ittterservos

2143 2455 2470 2507 voluntatem
2498 2453 2701 2506 Domini
2727 2457 2806 2507 sui
2834 2457 3149 2519 nescientes,
3169 2470 3221 2512 et
3247 2467 3423 2513 tamen
3449 2463 3500 2513 in
3525 2460 3721 2514 familia

2139 2522 2276 2590 ejus,
2305 2534 2357 2576 et
2380 2525 2540 2576 domo
2566 2525 2807 2579 viventes
2841 2542 2851 2576 :
2876 2539 2928 2578 et
2957 2528 3092 2580 inter
3121 2528 3367 2583 inimicos
3388 2533 3720 2585 voluntatem

2138 2595 2252 2671 ejus
2281 2595 2416 2671 scire
2449 2598 2693 2671 uolentes
2715 2632 2731 2660 ,
2767 2610 2864 2648 nec
2886 2610 3005 2649 eum
3039 2599 3346 2655 invocantes
3365 2639 3383 2666 ,
3410 2610 3466 2655 et
3494 2603 3716 2671 insuper

2140 2664 2191 2716 in
2224 2664 2392 2716 seriis
2418 2663 2534 2731 ejus
2557 2681 2678 2716 eum
2710 2676 3098 2734 oppugnantes.

2210 2735 2341 2797 Quia
2385 2735 2710 2786 comederunt
2738 2734 2924 2788 Jacob.
2961 2737 3082 2790 Ideo
3121 2737 3286 2793 debes
3327 2741 3457 2794 iram
3491 2749 3633 2795 tuam
3664 2744 3718 2797 in

2135 2816 2320 2876 gentes
2353 2803 2650 2869 ell'undere,
2681 2807 2799 2873 quia
2825 2809 3152 2860 comederunt
3174 2809 3356 2874 Jacob,
3392 2811 3442 2864 id
3469 2825 3570 2876 εει,
3611 2821 3719 2866 de-

2139 2875 2478 2949 lectationem
2512 2889 2758 2943 magnam
2804 2877 3100 2932 habuerunt
3130 2881 3440 2934 devci-and.»
3465 2893 3516 2934 ιιι
3539 2875 3720 2949 perseo

2136 2946 2351 3009 quendo
2383 2945 2532 2998 illum
2561 2961 2717 3015 quem
2750 2959 2802 2999 tu
2835 2949 2965 3000 tanti
2997 2949 3146 3012 lacis,
3199 2950 3408 3005 scilicet
3436 2945 3618 3016 Iacob,
3660 2953 3714 3006 id

2137 3025 2253 3082 est,
2285 3031 2477 3068 novum
2509 3015 2756 3087 populum
2787 3019 3130 3087 primitivum.
3159 3019 3225 3072 Et
3252 3015 3610 3075 desolaverunt
3635 3024 3716 3076 lo-

2135 3101 2249 3136 cum
2274 3089 2404 3157 ejus,
2435 3088 2516 3140 vel
2541 3085 2856 3151 Jerusalem,
2888 3089 3009 3156 quia
3034 3105 3222 3145 otttnes
3249 3095 3338 3157 qui
3372 3094 3441 3144 ibi
3475 3095 3709 3155 luerunt,

2136 3156 2469 3228 occiderunt,
2513 3159 2591 3228 vel
2625 3157 2792 3209 locum
2827 3163 2976 3228 ejus,
3022 3160 3072 3212 id
3108 3173 3188 3214 est
3215 3156 3555 3215 stabilitatem
3589 3165 3712 3219 lidei

2139 3225 2544 3280 desolavetunt.
2567 3227 2713 3280 Tunc
2752 3225 2893 3282 enim
2935 3245 3060 3283 vere
3091 3231 3239 3284 locus
3269 3234 3353 3285 ille
3383 3234 3476 3285 luit
3503 3233 3716 3287 desola-

2137 3306 2264 3371 tus,
2298 3299 2510 3371 quando
2541 3298 2706 3365 aliqui
2748 3309 2870 3351 sunt
2923 3299 3186 3354 devocati.
3234 3300 3367 3355 Nota
3416 3305 3710 3371 quodcum

2136 3367 2297 3440 multa
2328 3370 2770 3440 notniuaponere
2801 3380 2978 3435 posset
3006 3410 3021 3433 ,
3061 3372 3109 3422 itt
3136 3373 3326 3440 quibus
3369 3367 3589 3427 forsitan
3620 3379 3701 3426 vel

2133 3437 2434 3491 auditorem
2479 3438 2789 3512 olfettd‘eret,
2823 3449 2913 3492 attt
2941 3455 3061 3492 cum
3093 3437 3226 3494 adeo
3265 3443 3535 3509 placeret,
3569 3451 3709 3512 quod

2135 3520 2326 3560 nomen
2363 3509 2490 3560 tanti
2527 3509 2842 3575 patriarcltze
2891 3525 2920 3562 a
2969 3512 3074 3563 Deo
3106 3512 3284 3566 dilecti
3326 3522 3434 3566 eta
3471 3509 3712 3567 Deo'lio-

2134 3577 2279 3650 mino
2326 3581 2648 3650 augmentati
2681 3583 2815 3650 satis
2858 3582 3127 3635 rhetorice
3157 3586 3365 3650 posuit,
3417 3583 3623 3637 scilicet
3653 3595 3709 3638 ut

2132 3662 2226 3714 per
2257 3648 2355 3699 hoc
2390 3649 2646 3714 majorem
2679 3649 2930 3702 invidiam
2963 3654 3011 3702 itt
3040 3648 3429 3719 persecutores,
3464 3664 3518 3708 et
3549 3656 3627 3708 be.
3652 3670 3710 3707 e-

2138 3719 2422 3770 volentiatu
2455 3729 2668 3786 pararet
2692 3720 2742 3772 in
2771 3720 3034 3774 auditore.

2201 3786 2282 3859 Ne
2311 3790 2594 3859 memineris
2624 3789 2946 3859 iniquitatum
2976 3800 3285 3844 nostrarum.
3323 3792 3483 3859 Quasi
3517 3793 3654 3847 dicat
3691 3814 3704 3846 :

2129 3857 2182 3911 lu
2213 3858 2455 3912 inimicos
2477 3858 2690 3912 elt‘unde
2711 3857 2868 3920 iram.
2905 3861 3058 3915 nobis
3097 3875 3274 3916 autem
3303 3857 3551 3927 impende
3600 3865 3703 3916 mi-

2125 3931 2492 4000 sericordiam,
2526 3945 2588 3981 ne
2611 3931 2897 3984 memineris
2923 3933 3127 3986 scilicet
3156 3933 3479 4000 iniquitatuttt
3502 3943 3705 3987 nostra-

2125 4015 2260 4062 runt,
2290 4009 2394 4053 etc.
2423 3999 2623 4071 Potest,
2657 4011 2714 4071 ut
2743 4016 2900 4071 supra
2927 4003 3179 4066 diximus,
3207 3999 3449 4068 superior
3479 4003 3567 4058 ille
3595 4019 3706 4058 ver-

2123 4085 2214 4141 sus
2255 4073 2457 4123 scilicet
2503 4068 2729 4141 E/Turtde
2773 4068 2903 4124 iram
2948 4082 3105 4137 tuam,
3147 4077 3314 4141 accipi
3365 4074 3417 4127 in
3451 4074 3612 4138 bona,
3648 4084 3704 4127 ut

2121 4139 2199 4192 sic
2229 4141 2466 4192 dicatur:
2493 4140 2735 4213 E/j'unde,
2766 4141 3010 4207 Domine,
3039 4144 3169 4196 iram
3191 4139 3330 4196 tuam
3359 4145 3411 4196 in
3437 4153 3628 4213 gentes,
3652 4147 3702 4197 id

2121 4218 2221 4273 est,
2257 4212 2463 4263 notilica
2493 4216 2650 4264 tuturt
2678 4211 2860 4279 judicii
2912 4215 3202 4282 pleuariam
3248 4217 3381 4268 iram
3430 4211 3699 4282 gentibus,

2119 4295 2230 4347 qua:
2261 4289 2308 4353 te
2327 4297 2426 4332 non
2451 4293 2791 4351 cognoverunt
2821 4299 2839 4335 :
2868 4294 2915 4336 et
2944 4285 2995 4336 in
3026 4300 3181 4353 regna
3207 4301 3321 4347 qua:
3349 4300 3528 4337 nomen
3557 4294 3702 4336 tuum

2121 4367 2220 4402 non
2253 4352 2632 4416 invocaverunt,
2669 4363 2727 4404 ut
2755 4355 2941 4406 saltem
2973 4352 3166 4407 timore
3197 4359 3287 4408 ira:
3313 4355 3454 4408 illius
3479 4370 3703 4408 convero

2121 4431 2316 4492 tantur.
2356 4422 2419 4473 Et
2445 4437 2574 4490 Opus
2599 4431 2679 4475 est
2708 4424 2785 4476 eis
2815 4432 2869 4475 ut
2893 4425 2994 4477 ltoc
3023 4426 3205 4487 facias,
3231 4440 3350 4492 quia
3374 4427 3700 4477 comederunt

2120 4489 2302 4553 Jorob,
2349 4502 2453 4545 etc.
2486 4489 2560 4544 Et
2607 4494 2706 4546 hoc
2737 4495 2894 4546 modo
2920 4509 2988 4549 ne
3020 4489 3325 4548 memineris
3363 4496 3695 4564 iniquitatem

2049 4549 2095 4606 D
2124 4549 2445 4614 nostrarum.
2502 4565 2554 4617 Si
2601 4566 2745 4616 enim
2795 4565 2914 4617 illos
2961 4581 3065 4619 non
3106 4549 3470 4631 converteres;
3515 4576 3700 4618 osten-

2121 4632 2292 4685 dendo
2341 4634 2418 4686 eis
2469 4635 2598 4686 iram
2653 4643 2818 4701 tttattt,
2879 4635 3120 4689 videntes
3176 4640 3600 4702 persecutionem
3648 4645 3701 4688 et

2119 4702 2522 4757 devocatiouent
2558 4703 2794 4767 illorum,
2827 4707 2968 4773 quod
3008 4707 3342 4773 iniquitatutn
3395 4715 3699 4758 nostrarum

2119 4787 2407 4826 tttcmores.
2463 4773 2804 4840 lttiquitatum
2851 4775 2970 4829 dico
3019 4781 3362 4844 antiquarunt,
3403 4777 3452 4829 id
3483 4783 3566 4828 est
3590 4778 3697 4842 jam

2118 4857 2180 4895 ett
2226 4844 2383 4910 longo
2417 4849 2827 4911 praeteritarum,
2873 4862 2998 4900 cum
3041 4850 3200 4899 etiam
3248 4861 3346 4898 nec
3394 4862 3486 4912 per
3532 4861 3692 4898 unam

2117 4916 2303 4984 ituram
2352 4928 2623 4967 cessamus
2661 4918 2728 4967 ab
2757 4916 2860 4980 his,
2893 4921 2975 4969 vel
3004 4918 3328 4984 iniquitatum
3381 4928 3694 4977 nostrarum,

2119 4983 2166 5034 id
2201 4993 2302 5046 est,
2336 5001 2465 5050 quas
2492 5000 2518 5036 a
2554 4988 2789 5051 patribus
2821 4983 3208 5051 contraximus,
3249 4989 3445 5054 quibus
3490 4987 3693 5039 scilicet

2111 5054 2221 5120 jam
2255 5071 2359 5106 non
2387 5055 2610 5108 debetur
2639 5057 2922 5122 correctio,
2955 5060 3047 5110 sed
3076 5059 3368 5120 damnatio,
3419 5058 3521 5109 nisi
3559 5057 3694 5108 adsit

2116 5127 2297 5191 gratia:
2330 5133 2431 5177 tua:
2461 5125 2753 5196 miseratio.
2784 5127 3052 5196 Scriptum
3076 5140 3158 5182 est
3184 5130 3347 5190 enim,
3378 5129 3502 5192 quia
3527 5127 3694 5177 anima

2115 5211 2228 5260 quas
2258 5197 2552 5271 peccaverit,
2583 5195 2697 5261 ipsa
2725 5198 2989 5271 morietur.
3023 5197 3087 5249 Et
3120 5200 3324 5250 visitabo
3363 5207 3572 5266 peccata
3598 5213 3692 5271 pa-

2117 5279 2250 5316 trum
2280 5268 2338 5337 in
2361 5266 2515 5333 ﬁlios,
2570 5281 2726 5335 usque
2758 5268 2812 5318 in
2837 5271 3033 5319 tertiam
3059 5278 3104 5320 et
3131 5277 3365 5337 quartam
3415 5266 3693 5335 generatio-

2117 5351 2253 5388 nem.
2303 5335 2450 5390 Unde
2489 5345 2696 5388 cottStat
2738 5337 2879 5404 quod
2911 5339 2953 5390 si
3007 5335 3151 5392 illius
3190 5339 3412 5407 quilibet
3461 5339 3691 5390 imitatur

2119 5408 2276 5458 fuerit
2302 5416 2531 5474 paterna:
2556 5407 2869 5474 iniquitatis,
2899 5409 3010 5476 ipsa
3041 5411 3202 5462 etiam
3238 5418 3452 5474 peccata
3487 5416 3687 5475 patrum

2116 5492 2279 5548 super
2324 5479 2887 5548 euurreduodabunt,
2939 5481 3081 5545 quod
3132 5478 3344 5548 quidam
3374 5481 3442 5532 de
3463 5481 3689 5542 origina-

2117 5547 2255 5600 libtts
2298 5558 2415 5615 post
2464 5546 2783 5614 baptismum
2833 5563 3042 5617 quoque
3091 5546 3292 5602 dicunt.
3345 5549 3509 5602 Aiunt
3551 5548 3689 5600 enim

2117 5618 2254 5684 quod
2287 5629 2340 5671 et
2364 5616 2638 5686 originalia
2665 5629 2715 5670 et
2742 5616 2970 5672 actualia
3021 5620 3370 5687 praecedentia
3423 5619 3596 5678 taliter
3643 5618 3690 5667 iu

2117 5689 2432 5752 baptismate
2479 5700 2909 5757 remunerantur,
2943 5693 2986 5744 si
3019 5707 3136 5758 qua:
3176 5690 3246 5743 ibi
3290 5693 3690 5758 promittuntur,

2117 5768 2396 5812 servantur
2429 5773 2441 5809 :
2473 5760 2515 5810 si
2556 5769 2732 5811 autem
2771 5762 2962 5825 aliquis
3006 5763 3073 5812 ibi
3114 5764 3228 5812 sola
3280 5769 3485 5812 tantum
3536 5769 3692 5810 verna

2117 5829 2280 5893 dedit,
2309 5837 2362 5883 et
2393 5829 2454 5880 ad
2487 5830 2740 5882 vomitum
2773 5829 3045 5896 relabitur,
3084 5846 3201 5885 reus
3233 5834 3335 5886 erit
3360 5845 3545 5882 eorum
3578 5845 3694 5896 qua:
