4010 6190
329 316 433 370 91⁸5

1027 313 1088 368 ΙΝ
1129 308 1544 368 PSALMORUM
1584 303 1836 362 LIBRUM
1879 300 2230 359 EXEGESIS.
2276 331 2344 342 —
2384 299 2628 358 PSAL“.
2674 297 2912 352 LXX“.

3479 291 3585 348 9H

327 430 547 484 remissa
580 425 805 480 fuerant.
844 423 924 476 Ne
951 423 1251 482 memineris.
1288 422 1520 486 inquam,
1567 419 1891 486 iniquitntum
1925 424 1969 474 Α
2001 430 2162 477 mam,
2194 423 2538 486 proptertres
2569 412 2886 480 principales
2916 411 3136 486 virtutes
3165 415 3326 482 ipsius
3357 419 3570 476 anitum,

328 508 634 558 nostrarum,
676 494 768 548 sed
800 495 1158 546 misericordia:
1197 507 1296 545 tute
1342 494 1570 558 antiqua:
1621 491 1896 551 anticipant

329 587 423 623 nos
443 569 563 629 cito,
596 565 647 618 id
675 575 775 630 est,
819 575 940 617 ante
971 565 1194 631 lapsum,
1236 563 1334 615 hoc
1361 571 1441 614 est
1469 569 1750 631 antequam
1797 559 1896 631 do-

335 628 605 697 vucetnnr,
639 636 720 688 vel
751 628 874 688 ante
924 628 1154 687 futurum
1195 633 1471 701 judicium.
1517 631 1578 682 Et
1607 628 1901 701 ideonico

333 721 387 762 ut
416 707 792 762 misinicordize
836 717 938 757 tua:
980 705 1131 757 nobis
1168 699 1500 764 sbbvcniant,
1541 701 1659 768 quia
1701 699 1901 752 diftidi-

334 794 452 834 mus
476 778 542 850 de
571 777 790 850 meritis.
814 775 952 850 Nam
979 775 1104 850 facti
1131 786 1591 850 sumuspauperes,
1633 769 1798 850 idest,
1826 770 1905 821 iu-

336 849 658 903 sul'licieutes
704 848 856 898 nobis
893 843 1023 912 ipsis
1053 846 1200 897 nimis
1226 856 1277 896 et
1305 843 1356 896 in
1395 845 1569 892 anima
1597 849 1646 892 et
1677 843 1730 893 in
1781 854 1895 892 car-

337 934 483 987 pore,
515 921 634 986 quia
674 932 799 970 caro
824 911 1027 975 smnus,
1061 926 1113 967 ει
1138 915 1347 987 spiritus
1369 911 1556 987 vadens
1596 920 1790 987 etunun
1817 925 1899 962 re-

341 982 399 1043 Εἰς
421 1007 500 1052 ns,
528 982 582 1040 ut
603 1002 762 1054 supra
784 987 982 1040 dictum
1013 993 1110 1038 est.
1144 984 1207 1037 Et
1232 984 1353 1037 ideo
1375 982 1567 1054 o‘Deus
1598 982 1787 1054 adiuva
1816 996 1904 1032 nos

343 1059 395 1116 td
421 1049 613 1112 bonum
644 1049 1042 1125 perliciendum,
1076 1064 1150 1117 tu,
1181 1054 1320 1119 dico,
1349 1051 1434 1118 qui
1467 1049 1785 1125 es_sa-’utaris
1814 1068 1907 1102 no-

330 1140 452 1190 ster.
482 1130 531 1183 id
561 1121 663 1191 est,
696 1143 786 1195 per
812 1126 961 1195 cujus
995 1121 1160 1195 solius
1200 1125 1422 1195 gratiun
1471 1121 1756 1183 Salvalltur,
1803 1137 1905 1195 non

333 1215 432 1268 per
472 1203 657 1254 merita
698 1193 901 1251 nostra.
946 1196 1079 1268 Cum
1120 1194 1268 1268 dicit,
1313 1194 1531 1268 ddjuva,
1568 1199 1781 1268 nonest
1822 1193 1905 1268 in-

331 1261 516 1339 gratus
539 1267 742 1338 gratiae,
774 1281 944 1339 neque
973 1264 1108 1318 tollit
1145 1263 1356 1339 arbitrii
1386 1261 1707 1339 libetlj'tem,
1753 1261 1909 1339 habet

331 1332 476 1394 cnim
517 1332 757 1406 accipere
784 1332 1126 1392 tax—libertate
1153 1333 1382 1406 arbitrii,
1411 1342 1464 1384 et
1495 1333 1626 1406 idet:
1646 1341 1794 1398 rugat
1817 1332 1911 1384 ad—

331 1410 525 1480 juvari.
573 1401 775 1477 Adjuva
824 1409 1071 1480 inquam._
1097 1416 1140 1457 et
1173 1403 1332 1456 libera
1380 1417 1491 1480 nos,
1530 1418 1562 1480 o
1600 1401 1840 1480 [)ouuuc,
1876 1418 1908 1480 ρ

333 1473 619 1549 prmteritis
651 1473 1133 1552 peccatis—uostris,
1169 1482 1375 1552 prapter
1416 1473 1641 1552 ‘gloriant
1692 1473 1911 1524 nominis

332 1541 428 1612 iui.
458 1561 506 1603 et
531 1541 780 1621 propitius
809 1558 910 1601 esto
941 1541 1371 1621 peccatis'nostris
1415 1541 1624 1602 futuris,
1661 1555 1761 1621 non
1799 1558 1913 1621 pro.

335 1635 452 1690 pter
481 1612 667 1674 merita
698 1629 900 1685 nostra,
941 1612 1034 1671 sed
1078 1622 1286 1685 propter
1307 1628 1488 1665 nomen
1535 1623 1677 1664 tuum
1714 1612 1914 1680 glorili-

331 1692 579 1746 candum.

409 1761 491 1816 Ne
521 1762 650 1831 forte
678 1759 850 1812 dicant
879 1757 930 1809 in
959 1754 1210 1831 gentibus.
1240 1752 1365 1831 ideo
1395 1767 1522 1822 rogo
1563 1760 1621 1831 ut
1657 1750 1912 1831 propitius

335 1834 415 1885 sis
446 1822 699 1900 peccatis.
731 1846 794 1882 ne
825 1822 1080 1896 forte'hoc
1112 1825 1405 1891 contingat,
1439 1833 1496 1875 ut
1526 1822 1686 1900 aliqui
1718 1822 1767 1874 in
1798 1839 1916 1900 gen-

333 1894 490 1967 tibui,
521 1901 573 1954 id
599 1911 704 1964 est,
739 1894 876 1952 inter
917 1907 1285 1967 persecutores
1335 1905 1569 1967 nostros,
1621 1894 1791 1967 dicant
1837 1897 1916 1946 in-

339 1962 586 2025 sultando
616 1962 790 2034 nobis,
825 1962 930 2022 Ubi
953 1979 1022 2020 est
1059 1965 1190 2019 Deus
1219 1965 1432 2018 eorum?
1469 1962 1522 2016 Si
1551 1963 1690 2016 enim
1726 1973 1776 2015 tu
1811 1979 1914 2017 non

340 2041 708 2109 ltrmiitiareris
735 2039 967 2109 peccatis
995 2037 1209 2098 nostris,
1243 2043 1297 2088 et
1322 2049 1418 2087 nos
1448 2045 1914 2109 propterhpect-ata

338 2105 456 2178 ipsa
485 2105 888 2174 devocaremur,
923 2116 1046 2161 tunc
1075 2119 1222 2160 certe
1255 2114 1621 2172 persecutores
1653 2105 1913 2169 dicereut,

338 2177 482 2250 quod
514 2191 606 2234 aut
637 2180 774 2234 Deus
803 2187 984 2232 noster
1024 2177 1226 2250 inhquo
1263 2189 1563 2242 speramus,
1601 2188 1710 2250 non
1751 2184 1914 2250 esset,

338 2243 432 2305 aut
449 2252 516 2304 de
532 2252 798 2304 nobisnon
812 2255 1042 2302 curaret.
1069 2243 1175 2300 Hoc
1199 2257 1374 2298 autem
1393 2260 1456 2296 ne
1474 2243 1761 2310 Contingat,
1789 2245 1918 2297 ultio

339 2321 635 2390 sanguinis,
669 2320 831 2390 idest
853 2325 1065 2390 sumpta
1088 2317 1156 2370 de
1183 2314 1440 2390 sanguine
1481 2328 1755 2390 servorum
1799 2324 1916 2390 tuo-

341 2383 484 2456 rum,
531 2392 619 2460 qui
661 2389 860 2444 eﬂ‘usus
900 2383 1002 2450 est,
1045 2387 1180 2460 facta
1214 2387 1265 2460 in
1297 2383 1618 2460 nationibus,
1653 2383 1704 2436 id
1732 2393 1831 2448 est,
1867 2386 1918 2460 in

336 2454 585 2532 gentibus
611 2459 1064 2532 persecutoribus,
1088 2459 1168 2510 vel
1199 2454 1432 2532 etiamin
1465 2470 1544 2518 re,
1578 2463 1829 2532 quantum
1853 2457 1918 2532 ad

341 2523 648 2586 interiorem
687 2530 1120 2594 excaecationem,
1149 2526 1234 2581 vel
1269 2527 1405 2578 facta
1449 2533 1646 2576 tantum
1684 2523 1918 2592 disposi-

336 2603 506 2668 tione,
554 2610 806 2670 quantuin
848 2598 914 2653 ad
938 2599 1168 2652 futuram
1217 2595 1644 2670 datntiatititietti;
1679 2595 1791 2670 illa,
1833 2595 1921 2647 in-

336 2665 520 2738 quam,
551 2665 679 2725 ultio
716 2686 837 2739 quae
885 2684 990 2723 non
1035 2665 1468 2739 apparetroculis
1517 2679 1724 2739 eorum,
1769 2665 1919 2734 juxta

338 2735 470 2798 illud
491 2761 501 2794 :
524 2735 802 2796 «Craterum
823 2742 979 2793 nescit
1002 2755 1054 2791 se
1072 2735 1244 2804 puniri
1265 2737 1471 2804 impius,
1497 2735 1594 2788 nisi
1615 2751 1730 2788 cum
1751 2746 1921 2803 aperte

337 2815 437 2865 luit
477 2814 674 2877 nolens,
705 2814 788 2881 qui
819 2811 1120 2881 perpetravit
1143 2811 1353 2881 rvolens;
1375 2825 1394 2858 ι
1422 2807 1704 2881 innotescat
1749 2823 1922 2881 coram

335 2882 506 2936 oculis
528 2877 726 2936 nostris
746 2877 1106 2945 interioribus,
1139 2878 1188 2932 id
1212 2888 1312 2940 est,
1341 2877 1711 2930 inanilesletur
1740 2877 1918 2941 nobis,

337 2964 400 3006 ut
446 2961 592 3005 tanto
634 2953 879 3005 fortiores
928 2953 1112 3014 simus,
1145 2959 1196 3002 et
1222 2946 1627 3002 eoustantim'es.
1677 2948 1741 2998 Et
1782 2963 1922 3000 nunc

332 3023 556 3090 quidem
585 3037 688 3076 non
715 3020 969 3088 optando,
1010 3021 1105 3073 sed
1152 3017 1539 3090 ριοιιιιειειιιιιᾳΔ
1566 3016 1766 3090 dictum
1816 3027 1916 3090 est.

333 3085 526 3148 Potest
550 3102 603 3146 et
630 3085 862 3159 opta—udo
902 3091 953 3142 in
997 3085 1251 3159 buttoisic
1287 3087 1388 3140 dici
1422 3107 1433 3140 :
1471 3085 1612 3139 Ultio
1659 3088 1920 3159 sanguinis

327 3179 601 3216 servorum
645 3157 862 3223 tuorum,
907 3160 993 3226 qui
1041 3157 1230 3225 effusus
1255 3169 1345 3224 est,
1379 3160 1512 3209 facta
1540 3159 1591 3208 in
1629 3157 1918 3210 nationibus

327 3237 622 3287 innotescat
657 3232 828 3292 nobis,
862 3230 934 3283 ita
967 3239 1024 3282 ut
1048 3238 1116 3282 sit
1143 3245 1310 3281 coram
1354 3228 1512 3280 oculis
1563 3229 1766 3289 nostris,
1819 3228 1918 3282 ltoc

325 3314 447 3370 eet,
479 3310 536 3355 ut
561 3303 669 3354 cito
694 3301 965 3354 videamus
990 3301 1066 3353 s‘c
1090 3299 1382 3370 judicatum
1420 3312 1548 3370 esse
1575 3300 1626 3350 iu
1667 3313 1920 3364 persecu-

330 3369 488 3428 tores
516 3381 747 3436 ﬂOsll‘OS,
788 3381 840 3423 ut
869 3371 958 3436 qtti
985 3379 1138 3423 erant
1163 3369 1360 3421 inimici
1387 3369 1494 3420 sint
1520 3372 1695 3430 amici,
1725 3376 1780 3420 et
1811 3370 1920 3420 bla-

331 3445 714 3512 spbematores
735 3441 840 3512 sint
862 3440 1184 3512 laudatores.
1215 3439 1274 3491 Et
1299 3439 1398 3492 hoc
1421 3437 1577 3512 modo
1601 3439 1834 3501 introeat,
1869 3438 1918 3490 id

333 3508 447 3580 est,
475 3521 728 3580 appareat
757 3511 1025 3574 introisse,
1053 3518 1106 3560 et
1133 3519 1374 3580 receptus
1403 3521 1524 3562 esse
1561 3508 1613 3580 in
1650 3515 1920 3580 conspectu

336 3578 440 3636 tuo
485 3578 700 3650 gemitus
747 3583 1166 3648 compeditorum,
1200 3578 1248 3631 id
1286 3587 1384 3643 est,
1436 3579 1662 3650 gemitus
1709 3578 1919 3650 illorum

336 3654 439 3721 qui
461 3647 738 3706 attendunt
767 3666 826 3706 se
857 3647 907 3705 in
947 3651 1293 3717 c0ttipedtbus
1335 3647 1674 3721 mortalitatis
1721 3649 1920 3721 positos

338 3717 490 3777 esse.
522 3723 614 3776 Vel
636 3723 864 3791 gemitus
893 3721 1334 3789 compeditorum,
1368 3718 1421 3791 id
1449 3728 1550 3782 est,
1584 3717 1792 3770 illorum
1832 3720 1918 3787 qui

339 3791 539 3847 irretiti
561 3787 701 3857 sunt,
730 3801 784 3846 et
805 3787 1060 3846 inhaerent
1086 3793 1137 3842 in
1159 3787 1507 3854 compedibus
1539 3799 1919 3856 praecepturum

343 3875 581 3918 tuorum.
607 3864 876 3931 Praicepta
899 3861 1039 3914 enim
1061 3859 1155 3914 Dei
1175 3859 1458 3931 compedes
1477 3857 1745 3931 dicuntur.
1775 3858 1923 3914 Unde

339 3935 602 3989 Salomon
626 3935 752 3987 dicit
786 3927 803 3984 Ξ
831 3930 995 4001 lnjice
1025 3936 1196 3998 pedem
1225 3937 1376 4001 tuum
1401 3927 1450 4001 in
1478 3929 1788 3996 compedem,
1824 3932 1924 4001 ltuc

341 4012 456 4067 est,
487 4005 689 4072 applica
717 3998 1048 4057 silet-tionem
1079 4013 1220 4072 tuam
1251 3999 1316 4051 ad
1350 3998 1440 4054 Dei
1467 4013 1752 4072 prmcejita,
1780 4000 1924 4052 scili-

344 4087 458 4137 cet,
488 4069 540 4126 ui
561 4069 676 4128 non
706 4089 774 4128 ex
808 4073 1102 4138 coactione,
1131 4071 1226 4124 sed
1253 4084 1322 4123 ex
1351 4070 1527 4121 cordis
1556 4069 1835 4124 :Illectioue
1861 4085 1923 4124 ea

344 4146 638 4212 compleas.

430 4209 723 4269 secundum
764 4213 1161 4285 magnitudinem
1205 4209 1398 4264 bracltii
1424 4209 1518 4285 tui,
1563 4211 1724 4276 Quasi
1754 4210 1920 4264 dicat:

348 4286 429 4339 Ita
468 4290 585 4339 dsco
612 4281 923 4338 introeat'ad
959 4294 1010 4338 te
1035 4284 1248 4355 gemitus
1289 4281 1706 4350 compeditorum,
1741 4294 1796 4335 ut
1827 4287 1926 4355 boc

350 4361 514 4409 etiam
558 4355 740 4418 facuas,
773 4355 973 4409 scilicet
1026 4354 1319 4422 possideas,
1354 4367 1456 4405 non
1497 4362 1697 4405 tantum
1740 4354 1924 4406 morti-

353 4431 563 4491 ticatos,
599 4427 692 4479 sed
729 4427 892 4480 etiam
937 4427 1091 4489 tilios,
1137 4425 1186 4478 id
1226 4432 1329 4488 est,
1379 4424 1671 4492 imitatores
1717 4437 1924 4487 eorum,

350 4499 456 4550 hoc
498 4472 582 4549 εεί
619 4505 922 4550 sanctorum
972 4472 1285 4564 mat-,tyrutn,
1315 4472 1414 4561 'qu'i
1456 4509 1580 4547 vere
1629 4472 1930 4547 tnortiticati
1965 4472 2012 4532 ι)

348 4568 619 4630 dicuntur,
650 4565 770 4634 quia
802 4580 906 4619 non
937 4575 1138 4618 tantum
1169 4565 1372 4631 seipsos
1402 4565 1620 4618 interius
1652 4565 1935 4618 mortiﬁca-

353 4640 504 4702 bam,
535 4637 626 4690 sed
671 4638 831 4689 etiam
872 4635 1104 4689 exterius
1147 4635 1212 4688 ab
1245 4634 1483 4686 hostibus
1525 4635 1932 4687 mortiﬁcamur.

356 4710 424 4762 Et
453 4719 528 4770 tu,
560 4707 800 4770 Domine,
834 4705 1037 4773 posside
1065 4705 1184 4758 illos
1213 4703 1370 4772 ﬁlios,
1405 4703 1686 4773 secundum
1728 4705 1931 4773 magni-

358 4779 591 4830 tudinem
630 4772 952 4839 brachii'tui,
987 4775 1037 4827 id
1066 4783 1168 4835 est,
1218 4772 1692 4844 secundumquod
1745 4772 1934 4844 magna

357 4857 441 4901 est
466 4848 696 4914 potentia
731 4855 840 4911 tua,
881 4845 1104 4909 scilicet,
1147 4853 1205 4897 ut
1239 4857 1345 4896 non
1377 4853 1480 4895 tam
1511 4842 1813 4898 deterreant
1841 4842 1935 4898 eos

359 4932 535 4987 ptume
585 4919 818 4981 illorum,
876 4923 1132 4987 quantum
1193 4917 1412 4987 incitent
1463 4927 1555 4987 eos
1602 4915 1682 4987 ad
1724 4917 1937 4968 imitan-

361 4981 488 5040 dum
519 5002 733 5040 corona:
765 4981 1021 5054 ipsorum.
1064 4983 1130 5036 Et
1158 4983 1330 5036 vicinis
1360 4985 1567 5048 nostris,
1601 4981 1652 5036 id
1681 4995 1785 5049 est,
1821 5001 1939 5052 per-

363 5058 701 5111 secutoribus
745 5058 956 5121 nostris,
988 5057 1167 5119 redde,
1198 5071 1230 5108 o
1265 5055 1503 5120 Domine,
1550 5055 1936 5121 improperium,

365 5132 500 5197 quod
541 5127 968 5197 exprobrauerunt
1007 5127 1115 5190 tibi,
1146 5125 1382 5197 Domine,
1421 5139 1513 5197 per
1553 5140 1668 5189 nos,
1715 5128 1936 5191 scilicet,

368 5195 427 5252 ut
463 5195 614 5252 sicut
640 5199 737 5267 ipsi
771 5213 962 5251 nomen
1009 5208 1153 5249 tuum
1193 5198 1244 5248 in
1275 5196 1426 5248 nobis
1452 5195 1724 5249 destruere
1755 5199 1938 5250 volue-

369 5279 514 5332 runt,
547 5269 616 5322 ita
649 5271 750 5338 ipsi
778 5269 1120 5322 destruantur
1147 5279 1200 5320 et
1231 5267 1313 5319 bic
1341 5274 1399 5338 et
1435 5271 1486 5317 in
1520 5267 1716 5319 l‘muto.
1760 5268 1941 5338 Redde

369 5342 449 5394 eis
478 5339 646 5410 (dico)
675 5337 1143 5410 improperiumrin
1167 5338 1282 5388 sinu
1324 5337 1407 5388 vel
1435 5338 1660 5410 occulte,
1689 5337 1940 5410 quiaipsi

370 5405 941 5479 ignorant'utrumque,
983 5409 1208 5468 scilicet,
1251 5415 1302 5479 et
1338 5420 1397 5459 se
1446 5405 1532 5479 bic
1570 5409 1852 5479 esesecari,
1892 5416 1945 5460 et

373 5477 588 5534 tandem
637 5481 687 5534 in
731 5488 986 5532 aeternum
1031 5478 1307 5541 damnari;
1356 5480 1440 5531 vel
1489 5478 1540 5529 in
1586 5477 1725 5541 sinu,
1759 5481 1808 5531 id
1840 5488 1941 5545 est,

385 5553 625 5612 lirmiter,
655 5551 792 5603 sicut
833 5550 956 5603 illud
987 5549 1128 5618 quod
1177 5551 1398 5600 habetur
1430 5549 1651 5601 tirmiter
1697 5550 1940 5603 habetur.

383 5626 447 5676 lat
477 5626 575 5675 hoc
605 5621 913 5690 septuplum,
950 5622 999 5674 id
1027 5629 1130 5681 est,
1162 5630 1213 5672 et
1245 5623 1293 5671 in
1320 5632 1544 5684 corpore
1572 5629 1621 5671 et
1666 5620 1715 5671 iu
1748 5623 1942 5672 anima.

381 5695 728 5760 Septenartus
775 5696 915 5744 enim
957 5705 1207 5743 numerus
1256 5698 1464 5742 constat
1510 5705 1570 5742 ex
1608 5693 1839 5745 ternario
1893 5699 1947 5743 ct

380 5765 738 5832 quatetnario.
785 5762 847 5814 lit
893 5772 1151 5816 tcruat'tus
1194 5763 1402 5828 quidem
1451 5770 1674 5828 jL‘l‘llltCl
1716 5762 1779 5815 ad
1828 5779 1941 5816 ant~

2003 487 2224 550 scilicet,
2254 484 2684 542 irascibilitatem.
2735 483 3305 548 concupiscibilitatem
3333 493 3388 539 et
3415 486 3582 538 ratio-

2006 555 2350 608 nabilitatem.
2398 554 2778 620 Quaternarius
2831 555 3056 618 pertinet
3103 556 3165 604 ad
3197 569 3416 620 corpus,
3447 571 3572 620 pro-

2007 636 2122 693 pter
2171 635 2397 689 quatuor
2445 623 2727 684 elementa,
2777 639 2840 676 ex
2886 624 3076 693 quibus
3125 634 3352 678 constat.
3401 626 3580 680 Potest

2007 705 2166 749 etiam
2201 698 2251 747 in
2281 697 2419 748 bono
2444 693 2547 747 dici
2577 695 2652 746 sic
2684 711 2693 744 :
2732 693 2904 764 Redde
2945 693 3120 746 vicinis
3150 697 3337 747 nostris
3387 696 3579 764 impro-

2006 767 2202 834 periunt
2229 767 2473 833 ipsorum,
2504 765 2642 833 quod
2672 763 3106 834 exprobrauerunt
3136 765 3244 824 tibi,
3271 765 3320 818 id
3351 763 3463 828 est,
3487 766 3586 820 huc

2007 833 2146 902 quod
2195 850 2384 888 nomen
2417 845 2560 887 tuum
2611 834 2661 886 in
2697 833 2848 885 nobis
2877 834 3057 886 delere
3088 835 3388 900 voluerunt,
3423 837 3584 890 redde

2011 907 2438 973 ρει-ςιιευιοι-ἱῠιιε
2467 903 2661 958 nostris
2686 904 2736 956 in
2759 905 2874 957 sinu
2897 917 3080 956 eorum
3099 944 3126 973 ,γ
3165 905 3213 956 id
3238 914 3320 960 est
3339 946 3354 972 ,
3382 907 3433 959 in
3465 908 3587 958 ani-

2008 972 2117 1037 ina,
2143 983 2197 1028 et
2219 980 2319 1029 hoc
2335 975 2644 1044 septuplnm,
2677 974 2726 1026 id
2749 982 2833 1027 est
2856 988 2948 1041 per
2965 972 3334 1044 septiformem
3361 977 3583 1041 gratiam

2010 1046 2237 1112 Spiritus
2267 1043 2456 1108 sancti,
2488 1047 2712 1105 scilicet,
2746 1043 2816 1096 ita
2850 1045 3014 1097 redde
3041 1043 3139 1104 eis.
3165 1053 3241 1105 ut.
3274 1045 3591 1099 illuminatis

2012 1115 2262 1170 cordibus
2309 1130 2494 1169 eorum
2545 1114 2840 1182 septiformi
2900 1114 3063 1173 gratia
3113 1115 3338 1182 Spiritus
3395 1118 3586 1175 sancti,

2012 1187 2149 1239 idem
2183 1187 2550 1252 opprobrium.
2580 1185 2716 1249 quod
2747 1183 3178 1253 exprobrauerunt
3210 1186 3300 1239 tibi
3332 1187 3382 1238 in
3416 1186 3578 1246 nobis.

2016 1256 2111 1326 ipsi
2128 1257 2410 1326 patiantur
2437 1255 2506 1308 ab
2525 1255 2662 1326 aliis.

2088 1325 2197 1379 Nos
2215 1337 2382 1380 autem
2406 1325 2624 1393 populus
2655 1334 2792 1379 tuus.
2827 1325 2934 1379 Illis
2963 1326 3174 1390 quidem
3207 1327 3583 1394 impropeiiuiu

2015 1396 2198 1461 redde,
2227 1413 2315 1449 nos
2341 1408 2506 1450 autem
2539 1395 2729 1463 quibus
2759 1396 2858 1462 ipsi
2891 1395 3345 1464 improperabaut.
3376 1409 3428 1450 et
3455 1413 3589 1463 quos

2015 1467 2361 1528 devocabant,
2395 1468 2481 1533 qui
2520 1481 2704 1520 sumus
2747 1468 2966 1536 populus
3007 1479 3145 1533 tuus,
3193 1467 3286 1520 tibi
3326 1468 3588 1524 subditus.

2014 1546 2058 1588 et
2089 1538 2177 1605 qui
2207 1553 2388 1589 sumus
2415 1553 2529 1589 oves
2559 1553 2762 1603 pascua:
2791 1548 2908 1599 ttae,
2947 1538 2994 1589 id
3025 1547 3125 1598 est,
3155 1551 3288 1605 quos
3318 1549 3370 1590 tu
3403 1540 3591 1605 pavisti

2015 1607 2374 1674 Spiritualibus
2419 1607 2676 1660 doctrinis
2713 1617 2765 1660 et
2797 1608 2960 1661 sacris
3008 1608 3283 1660 institutis.
3331 1607 3458 1670 Nos,
3509 1608 3590 1661 in-

2017 1692 2198 1744 quant,
2252 1691 2357 1730 non
2389 1677 2510 1730 dico
2545 1679 2915 1742 contiteamur,
2965 1686 3210 1743 tanquam
3253 1677 3470 1731 dubiqu
3504 1679 3594 1740 sit,

1946 1771 1990 1829 Β
2019 1747 2136 1829 sed_
2167 1762 2258 1829 pro
2307 1747 2620 1829 crrto_dico
2666 1749 2787 1814 quia
2841 1746 3192 1829 conﬁtebimur
3243 1747 3352 1811 tibi,
3403 1749 3526 1829 quia
3567 1765 3594 1800 a

2019 1815 2172 1870 laude
2198 1827 2285 1869 tua
2324 1832 2427 1869 non
2457 1814 2772 1869 desistetnus
2821 1830 2918 1884 per
2944 1817 3042 1868 hoc
3070 1831 3304 1882 prazsens
3325 1814 3590 1878 stecttlum.

2015 1896 2069 1940 et
2098 1888 2310 1940 tandem
2338 1901 2458 1939 vere
2490 1898 2541 1939 et
2569 1887 2894 1940 aeternaliter
2941 1887 3356 1940 annuntiabimus
3385 1888 3594 1940 laudem

2017 1968 2156 2008 tuam
2185 1958 2238 2008 in
2261 1957 2631 2027 genera'ionem
2651 1966 2694 2007 et
2715 1957 3110 2026 generationem,
3133 1956 3304 2020 id'est,
3338 1956 3390 2010 in
3422 1958 3593 2010 futura

2015 2029 2378 2095 generatione,
2411 2041 2526 2094 quae
2577 2027 2680 2080 erit
2706 2030 3005 2095 generatio,
3062 2027 3113 2080 id
3145 2037 3227 2081 est
3281 2029 3596 2082 indeliciens

2017 2098 2315 2166 generatio.

2458 2166 2521 2220 IN
2567 2165 2883 2222 PSALMUM
2923 2166 3161 2222 ιΧΧιΧ.

2022 2259 2076 2312 lu
2119 2257 2278 2312 [luem
2321 2257 2527 2326 probis
2565 2257 2654 2324 qui
2693 2260 3184 2323 counnutabuntnr,
3231 2259 3594 2313 testimonium

2563 2327 2763 2394 Asaph,
2802 2329 3053 2395 psalmus.
3549 2327 3556 2334 ’

2623 2432 2996 2473 ΑΒϐυΜιΞΝΤυδΙ.

2094 2509 2156 2563 Ει
2183 2508 2269 2562 hic
2291 2507 2718 2564 Machabtcorum
2750 2525 2934 2577 preces
2960 2521 3232 2570 resonant,
3267 2521 3322 2564 ut
3346 2511 3601 2566 Dominus

2022 2588 2278 2634 consueta
2307 2579 2564 2650 [Lenelicia
2596 2595 2701 2633 non
2733 2582 3026 2636 subtrahat.
3061 2581 3227 2635 Aliter
3260 2596 3356 2635 vos
3387 2592 3602 2650 apes-to-

2025 2652 2194 2704 lorum
2225 2649 2292 2704 de
2319 2648 2559 2704 Ecclesia
2587 2650 2652 2702 ad
2688 2652 2991 2706 Dominum.

2635 2757 2985 2795 EXPLANATIO.

2094 2833 2224 2886 Cum
2247 2833 2412 2902 prima
2442 2831 2577 2884 tituli
2602 2832 2750 2885 verba
2772 2835 2882 2899 jam
2915 2844 3036 2887 nota
3064 2836 3182 2900 sint,
3208 2844 3361 2887 restat
3387 2841 3441 2886 ut
3471 2837 3606 2887 testi-

2024 2909 2248 2956 monium
2271 2903 2442 2970 Asaph
2479 2904 2602 2970 quit!
2645 2905 2892 2972 significet
2933 2907 3271 2971 inquiramns.
3306 2905 3409 2957 Iste
3431 2910 3602 2970 Asap/t

2022 2984 2140 3027 ante
2161 2975 2405 3043 trepidus,
2430 2987 2547 3027 ante
2569 2975 2837 3037 sollicitus,
2861 2975 2949 3044 qui
2971 2993 3060 3042 pro
3079 2975 3367 3044 Synagogte
3392 2979 3607 3042 peccatis

2025 3043 2238 3114 psalmis
2276 3045 2526 3108 prioribus
2569 3045 2816 3106 exoravit,
2864 3043 3004 3098 tanta
3049 3043 3180 3097 nunc
3210 3043 3606 3114 prwsttmptione

1950 3115 1993 3174 C
2028 3117 2336 3182 completur,
2370 3125 2421 3164 ut
2445 3117 2558 3183 jam
2597 3117 2920 3167 commutatis
2957 3118 3008 3168 in
3049 3117 3230 3168 melius
3261 3118 3602 3168 testimonium

2028 3185 2422 3237 conversationis
2453 3184 2656 3237 reddat.
2688 3185 2819 3236 L’icit
2853 3187 2986 3237 enim
3022 3187 3084 3236 tle
3127 3187 3289 3253 primo
3324 3185 3605 3239 Saluatoris

2025 3257 2263 3317 adventu,
2291 3271 2378 3321 qut
2409 3254 2663 3306 hominem
2685 3255 2930 3325 _t_~itiatunt
2955 3258 3020 3306 atl
3046 3295 3049 3298 .
3071 3257 3220 3306 alatis
3250 3254 3386 3306 dona
3417 3259 3605 3325 perdu-

2023 3326 2120 3386 xit,
2148 3325 2546 3390 translatantque
2569 3325 2631 3375 de
2655 3323 2884 3391 xlii/ymo
2906 3325 3099 3377 vineam
3122 3325 3357 3392 potentiae
3385 3323 3490 3378 sua:
3517 3343 3605 3378 ra-

2025 3396 2135 3446 dice
2165 3409 2202 3445 s:
2225 3393 2422 3458 lidavit,
2452 3397 2546 3445 hoc
2573 3402 2665 3455 est,
2691 3398 2773 3453 qui
2797 3395 2916 3445 dicit
2945 3395 3280 3447 testimonium
3308 3411 3399 3462 pro
3422 3397 3497 3447 Itis
3519 3398 3605 3462 qui

2024 3464 2450 3532 intnttttabtmtur,
2478 3464 2648 3532 Asap/t
2681 3465 2771 3514 iste
2797 3480 2943 3532 quem
2975 3465 3150 3516 titulus
3176 3468 3438 3530 pra‘cinuit
3465 3482 3602 3517 ccut-

2028 3543 2296 3586 ntutatum.
2341 3531 2406 3585 In
2431 3531 2592 3601 prima
2619 3531 2837 3586 sectione
2861 3532 3063 3586 Domini
3091 3535 3394 3600 deprecatur
3421 3540 3606 3587 adven-

2026 3615 2152 3656 tum.
2189 3602 2426 3658 Secunda
2466 3613 2676 3656 testatur
2714 3605 3138 3668 quemadmodum
3176 3607 3341 3667 vinea,
3385 3621 3499 3674 quia
3537 3620 3607 3657 est

2027 3673 2285 3734 Ecclesia,
2326 3685 2430 3724 tota
2469 3675 2533 3725 sit
2577 3675 2691 3725 orbe
2729 3675 2964 3726 dilatata.
3016 3673 3184 3727 Tertia
3227 3673 3604 3728 lncarnutionis

2027 3747 2137 3812 ejus
2167 3744 2404 3807 beneﬁcio
2429 3761 2518 3810 per
2546 3745 2925 3797 similitudinem
2954 3745 3108 3797 vinea:
3140 3747 3331 3797 visi‘ari
3359 3749 3602 3814 ἄραρ’-ειη·

2028 3825 2109 3868 tur
2134 3814 2434 3878 Ecclesium,
2469 3830 2616 3884 seque
2645 3815 2866 3866 Domino
2897 3816 3116 3882 postulat
3145 3815 3424 3870 att/tmere.

2609 3923 3032 3964 COHNENTARIUS.

2102 4003 2200 4069 Qui
2229 4005 2363 4071 regis
2389 4000 2555 4054 Israel
2579 4044 2591 4066 ,
2621 4003 2842 4056 intende.
2877 4001 3116 4058 Psalmus
3144 4005 3242 4059 iste
3268 4013 3511 4059 cantatur
3539 4006 3609 4061 de

2031 4074 2256 4126 adventu
2293 4072 2498 4126 Domini
2527 4084 2579 4125 et
2606 4071 2900 4127 Salvatoris
2935 4077 3098 4128 nostri
3127 4074 3252 4128 .Iesu
3285 4077 3482 4130 CitriSIi
3508 4119 3518 4131 .
3552 4089 3609 4131 ει·

2029 4145 2097 4197 de
2129 4144 2282 4196 vinea
2315 4142 2430 4210 ejus
2458 4159 2470 4203 ;
2503 4151 2683 4196 cantat
2711 4152 2887 4196 autem
2917 4160 3038 4198 eum
3072 4146 3248 4213 Asaph
3284 4147 3612 4202 illuminatus

2031 4225 2190 4287 atque
2217 4223 2509 4287 correctus.
2539 4213 2601 4266 Et
2630 4227 2709 4287 est
2739 4217 2924 4287 titulus
2949 4215 3065 4285 ejus
3093 4234 3105 4268 :
3137 4217 3204 4268 In
3235 4217 3384 4282 ﬁnem
3411 4235 3503 4287 pro
3527 4219 3608 4272 his

2030 4286 2116 4352 qui
2145 4283 2609 4336 commutabuntur.
2639 4284 2918 4349 Quomodo
2945 4283 3458 4340 commutabuntur?
3497 4289 3606 4341 [Iti-

2031 4371 2134 4423 que
2160 4357 2210 4407 in
2240 4353 2447 4408 melius.
2483 4354 2545 4407 Et
2573 4356 2645 4407 ait
2676 4372 2688 4424 ς
2723 4354 3086 4408 Testimonium
3111 4357 3211 4424 ipsi
3238 4358 3411 4424 Asaph
3433 4396 3448 4419 ,
3478 4359 3606 4410 sub-

2037 4428 2185 4479 audit
2250 4426 2587 4479 attributum.
2645 4423 3030 4495 Testimonium
3087 4423 3268 4495 utique
3332 4423 3604 4492 veritatis,

2041 4497 2402 4549 testimonium
2436 4497 2654 4548 bonum.
2691 4494 2802 4548 Hoc
2828 4495 3059 4564 denique
3090 4494 3452 4550 testimonium
3479 4511 3606 4552 con-

2041 4570 2216 4620 titetur
2245 4564 2515 4618 Christum
2545 4573 2601 4617 et
2632 4565 2839 4618 vineam
2861 4606 2875 4629 ,
2903 4565 2954 4617 id
2983 4572 3094 4631 est,
3128 4577 3285 4631 caput
3310 4577 3363 4620 et
3391 4580 3608 4636 corpus,

2041 4651 2218 4705 regem
2259 4636 2596 4706 et‘plebem,
2640 4645 2906 4702 pastorem
2950 4645 3003 4688 et
3037 4651 3296 4706 gregem;
3337 4647 3393 4692 et
3435 4647 3605 4692 totum

2037 4703 2274 4760 omnium
2305 4703 2696 4772 Scripturarum
2731 4707 3072 4774 mysterium,
3107 4703 3158 4759 id
3187 4720 3300 4771 est,
3333 4707 3608 4762 (lbristuui

2039 4787 2092 4830 et
2122 4775 2415 4829 Ecclesiam
2437 4817 2450 4840 ,
2482 4784 2536 4847 et
2563 4775 2833 4847 concludit
2867 4791 2960 4837 pro
2994 4777 3250 4846 Assyriis.
3291 4779 3497 4847 Assyrii
3527 4778 3610 4833 in-

2040 4852 2402 4914 terpretantur
2439 4845 2736 4913 dirigentes.
2792 4846 3000 4898 Etenim
3051 4847 3232 4915 Asaplt
3274 4845 3418 4903 hunc
3459 4851 3604 4915 psal-

2042 4932 2220 4988 mum,
2275 4916 2509 4988 idest,
2557 4915 2656 4967 ltoc
2703 4919 3062 4988 testimonium
3110 4916 3242 4971 Jesu'
3283 4928 3465 4974 cantat
3513 4935 3609 4988 pro

2041 4986 2287 5040 omnibus
2317 4985 2398 5038 his
2424 4986 2513 5054 qui
2541 4985 3004 5039 commutabuntur
3033 4988 3082 5040 in
3113 4990 3304 5044 melius
3327 5033 3341 5055 ,
3375 4985 3608 5044 maxime

2043 5068 2220 5110 tamen
2263 5070 2357 5122 pro
2396 5056 2500 5108 illis
2541 5057 2679 5128 male
2709 5069 2768 5108 se
2795 5057 3182 5128 dirigentibus,
3216 5063 3305 5127 qui
3344 5061 3603 5128 justitiam

2042 5143 2191 5180 suam
2220 5138 2456 5196 statuere
2486 5127 2699 5190 volunt,
2729 5138 2781 5180 et
2808 5127 3030 5196 justitite
3064 5129 3154 5184 Dei
3189 5146 3290 5184 non
3324 5127 3447 5184 esse
3476 5133 3602 5182 θυι).

2037 5198 2163 5266 jccu
2185 5240 2200 5264 ,
2253 5195 2486 5261 scilicet,
2536 5205 2596 5269 ut
2618 5195 2848 5264 amplius
2875 5213 2980 5252 non
3009 5202 3114 5253 sint
3143 5205 3418 5269 generatio
3450 5215 3609 5266 prava

2043 5279 2098 5322 et
2127 5279 2449 5334 exasperatis
2469 5309 2483 5333 ,
2511 5267 2632 5334 quia
2665 5283 2769 5321 non
2799 5269 3107 5324 direxerant
3132 5267 3223 5335 se,
3257 5272 3349 5324 sed
3379 5272 3610 5337 dirigant

2043 5353 2102 5392 se
2143 5341 2194 5390 in
2236 5352 2380 5389 Viam
2419 5337 2604 5390 salutis
2640 5347 2876 5392 :eternte.
2919 5340 3210 5393 Audiamus
3236 5355 3365 5405 ergo
3393 5341 3519 5408 quid
3556 5344 3606 5395 in

2047 5413 2148 5462 hoc
2179 5407 2474 5478 pr0pbetiaj:
2499 5408 2719 5475 spiritus
2752 5409 3016 5474 insinuet,
3052 5413 3120 5462 ita
3153 5413 3338 5464 dicens
3368 5407 3571 5478 Asapli.

2121 5475 2228 5552 Qui
2261 5477 2393 5546 regis
2436 5475 2630 5552 lsrael,
2672 5479 2896 5535 intende.
2938 5481 3097 5545 Quasi
3137 5481 3314 5534 dicat:
3349 5482 3426 5535 'l'u
3455 5475 3609 5552 cujus

2048 5549 2268 5602 arbitrio
2314 5548 2487 5618 omnia
2541 5559 2791 5601 creantur
2839 5559 2892 5601 et
2938 5552 3323 5618 gubernantur,
3376 5548 3606 5608 maxumi

2051 5630 2225 5673 tamen
2254 5622 2389 5690 regis
2420 5617 2624 5681 Israel,
2656 5620 2704 5670 id
2735 5627 2850 5681 est,
2884 5617 3002 5672 illus
3032 5625 3116 5690 qui
3145 5631 3271 5674 sunt
3300 5623 3394 5676 viri
3424 5626 3605 5678 viden-

2052 5702 2130 5743 tes
2171 5701 2220 5744 te
2252 5689 2416 5742 Deum
2457 5704 2594 5740 nunc
2634 5691 2734 5761 lide
2761 5728 2776 5751 ,
2820 5695 3028 5743 tandem
3056 5689 3232 5744 'visnri
3272 5695 3487 5761 specie;
3523 5705 3599 5758 tu,

2059 5765 2266 5831 inquam
2301 5761 2476 5830 (quasi
2508 5759 2703 5829 dicat),
2742 5763 2882 5829 prius
2917 5763 3170 5819 remissus
3201 5759 3352 5829 cras,
3385 5768 3596 5835 quando
