4010 6190
401 245 505 304 9Ιῦ

406 438 558 492 nobis
585 437 853 492 iutensum
874 478 889 500 ,
911 438 1203 491 revelando
1232 437 1387 489 nobis
1416 435 1652 489 divinam
1684 438 1978 500 potentiam

408 520 591 567 tuam.
625 519 675 562 et
706 511 883 562 lumen
924 509 1114 569 gratim
1154 518 1279 560 tute.
1323 507 1400 559 Tu
1440 505 1598 570 dico,
1640 506 1730 573 qui
1770 505 1979 557 deducis

406 596 505 649 per
542 580 810 633 desertum
855 578 1011 649 hujus
1043 579 1164 632 vita:
1200 576 1433 649 Joseplt,
1479 576 1527 628 id
1570 585 1696 649 est,_
1726 580 1978 649 populum

408 644 740 717 designatum
773 663 866 714 per
894 648 1091 715 Jusepli
1116 687 1131 710 ,
1166 644 1434 716 pascendo
1465 662 1585 701 eum
1619 644 1983 717 spiritualibus

409 718 666 773 institutis
698 719 1157 786 atquemySteriis
1185 730 1427 785 tanquam
1460 733 1594 777 oves,
1628 716 1867 770 intende.
1902 717 1982 768 lii-

408 800 631 843 vocatur
662 797 719 840 ut
745 790 929 842 veniat
949 832 961 851 ,
995 802 1334 853 exsiiectatur
1362 796 1421 841 ιιι
1451 789 1665 849 veniat,
1699 788 1977 841 desidera—

414 872 499 913 tur
529 869 583 912 ut
615 860 830 925 veniat,
868 874 997 925 ergo
1025 858 1317 926 dirigentes
1356 859 1611 912 inveniat.
1648 857 1764 923 Ipse
1796 865 1977 910 autem

408 930 607 995 .lusepli
636 939 719 983 est
750 944 898 983 oves.
945 929 1005 982 Et
1048 930 1287 997 intellige
1328 944 1421 994 per
1448 927 1644 995 .Iosepli
1690 928 1873 981 fideles
1913 928 1980 982 de

410 1001 679 1071 gentibus,
704 999 853 1070 juxta
882 999 1115 1071 nominis
1142 998 1634 1071 interpretationem
1658 1014 1672 1063 ;
1701 1012 1795 1066 per
1822 998 1981 1053 Israel

412 1068 540 1125 vero
572 1068 754 1125 ﬁdeles
783 1070 850 1123 de
878 1070 1076 1124 Judreis
1096 1111 1111 1131 ,
1138 1072 1319 1124 audito
1344 1068 1539 1135 Joseph
1562 1110 1575 1132 ,
1606 1078 1855 1134 tanquam
1886 1084 1979 1121 no-

412 1142 570 1195 minis
620 1142 987 1208 interpretatio
1034 1138 1257 1195 multum
1300 1142 1481 1209 juvet,
1531 1138 1793 1209 significat
1834 1143 1978 1192 enim

409 1222 755 1280 augmentum.
807 1210 872 1263 Et
923 1210 1051 1264 illud
1084 1212 1268 1279 utique
1298 1208 1520 1280 granum
1561 1208 1756 1262 cecidit
1785 1208 1836 1261 in
1869 1218 1979 1280 terg

412 1278 523 1335 rain
575 1280 974 1345 mortificatum,
1005 1293 1062 1335 ut
1108 1278 1413 1347 resurgeret
1463 1280 1894 1348 multiplicatum,
1926 1278 1977 1332 id

412 1362 521 1415 est,
554 1362 610 1404 ut
638 1361 923 1419 augeretur
953 1352 1178 1420 populus
1210 1351 1298 1405 Dei
1325 1370 1339 1413 ;
1375 1360 1549 1404 tamen
1597 1350 1979 1403 attendendum

415 1433 498 1477 est
528 1423 683 1476 nobis
711 1422 851 1491 quod
884 1422 937 1475 in
971 1422 1087 1490 ipso
1115 1422 1316 1489 Joseph
1356 1422 1597 1488 contigit.
1637 1422 1681 1474 A
1723 1420 1979 1476 fratribus

418 1492 613 1562 quippe
643 1503 727 1548 est
756 1494 1037 1558 venditus,
1068 1509 1095 1545 a
1127 1494 1237 1546 suis
1269 1492 1617 1545 iulionnratus
1637 1530 1651 1554 ,
1681 1491 1819 1562 apud
1850 1491 1981 1543 alie-

419 1561 638 1629 nigenas
684 1563 989 1629 exaltatus;
1031 1574 1084 1618 et
1125 1562 1481 1632 intelligamus
1523 1563 1573 1615 iu
1616 1561 1766 1627 cujus
1819 1574 1980 1629 grege

413 1647 534 1687 esse
571 1632 894 1697 debeamus,
935 1651 1054 1688 cum
1093 1632 1179 1687 his
1218 1638 1305 1701 qui
1343 1633 1452 1702 jam
1494 1632 1728 1699 dirigunt
1778 1646 1870 1696 se,
1923 1640 1980 1684 ut

858 248 1064 304 BEDAS
1110 247 1555 304 VENERADILIS
1592 248 1743 302 OPP.
1790 248 1969 303 PARS
2012 248 2073 302 11.
2116 248 2307 304 SECT.
2352 249 2411 303 11.
2444 280 2514 291 -η-
2552 250 2754 304 DUBIA
2798 249 2882 303 ET
2922 247 3187 303 SPUlilA.

410 365 512 421 sub
550 367 691 421 nube
731 369 906 420 carnis
946 367 1185 429 latebas,
1226 367 1472 427 intende,
1514 362 1564 417 id
1614 371 1738 427 est,
1796 362 1882 417 fac
1931 373 1981 419 te
2014 353 2057 422 Α
2091 367 2269 421 carnis
2316 366 2597 425 obtexiSIi.

3548 250 3655 305 916

2644 366 2767 434 quia
2815 380 2919 418 non
2970 364 3238 419 videbaris
3263 366 3410 431 ipse,
3441 370 3660 436 quando

2087 437 2427 502 praecedebas
2478 437 2528 490 in
2574 451 2767 498 cruce,
2816 436 2961 505 quod
3002 439 3113 503 jam
3158 436 3354 491 factum
3386 448 3486 492 est.
3518 438 3657 504 Quia

2083 522 2189 559 non
2220 507 2473 573 cognovit
2504 508 2679 573 Asaph
2717 506 3000 559 Dominum
3036 508 3087 559 in
3120 516 3264 561 terra
3296 518 3655 574 przeseutem.

2085 578 2341 630 miracula
2392 578 2713 640 facientem,
2766 579 3130 642 morientem;
3192 588 3470 646 postquam
3526 595 3655 634 vero

2083 647 2312 701 surrexit
2340 663 2369 701 a
2400 648 2627 701 mortuis
2657 647 2915 701 Dominus
2934 690 2950 712 ,
2982 658 3034 701 et
3062 648 3339 710 ascendit,
3374 659 3497 703 tunc
3527 666 3654 707 eum

2082 719 2330 785 agnovit,
2364 728 2419 772 et
2448 728 2827 786 compunctum
2857 720 3020 773 Corde
3050 717 3152 772 hoc
3195 718 3557 773 testimonium
3589 722 3661 776 de

2082 804 2147 839 eo
2175 789 2328 841 dixit.
2364 788 2443 842 Illi
2478 804 2606 843 vero
2632 790 2823 857 quibus
2873 789 2973 843 lioc
3019 787 3380 843 testimonium
3413 790 3572 857 dicit,
3606 792 3659 845 id

2083 868 2166 929 est
2186 898 2201 920 ,
2234 861 2472 929 Assyrii,
2503 861 2774 926 quomodo
2797 861 3124 926 agnoscent?
3150 859 3282 926 Quia
3307 862 3552 915 ostetuiet
3578 863 3657 919 eis

2085 926 2271 999 faciem
2304 926 2451 981 suam
2475 970 2490 991 ,
2521 942 2573 984 et
2604 930 2735 983 salvi
2769 939 2949 984 erunt.
2984 931 3050 984 Et
3082 940 3165 983 est
3194 930 3383 999 (quasi
3417 932 3562 985 dicat
3590 933 3608 999 )
3638 949 3655 986 :

2084 998 2347 1071 Dbtexisti
2397 1000 2581 1053 faciem
2635 1013 2807 1060 tuam,
2854 1010 2912 1054 et
2966 998 3381 1071 aegrotaviiuus;
3439 998 3653 1057 ostende

2083 1069 2262 1137 [aciem
2294 1081 2433 1122 tuam
2453 1112 2466 1135 ,
2498 1078 2545 1124 et
2574 1073 2702 1124 salvi
2731 1072 2937 1125 erimus.

2159 1140 2405 1204 Domine,
2456 1140 2596 1193 Deus
2643 1142 2912 1195 virtutum.
2959 1140 3229 1205 Ostende,
3275 1142 3532 1210 inquam,
3580 1150 3661 1196 ta-

2082 1209 2219 1264 ciem
2272 1222 2433 1265 tuam.
2471 1213 2601 1263 Nam
2636 1212 2833 1265 videris
2864 1212 3015 1278 quasi
3049 1214 3250 1279 iratus,
3282 1209 3518 1280 quandiu
3557 1213 3663 1267 dif-

2085 1280 2192 1333 fers
2239 1282 2523 1335 ostendere
2549 1298 2563 1345 ;
2591 1282 2683 1335 sed
2708 1321 2723 1347 ,
2753 1295 2786 1335 ο
2816 1280 3035 1335 Domine
3070 1282 3201 1335 Deus
3220 1321 3235 1344 ,
3266 1283 3425 1335 etiam
3468 1299 3660 1348 super—

2082 1352 2378 1405 crrlestium
2412 1353 2653 1404 virtutum
2681 1392 2694 1413 ,
2725 1368 2989 1420 quousque
3016 1353 3252 1405 irasceris
3291 1367 3446 1417 super
3474 1356 3665 1406 oratio-

2084 1437 2232 1485 nem,
2268 1421 2317 1475 id
2351 1430 2464 1483 est,
2506 1424 2742 1488 quandiu
2785 1421 2899 1475 haec
2935 1421 3010 1475 ira
3064 1433 3152 1475 tua
3202 1423 3303 1476 erit
3344 1437 3508 1489 super
3536 1439 3663 1477 Ora-

2086 1494 2321 1553 tionem,
2374 1492 2495 1558 quia
2544 1492 2671 1545 facit
2720 1502 2778 1545 ut
2824 1490 3074 1546 effectum
3109 1510 3215 1546 nou
3260 1493 3454 1546 babeat
3483 1496 3660 1548 oratio

2082 1562 2210 1615 servi
2240 1562 2314 1614 tui
2339 1563 2363 1615 ?
2392 1563 2552 1629 Quasi
2583 1562 2726 1617 dicat
2752 1581 2764 1616 :
2799 1562 2855 1617 Si
2886 1562 3203 1617 irascebaris
3252 1564 3513 1626 inimicis,
3559 1564 3665 1618 ira-

2083 1632 2248 1686 sceris
2279 1632 2451 1685 adhuc
2481 1633 2652 1704 servis
2684 1634 2809 1686 tuis.
2851 1632 3178 1704 Qonvertisti
3211 1648 3327 1704 nos,
3360 1645 3413 1688 et
3442 1637 3665 1704 agnovi-

420 1703 551 1773 lapis
579 1704 1035 1780 ab_a’diﬁcanlibus
1059 1701 1380 1780 reprobatus,
1410 1704 1499 1780 ﬁat
1528 1704 1576 1755 in
1608 1712 1757 1780 caput
1783 1702 1977 1780 anguli,
2015 1715 2059 1773 Β
2091 1718 2236 1764 mus,
2270 1713 2323 1755 et
2349 1703 2524 1780 adhuc
2551 1703 2840 1780 irasceris?
2871 1701 3034 1780 Plane
3061 1705 3242 1780 utique
3266 1701 3534 1769 irasceris,
3566 1704 3665 1758 sed

422 1782 608 1828 tenens
636 1776 769 1827 duos
801 1780 1032 1841 parietes
1063 1792 1092 1829 e
1122 1776 1336 1828 diverso
1369 1776 1675 1834 venientes,
1709 1774 1758 1823 in
1787 1774 1983 1838 angulo

416 1855 596 1898 tamen
628 1845 1027 1899 caiiveiiienles.
1060 1845 1310 1911 Sequitur
1337 1862 1348 1896 :

492 1916 594 1980 Qui
618 1914 759 1967 sedes
785 1932 937 1985 super
961 1915 1226 1969 cherubin.
1248 1914 1515 1985 Cherubin
1542 1912 1804 1981 plenitudo
1828 1912 1988 1985 scien-

419 1985 506 2037 tia:
544 1987 946 2052 interpretatur.
989 1986 1161 2040 Habet
1199 1994 1377 2039 autem
1418 1984 1508 2037 ille
1538 1985 1775 2037 scientia:
1807 1984 1989 2051 pleni-

419 2055 657 2108 tudinem
680 2096 694 2119 ,
730 2056 817 2123 qui
852 2056 1012 2109 habet
1042 2056 1352 2109 charitatem
1375 2096 1389 2119 ,
1420 2056 1541 2123 quia
1572 2054 1833 2114 plenitudo
1863 2055 1989 2122 legis

420 2135 494 2178 cst
523 2125 769 2180 charitas.
802 2124 879 2179 Ne
906 2140 1036 2195 ergo
1065 2142 1160 2196 per
1188 2126 1353 2180 multa
1383 2125 1765 2196 distrahantur,
1800 2138 1867 2177 ne
1899 2140 1991 2190 per

424 2197 587 2248 multa
635 2212 926 2266 vagamur,
976 2194 1022 2249 εἰ
1066 2194 1318 2251 volumus
1366 2195 1562 2249 habere
1600 2194 1841 2266 sciente:
1882 2196 1990 2262 ple-

422 2264 752 2334 nitudinem,
803 2266 1093 2321 habeamus
1136 2268 1473 2322 cbaritatcm.
1528 2264 1663 2331 Quid
1703 2264 1842 2318 enim
1888 2280 1985 2317 ne—

424 2347 527 2391 scit
566 2338 653 2406 qui
694 2337 1008 2392 charitateui
1050 2338 1196 2392 scit?
1238 2338 1434 2403 Utique
1472 2338 1649 2388 omnia
1688 2344 1827 2398 scu,
1868 2335 1991 2403 quia

425 2406 586 2459 Deum
636 2409 757 2462 scit.
791 2406 1054 2475 Scriptum
1102 2418 1183 2464 est
1228 2409 1371 2462 enim
1417 2408 1539 2475 quia
1585 2406 1723 2459 Deus
1767 2406 1992 2457 cliaritas

418 2486 512 2529 est.
558 2478 621 2531 Et
660 2490 741 2532 est
776 2478 997 2548 dicere:
1040 2480 1117 2531 Tit
1154 2480 1242 2548 qui
1279 2480 1421 2532 sedes
1461 2492 1611 2545 super
1637 2476 1904 2537 cherubin,
1939 2475 1991 2528 id

419 2556 540 2612 est,
572 2548 661 2615 qui
699 2549 854 2603 sedes
885 2547 936 2599 in
967 2547 1069 2602 illis
1098 2547 1184 2616 qui
1229 2559 1351 2601 sunt
1388 2548 1680 2610 cherubin,
1723 2555 1781 2599 ut
1825 2560 1990 2616 supe-

429 2616 572 2687 rius;
603 2618 777 2671 anima
812 2619 955 2671 enim
984 2614 1127 2687 justi
1155 2620 1309 2673 sedes
1348 2629 1431 2672 est
1472 2616 1767 2683 sapientiai.
1814 2614 1989 2667 Mani-

418 2685 632 2753 festare.
665 2690 825 2754 Quasi
865 2685 1048 2742 dicat:
1098 2689 1434 2752 Eiravimus,
1468 2688 1589 2756 quia
1633 2696 1684 2739 te
1724 2695 1990 2754 pastorem

423 2773 526 2828 non
558 2760 872 2828 agnovimus
899 2776 912 2823 ;
944 2769 997 2814 et
1027 2759 1145 2814 ideo
1176 2758 1457 2813 manifesta
1492 2772 1542 2810 te
1572 2757 1727 2810 nobis
1749 2797 1763 2821 ,
1795 2768 1850 2809 ut
1879 2771 1992 2809 am-

420 2827 555 2891 plius
587 2844 692 2882 non
726 2844 986 2883 erremus.
1021 2828 1389 2897 Manifestare,
1422 2830 1564 2893 dico,
1599 2837 1655 2881 ut
1681 2829 1754 2881 sis
1782 2843 1987 2893 coram,

420 2897 477 2970 id
502 2905 618 2970 est,
642 2909 699 2952 ut
722 2914 979 2969 appareas
1007 2900 1249 2968 Ephraiin
1269 2940 1285 2964 ,
1319 2899 1587 2970 Benjumin
1611 2940 1624 2962 ,
1656 2908 1702 2951 et
1729 2897 1987 2951 Manasse.

419 2966 677 3022 Videntur
706 2966 877 3039 majus
908 2966 1158 3035 quiddam
1191 2972 1303 3024 btec
1331 2966 1543 3023 nomina
1571 2969 1794 3022 alterum
1824 2973 1993 3021 altero

425 3048 631 3105 nutare,
664 3043 756 3096 sed
791 3053 965 3093 tamen
1015 3041 1232 3095 eosdem
1276 3041 1607 3109 significant,
1650 3040 1731 3091 vel
1786 3039 1991 3093 scilicet

424 3109 746 3165 illutniuatos
788 3122 841 3164 et
873 3119 1167 3165 correctus.
1210 3112 1633 3177 lnterpretautur
1662 3117 1843 3161 autem
1877 3110 1990 3161 sic:

431 3179 684 3245 lipbraitn
726 3182 1085 3249 fructi/icatio,
1126 3181 1400 3249 Benjamin
1442 3181 1580 3248 ﬁfius
1620 3180 1851 3243 dextris,
1891 3179 1999 3232 Ma-

429 3264 614 3303 uasses
641 3252 841 3304 oblivio.
887 3252 952 3304 Et
986 3267 1167 3306 revera
1220 3254 1301 3305 his
1349 3251 1436 3319 qui
1467 3250 1847 3304 fructiliianti-s
1874 3262 2001 3303 sunt

428 3319 479 3372 in
504 3320 665 3391 bouis
694 3321 948 3390 operibus
970 3362 983 3384 ,
1016 3330 1071 3376 et
1101 3323 1189 3391 qui
1223 3323 1312 3375 filii
1344 3323 1547 3375 di-xtra:
1579 3330 1735 3383 sunt,
1785 3322 1833 3373 id
1881 3332 1996 3383 est,

424 3390 748 3462 quiputiora
778 3392 1061 3455 insistunt,
1094 3390 1146 3445 et
1175 3395 1261 3462 qui
1294 3407 1479 3446 eorum
1532 3406 1651 3460 quia
1700 3403 1841 3462 retro
1878 3401 2001 3444 sunt

425 3460 862 3528 obliviscuntur;
912 3463 962 3516 iu
1011 3478 1072 3517 ea
1120 3460 1246 3517 vero
1290 3479 1407 3531 qua:
1446 3476 1571 3517 an'e
1614 3460 1998 3523 extenduntur,

426 3531 803 3587 iiiauifesmtur
835 3535 1125 3599 Dominus,
1154 3534 1275 3602 quia
1308 3533 1476 3603 magis
1507 3545 1560 3587 et
1602 3535 1771 3601 magis
1813 3533 1879 3584 ab
1921 3531 2000 3585 eis

422 3605 779 3669 cognoscitur.

500 3672 715 3737 lt'acita,
751 3674 1000 3738 Domine,
1034 3676 1308 3744 potentiam
1346 3683 1518 3735 tuam,
1563 3685 1609 3725 et
1660 3672 1790 3723 veni.
1820 3671 1999 3744 Quasi

426 3742 571 3796 dicat
597 3759 611 3796 :
647 3744 711 3797 Et
742 3756 798 3799 ut
827 3742 1185 3799 manifesteris
1206 3785 1221 3811 ,
1255 3748 1376 3800 ideo
1397 3782 1411 3809 ,
1445 3745 1689 3804 Domine,
1721 3742 1884 3793 excita
1914 3759 2000 3809 po-

422 3815 635 3886 tentiam
667 3825 809 3868 tuam
830 3858 843 3879 ,
874 3832 990 3884 qua:
1020 3818 1167 3884 prius
1192 3820 1366 3886 sopita
1395 3825 1512 3869 erat
1537 3831 1656 3867 cum
1685 3828 1712 3886 a
1741 3815 2002 3879 discipqu

426 3884 713 3941 tradereris
735 3929 748 3951 ,
782 3903 901 3939 eum
938 3884 1306 3955 llagellareris,
1339 3884 1752 3953 cruriligereris,
1785 3896 1833 3935 et
1869 3899 2000 3949 pcn-

425 3954 572 4009 denti
606 3955 657 4009 iu
689 3972 849 4010 cruce
878 3954 1188 4010 diceretur:
1225 3954 1299 4011 Si
1330 3958 1470 4025 [ilius
1502 3956 1597 4009 Dei
1628 3973 1707 4018 es,
1756 3954 1889 4006 desci
1905 3954 2003 4007 nde

428 4026 492 4079 de
539 4040 706 4079 cruce.
754 4027 907 4079 Tunc
952 4025 1095 4080 enim
1142 4029 1273 4081 nihil
1318 4030 1493 4082 valere
1536 4026 1831 4090 videbaris,
1880 4025 2003 4092 quia

432 4096 724 4167 praevaluit;
759 4097 852 4149 tibi
901 4108 1238 4163 persecutor,
1285 4099 1425 4164 quod
1469 4099 1905 4167 pra'figuraveras
1950 4095 2002 4167 iu

435 4165 672 4219 luctante
701 4164 867 4220 Jacob
896 4178 947 4237 et
978 4170 1191 4237 angelo.
1226 4164 1640 4233 Angelus—enini
1660 4183 1694 4237 _a
1727 4167 1891 4217 .iacnb
1924 4164 2003 4217 vi-

434 4249 551 4291 etus
578 4245 698 4301 est,
729 4237 825 4290 sed
856 4236 980 4304 quia
1012 4234 1219 4302 voluit;
1254 4239 1331 4291 sic
1378 4250 1431 4293 ct
1480 4248 1535 4291 tu
1579 4251 1607 4288 a
1647 4234 1871 4289 Judaico
1912 4250 2006 4302 po-

435 4307 561 4370 pulo
593 4307 764 4362 victus
794 4322 891 4375 es,
920 4309 1043 4375 quia
1091 4310 1435 4374 interfectus,
1468 4308 1561 4362 sed
1604 4307 1723 4375 quia
1770 4307 2002 4358 voluisti.

431 4376 582 4441 Unde
612 4387 667 4431 et
692 4378 872 4432 dixisti
906 4394 919 4431 ;
955 4378 1076 4431 Non
1107 4378 1316 4432 haberes
1346 4380 1399 4433 in
1427 4396 1506 4432 me
1538 4385 1835 4447 potestatein
1859 4413 1877 4439 ,
1906 4376 2005 4428 nisi

429 4438 518 4507 tibi
545 4449 724 4501 datum
753 4458 881 4503 esset
912 4450 1149 4517 desuper.
1201 4450 1269 4503 Et
1315 4451 1393 4504 sic
1439 4436 1605 4504 Jacbb
1651 4436 1894 4516 angelum
1928 4447 2005 4498 τί·
2038 4436 2082 4494 1)

433 4528 577 4573 ctum
605 4518 803 4583 tenuit,
831 4530 887 4574 et
912 4521 979 4574 ab
1008 4535 1074 4574 eo
1102 4522 1342 4575 benedici
1374 4522 1609 4589 rogavit,
1641 4524 1727 4586 qui
1760 4527 1812 4570 et
1843 4519 2004 4571 benc-

432 4592 566 4644 dixit
595 4591 642 4643 ei
671 4608 685 4655 ;
718 4600 767 4644 et
803 4592 1032 4660 quodam
1082 4591 1242 4644 modo
1290 4592 1606 4655 maledixit,
1653 4590 1778 4656 quia
1828 4589 2007 4640 latitu-

433 4661 611 4714 dinem
643 4659 863 4715 femoris
893 4662 1010 4729 ejus
1040 4663 1245 4730 tetigit,
1276 4674 1330 4716 et
1360 4663 1666 4717 claudicare
1689 4675 1812 4712 eum
1844 4659 2003 4721 feeit;

431 4733 513 4801 sic
539 4740 599 4801 et
625 4734 853 4798 populus
878 4730 1129 4785 Judaicus
1158 4746 1207 4787 te
1240 4734 1436 4787 victum
1466 4734 1518 4787 in
1549 4740 1696 4801 parte
1728 4731 1920 4792 tenuit,
1956 4738 2009 4780 et

431 4799 859 4855 benedictionem
888 4802 941 4855 iu
973 4818 1170 4871 genere
1202 4804 1436 4857 fidelium
1466 4799 1668 4870 accepit
1694 4840 1705 4863 ,
1738 4801 2008 4851 claudica-

432 4874 631 4927 tionem
675 4886 807 4925 vero
836 4874 889 4925 in
917 4888 1114 4941 genere
1148 4875 1464 4929 inﬁdelium.
1501 4874 1648 4927 Nunc
1678 4872 1741 4923 ad
1774 4871 2005 4924 litteram

422 4944 727 4999 redeamus.

508 5012 692 5066 tacita
740 5016 1015 5083 potentiam
1059 5026 1221 5068 tuam.
1269 5015 1431 5080 Quasi
1459 5014 1602 5069 dicat
1633 5030 1646 5067 :
1683 5012 1921 5065 Mortuus
1951 5026 2010 5066 es

435 5100 497 5139 ex
530 5083 876 5141 infirmitate.
910 5100 1127 5153 resurge
1177 5088 1229 5139 in
1278 5087 1498 5140 virtute.
1547 5083 1698 5150 Quod
1749 5093 2007 5153 quantum

432 5155 497 5207 ad
528 5156 880 5222 c0guitiotiein
916 5152 1250 5211 referendum
1300 5167 1415 5222 est,
1463 5166 1510 5210 et
1558 5158 1658 5208 hoc
1701 5154 1860 5206 modo
1893 5152 2004 5205 teni

434 5228 485 5278 in
516 5226 757 5280 notitiam
796 5239 1032 5281 nostram
1051 5265 1068 5291 ,
1099 5232 1161 5279 ad
1191 5227 1312 5292 hoc,
1337 5238 1391 5280 ut
1420 5228 1580 5296 facias
1609 5240 1701 5279 nos
1727 5225 2010 5277 credentes

435 5296 485 5348 in
520 5308 570 5348 te
596 5298 784 5351 salvos.
831 5299 1019 5352 Omnis
1062 5298 1205 5352 enim
1234 5301 1323 5368 qui
1352 5300 1524 5353 credit
1553 5299 1605 5352 iu
1652 5297 1861 5364 ipsum,
1897 5309 2007 5347 non

432 5368 803 5421 cuui‘uudetur.

505 5435 648 5493 Deus
668 5479 681 5502 ,
712 5450 942 5510 converte
972 5457 1084 5494 nos.
1118 5441 1279 5510 Quasi
1310 5440 1488 5494 dicat;
1524 5439 1589 5510 Et
1617 5446 1674 5492 ut
1700 5451 1798 5490 nos
1829 5435 2008 5510 salvos

443 5508 640 5572 facias,
674 5509 831 5575 ideo,
867 5527 900 5565 o
949 5507 1279 5580 Deusfnou
1329 5511 1502 5564 solum
1552 5509 1863 5571 hominum,
1913 5507 2007 5560 sed

438 5580 594 5631 ctiam
643 5579 897 5651 virtutum
948 5579 1445 5651 supercmlestiuin,
1503 5591 1556 5633 tu
1602 5591 1892 5651 conversus
1938 5580 2005 5651 ad

431 5662 545 5709 nos.
580 5654 669 5715 qui
704 5650 856 5717 prius
882 5648 1052 5708 aversi
1083 5668 1318 5717 eramus,
1352 5661 1578 5705 converte
1609 5666 1699 5703 nos
1728 5650 1795 5701 ad
1831 5656 1901 5701 te.
1938 5648 2005 5699 Et

428 5728 477 5770 ut
512 5734 812 5789 CUlIV'etlih‘,
842 5724 1048 5777 ostende
1073 5727 1225 5779 nobis
1249 5726 1435 5794 [aciem
1467 5733 1639 5788 tuam,
1673 5734 1830 5791 quain
1864 5720 2004 5776 tiube

2090 1789 2196 1826 non
2245 1784 2301 1826 ut
2342 1774 2503 1842 judex
2549 1774 2907 1840 dominantia,
2940 1775 3033 1827 sed
3068 1776 3244 1840 potius
3275 1784 3330 1826 ut
3364 1784 3513 1840 pater
3541 1788 3667 1829 car-

2089 1845 2333 1912 rigendo.
2384 1842 2549 1897 Plane
2594 1844 2873 1907 irasceris,
2905 1858 3028 1911 quia
3069 1845 3326 1911 scriptum
3357 1856 3435 1899 est
3464 1862 3477 1897 :
3513 1842 3622 1897 Fiti
3646 1888 3664 1909 ,

2089 1915 2330 1967 accedens
2374 1913 2444 1965 ad
2488 1915 2775 1967 servitutem
2820 1916 2979 1982 patris
3028 1915 3100 1965 tui
3122 1954 3138 1977 ,
3181 1923 3259 1967 sta
3303 1914 3356 1966 in
3397 1915 3578 1968 timore
3616 1926 3669 1968 et

2090 1994 2328 2050 tremore,
2359 1993 2408 2039 et
2434 1999 2671 2053 prtepara
2697 1984 2925 2037 animum
2952 1992 3096 2036 tuum
3123 1985 3190 2037 ad
3219 1986 3563 2039 tentationem.
3594 1985 3673 2039 Ne

2091 2070 2339 2122 putemus
2389 2056 2518 2107 iram
2564 2054 2656 2107 Dei
2702 2054 2992 2119 transisse,
3026 2056 3150 2122 quia
3194 2068 3492 2109 conversus
3539 2064 3671 2121 est;

2093 2125 2328 2188 tr.uisiit,
2356 2125 2450 2178 sed
2479 2140 2546 2179 ne
2576 2128 2625 2177 in
2654 2136 2913 2178 aeternum
2943 2128 3144 2193 puniat.
3179 2124 3435 2193 Flagellat
3460 2136 3662 2190 autem,

2091 2206 2141 2251 et
2174 2211 2279 2249 nun
2315 2195 2515 2260 parcit,
2548 2196 2667 2264 quia
2699 2194 2907 2262 corrigit
2937 2211 3135 2249 onmem
3160 2194 3330 2263 ﬁlium
3356 2211 3505 2262 quem
3535 2199 3666 2247 reci-

2093 2268 2187 2332 pit.
2220 2267 2275 2319 Si
2303 2280 2433 2331 ergo
2463 2264 2670 2333 flagella
2700 2264 2997 2326 detractas,
3036 2265 3305 2335 quomodo
3348 2266 3512 2331 recipi
3559 2267 3657 2335 des

2090 2337 2337 2389 sidei'as?
2376 2337 2605 2403 flagellat
2648 2340 2790 2389 enitn
2835 2334 3065 2389 omnem
3095 2351 3253 2405 quem
3300 2336 3523 2403 recipit,
3572 2334 3665 2404 qui

2095 2423 2191 2461 nec
2233 2407 2445 2474 proprio
2488 2405 2621 2461 Filio
2660 2421 2762 2460 suo
2809 2410 3082 2475 pepercit,
3128 2417 3184 2460 et
3230 2408 3281 2460 in
3327 2405 3427 2459 hoc
3465 2415 3550 2461 est
3587 2408 3668 2461 ira

2092 2478 2228 2545 ejus.
2275 2479 2582 2530 Orationem
2626 2486 2804 2530 autem
2852 2476 2919 2530 de
2964 2492 3066 2544 qua
3110 2476 3259 2541 dicit,
3292 2478 3475 2545 accipe
3520 2476 3668 2530 illam

2092 2564 2210 2617 quae
2271 2548 2511 2616 proxime
2567 2548 2857 2615 praecedit,
2914 2548 3161 2612 scilicet,
3221 2548 3430 2600 ostende
3483 2546 3669 2614 [aciem

2094 2630 2263 2677 tuam,
2308 2631 2361 2670 et
2402 2618 2604 2671 similes
2652 2618 2703 2671 iti
2754 2618 2983 2683 psalmo.
3032 2617 3129 2671 Cui
3178 2618 3405 2671 orationi
3457 2619 3668 2671 videtur

2094 2688 2385 2757 prie-valere
2416 2688 2529 2752 ira,
2576 2687 2811 2755 quandiu
2855 2690 2920 2740 ab
2952 2688 3182 2741 inimicis
3228 2686 3567 2753 flagellamur
3613 2696 3670 2739 et

2092 2758 2400 2826 affligimur.
2450 2758 2513 2811 Et
2556 2772 2677 2810 cum
2724 2758 2897 2811 dicit:
2933 2758 3207 2827 Quousque
3250 2759 3487 2811 irasceris
3517 2773 3669 2825 super

2094 2832 2382 2884 orationem
2412 2828 2542 2881 servi
2580 2829 2685 2890 tui,
2720 2829 2789 2881 ita
2819 2829 3023 2896 accipe,
3072 2830 3225 2897 quasi
3268 2828 3452 2882 dicat:
3496 2827 3672 2894 Quan-

2094 2902 2183 2955 diu
2216 2912 2365 2954 certe
2394 2898 2754 2953 necessarium
2786 2899 2891 2951 erit
2921 2899 3100 2953 nobis.

2169 2969 2371 3025 Cibabis
2412 2986 2503 3022 nos
2538 2984 2667 3037 pane
2706 2970 3073 3037 lacrymarum.
3115 2967 3278 3034 Quasi
3320 2968 3501 3023 dicat:
3536 2966 3675 3021 Vere

2097 3041 2344 3096 irasceris
2387 3040 2562 3093 nobis.
2609 3038 2737 3092 Nam
2784 3038 2973 3092 cibabis
3003 3055 3095 3093 nos
3123 3054 3254 3108 pane
3298 3040 3670 3108 lacrumarum,

2103 3114 2151 3167 id
2185 3120 2303 3175 est,
2336 3108 2697 3164 reficieutibus
2730 3109 3003 3179 lacrymis.
3040 3110 3194 3162 l’ouit
3217 3107 3357 3162 idem
3391 3107 3485 3177 per
3514 3108 3669 3161 aliam

2100 3182 2523 3236 similitudinem.
2579 3179 2641 3233 Et
2690 3181 2834 3234 dabis
2884 3179 3029 3232 nobis
3080 3189 3253 3249 potum
3308 3180 3359 3230 in
3411 3180 3672 3249 lacrymis.

2105 3255 2299 3307 l‘aueui
2354 3254 2743 3319 Iacryinarum,
2793 3261 2845 3305 et
2888 3261 3069 3316 potum
3117 3250 3471 3319 lacrymosuiu
3518 3258 3671 3302 vocat

2103 3324 2472 3377 tiitiulatiuues
2504 3332 2558 3374 et
2589 3321 2791 3390 flagella
2817 3362 2831 3385 ,
2864 3336 2981 3388 qua:
3010 3322 3180 3374 sancti
3210 3322 3261 3373 in
3296 3321 3394 3373 hac
3425 3320 3530 3390 vita
3558 3319 3675 3390 Ado-

2103 3394 2305 3447 furibus
2337 3392 2488 3460 plena
2523 3388 2813 3457 patiuntur.
2849 3391 2902 3444 lu
2932 3392 3124 3459 quibus
3152 3391 3244 3443 dat
3288 3390 3371 3443 eis
3418 3388 3674 3442 Dominus

2104 3480 2292 3530 panem
2341 3472 2396 3515 et
2439 3472 2653 3529 potum,
2700 3462 2751 3514 id
2805 3471 2920 3525 est,
2974 3462 3236 3529 integram
3281 3460 3667 3523 refectionem,

2101 3536 2347 3596 Scilicet,
2382 3543 2437 3585 ut
2467 3547 2570 3585 non
2616 3532 2788 3584 sidunt
2836 3533 3179 3595 tribulentur,
3224 3532 3317 3584 sed
3365 3534 3523 3584 etiam
3566 3531 3677 3599 glo-

2104 3605 2309 3657 rientur
2354 3602 2405 3655 iti
2456 3601 2918 3664 tribulationibus,
2974 3605 3207 3656 scientes
3252 3615 3373 3668 quia
3422 3602 3677 3653 tribulatio

2105 3674 2401 3743 patientium
2428 3684 2689 3742 operatur,
2718 3674 2961 3740 patientia
2987 3672 3365 3741 probationem,
3390 3682 3443 3724 et
3463 3682 3675 3724 (ta-tera.

2106 3746 2169 3798 Et
2194 3747 2277 3796 dat
2299 3745 2369 3796 eis
2392 3744 2442 3795 in
2465 3760 2722 3806 mensura,
2750 3744 2795 3795 id
2822 3752 2925 3807 est,
2956 3754 3113 3811 prOut
3135 3744 3272 3796 ferre
3298 3750 3676 3806 potesteurutn

2107 3816 2397 3884 fragilitas,
2440 3814 2650 3867 scilicet
2681 3824 2735 3867 ut
2767 3814 3099 3877 erudiautur,
3146 3829 3250 3867 non
3291 3811 3678 3884 opprimantur.

2108 3887 2171 3940 Et
2201 3896 2255 3937 ut
2286 3901 2390 3937 non
2419 3885 2669 3937 defit-iant
2693 3885 2786 3938 sed
2818 3886 3126 3951 proficiant,
3150 3887 3307 3951 quia,
3340 3894 3397 3934 ut
3426 3883 3500 3935 ait
3531 3884 3677 3946 Apo-

2105 3959 2311 4010 stolus:
2368 3953 2567 4008 Fidelis
2618 3954 2787 4019 Deus,
2830 3956 2917 4023 qui
2958 3970 3058 4007 non
3099 3955 3320 4021 patietur
3361 3967 3447 4005 ros
3500 3952 3682 4004 tentari

2104 4043 2263 4096 supra
2288 4027 2341 4078 id
2365 4026 2498 4095 quod
2529 4028 2756 4093 potestis,
2786 4026 2873 4077 sed
2900 4024 3053 4092 faciet
3085 4040 3199 4077 cum
3225 4023 3505 4077 tentatione
3528 4024 3681 4075 etiam

2106 4107 2424 4167 proventum,
2457 4107 2508 4147 ut
2539 4097 2744 4165 possitis
2775 4102 3041 4148 sustinere.

2180 4165 2406 4219 Posuisti
2456 4164 2546 4218 nos
2596 4168 2647 4218 in
2690 4166 3158 4219 contradictionem.
3211 4164 3364 4228 Hoc,
3422 4164 3677 4230 inquam,

2108 4240 2267 4291 modo
2295 4236 2496 4290 aibabis
2526 4246 2580 4289 et
2611 4238 2818 4303 potabis
2844 4252 2940 4289 nos
2972 4237 3021 4288 in
3055 4236 3323 4304 lacrymis,
3352 4234 3475 4303 quia
3508 4236 3682 4301 posui-

2108 4310 2171 4361 sti
2202 4323 2291 4360 uos
2325 4308 2377 4359 in
2406 4307 2852 4359 contradictionem
2890 4308 3064 4360 vicinis
3100 4308 3305 4367 nostris,
3337 4306 3386 4358 id
3420 4314 3518 4362 est.
3553 4306 3683 4355 tales

2112 4396 2207 4431 nos
2239 4378 2431 4441 fecisti,
2461 4378 2651 4444 quibus
2694 4378 3150 4431 contradiceretur
3195 4392 3223 4429 a
3258 4377 3449 4429 vicinis
3488 4374 3682 4427 nostris

2111 4450 2178 4503 de
2207 4452 2393 4502 eodem
2427 4449 2640 4515 populo.
2677 4445 2743 4499 Et
2784 4448 2973 4500 inimici
3005 4448 3185 4511 no-tri,
3218 4448 3269 4500 id
3296 4458 3401 4511 est,
3438 4458 3681 4508 persecu-

2114 4532 2255 4573 tnrcs
2284 4522 2349 4572 de
2377 4519 2620 4586 gentibus
2659 4518 3093 4571 subsanmwerunt
3122 4534 3233 4583 nos,
3260 4518 3501 4570 dicentes
3535 4532 3547 4566 :
3582 4515 3681 4586 Qui

2112 4602 2234 4643 sunt
2258 4590 2341 4642 isti
2369 4583 2605 4644 colentes
2630 4598 2918 4651 mortuum,
2943 4591 3223 4642 credentes
3254 4588 3303 4639 iu
3334 4583 3684 4639 crucifixum!

2112 4661 2225 4713 lloc
2253 4676 2377 4713 vere
2424 4658 2620 4713 factum
2666 4668 2769 4713 est.
2823 4657 3109 4726 Postquam
3160 4660 3300 4711 enim
3352 4658 3584 4713 surrexit
3628 4662 3685 4710 et

2112 4731 2351 4784 ascendit
2382 4731 2660 4794 Dmuiuus,
2691 4730 3082 4798 praedicabatur
3114 4745 3250 4781 nuva
3281 4728 3413 4788 vita,
3448 4741 3685 4779 resurre-

2111 4807 2216 4856 ctio
2262 4817 2406 4865 vera,
2455 4816 2540 4854 res
2580 4804 2796 4868 quidem
2836 4799 3131 4862 credibilis,
3180 4802 3221 4853 si
3273 4800 3348 4851 rei
3387 4798 3663 4851 iiicredibit

2113 4872 2365 4925 miracula
2398 4870 2555 4924 [idem
2592 4870 2874 4925 faciebant.
2913 4870 3394 4924 Contradicebatur
3419 4881 3451 4919 a
3479 4868 3660 4919 multis

2110 4946 2202 4996 se-l
2254 4942 2616 4995 routradictor
2665 4941 3013 5003 vincebatur,
3069 4953 3125 4995 et
3171 4956 3237 4993 ex
3285 4938 3681 4992 contradictori:

2114 5015 2284 5067 fidelis
2321 5014 2671 5067 efficiebatur.
2721 5011 2920 5065 Tamen
2967 5012 3180 5065 flamma
3225 5019 3344 5064 erat
3388 5012 3575 5069 multa,
3628 5008 3678 5059 id

2112 5094 2215 5147 est,
2251 5084 2522 5136 tribulatio
2551 5091 2669 5137 erat
2713 5084 2900 5135 multa.
2952 5083 3012 5134 Et
3043 5083 3213 5134 sancti
3246 5089 3512 5147 martyres
3548 5093 3679 5145 pauc

2113 5154 2467 5224 laciyniarum
2499 5155 2680 5217 cibati,
2716 5164 2768 5206 et
2801 5155 3047 5224 lacryinis
3082 5151 3280 5222 putati;
3321 5152 3415 5202 sed
3452 5153 3502 5201 in
3534 5164 3676 5224 tuen-

2110 5218 2253 5287 Sura',
2290 5228 2389 5278 hoc
2419 5235 2524 5287 est,
2571 5235 2827 5293 quantum
2875 5218 3100 5291 quisque
3133 5226 3273 5276 ferre
3304 5228 3504 5288 passet,
3540 5218 3685 5272 scili-

2110 5308 2214 5359 cet,
2247 5304 2304 5348 ut
2336 5311 2427 5359 per
2470 5310 2774 5347 mensuram
2821 5295 3223 5347 tribulationum
3256 5301 3568 5360 sequeretur
3595 5302 3681 5341 co-

2112 5382 2239 5420 ioiia
2268 5365 2602 5434 gaudiorum.

2185 5430 2318 5489 Deiis
2342 5438 2606 5500 virtutum,
2631 5446 2860 5489 converte
2886 5450 3001 5489 nos.
3032 5432 3262 5488 Posuisti
3298 5445 3414 5494 nos,
3447 5430 3679 5496 inquam.

2110 5509 2587 5561 contradictionem
2629 5516 2681 5560 et
2722 5508 3232 5568 subsannatiuueui;
3279 5518 3345 5557 ne
3374 5512 3555 5554 autem
3588 5514 3679 5567 per

2114 5582 2210 5631 huc
2254 5588 2555 5630 avertamur
2597 5594 2624 5629 a
2659 5588 2727 5638 te,
2761 5593 2792 5628 ο
2824 5576 2959 5628 Deus
2998 5578 3269 5636 virtutum,
3296 5586 3586 5626 conversus
3615 5570 3680 5620 ad

2112 5667 2230 5711 tius,
2261 5658 2491 5701 converte
2520 5664 2632 5707 nos.
2666 5661 2769 5701 etc.
2814 5648 3097 5714 Repetitio,
3134 5662 3237 5700 non
3268 5660 3331 5699 ex
3364 5644 3681 5697 necessitati:

2114 5724 2395 5783 narrantis,
2429 5720 2518 5771 sed
2550 5719 2827 5774 affectione
2855 5716 3077 5772 orantis.
