4010 6190
377 269 477 325 917

1060 264 1124 321 ΙΝ
1165 266 1579 321 ΡεΑιιιυιιυιι
1621 265 1877 320 LIBRUM
1920 265 1945 318 Ε

2051 261 2270 317 LGESIS.
2304 293 2366 303 —
2413 262 2654 318 PSAL“.
2696 262 2928 317 LXXIX.

3498 266 3599 319 918

452 377 661 431 Vineam
688 374 750 429 de
773 373 998 445 Egypto
1042 378 1363 430 transtulisti.
1416 378 1675 432 "actenus
1716 380 1784 433 de
1825 381 1921 434 ad-
1952 378 2002 433 Α
2029 374 2164 425 hanc
2193 383 2247 426 et
2274 387 2484 427 causam
2514 375 2784 445 attendant
2820 392 2831 426 :
2866 384 2919 427 et
2950 375 3026 445 sic
3053 389 3120 427 ne
3150 374 3281 445 quid
3310 374 3481 445 simile
3523 377 3600 429 in-

374 458 535 503 ventu
564 447 853 501 Salvatoris
880 448 1009 516 egit,
1040 448 1260 511 scilicet,
1291 463 1395 515 quo
1424 448 1657 515 quotidie
1685 453 1830 504 venit
1869 453 1919 503 in

378 519 649 580 notitiam;
692 530 831 569 nunc
859 530 1035 569 autem
1067 517 1173 583 agit
1200 518 1267 571 de
1296 517 1446 571 vinea
1476 519 1612 580 ejus.
1650 519 1709 569 Et
1742 520 1923 584 incipit

376 602 403 639 τι
436 586 719 654 principio;
751 604 770 637 ι
803 588 969 653 prima
1002 588 1138 639 enim
1165 602 1314 655 gens,
1343 596 1399 639 ut
1424 590 1740 653 Angustinus
1765 592 1920 643 dicit:

376 655 556 710 Judtea
602 666 683 727 est
730 657 1039 724 principium
1071 655 1227 725 hujus
1257 656 1444 727 vineas.
1478 674 1498 708 ι
1556 658 1620 711 Ει
1664 670 1744 711 εει
1774 662 1924 727 quasi

377 726 516 779 ("Cal
549 743 562 778 :
593 723 833 778 Converte
866 742 975 788 nos,
1017 723 1251 792 inquam,
1274 725 1435 795 iDeus,
1469 735 1518 779 et
1549 727 1701 780 bonis
1733 723 1927 795 princi-

381 797 481 863 piis
529 796 684 861 junge
734 795 979 847 meliores
1006 796 1198 849 exitus.
1246 794 1483 861 Namque
1530 797 1663 849 bene
1692 799 1923 864 coepisti,

379 865 499 929 quia
529 866 721 917 vineam
765 877 905 916 tuam
934 866 1255 924 transtulisti.
1288 879 1379 930 per
1407 867 1645 934 carnales
1672 881 1847 934 patres
1875 880 1926 924 et

378 934 538 986 etiam
568 948 661 1001 per
700 934 956 1000 quosdam
1002 934 1321 999 spirituales,
1352 936 1412 986 de
1433 932 1687 1003 AEgypto,
1721 936 1806 989 tibi
1836 953 1928 1003 0p-

380 1003 741 1071 primebantur
765 1003 1038 1065 servitute,
1068 1004 1393 1074 transtulisti.
1431 1005 1493 1057 Et
1521 1006 1707 1074 ejecisli
1735 1020 1763 1058 a
1794 1008 1929 1062 facie

379 1073 859 1145 ejusgentequttaa
892 1073 1253 1139 promissionis
1284 1084 1481 1127 terram
1512 1073 1922 1145 Occupaverant,

379 1154 425 1195 et
457 1143 697 1209 plantasti
729 1142 797 1193 ibi
830 1157 959 1193 eam.

457 1212 573 1263 Dux
612 1211 807 1263 itineris
854 1212 1017 1281 fuisti.
1066 1211 1375 1265 l’rtecedens
1406 1228 1590 1267 versus
1629 1222 1832 1269 tantum
1864 1216 1928 1270 ad

380 1282 863 1351 litteram_accipit,
907 1281 1007 1336 iste
1046 1296 1171 1334 vero
1218 1282 1280 1334 ad
1332 1294 1646 1351 utrumque,
1703 1286 1930 1348 scilicet,

379 1348 646 1421 etiamad
689 1353 1018 1419 mysterium.
1063 1351 1361 1421 Namsicut
1410 1348 1629 1419 praihnit
1674 1355 1748 1408 illi
1794 1356 1933 1421 plebi

379 1418 666 1473 carnaliter
709 1418 953 1472 ducatum
1006 1422 1056 1473 in
1090 1420 1286 1475 lumine
1336 1418 1595 1475 nocturno
1640 1433 1694 1477 et
1724 1418 1936 1479 umbra-

378 1490 503 1559 culo
527 1488 739 1552 diurno,
771 1490 838 1559 ita
870 1491 1025 1544 etiam
1073 1491 1194 1544 huic
1224 1492 1390 1545 viuere
1419 1493 1763 1557 spiritualiter
1795 1510 1931 1559 prie-

378 1558 470 1613 bet
499 1559 768 1621 ducatum,
817 1558 1158 1611 illuminando
1206 1575 1327 1613 eum
1376 1563 1734 1627 spiritualibus
1780 1558 1936 1619 donis

378 1628 511 1693 suis,
540 1628 587 1681 id
612 1637 714 1693 est,
749 1628 798 1680 in
827 1629 1118 1696 ignorantia
1146 1629 1302 1697 hujus
1329 1635 1468 1694 vitae,
1494 1640 1547 1684 et
1571 1634 1934 1687 obumbrando

379 1713 498 1750 eam
526 1699 592 1750 ab
642 1699 921 1752 incentivis
954 1699 1195 1751 vitiorum
1246 1701 1294 1753 in
1326 1701 1476 1754 nobis
1505 1705 1850 1768 protectione,
1883 1704 1931 1757 id

379 1778 483 1831 est,
518 1782 612 1834 per
642 1768 947 1835 mysterium
991 1768 1369 1824 lncarnationis
1395 1784 1521 1822 suae.
1560 1771 1622 1823 Et
1656 1772 1821 1824 lactus
1850 1786 1929 1827 e5t

381 1838 495 1901 ipse
522 1837 603 1889 via
631 1838 811 1908 quide
838 1851 896 1890 se
924 1836 1061 1891 dixit
1089 1854 1101 1888 :
1149 1837 1255 1908 Ego
1294 1856 1406 1893 sum
1440 1841 1539 1903 via,
1570 1848 1619 1892 et
1663 1843 1869 1904 veritas,
1895 1853 1941 1896 et

381 1908 507 1969 vita,
534 1908 652 1975 quia
689 1906 787 1959 nisi
812 1908 921 1973 ipse
953 1909 1031 1960 via
1052 1908 1165 1976 ejus
1190 1906 1349 1971 esset,
1370 1909 1521 1962 aliter
1548 1910 1684 1976 quod
1705 1913 1943 1978 sequitur

380 1989 502 2029 esse
542 1991 645 2029 non
688 1988 886 2044 posset,
932 1978 1158 2040 scilicet,
1189 1979 1327 2045 quod
1379 1978 1490 2045 ipse
1539 1989 1698 2032 totam
1747 1991 1941 2035 terrain

384 2046 728 2120 itnplevisset.
774 2047 840 2100 Et
882 2048 1068 2100 transit
1111 2048 1193 2102 hic
1249 2047 1314 2103 ad
1364 2048 1669 2119 numerium
1717 2059 1938 2120 tantum,

378 2129 502 2169 cum
532 2115 659 2169 dicit
686 2132 699 2168 :

454 2183 522 2238 Et
550 2185 792 2254 plantasti
820 2188 1015 2240 radices
1044 2204 1173 2258 ejus.
1221 2188 1445 2243 Radices
1474 2188 1627 2255 hujus
1654 2191 1821 2244 vineae
1852 2208 1947 2245 vo-

382 2266 470 2309 cat
498 2258 845 2329 patriarchas,
877 2272 1009 2324 quos
1038 2262 1289 2323 plantavit
1320 2274 1410 2329 per
1438 2258 1594 2312 ﬁdem
1636 2260 1687 2314 in
1720 2262 1945 2329 posteris

383 2340 567 2379 eorum
600 2327 983 2391 spiritualibus,
1012 2338 1066 2382 et
1097 2330 1149 2380 in
1179 2328 1489 2394 quibusdam
1518 2330 1679 2382 etiam
1709 2327 1942 2384 carnali-

386 2396 507 2466 bus.
543 2394 605 2446 Et
633 2396 734 2449 hoc
763 2397 918 2449 modo
940 2398 1159 2465 implevit
1185 2408 1389 2460 terram,
1426 2414 1528 2450 non
1560 2413 1651 2466 per
1680 2401 1944 2454 carnalem

386 2465 613 2538 prolem,
648 2466 870 2538 seduper
908 2469 1257 2538 spiritualem.
1292 2468 1353 2520 Et
1383 2465 1570 2520 umbra
1598 2470 1725 2538 ejus,
1759 2470 1807 2523 id
1840 2479 1941 2535 est,

389 2534 681 2605 umbratica
725 2536 862 2589 dicta
903 2537 969 2589 de
1020 2537 1166 2589 vinea
1220 2538 1317 2590 hac
1362 2534 1687 2605 operuerunt
1730 2548 1943 2592 montes.

389 2604 595 2658 Montes
637 2616 789 2658 vocat
832 2605 915 2657 hic
964 2606 1243 2672 prophetas
1298 2606 1577 2659 virtutibus
1623 2608 1943 2672 eminentes,

389 2675 479 2737 qui
513 2683 718 2727 montes
755 2675 927 2741 operti
966 2686 1109 2737 sunt,
1142 2676 1191 2728 id
1223 2684 1339 2741 est,
1379 2676 1588 2731 obscuri
1620 2687 1673 2731 et
1700 2680 1944 2732 nebulosi

389 2743 514 2817 lacti
554 2754 693 2817 sunt,
718 2746 861 2817 __qnia
891 2745 1197 2812 utiibratice,
1230 2747 1279 2799 id
1307 2756 1407 2811 est,
1440 2747 1659 2817 mystice
1690 2748 1851 2801 multa
1883 2749 1950 2804 de

391 2813 489 2865 hac
520 2814 667 2864 vinea
697 2814 964 2868 dixerunt.

460 2880 540 2953 Et
578 2884 784 2935 arbusta
836 2886 943 2953 ejus
990 2884 1179 2938 cedros.
1240 2885 1467 2941 Arbusta
1515 2895 1667 2940 vocat
1716 2886 1949 2942 minores

392 2951 702 3019 prophetas,
733 2951 920 3007 cedrus
949 2970 1073 3007 vero
1101 2956 1351 3010 sublimes
1380 2968 1432 3010 et
1472 2966 1712 3024 potentes
1747 2958 1799 3009 in
1838 2972 1951 3011 sa:-

391 3026 533 3094 culo.
582 3024 643 3076 Et
686 3034 766 3094 est
817 3025 991 3077 dicere
1032 3026 1150 3091 quia
1197 3042 1299 3078 non
1345 3028 1515 3078 solum
1560 3026 1791 3093 majores
1827 3043 1948 3094 pro-

394 3093 569 3159 phetae
608 3092 928 3157 praefuerunt
960 3094 1079 3145 huic
1107 3094 1294 3158 vineas,
1329 3098 1419 3147 sed
1450 3094 1609 3148 etiam
1638 3092 1863 3162 arbusta,
1895 3099 1944 3152 id

392 3172 495 3225 est,
532 3164 761 3214 minores
791 3162 1061 3229 prophetia
1088 3175 1407 3231 operuerunt
1436 3167 1629 3227 cedros,
1667 3166 1715 3218 id
1754 3178 1855 3231 est,
1894 3170 1947 3221 in

396 3241 598 3285 tantum
628 3243 1067 3297 supercreverunt
1118 3234 1317 3286 umbris
1359 3235 1525 3297 cedri,
1576 3236 1624 3287 id
1655 3247 1755 3299 est,
1788 3239 1948 3291 subli-

397 3301 571 3371 mibus
603 3300 803 3363 mundi,
840 3311 893 3353 ut
921 3304 1221 3369 operireut,
1273 3304 1321 3356 id
1351 3318 1463 3367 est,
1497 3306 1863 3371 liumiliarent,
1895 3314 1950 3361 et

394 3370 730 3422 involverent
772 3371 888 3423 illas
926 3376 1135 3433 cedros,
1186 3382 1240 3425 et
1285 3374 1515 3426 lacerent
1548 3376 1735 3427 cedi-os
1770 3370 1947 3429 mundi

395 3441 571 3492 cedros
602 3438 716 3503 Dei,
746 3440 881 3492 sicut
904 3449 957 3492 et
982 3441 1033 3491 in
1062 3442 1225 3495 Paulo
1256 3452 1309 3495 et
1338 3443 1585 3510 Dionysio
1621 3443 1813 3497 factum
1846 3455 1945 3499 est.

399 3510 658 3561 Praeterea
714 3510 829 3561 hinc
872 3512 1055 3562 eadem
1100 3513 1250 3563 vinea
1292 3513 1516 3564 extendit
1557 3514 1787 3577 palmites
1830 3532 1948 3568 suos

398 3594 556 3644 usque
584 3580 651 3649 ad
678 3594 841 3649 mare.
881 3579 1130 3631 Palmites
1161 3590 1311 3632 vocat
1342 3582 1462 3633 illos
1492 3584 1678 3649 quibus
1709 3586 1820 3648 ipse
1850 3585 1951 3637 Do-

399 3649 574 3702 tninus
603 3648 732 3700 dixit
762 3667 773 3699 :
804 3648 910 3717 Ego
939 3664 1050 3700 sum
1083 3650 1211 3712 ritis,
1246 3666 1331 3702 vos
1358 3648 1526 3703 autem
1556 3652 1817 3718 palmites,
1853 3655 1952 3708 hoc

399 3727 482 3770 est
521 3731 731 3769 smctos
762 3719 1047 3789 apostolos,
1086 3720 1171 3785 qui
1208 3720 1563 3787 principaliter
1592 3723 1658 3773 ab
1706 3722 1817 3789 ἰνμίι
1849 3727 1953 3776 vite

402 3798 790 3860 processerunt,
825 3788 942 3854 quia
991 3802 1018 3838 ξι
1053 3788 1275 3860 Domino
1302 3792 1453 3843 electi
1484 3788 1807 3860 lueruntrlli
1840 3794 1953 3860 pal-

401 3858 557 3927 mites
583 3859 784 3909 extensi
826 3866 947 3909 sunt
983 3872 1148 3924 nsque
1176 3859 1240 3912 ad
1270 3874 1434 3923 mare,
1469 3859 1519 3913 id
1559 3872 1660 3923 est,
1693 3858 1856 3927 usque
1887 3865 1951 3915 ad

401 3926 675 4004 gentilium
726 3927 1166 3992 amaritudinem,
1218 3929 1339 3998 quia
1396 3930 1448 3983 iit
1494 3946 1705 3984 omnem
1758 3926 1953 3986 terram

401 4006 560 4050 exmt
585 4010 744 4047 SOIIUS
772 4012 975 4049 eorum.

475 4063 539 4115 Et
585 4067 884 4133 propagines
925 4068 1032 4135 ejus
1071 4084 1228 4140 usque
1266 4069 1334 4121 ad
1376 4072 1586 4138 ﬂumen.
1638 4072 1955 4140 Propagines

403 4144 931 4210 vocat‘regeneratos
977 4152 1024 4188 tn
1066 4136 1165 4190 ﬁde
1211 4154 1301 4205 per
1334 4136 1594 4207 palmites.
1638 4142 1712 4194 Ex
1744 4136 1956 4210 palmite

402 4206 540 4281 enim
566 4203 620 4256 ﬁt
649 4221 900 4281 prOpago,
925 4222 1047 4281 quae
1069 4203 1367 4277 prapagines
1392 4222 1624 4264 DXlettS;P
1652 4203 1772 4263 sunt
1801 4229 1955 4281 usque

402 4277 467 4326 ad
487 4276 695 4341 ﬂumen,
726 4278 847 4348 quia
880 4290 971 4348 per
999 4278 1210 4330 illorum
1236 4276 1538 4348 exeziiplum
1569 4292 1623 4334 et
1650 4276 1958 4335 admoniiio-

403 4360 522 4397 item
554 4348 711 4397 etiam
758 4346 828 4416 illi
874 4346 962 4411 qui
988 4348 1181 4399 llutnt-n
1222 4346 1477 4412 erattt,‘et
1506 4355 1592 4416 qui
1625 4356 1852 4405 maxime
1900 4354 1952 4405 iii

2029 453 2261 507 currant,
2296 454 2538 497 caveant.
2567 443 2731 496 Causa
2764 447 2904 497 enim
2938 444 3315 497 destructionis
3345 442 3459 497 hinc
3490 460 3593 507 est,

2029 513 2147 578 quia
2176 522 2357 565 contra
2399 514 2658 567 cultorem
2700 528 2850 566 Stlllm
2872 554 2885 575 ,
2928 514 3152 581 superba
3188 513 3400 567 exstitit
3434 532 3447 566 :
3478 518 3599 581 quia

2028 596 2213 636 servos
2248 584 2437 635 missos
2463 583 2527 636 ad
2560 597 2617 636 se
2645 586 2707 635 ad
2740 586 3055 652 exigendam
3090 584 3393 638 mercedem
3423 585 3601 637 coloni

2028 653 2242 716 occidit,
2292 653 2411 722 quia
2462 654 2633 717 ipsum
2689 655 2955 706 hiercdem
3005 653 3164 722 ejecit
3211 663 3265 707 et
3315 654 3602 707 interfecit.

2029 722 2127 785 Qui
2161 734 2334 774 tamen
2363 721 2562 792 eiectus
2594 724 2741 790 plura
2779 724 3011 789 possedit
3038 741 3049 775 :
3080 724 3197 787 quia
3227 739 3288 775 ea:
3312 732 3456 792 parte
3482 740 3603 776 cou-

2029 794 2139 861 tjgit
2170 792 2369 844 cwcitas
2396 792 2447 843 in
2479 789 2665 858 Israel,
2709 803 2763 845 ut
2796 794 3057 857 plenitudo
3099 789 3322 861 gentium
3365 793 3603 845 intraret.

2032 860 2101 930 Et
2138 863 2316 926 accipe
2359 861 2640 915 maceriam
2671 863 2784 929 ejus
2830 865 3026 930 vineas,
3071 860 3420 916 munitionem
3463 862 3603 929 ejus,

2029 928 2235 983 scilicet
2279 945 2496 998 regnum
2536 941 2591 985 et
2629 928 3019 998 sacerdotium,
3058 941 3109 986 et
3153 933 3382 985 maxime
3430 928 3606 999 prate-

2030 1000 2262 1070 ctionem
2298 1001 2655 1064 Dominicam,
2689 1016 2790 1065 qua
2821 1005 2987 1067 magis
3015 1015 3172 1070 quam
3208 1016 3299 1069 per
3329 1001 3470 1053 aliud
3504 1003 3603 1054 ali-

2031 1068 2154 1136 quid
2189 1071 2282 1122 tuti
2312 1080 2463 1122 erant
2495 1088 2506 1122 :
2541 1080 2596 1123 ut
2622 1072 2744 1138 quid
2772 1074 2982 1138 inquam
3013 1068 3301 1124 destruxisti
3332 1073 3605 1123 maceriam

2032 1141 2161 1205 ejus,
2190 1147 2233 1191 et
2260 1154 2354 1194 cur
2381 1141 2689 1193 vindemiant
2723 1157 2833 1193 eam
2864 1157 3033 1193 omnes
3060 1142 3145 1207 qui
3173 1142 3604 1208 pra'tergrediun-

2033 1217 2115 1260 tur
2160 1209 2330 1261 viam?
2378 1211 2479 1264 hoc
2519 1211 2715 1263 dictum
2758 1222 2837 1263 est
2878 1212 2943 1263 ad
2984 1211 3411 1264 similitudinem.
3458 1211 3608 1263 Sient

2034 1278 2174 1347 enim
2218 1280 2261 1332 si
2306 1294 2411 1346 qua
2456 1280 2603 1332 vinea
2637 1294 2791 1334 secus
2823 1282 2957 1332 viam
3000 1280 3088 1343 sit,
3122 1292 3176 1332 et
3217 1282 3446 1333 maceria
3490 1279 3606 1347 ejus

2035 1346 2207 1399 diruta
2239 1348 2340 1409 sit,
2372 1362 2401 1399 a
2427 1349 2752 1415 quibuslibet
2781 1349 3275 1418 pertranseuntibus
3308 1346 3603 1402 vindemia-

2039 1425 2122 1468 tur
2153 1434 2163 1467 :
2199 1418 2269 1470 ita
2301 1419 2506 1470 vineam
2540 1419 2681 1471 illam
2714 1420 3006 1473 munitione
3046 1420 3159 1485 ejus
3188 1419 3459 1473 de-tructa
3493 1422 3608 1471 vin-

2036 1486 2425 1556 demiaverunt,
2457 1490 2555 1542 hoc
2581 1502 2682 1545 est.
2708 1491 2759 1541 in
2780 1490 3019 1544 diversas
3046 1499 3223 1556 partes
3246 1489 3608 1541 distraxerunt

2038 1554 2333 1627 Antiochus
2363 1568 2414 1609 et
2445 1558 2593 1611 multi
2626 1560 2749 1627 alii,
2785 1560 2995 1613 tandem
3039 1554 3165 1613 vero
3207 1559 3473 1626 principes
3504 1558 3607 1610 lto-

2043 1627 2206 1697 mani.
2236 1625 2742 1695 Pruetergredientes
2765 1638 2942 1682 autem
2965 1632 3101 1681 viam
3131 1625 3414 1695 dupliciter
3439 1639 3613 1697 potest

1971 1720 2012 1778 Β
2044 1695 2233 1761 accipi,
2266 1697 2468 1778 scilicet
2495 1698 2577 1778 vel
2608 1713 2785 1778 veram
2818 1702 2981 1763 viain,
3012 1699 3062 1751 id
3092 1695 3469 1778 est'Christnm
3502 1715 3607 1778 non

2045 1775 2396 1825 agnoscentes
2429 1783 2441 1817 :
2474 1768 2557 1819 vel
2590 1782 2617 1818 τι
2665 1769 2745 1820 via
2778 1782 2899 1821 vere
2940 1770 3194 1835 regnandi
3224 1768 3611 1831 deorhitantes,

2048 1834 2257 1905 hociest
2288 1838 2649 1903 tetnporaliter
2676 1848 2979 1905 regnantes.

2117 1902 2484 1977 Exterminavit
2523 1922 2632 1959 eam
2660 1902 2780 1973 aper
2807 1909 2870 1959 de
2896 1909 3055 1977 sylva.
3090 1907 3247 1973 Quasi
3280 1906 3416 1961 dicat
3454 1925 3466 1959 :
3501 1907 3613 1960 Non

2046 1987 2075 2024 τι
2127 1976 2456 2043 quibuslibet
2508 1978 3063 2043 prietergredienttbus
3111 1979 3247 2030 viam
3296 1978 3615 2029 vindem-ata

2047 2052 2165 2107 est,
2207 2044 2299 2098 sed
2330 2047 2396 2098 ab
2435 2048 2534 2099 illis
2563 2062 2697 2111 quos
2727 2048 2825 2115 ipsi
2857 2050 3086 2102 maxime
3129 2048 3428 2099 immundos
3468 2058 3618 2113 puta-

2051 2117 2175 2165 bant
2206 2132 2217 2165 :
2253 2116 2371 2179 quia
2396 2132 2519 2183 aper
2548 2119 2894 2169 exterminavit
2921 2133 3051 2170 eam.
3081 2116 3216 2170 Nihil
3248 2116 3389 2168 enim
3419 2116 3619 2170 .ludzeis

2050 2185 2215 2250 magis
2246 2184 2575 2237 immundum
2604 2186 2681 2239 vel
2711 2187 3033 2255 contrarium
3055 2203 3210 2255 quam
3237 2201 3458 2255 porrus;
3489 2202 3618 2252 aper

2049 2266 2223 2304 autent
2254 2264 2578 2324 estaporcus.
2612 2255 2679 2307 Et
2708 2254 2940 2324 intellige
2983 2254 3083 2324 per
3113 2271 3298 2324 aprum
3336 2254 3616 2321 Vespasia-

2052 2336 2175 2375 num
2217 2322 2500 2390 gentilem,
2542 2326 2658 2390 quia
2704 2325 2843 2377 nulla
2883 2322 3052 2392 major
3098 2322 3429 2379 imutunditia
3462 2341 3616 2389 quam

2051 2393 2353 2463 gentilium,
2386 2394 2473 2461 qui
2503 2404 2801 2447 creaturam
2832 2395 3068 2448 Creatori
3102 2405 3523 2463 praeposuerunt.
3557 2397 3622 2445 lit

2050 2472 2132 2513 est
2158 2462 2377 2534 dicere:
2415 2464 2549 2530 Aper
2578 2465 2796 2517 veniens
2825 2465 2885 2516 de
2909 2467 3071 2534 sylva,
3105 2462 3155 2518 id
3184 2475 3287 2529 est,
3319 2464 3383 2517 de
3410 2465 3619 2531 gemiti-

2050 2542 2179 2593 tate,
2207 2548 2325 2599 qua:
2356 2533 2555 2585 inculta
2585 2542 2736 2597 erat;
2764 2535 2886 2601 quia
2917 2533 3013 2587 nec
3039 2539 3230 2604 legem,
3265 2548 3361 2585 nec
3392 2537 3619 2600 prophe-

2051 2608 2132 2654 tas
2172 2613 2479 2670 acCrperat,
2517 2606 2898 2667 exterminavit,
2941 2604 2991 2655 id
3030 2617 3138 2668 est,
3178 2614 3327 2657 extra
3368 2604 3623 2656 terminos

2050 2685 2175 2723 suos
2208 2674 2383 2739 posuit
2413 2676 2621 2724 vineam
2657 2676 2798 2725 illam
2830 2688 2843 2726 :
2874 2674 2994 2740 quia
3024 2676 3113 2742 qui
3147 2689 3249 2726 non
3282 2674 3443 2742 occisi
3473 2685 3621 2735 sunt,

2051 2742 2307 2812 atttlame
2335 2744 2636 2809 perierunt,
2667 2753 2759 2795 aut
2788 2745 2979 2808 captivi
3009 2739 3148 2797 ducti
3182 2754 3323 2796 sunt.
3355 2739 3418 2793 Et
3442 2744 3621 2812 singu-

2054 2810 2199 2883 laris,
2222 2811 2270 2862 id
2285 2812 2550 2883 est,'l‘itus
2569 2813 2706 2865 lilius
2723 2812 3054 2880 Vespasiani;
3073 2815 3233 2883 ferus,
3253 2813 3300 2865 id
3315 2824 3414 2876 est,
3430 2810 3620 2866 crude-

2054 2878 2118 2932 lis
2142 2891 2194 2933 et
2222 2882 2480 2952 superbus
2502 2923 2517 2948 ,
2537 2884 2770 2951 depastus
2797 2878 2888 2947 est,
2924 2885 2972 2936 id
3000 2878 3103 2949 esi,
3134 2878 3407 2952 depastum
3439 2884 3624 2937 habuit

2053 2964 2161 3020 eam
2193 2950 2434 3014 vineam;
2470 2968 2590 3020 quia
2624 2955 2721 3005 iste
2763 2955 2991 3006 tttaxitne
3026 2950 3343 3018 despoliavit
3371 2963 3423 3007 et
3453 2963 3626 3006 vasta-

2058 3019 2129 3091 vit
2174 3035 2311 3091 eam.
2366 3019 2521 3074 Patre
2566 3022 2705 3075 enim
2739 3022 3061 3090 Vespasiano
3106 3023 3325 3075 Romam
3360 3039 3619 3091 regresso,

2054 3089 2151 3143 iste
2182 3090 2231 3143 in
2273 3091 2548 3145 obsidione
2590 3089 2874 3157 remansit,
2909 3104 2961 3147 et
2992 3093 3203 3148 tandem
3232 3089 3499 3147 civitatem
3532 3111 3625 3147 cc-

2053 3159 2147 3225 pit,
2176 3172 2229 3213 et
2259 3159 2491 3213 funditus
2519 3164 2727 3215 evertit.

2124 3230 2261 3281 Deus
2304 3233 2565 3283 virtutum.
2611 3234 2772 3296 Quasi
2817 3233 2957 3284 dicat
2988 3250 3000 3283 :
3038 3233 3079 3284 si
3112 3233 3186 3284 sic
3221 3232 3483 3299 agendum
3513 3245 3629 3288 erat

2053 3297 2104 3370 i_n
2136 3300 2300 3365 paleis
2324 3341 2337 3363 ,
2380 3316 2484 3352 non
2528 3301 2603 3353 sic
2634 3303 2849 3355 Domine
2879 3314 3063 3368 agatur
3094 3304 3147 3354 in
3180 3297 3358 3370 granis
3387 3318 3403 3355 :
3431 3304 3527 3355 sed
3549 3341 3563 3364 ,
3596 3321 3628 3354 υ

2055 3368 2190 3419 Deus
2230 3371 2491 3431 virtutum,
2534 3380 2816 3421 convertere
2847 3376 2910 3422 ad
2964 3385 3080 3431 nos,
3134 3368 3204 3424 ιι(
3228 3370 3302 3425 sic
3345 3384 3627 3426 conVertas

2055 3451 2169 3489 nos.
2214 3440 2275 3490 Et
2304 3441 2393 3507 qui
2424 3441 2567 3505 prius
2599 3442 2861 3492 videbaris
2892 3442 3203 3507 despexisse
3236 3444 3442 3495 vineam
3471 3444 3622 3494 istam

2055 3507 2127 3578 in‘
2148 3508 2251 3562 illis
2281 3510 2584 3561 carnalibus
2616 3508 2848 3577 patribus
2869 3551 2883 3573 .
2915 3513 3110 3578 respice
3139 3528 3255 3565 eam
3290 3513 3623 3566 misericordi

2054 3575 2242 3631 allectu
2273 3579 2335 3630 de
2364 3581 2489 3629 ccclo
2520 3575 2804 3643 cteloruin,
2848 3581 2897 3633 id
2942 3575 3057 3644 est,
3101 3597 3194 3649 per
3226 3582 3491 3636 hominem
3528 3583 3627 3634 Do—

2056 3649 2309 3700 mintcutn
2333 3688 2347 3710 ,
2376 3648 2581 3702 scilicet
2612 3651 2867 3702 mittendo
2896 3650 2945 3704 ei
2973 3648 3128 3719 quem
3162 3653 3418 3704 missurus
3445 3670 3521 3705 es.
3557 3650 3625 3704 Et

2054 3720 2199 3781 vide,
2232 3719 2282 3771 id
2312 3730 2421 3783 εει,
2455 3734 2562 3785 prie
2591 3722 2761 3773 oculis
2796 3722 2936 3774 illam
2966 3722 3100 3775 habe
3122 3761 3138 3786 ,
3168 3735 3222 3773 ut
3253 3722 3486 3788 plenarie
3512 3722 3626 3790 ejus

2058 3790 2379 3842 tniserearts.
2430 3790 2496 3841 Et
2537 3790 2605 3842 ita
2650 3792 2793 3841 visita
2842 3807 2932 3857 per
2978 3794 3199 3859 gratiam
3247 3802 3389 3844 tuam
3434 3794 3628 3844 vineam

2056 3860 2231 3918 istum,
2272 3870 2522 3930 tanquam
2560 3859 2869 3930 languidam
2915 3872 2969 3914 et
3017 3864 3378 3927 impotentem,
3429 3876 3522 3930 per
3569 3876 3627 3916 se

2057 3943 2293 3995 surgere.
2344 3927 2405 3979 Et
2445 3928 2629 3997 perﬁce
2672 3946 2779 3982 eam
2825 3932 3011 3983 merito
3038 3941 3091 3984 et
3122 3946 3378 3997 numero,
3412 3927 3514 3984 ti0n
3549 3931 3627 3984 in~

2059 4007 2215 4069 stitue
2257 3998 2413 4051 aliam
2448 4016 2460 4051 :
2503 4002 2627 4067 quia
2672 4001 2740 4052 ibi
2790 4002 2959 4068 (quasi
3009 4001 3174 4069 dicat)
3219 4017 3401 4055 verum
3442 4016 3627 4055 semen

2060 4068 2285 4119 Abrahae
2328 4078 2427 4120 est.
2476 4070 2547 4119 lbt
2592 4084 2772 4121 semen
2820 4072 2975 4132 illud,
3026 4072 3077 4125 in
3122 4068 3226 4140 quo
3274 4072 3627 4125 benedicentur

2061 4152 2228 4189 omnes
2253 4148 2442 4206 gentes,
2470 4139 2519 4189 id
2551 4149 2631 4192 est
2663 4141 2808 4192 rad.x
2834 4141 2917 4194 illa
2944 4142 2993 4194 in
3018 4158 3119 4210 qua
3144 4139 3371 4195 insertus
3398 4141 3631 4196 oleaster

2064 4218 2282 4274 ponatur
2308 4225 2319 4260 :
2345 4211 2528 4277 perﬁce
2548 4226 2678 4274 eam,
2704 4211 2841 4272 dico,
2867 4228 2982 4278 qua:
3005 4229 3108 4264 non
3136 4214 3291 4265 habet
3314 4227 3379 4264 ex
3404 4228 3461 4265 se
3488 4227 3626 4270 esse,

2061 4281 2154 4329 sed
2182 4293 2243 4329 ex
2275 4289 2345 4341 te,
2374 4295 2493 4345 quia
2519 4295 2635 4332 eam
2666 4281 2906 4347 plantavit
2937 4284 3139 4334 dextera
3171 4294 3277 4334 tua.
3314 4280 3377 4332 Et
3410 4286 3476 4333 ita
3508 4286 3632 4335 dico

2066 4349 2281 4419 perlice,
2329 4361 2379 4400 ιιι
2421 4352 2487 4401 sit
2532 4352 2746 4402 l'undata
2777 4368 2927 4417 super
2954 4353 3119 4419 [ilium
3160 4352 3397 4416 hominis,
3442 4351 3494 4403 id
3526 4366 3625 4416 est,

404 4416 779 4487 amaricantes
803 4414 991 4487 ﬂuctus
1043 4416 1194 4485 lmjus
1238 4421 1415 4472 saeculi
1465 4412 1778 4487 inlluebant,
1833 4422 1951 4477 lacti
1989 4412 2037 4472 D
2062 4418 2351 4471 Christum.
2381 4421 2513 4473 Dicit
2534 4424 2674 4473 enim
2704 4412 2983 4487 Apostolus
3008 4437 3022 4474 :
3050 4412 3459 4473 Fundamentum
3482 4412 3627 4473 aliud

403 4493 526 4535 sunt
569 4484 901 4560 prOpagines.
937 4485 996 4560 Et
1026 4484 1122 4539 hoc
1153 4487 1330 4552 modo,
1363 4491 1563 4543 scilicet
1591 4507 1683 4557 per
1731 4484 1954 4560 prophe-

406 4564 643 4628 tas,.tuin
688 4556 1080 4628 per_palmites,
1129 4566 1238 4609 tum
1283 4573 1374 4625 per
1411 4556 1743 4628 propagines
1765 4556 1956 4616 factum

404 4622 633 4698 esthoc,
667 4624 803 4698 quod
837 4628 948 4677 hasc
978 4630 1130 4678 vinea
1164 4622 1322 4678 totam
1354 4622 1545 4681 terram
1575 4622 1831 4698 implevit.

481 4691 546 4745 Ut
592 4694 715 4769 quid
763 4694 1052 4769 destruxisti
1098 4698 1386 4769 maceriam.
1439 4699 1603 4752 Deﬂet
1650 4691 1735 4754 hic
1782 4702 1957 4769 Asaplt

404 4763 743 4839 corporalem
767 4763 1336 4839 destructionemejus
1375 4770 1589 4834 populi,
1628 4786 1783 4836 quem
1827 4763 1958 4839 pra:-

405 4833 636 4905 diitimrus
671 4833 983 4905 principium
1013 4848 1132 4885 esse
1160 4836 1358 4897 vineae,
1400 4833 1490 4889 sed
1533 4833 1793 4892 non'sine
1827 4833 1957 4905 spe;

406 4901 526 4969 quia
564 4904 813 4966 loquitur,
860 4912 916 4953 ut
958 4903 1007 4954 in
1051 4904 1200 4956 titulo
1242 4905 1549 4969 praedictum
1576 4918 1676 4970 est,
1708 4912 1775 4963 de
1813 4901 1960 4963 dire;

406 4972 604 5045 ctione.
640 4972 700 5045 l_£_t
733 4975 777 5024 si
808 4970 885 5023 sic
916 4970 966 5023 in
999 4972 1195 5045 paleis,
1240 4987 1342 5045 non
1373 4976 1453 5045 sic
1478 4979 1736 5045 agendum
1763 4992 1878 5031 erat
1910 4980 1962 5031 in

407 5043 606 5107 granis.
642 5041 705 5113 lfjt
738 5052 852 5113 est,
877 5056 1028 5113 quasi
1060 5042 1199 5113 dicat
1231 5060 1243 5093 :
1276 5041 1732 5113 Quandoquidem
1754 5086 1769 5110 ,
1798 5063 1829 5099 o
1864 5050 1963 5101 Do-

411 5112 573 5183 mine,
597 5110 816 5183 eduxistt'
840 5112 1034 5162 vineam
1062 5112 1203 5183 illam
1233 5113 1293 5163 de
1322 5110 1571 5181 /Egypto.
1602 5126 1645 5167 et
1675 5134 1784 5168 eam
1816 5121 1967 5183 plun-

410 5182 550 5253 tasti,
576 5190 627 5253 ut
650 5182 772 5248 quid
794 5195 920 5247 ergo
942 5182 1233 5233 destrua'isti
1264 5198 1525 5235 maceriam
1552 5186 1696 5253 ejus?
1723 5188 1833 5239 Non
1866 5189 1965 5240 hoc

410 5249 552 5323 dicit
591 5251 912 5323 illutninatus
962 5258 1121 5323 atque
1172 5263 1441 5305 correctus
1488 5249 1663 5318 Asaph
1716 5267 1963 5323 tanquam

411 5319 674 5393 nesciens.
703 5320 915 5372 Solebat
938 5322 1076 5371 enim
1100 5334 1215 5373 eam
1235 5327 1539 5393 necessario
1561 5319 1961 5393 destruendam,

408 5392 532 5454 quia
580 5392 943 5461 interminatus
984 5394 1181 5461 eratet
1231 5390 1486 5444 Dominus
1532 5408 1624 5461 per
1662 5396 1847 5447 Isaiam
1888 5390 1969 5446 di-

409 5472 538 5531 ct‘ns
579 5473 592 5510 :
640 5458 904 5531 Destruam
952 5460 1222 5531 maceriam
1268 5463 1397 5527 ejus.
1448 5458 1734 5531 Et'adjicit
1782 5479 1964 5531 quare.

413 5523 711 5599 Exspectat
738 5531 869 5580 enim
901 5538 953 5579 ut
994 5529 1175 5597 faceret
1207 5523 1383 5596 uvam,
1425 5542 1468 5583 et
1505 5523 1638 5599 [ει-τί
1660 5523 1967 5591 labruscant.

415 5596 805 5671 Aba'xspecaviut
845 5596 1032 5671 faceret
1062 5600 1339 5665 judicium,
1384 5613 1429 5654 et
1477 5596 1591 5671 fecit
1634 5605 1966 5671 iniquitatrm.

412 5667 517 5719 Sed
574 5683 668 5735 pro
714 5668 951 5736 Assytiis
998 5668 1099 5721 hoc
1147 5671 1305 5734 dicit,
1358 5684 1411 5724 ut
1457 5667 1510 5725 et
1555 5667 1969 5730 destructionem

2062 4504 2206 4561 nemo
2230 4504 2621 4561 ponerepotest,
2650 4501 2832 4561 praeter
2860 4492 2911 4541 id
2936 4492 3310 4561 quod'pusitunt
3337 4500 3434 4555 est,
3462 4493 3511 4561 id
3541 4503 3635 4557 est,

2063 4558 2313 4612 Christus.
2362 4559 2548 4611 Filium
2599 4558 2828 4612 heminis
2873 4562 2992 4611 dico
3031 4558 3181 4626 quem
3232 4570 3287 4612 tu
3334 4560 3633 4627 specialiter

2061 4630 2378 4695 con/irtiiasti
2419 4631 2553 4681 inter
2578 4646 2761 4684 omnes
2792 4630 2912 4691 tibi,
2956 4629 3005 4681 id
3034 4638 3115 4681 est
3136 4669 3150 4689 ,
3194 4630 3258 4682 ad
3292 4640 3437 4683 tuum
3465 4630 3631 4685 hono-

2062 4714 2196 4751 rem.
2231 4701 2397 4751 Adam
2430 4701 2637 4765 quidem
2670 4701 2721 4751 in
2753 4701 3069 4751 abundantia
3104 4701 3352 4754 virtutum
3383 4702 3628 4769 posuisti,

2061 4770 2159 4837 sed
2187 4784 2289 4821 non
2322 4771 2669 4835 conlit‘masli,
2699 4773 2819 4837 quia
2850 4770 2950 4822 labi
2984 4770 3169 4835 potuit.

2134 4836 2349 4889 Incensa
2378 4840 2499 4907 igni.
2533 4838 2668 4892 Vere
2696 4836 2936 4905 perlicit-5
2966 4854 3081 4891 eam
3100 4883 3113 4906 ,
3145 4838 3266 4907 quia
3297 4840 3499 4893 incensa
3526 4843 3635 4908 igni

2064 4918 2107 4960 et
2146 4909 2364 4975 su/I'ossa
2406 4912 2633 4973 peribunt
2682 4911 2730 4961 in
2761 4927 2821 4962 ea
2853 4913 2914 4961 ab
2949 4912 3291 4977 increpatione
3333 4908 3499 4962 vultus
3540 4913 3630 4962 tui.

2070 4977 2248 5052 Vultus
2277 4979 2363 5052 Dei
2390 4978 2559 5052 Patris
2590 4990 2676 5052 est
2700 4982 2811 5045 ipse
2832 4982 3095 5052 Christus,
3117 4983 3359 5052 splendor
3389 4991 3434 5033 et
3463 4983 3633 5052 figura

2062 5048 2355 5099 substantia:
2384 5049 2511 5116 ejus,
2549 5060 2605 5100 ιιι
2632 5050 2705 5102 ait
2735 5051 3040 5117 Apostolus.
3092 5052 3223 5105 Vere
3261 5051 3420 5104 etiam
3460 5048 3631 5102 sancti

2068 5118 2457 5184 pnedicatores,
2493 5119 2543 5170 in
2578 5121 2767 5187 quibus
2796 5129 3013 5188 apparet
3046 5126 3216 5173 vultus
3242 5121 3389 5188 ejus;
3424 5120 3508 5171 hic
3538 5135 3629 5170 au-

2069 5200 2171 5239 ιειιι
2216 5191 2387 5238 vultus
2431 5190 2553 5251 Dei,
2594 5192 2717 5255 quid
2756 5191 2899 5242 aliud
2948 5192 3184 5256 increpat
3227 5191 3327 5242 nisi
3378 5191 3634 5253 peccata?

2069 5256 2167 5308 Per
2206 5258 2321 5326 ejus
2355 5257 2532 5324 utique
2573 5258 2985 5326 increpationein
3035 5270 3245 5325 peccata
3285 5271 3461 5311 nostra
3507 5274 3628 5325 per-

2070 5328 2237 5378 ilntnt.
2279 5325 2434 5378 Fiunt
2461 5338 2633 5381 autem
2664 5325 2876 5397 peccata
2904 5332 3079 5383 omnia
3112 5343 3227 5397 quae
3262 5338 3449 5395 sponte
3478 5342 3626 5381 com-

2070 5398 2326 5449 tnittimus
2348 5436 2363 5459 ,
2406 5407 2495 5449 aut
2523 5400 2660 5450 malo
2690 5414 2900 5463 amore,
2938 5408 3030 5451 aut
3060 5398 3249 5450 timore
3280 5398 3419 5449 malo
3448 5415 3459 5450 :
3494 5408 3632 5454 Stcut

2069 5482 2099 5518 e
2120 5478 2299 5518 contra
2328 5482 2486 5520 omne
2511 5484 2643 5533 opus
2682 5470 2877 5522 bonum
2916 5478 3006 5522 ant
3032 5471 3087 5521 lit
3127 5470 3265 5521 booo
3310 5484 3511 5533 amore,
3542 5480 3633 5525 aut

2070 5537 2209 5588 bono
2236 5538 2443 5589 timore.
2474 5537 2537 5590 Ut
2567 5538 2610 5589 si
2638 5538 2823 5605 aliquis
2856 5541 2978 5591 velit
3005 5554 3100 5591 nos
3127 5539 3377 5592 inducere
3406 5539 3471 5591 ad
3505 5542 3629 5605 hoc,

2073 5613 2129 5657 ut
2175 5605 2357 5657 falsum
2402 5610 2758 5660 testimonium
2802 5618 2982 5661 contra
3028 5612 3331 5677 proximum
3370 5609 3631 5675 dicamus,

2072 5684 2160 5728 aut
2190 5677 2382 5744 aliquid
2411 5679 2533 5745 tale,
2564 5679 2816 5746 promittit
2844 5679 2993 5734 nobis
3025 5680 3187 5733 multa
3214 5697 3224 5733 :
3252 5682 3441 5749 quibus
3467 5679 3508 5734 si
3542 5690 3640 5732 ue-
