4010 6190
437 229 539 281 illi)

904 228 1102 285 BEDIE
1145 229 1588 284 VliNElL—illlLlS
1626 229 1774 282 Ol‘P.
1820 226 1992 282 PARS
2033 225 2094 278 ll.
2136 223 2322 278 SECT.
2370 224 2430 277 Il.
2473 251 2540 263 --
2581 221 2782 278 DUBIA
2825 224 2908 278 ET
2950 225 3217 279 SPUliIA.

3569 228 3668 282 9ἓο

437 347 694 401 lectamnr
722 355 775 400 ct
813 348 1192 406 coiisentimns.
1237 360 1360 398 erce
1404 344 1541 397 malo
1585 358 1786 405 amore,
1831 342 1879 393 id
1923 351 2003 394 est
2033 343 2078 398 A
2109 344 2370 406 tecostcn.
2408 333 2534 385 Item
2564 332 2828 385 Arnobius
2847 333 2908 406 _in
2938 333 3330 406 septuagesimo
3369 349 3506 387 nouo
3531 339 3669 405 psal.

437 419 685 478 rupitlate
727 433 882 481 prava
925 419 1129 470 accensi
1170 429 1472 483 peccamus.
1520 414 1573 467 Si
1619 425 1793 467 autem
1835 413 1997 483 gratia

439 487 530 540 Dei
579 497 702 542 tunc
739 503 834 540 nos
874 481 1209 550 impiramur,
1259 494 1312 536 et
1350 484 1642 551 cogitamus
1685 484 1810 535 illud
1860 481 1999 548 quod

437 559 552 622 ipse
583 559 854 625 praposuit
883 555 1056 617 nobis,
1080 555 1358 620 exemplilii
1379 555 1572 607 andum
1600 555 1801 608 scilicet
1827 570 1839 606 :
1867 553 2003 615 Quid

434 631 638 692 prodest
673 629 854 680 ’tomini
881 627 923 679 si
949 633 1106 677 tolum
1131 627 1377 677 mundum
1403 626 1646 688 lucretur,
1669 625 1851 676 anima:
1890 641 2004 678 vero

434 715 542 751 sua:
567 699 914 751 detrimentum
943 699 1208 758 patiatur?
1238 698 1372 748 Ecce
1402 711 1492 762 per
1517 701 1649 748 hanc
1678 695 2001 748 Dominicam

437 770 849 833 increpationem
879 767 1098 819 rlfvctus
1131 767 1250 818 mali
1283 766 1496 829 amoris,
1527 765 1576 817 id
1601 775 1700 823 est.
1732 776 2002 830 peccatmn

435 839 485 890 in
519 839 670 891 nobis
712 838 865 905 perit.
898 837 1049 890 Tunc
1091 838 1180 890 ille
1213 838 1395 889 ridens
1437 837 1694 901 promissa
1738 851 1831 888 sua
1873 852 2002 890 con-

434 909 618 967 tcmni.
661 909 880 961 forsitan
923 908 988 960 ad
1035 908 1202 959 minas
1251 923 1309 960 se
1355 907 1636 967 convertit,
1680 915 1733 959 et
1775 907 2006 960 minatur

433 978 586 1031 nobis
633 993 739 1032 non
791 986 991 1032 tantum
1043 979 1430 1046 expn'sit'mem,
1478 977 1569 1030 sed
1623 979 1789 1039 ipsam
1843 979 2002 1030 etiam

433 1059 680 1102 mortem.
707 1048 856 1113 Quod
893 1050 934 1100 si
975 1055 1099 1102 tunc
1141 1051 1303 1100 territi
1345 1049 1390 1100 ei
1426 1046 1844 1108 Consentiamus,
1880 1063 2005 1102 erce

431 1117 624 1171 timore
654 1119 792 1172 malo
824 1118 1080 1171 humiliati
1117 1133 1415 1185 peccamus.
1443 1116 1498 1170 Si
1527 1127 1702 1170 autem
1737 1127 1860 1170 tunc
1891 1135 2005 1184 gra-

435 1187 502 1240 tia
533 1189 707 1242 divina
741 1189 969 1243 interius
1007 1193 1343 1249 roboremnr,
1387 1197 1441 1241 et
1478 1189 1617 1251 quod
1661 1189 1775 1255 ipse
1819 1204 2005 1241 exem-

436 1259 684 1324 plandum
728 1261 1031 1326 proposuit,
1074 1260 1124 1312 in
1169 1269 1347 1312 mente
1391 1258 1699 1322 habeamus,
1757 1261 2002 1314 scilicet:

436 1327 613 1382 Nolite
634 1330 810 1382 timere
835 1332 923 1398 qui
954 1345 1136 1397 corpus
1160 1330 1424 1394 occidunt,
1457 1329 1681 1381 animam
1710 1342 1875 1381 autem
1905 1347 2004 1384 non

434 1410 644 1466 possunt
688 1402 933 1458 occidere.
985 1409 1039 1452 et
1083 1401 1397 1464 resistimus,
1445 1407 1498 1454 et
1545 1413 1649 1451 non
1701 1413 2002 1465 peccamus.

434 1469 622 1522 Melius
651 1478 734 1524 est
760 1470 904 1523 enim
946 1483 995 1520 ιιι
1035 1471 1205 1522 aliena
1245 1471 1493 1538 iniquitas
1533 1467 1757 1535 perimat
1791 1484 2004 1525 carnem

435 1548 693 1602 nostram,
724 1557 879 1606 quam
927 1541 1178 1608 injustitia
1220 1541 1445 1608 perimat
1485 1541 1715 1592 animam
1749 1551 2001 1596 nostram.

435 1608 500 1661 lit
529 1621 994 1678 quantumcunque
1027 1611 1255 1662 mundus
1297 1611 1554 1678 promittit
1587 1609 1737 1660 nobis
1770 1609 2000 1677 injustis,

430 1682 743 1754 "Illi-prlils
773 1681 925 1754 dabit
961 1681 1098 1754 Deus
1127 1681 1303 1747 justis,
1337 1695 1453 1733 cum
1485 1680 1608 1732 dicit
1638 1696 1652 1734 :
1698 1678 1888 1745 Venite,
1920 1682 2005 1735 be-
2042 1695 2081 1754 Β

427 1751 614 1802 ncdicti
665 1749 836 1804 Patris
888 1753 1007 1815 mei,
1060 1764 1114 1804 et
1159 1761 1370 1804 czctera.
1429 1753 1489 1802 lit
1535 1759 2002 1816 quantumcumpte

428 1821 658 1875 mundus
689 1820 919 1874 minatur
966 1821 1118 1874 nobis
1163 1822 1339 1887 justis,
1389 1821 1555 1872 multo
1605 1821 1718 1882 plus
1772 1821 2002 1874 minatur

427 1890 582 1943 nobis
613 1891 750 1944 Deus
780 1890 1010 1958 injustis,
1035 1891 1153 1956 quia
1185 1892 1421 1944 dicturus
1447 1901 1527 1944 est
1553 1907 1564 1940 :
1597 1889 1693 1952 lle,
1722 1889 1996 1953 maledicti,

425 1961 481 2013 in
520 1963 686 2031 ignem
723 1971 989 2015 (cret-num.
1038 1962 1098 2013 Et
1139 1961 1238 2015 hoc
1277 1972 1358 2014 cst
1399 1961 1536 2028 quod
1578 1960 1701 2013 dicit
1736 1975 1748 2012 :
1783 1959 2002 2013 Incensa

423 2032 553 2098 igni,
595 2031 647 2086 id
688 2041 768 2085 est
809 2042 1023 2096 peccata
1067 2031 1258 2084 ardore
1299 2046 1474 2098 pravae
1505 2031 1808 2098 cupiditatis
1848 2047 1998 2084 cinn-

425 2105 612 2169 missa,
642 2113 688 2154 et
709 2102 950 2169 sit/fassa.
986 2101 1033 2154 id
1059 2111 1156 2161 est,
1187 2103 1270 2154 illa
1302 2103 1458 2155 etiam
1489 2113 1722 2166 peccata,
1759 2117 1874 2165 quae
1907 2118 2002 2166 per

426 2174 840 2227 humiliatianem
887 2173 1007 2227 mali
1056 2173 1257 2226 timoris
1302 2173 1721 2226 commi'tuntnr.
1772 2173 1837 2223 Et
1883 2172 2000 2226 ideo

422 2243 642 2307 su/I-ossa
679 2243 945 2308 dicuntur,
986 2245 1104 2310 quia
1150 2257 1331 2296 murus
1359 2243 1445 2310 qui
1479 2241 1778 2306 sulinditur,
1829 2243 2001 2295 lnuni-

423 2314 609 2379 liatnr;
637 2323 879 2383 utraque,
906 2315 1142 2380 inquam,
1169 2316 1281 2366 ιτα-ε
1306 2327 1498 2380 genera
1527 2323 1862 2380 peccatorum
1887 2329 2000 2380 per-

421 2384 562 2454 ibunt
591 2387 654 2437 ab
683 2386 1025 2454 increpatione
1049 2399 1144 2452 per
1168 2385 1369 2436 vultum
1397 2394 1540 2436 tuum
1571 2385 1728 2454 facta,
1759 2395 1791 2434 ο
1821 2384 1956 2435 Deus
1981 2400 1998 2438 :

423 2453 536 2506 lizec
573 2455 786 2521 quidem
816 2452 1076 2509 sententia
1103 2455 1240 2508 beati
1271 2463 1352 2507 est
1384 2452 1658 2519 Augustini
1689 2465 1736 2506 et
1773 2453 1998 2507 aliorum

421 2527 794 2590 ramplurium.
838 2525 1187 2578 Cassiodorus
1227 2539 1353 2576 vero
1392 2523 1604 2576 incensa
1656 2521 1760 2589 igni
1811 2527 1998 2577 eodem

422 2594 582 2646 tnodo
618 2595 828 2662 accipit,
866 2593 1070 2648 scilicet
1112 2604 1324 2663 peccata
1363 2593 1448 2646 illa
1492 2609 1606 2659 quae
1647 2594 1838 2644 ardnrn
1878 2595 1999 2647 tnali

420 2664 618 2718 amoris
655 2665 806 2728 ﬁunt,
856 2664 1078 2718 sttﬂ'ossa
1121 2679 1248 2719 vero
1287 2680 1346 2718 ea
1391 2672 1603 2731 peca‘ata
1643 2673 1812 2722 vocat.
1856 2678 2001 2730 qua:-

419 2747 632 2857 fiunque
679 2751 772 2805 per
830 2735 1049 2791 insidias
1092 2746 1181 2788 aut
1241 2749 1333 2804 per
1379 2733 1560 2787 dolum
1609 2734 1754 2802 quasi
1801 2733 2000 2790 infossa

461 2815 572 2857 unt.

497 2873 620 2928 Fiat
667 2892 849 2930 manus
901 2887 1005 2932 tua.
1040 2877 1262 2943 Quando
1312 2875 1524 2944 quidem
1578 2887 1682 2928 tam
1726 2875 1871 2928 utilis
1913 2883 2000 2930 est

425 2947 720 3014 increpatio
740 2957 849 3008 tua,
877 2949 964 3011 ﬁat
991 2964 1117 3014 ergo
1145 2963 1324 2999 manus
1348 2959 1454 3007 tua,
1485 2961 1517 2998 0
1553 2945 1794 3009 Domine,
1822 2946 1870 2998 id
1893 2957 1994 3010 est,

426 3030 640 3084 semper
686 3018 955 3072 adltznrcat
984 3018 1247 3071 corrcCIio
1294 3027 1378 3069 tua
1407 3032 1558 3081 super
1587 3016 1751 3068 virum
1796 3018 1997 3068 consti-

427 3088 703 3152 tuendum,
756 3087 804 3139 id
850 3097 948 3151 est,
1001 3098 1055 3140 ιιι
1097 3087 1452 3141 constituatur
1499 3101 1634 3138 unus
1682 3086 1763 3137 vir
1817 3085 1994 3150 perle-

425 3165 562 3221 ctus,
594 3159 642 3212 id
667 3166 772 3221 est,
803 3156 1064 3222 Christus,
1094 3165 1252 3222 caput
1279 3156 1478 3210 scilicet
1504 3165 1558 3207 et
1583 3169 1796 3223 corpus.
1826 3156 1995 3215 Super

424 3228 587 3281 virum
639 3230 758 3282 dico
808 3229 1029 3281 dexterae
1071 3239 1186 3289 tum,
1242 3227 1292 3280 id
1326 3235 1427 3289 est,
1463 3227 1514 3278 in
1563 3242 1668 3294 quo
1715 3226 1994 3292 apparebit

425 3298 666 3362 dextera,
700 3299 750 3352 id
778 3307 882 3362 est,
932 3299 1164 3365 potentia
1199 3307 1302 3351 tua.
1357 3296 1420 3349 Et
1447 3310 1603 3365 quem
1637 3296 1806 3348 virum
1850 3297 1992 3349 acci-

428 3368 556 3435 piat,
605 3363 1178 3424 determinatdicens:
1216 3367 1282 3420 Et
1329 3382 1478 3433 super
1511 3363 1704 3418 Filium
1746 3365 1988 3421 hominis.

426 3439 626 3492 Omnes
674 3442 815 3493 enim
873 3449 1146 3504 portantes
1204 3438 1488 3505 imaginem
1541 3435 1659 3490 Filii
1719 3437 1991 3505 hominis,

427 3511 576 3577 quasi
609 3526 744 3564 unus
773 3509 938 3564 Filius
970 3509 1200 3562 hominis
1231 3504 1351 3560 cum
1379 3507 1495 3572 ipso
1524 3515 1664 3559 sont.
1711 3508 1868 3568 Quem
1905 3504 1991 3558 Fi-

426 3581 552 3632 limn
601 3581 831 3634 hominis
881 3579 1194 3647 conﬁrmasti
1243 3578 1456 3645 quidem
1512 3577 1879 3642 principaliter
1936 3577 1989 3647 in

427 3653 602 3719 capite
636 3669 648 3703 :
678 3645 996 3705 secundario
1041 3663 1165 3702 vero
1192 3651 1350 3701 etiam
1387 3650 1437 3698 in
1467 3648 1730 3719 membris
1777 3647 1888 3719 tibi.
1929 3645 1990 3719 id

427 3716 528 3782 est,
561 3722 624 3774 ad
659 3733 805 3773 tuum
847 3723 1122 3774 honore-ii.
1159 3719 1250 3771 Vel
1281 3719 1432 3770 aliter
1459 3717 1634 3783 (quasi
1680 3716 1843 3785 dicat)
1878 3734 1888 3766 :
1926 3716 1992 3769 Et

426 3800 484 3842 ut
515 3791 817 3856 perﬁciatur
865 3793 1016 3842 vinea
1065 3789 1292 3856 plantata
1344 3803 1373 3839 a
1427 3790 1642 3841 dextera
1675 3794 1785 3850 tua,
1835 3796 1888 3839 et
1936 3797 1992 3839 ut

426 3872 650 3929 pereant
682 3864 730 3915 in
758 3876 820 3914 ea
850 3863 1054 3914 incensa
1085 3861 1187 3930 igni
1216 3871 1260 3912 et
1304 3857 1562 3924 suffossa;
1605 3871 1734 3930 ergo
1767 3857 1990 3910 Domine

428 3927 518 3996 ﬁat
548 3948 726 3985 manus
755 3944 862 3995 tua,
896 3932 946 3982 id
973 3941 1075 3993 est,
1104 3927 1366 4000 preteetio
1395 3939 1480 4000 tua
1509 3927 1850 4000 super_virunt
1874 3931 1992 4000 dra:-

429 4014 550 4055 tera:
582 4013 699 4065 tute,
729 4001 780 4055 id
812 4013 914 4066 est,
945 3996 1344 4068 super'mnnem
1375 3999 1523 4051 illum
1552 3999 1640 4066 qui
1669 3996 1767 4051 hoc
1797 3999 1988 4068 virium

428 4073 567 4139 quod
597 4073 753 4126 habet
796 4065 1088 4125 exercet-in
1135 4070 1378 4134 dextera,
1412 4083 1514 4139 non
1560 4065 1610 4120 in
1639 4069 1876 4121 sinistra.
1927 4065 1991 4139 Et

430 4134 758 4209 specialiter,
793 4140 883 4192 liat
912 4156 1098 4194 manus
1131 4148 1213 4192 tua
1246 4155 1395 4209 super
1421 4134 1615 4209 Filium
1639 4139 1878 4209 hominis,
1899 4137 1991 4209 qui

425 4207 512 4264 est
538 4222 696 4280 ('apttt
724 4225 930 4264 eorum.
961 4211 1071 4280 Non
1101 4207 1420 4280 enim__tledit
1447 4208 1497 4280 ei
1550 4207 1802 4280 Dominus
1833 4207 1991 4272 Spiri-

431 4293 541 4334 tum
568 4277 630 4334 ad
660 4295 986 4335 mensuram.
1024 4279 1191 4345 Super
1219 4277 1412 4332 Filium
1445 4277 1662 4330 hominis
1691 4279 1994 4345 dico,quem

429 4361 484 4405 tu
517 4353 829 4422 conﬁrmasti
859 4351 968 4422 tibi,
998 4359 1054 4403 ut
1083 4350 1464 4422 supia_dictum
1493 4356 1594 4400 est.

502 4421 569 4476 Et
612 4417 709 4475 non
740 4421 1049 4475 discedimus
1075 4435 1105 4472 a
1135 4417 1200 4472 te.
1235 4417 1352 4472 Fiat
1379 4431 1565 4470 manus
1609 4424 1716 4480 tua,
1753 4417 1990 4482 inquam,

429 4508 592 4560 super
624 4507 793 4546 Vll‘lllll
823 4491 1058 4545 dextera:
1099 4499 1224 4554 ture,
1255 4497 1308 4560 et
1337 4502 1496 4555 super
1527 4487 1713 4541 Filium
1742 4486 1992 4540 hominis.

433 4559 509 4617 Et,
540 4573 607 4617 tta
639 4578 733 4631 nos
768 4562 856 4631 qui
903 4564 1049 4627 prius
1091 4559 1434 4631 discessimus
1463 4573 1490 4610 a
1521 4568 1594 4631 te,
1624 4572 1743 4631 cum
1789 4569 1840 4611 te
1881 4571 2000 4624 pro-

427 4645 547 4700 pter
585 4625 730 4687 aliud
759 4625 1101 4696 cblebautus,
1129 4647 1231 4684 non
1261 4629 1486 4696 amplius
1513 4629 1818 4700 discedimus
1849 4643 1880 4678 a
1919 4635 1995 4700 te,

425 4697 666 4759 colentes
703 4716 918 4771 propter
944 4711 1024 4765 te;
1054 4701 1175 4770 quia
1199 4709 1254 4754 tu
1283 4715 1379 4752 nos
1400 4697 2001 4771 mortit'icatosinterius

429 4776 480 4826 in
515 4763 769 4842 peccatis,
801 4763 1084 4840 i'iviﬁcabis'
1105 4787 1215 4837 nos,
1250 4771 1301 4823 in
1332 4768 1700 4837 spiritualibus
1728 4766 1903 4842 donis.
1929 4763 2002 4842 ξι

428 4836 552 4898 ideo
577 4844 829 4902 deinceps
861 4836 1040 4894 nomen
1091 4851 1234 4893 tuum
1266 4836 1488 4902 tantum,
1522 4849 1574 4890 et
1601 4852 1704 4890 non
1735 4836 1877 4888 aliud
1923 4837 2003 4888 in-

429 4915 739 4967 vocabimus.
771 4905 842 4968 Ut
892 4921 1068 4964 autem
1116 4913 1215 4965 hoc
1257 4912 1365 4974 liat,
1422 4909 1638 4960 Domme
1668 4905 1806 4959 Deus
1836 4906 2001 4958 virtu-

433 5000 537 5038 tum
562 4997 852 5038 conversus
879 4985 1092 5047 ad'nos,
1120 4991 1351 5034 converte
1378 4981 1443 5032 ad
1467 4994 1580 5040 nos,
1611 4987 1716 5032 etc.

888 5117 953 5171 IN
995 5115 1312 5172 PSALMUM
1355 5112 1566 5168 LXXX.

431 5231 487 5284 In
519 5231 677 5286 linem
711 5233 808 5300 pro
847 5223 1463 5350 torcularibuls’bpialmus
1491 5224 1586 5292 ipsi
1615 5223 1793 5291 Asaph
1822 5221 2002 5292 quinta

1106 5311 1162 5350 sa
1241 5316 1264 5347 a
1296 5313 1331 5349 ι.

1106 5311 1331 5351 ειιυυιιιι.

1019 5403 1393 5444 Αιιῦυιικιιτυιι.

505 5486 753 5540 Ιιειιίιιιιιι
786 5483 960 5551 populi
994 5483 1060 5534 de
1086 5480 1352 5555 Babylone
1375 5479 1690 5555 praedicens.
1719 5490 1909 5528 omnes
1934 5474 2000 5555 ad

435 5558 719 5622 gratiarum
768 5549 1022 5619 provomit
1061 5549 1345 5605 actionem.
1379 5549 1685 5622 torculariis
1715 5559 1892 5622 autem
1939 5549 2005 5596 ti-

435 5618 544 5678 tulo
575 5618 924 5694 prmnotavit,
953 5623 1143 5694 quibus
1188 5622 1268 5674 vel
1304 5621 1401 5686 ipsi
1447 5618 1653 5694 afﬂicti,
1707 5618 2004 5694 ve|_ct_)_rum

436 5684 779 5750 snnt'bostcs
805 5684 992 5746 attriti.
1024 5691 1192 5746 Aliter
1222 5684 1332 5745 vox'
1351 5690 1710 5758 apostolorum
1745 5684 1809 5739 ad
1864 5685 1995 5740 l’cn-

2021 3049 2069 3112 C

2107 420 2214 468 mo,
2254 404 2412 456 Vinea
2440 411 2732 472 reparatur,
2762 413 2815 455 et
2847 402 2902 472 in
2929 404 3288 468 ni-tuagesimo
3319 419 3414 472 pro
3441 402 3664 462 torcula-

2108 475 2251 529 ribus
2293 476 2466 542 agitur
2519 491 2532 526 :
2570 471 2835 525 Ersultate
2879 471 3006 531 Deo.
3035 477 3158 540 quia
3201 471 3476 528 resurrexit
3527 479 3666 531 vinea

2108 547 2237 614 (jus,
2289 545 2525 596 surrexit
2573 542 2737 607 enim,
2769 557 2923 608 quem
2957 545 3335 597 exterminavit
3365 546 3666 601 incmlulus

2108 613 2330 689 populus
2364 629 2381 678 ;
2426 615 2592 680 ipsum
2628 614 2807 680 utique
2834 613 3226 678 exterminavit,
3252 615 3339 684 qui
3367 614 3533 670 dixit:
3565 615 3671 689 Ego

2107 702 2216 738 sum
2248 686 2359 738 vitis
2386 700 2525 736 vera.

2712 790 3064 829 EXPLA‘NATIO.

2177 869 2367 931 Quinta
2413 867 2637 929 sabbati.
2666 877 2747 922 cst
2793 869 2972 936 quinta
2995 868 3108 921 dies
3153 883 3181 921 a
3211 868 3454 932 sabbato,
3481 885 3600 937 qu:e
3643 885 3672 924 ιι

2105 941 2386 1007 gentilibus
2414 939 2526 992 dies
2557 939 2723 1002 lovis,
2757 955 2784 990 a
2819 939 2968 991 nobis
2997 941 3175 1005 quinta
3201 939 3329 992 leria
3361 949 3596 1003 vocatur,
3622 942 3667 994 in

2110 1027 2210 1078 qua
2241 1010 2372 1062 dixit
2401 1009 2538 1061 Deus
2565 1027 2577 1061 :
2611 1009 2912 1061 Producant
2942 1024 3090 1077 aqua:
3139 1009 3343 1073 t'eptdia
3379 1012 3666 1063 animarum

2108 1081 2364 1144 vivarum,
2397 1087 2450 1132 et
2476 1078 2707 1132 viilatilia
2739 1080 2968 1131 volant=a
3007 1083 3105 1132 sub
3149 1078 3483 1132 lirmamento
3513 1084 3628 1134 coeli
3658 1101 3668 1134 :

2109 1151 2331 1218 mystice
2351 1149 2652 1217 signiﬁcans
2675 1149 2907 1202 diversa:
2931 1150 3137 1201 virtutis
3164 1148 3304 1202 viros
3327 1165 3389 1202 ex
3419 1152 3568 1216 aquis
3594 1153 3672 1204 ba-

2108 1222 2372 1287 ptismatis
2417 1235 2536 1272 esse
2566 1219 2883 1272 nasciturus.
2918 1219 3080 1272 Tituli
3111 1232 3237 1282 ergo
3269 1219 3422 1286 hujus
3451 1221 3668 1275 intentio

2113 1290 2233 1343 talis
2260 1299 2361 1351 est,
2395 1301 2464 1341 -ut
2491 1292 2544 1342 in
2571 1288 2732 1340 liuent
2783 1290 3024 1358 designet
3055 1289 3334 1342 Dominum
3365 1290 3668 1353 Christum;

2110 1376 2204 1427 pro
2235 1360 2606 1422 torcularibus,
2643 1359 2932 1412 Ecclesium
2975 1359 3439 1426 persccutionibus
3468 1375 3668 1414 exami-

2112 1443 2321 1492 natam;
2355 1430 2554 1495 Asaph,
2586 1429 3078 1497 cortgrcgationem:
3107 1430 3288 1497 quinta
3320 1430 3550 1494 Sabbati,
3587 1431 3669 1484 ba-

2109 1501 2378 1566 ptismum.
2413 1499 2562 1553 Unde
2586 1497 2851 1566 colligitur
2891 1502 3150 1565 psalmum
3185 1501 3235 1552 in
3280 1499 3517 1554 Ecclesia
3568 1500 3669 1555 Do-

2110 1572 2238 1623 mini
2273 1573 2340 1624 de
2391 1581 2698 1638 regenerata
2741 1569 3150 1636 congregatione
3190 1585 3314 1623 esse
3343 1572 3663 1626 locuturum.

2115 1642 2206 1692 llic
2235 1645 2376 1694 enim
2407 1641 2582 1704 Asaph
2615 1639 2680 1692 ad
2715 1639 2990 1709 historiam
3037 1640 3248 1707 quidem
3306 1641 3541 1709 loquitur
3581 1641 3669 1695 Ju-

2108 1710 2256 1765 daais.
2292 1711 2384 1764 sed
2433 1709 2622 1764 melius
2657 1707 3005 1775 Spiritualitcr
3046 1707 3431 1777 intelligitura
3481 1713 3669 1778 papula

2105 1781 2414 1833 christiano.
2442 1780 2494 1832 In
2527 1783 2693 1845 pritna
2724 1790 2868 1842 parte
2897 1778 3088 1833 Psalmi
3120 1780 3349 1848 loquitur
3375 1779 3552 1846 Asaph
3598 1785 3656 1832 li-

2103 1851 2333 1913 delibus,
2364 1860 2416 1902 ut
2443 1865 2535 1916 per
2566 1866 2762 1917 organa
2794 1850 3003 1902 diversa
3030 1850 3352 1902 musicorum
3387 1862 3667 1913 personent

2106 1921 2288 1973 laudes
2322 1921 2544 1973 Domino
2576 1935 2669 1985 pro
2698 1921 2958 1986 perceptis
2989 1935 3130 1986 smpe
3176 1920 3470 1974 beneﬁciis.
3504 1921 3560 1973 ln
3589 1937 3668 1976 se-

2102 1992 2273 2043 cunda
2293 2031 2306 2052 ,
2333 1991 2492 2043 verba
2516 2000 2639 2042 sunt
2674 1990 2878 2042 Domini
2918 1989 3287 2042 couunin..intis
3321 2005 3387 2044 ne
3419 1989 3556 2043 idola
3587 2007 3668 2045 co-

2104 2062 2235 2124 lant,
2269 2061 2360 2113 sed
2390 2061 2501 2126 ipse
2530 2062 2674 2113 solus
2699 2061 2979 2121 adoretur,
3008 2061 3094 2126 qui
3118 2076 3457 2112 remunerare
3481 2061 3665 2115 soleat.

2103 2131 2158 2183 In
2191 2131 2340 2184 tertia
2371 2133 2546 2196 Asaph
2573 2130 2886 2196 rel0quitur,
2917 2145 3146 2198 arguens
3180 2131 3426 2184 intideles
3454 2145 3546 2184 cur
3575 2138 3666 2184 tal-

2106 2202 2244 2254 laces
2269 2200 2586 2265 exstiterint,
2614 2202 2804 2269 quibus
2847 2201 2987 2253 dona
3031 2200 3240 2254 Domini
3290 2201 3399 2255 sint
3452 2202 3666 2271 copiose

2102 2271 2310 2326 ciillata.

2669 2355 3102 2396 CtnlIE-NTAMUS.

2179 2456 2442 2511 Exsultate
2473 2455 2580 2510 Deo
2608 2456 2835 2526 ndjutori
2862 2465 3054 2526 nostro.
3079 2454 3285 2508 Titulus
3316 2463 3398 2508 est
3423 2456 3535 2510 talis
3565 2475 3580 2509 :
3609 2457 3664 2511 In

2102 2527 2257 2595 ﬁnem
2306 2543 2398 2595 pro
2430 2525 2771 2579 torcularibus
2816 2525 2990 2594 quinta
3037 2525 3252 2588 sabbati,
3305 2527 3528 2590 psalmus
3574 2529 3666 2596 ipsi

2103 2598 2277 2664 Λεαρὴ
2305 2614 2323 2653 :
2352 2599 2439 2665 qui
2469 2599 2545 2650 sic
2575 2596 2880 2664 exponitur.
2919 2596 3040 2649 Haec
3065 2597 3224 2649 verba
3274 2597 3574 2650 referuntur
3614 2601 3662 2652 in

2103 2668 2283 2732 tinem,
2315 2684 2432 2734 quae
2461 2677 2584 2720 sunt
2633 2668 2864 2733 psalmus
2910 2677 3154 2720 cantatus
3207 2667 3304 2733 ipsi
3359 2669 3559 2733 Asaph,
3611 2668 3663 2722 id

2103 2748 2184 2791 est
2235 2737 2521 2791 Dominicze
2589 2735 2986 2804 congregationi
3042 2751 3136 2803 pro
3210 2737 3562 2790 torcularibus
3613 2739 3662 2791 in

2102 2807 2280 2875 quinta
2311 2807 2538 2860 sabbati.
2576 2808 2631 2860 ln
2673 2806 2922 2860 torculari
2956 2817 3079 2859 sunt
3111 2807 3238 2868 duo,
3281 2807 3484 2872 pondus
3515 2809 3659 2862 scili-

2103 2887 2207 2943 cet,
2255 2887 2306 2931 et
2346 2891 2628 2944 pressura;
2686 2887 2737 2930 et
2767 2877 2833 2931 de
2883 2891 3130 2943 pressura
3179 2875 3287 2930 duo
3334 2877 3663 2942 procedunt,

2103 2949 2278 3000 oleum
2310 2947 2514 3001 scilicet
2535 2957 2590 3001 et
2615 2962 2851 3000 amurca.
2881 2949 3064 3000 Oleum
3101 2947 3304 3000 scilicet
3330 2948 3383 2999 in
3406 2951 3663 3014 apotheca

2103 3018 2526 3083 recondendum,
2554 3027 2607 3071 et
2647 3032 2860 3070 amurca
2890 3017 2938 3068 in
2971 3017 3160 3083 plateis
3188 3018 3574 3070 conculcanda.
3610 3020 3661 3072 In

2099 3093 2279 3156 quinta
2333 3102 2459 3142 vero
2515 3087 2723 3141 sabbati
2771 3088 2968 3140 creavit
3025 3086 3162 3156 Dens
3224 3085 3398 3138 munia
3457 3089 3660 3151 reptiha

2093 3155 2347 3226 aquarum
2374 3173 2390 3212 :
2419 3160 2539 3225 quia
2562 3156 2742 3226 quinta
2756 3157 2843 3211 die
2859 3156 3014 3220 dixit,
3036 3155 3330 3208 Producant
3348 3171 3498 3224 aqua:
3520 3174 3664 3212 omne

2095 3229 2275 3298 reptile
2299 3229 2588 3280 animarunt
2606 3228 2895 3281 viventium.
2930 3226 3031 3280 Per
3057 3227 3263 3298 reptilia
3286 3236 3462 3298 autem
3487 3240 3662 3282 creata

2096 3297 2322 3366 inaquis
2346 3298 2710 3367 significantur
2754 3312 2942 3367 omnes
2987 3310 3122 3363 aqua
3153 3297 3485 3363 baptismatis
3513 3311 3665 3364 rege-

2094 3369 2285 3422 nerati.
2315 3366 2551 3434 Quorum
2582 3369 2794 3435 quidem
2822 3366 2912 3420 alii
2940 3367 3096 3435 digne
3119 3368 3300 3419 vivunt
3331 3378 3664 3420 sacramento

2095 3439 2448 3501 baptismatis,
2480 3449 2532 3492 et
2561 3438 2610 3491 hi
2643 3439 2984 3506 designantur
3038 3452 3131 3502 per
3167 3441 3362 3488 oleum.
3395 3437 3500 3489 Alii
3535 3451 3659 3491 vero

2095 3509 2310 3579 indigne
2370 3510 2554 3562 vivunt
2596 3517 2960 3579 sacramento
3000 3506 3373 3571 baptismatis;
3427 3508 3514 3574 qui
3563 3523 3660 3579 per

2093 3577 2364 3632 amurcam
2394 3579 2783 3648 intelliguntur.
2822 3579 2884 3630 lit
2913 3577 2963 3628 bi
2995 3579 3347 3648 communiter
3379 3586 3515 3648 sunt
3559 3577 3659 3628 Do-

2095 3649 2287 3702 tninira
2339 3646 2699 3718 congregatio,
2751 3647 2834 3700 cui
2875 3647 3136 3714 propheta
3188 3648 3448 3718 psalmum
3505 3646 3659 3702 ismm

2094 3729 2271 3772 cantat
2324 3736 2417 3784 pro
2449 3717 2819 3772 torcularibus
2865 3719 3049 3785 quinta
3096 3717 3330 3784 sabbati,
3365 3717 3413 3768 id
3443 3724 3525 3770 cst
3570 3731 3662 3783 pro

2094 3804 2344 3855 pressura
2374 3788 2692 3843 intendenda
2721 3797 2774 3842 et
2798 3786 3094 3854 appetenda
3119 3827 3132 3849 ,
3169 3785 3291 3854 quia
3334 3800 3556 3840 necesse
3582 3797 3663 3841 est

2093 3874 2279 3914 omnes
2308 3862 2394 3927 qui
2429 3861 2512 3926 pie
2533 3861 2708 3912 volunt
2731 3859 2908 3911 vivere
2932 3856 2984 3909 iu
3003 3857 3231 3920 Christo,
3265 3856 3372 3924 pati
3406 3870 3659 3924 perseeu-

2095 3931 2313 3982 tionem.
2346 3931 2595 3982 l’rcssura
2622 3931 2741 3982 dico
2767 3937 3052 3988 separante
3099 3942 3185 3979 res
3215 3927 3541 3994 signiliratas
3573 3942 3662 3991 per

2096 4015 2181 4052 res
2211 4011 2419 4052 creatas
2445 4000 2493 4051 in
2524 4001 2705 4067 quinta
2731 3998 2955 4060 sabbati,
2993 3999 3093 4067 hoc
3122 4008 3204 4050 est
3233 4013 3325 4050 cos
3355 3997 3522 4063 ipsos,
3546 3998 3662 4065 qui-

2095 4069 2193 4121 bus
2225 4071 2321 4122 ista
2355 4065 2653 4122 cantantnr.
2681 4071 2779 4132 Qui
2811 4069 2947 4119 enim
2975 4065 3132 4135 digne
3160 4068 3340 4120 vivunt
3363 4081 3665 4120 sacramen-

2095 4147 2149 4191 to
2207 4139 2585 4206 baptismatis,
2654 4154 2757 4191 non
2806 4136 3196 4205 subterfugiunt
3242 4136 3328 4190 hic
3383 4136 3660 4202 tribulari,

2095 4211 2216 4275 quia
2251 4224 2351 4261 non
2384 4210 2555 4262 solum
2591 4210 2898 4276 al'iliguntur
2949 4208 3189 4271 interius,
3223 4221 3283 4258 se
3329 4207 3475 4272 ipsos
3505 4209 3664 4263 abue-

2097 4289 2304 4347 gantcs,
2337 4281 2430 4332 sed
2475 4280 2634 4333 etiam
2688 4281 2823 4346 apud
2873 4293 3062 4342 aquam
3105 4277 3564 4338 contradiCIionis,
3609 4291 3664 4333 ιιι

2103 4351 2337 4412 psalmus
2366 4351 2512 4412 dicit,
2541 4351 2848 4418 probantur,
2879 4349 2925 4400 id
2947 4357 3047 4408 est,
3072 4348 3307 4400 exterius
3329 4347 3656 4418 amtguntur.

2101 4421 2198 4483 Qui
2232 4434 2354 4470 vero
2387 4419 2598 4489 indigne
2630 4419 2810 4470 vivunt
2833 4428 3169 4471 sacramento
3200 4417 3663 4489 baptismatis,illi

2103 4489 2315 4554 quidem
2344 4485 2544 4542 malunt
2575 4489 2662 4542 hic
2689 4489 2939 4541 delectari
2983 4502 3141 4554 quam
3167 4485 3426 4540 tribulari.
3477 4487 3541 4540 Et
3566 4487 3663 4539 hoc

2105 4561 2263 4611 modo
2295 4573 2388 4626 per
2413 4573 2717 4626 pressuram
2748 4559 2799 4610 in
2836 4557 3077 4624 praesenti
3108 4567 3459 4621 separantur:
3491 4557 3541 4610 in
3582 4554 3664 4607 fu-

2106 4636 2177 4680 tui
2193 4645 2223 4681 ο
2242 4644 2368 4682 vero
2385 4631 2594 4694 penitus
2608 4631 3014 4696 separabantur,
3032 4627 3244 4696 quando
3257 4627 3436 4679 oleum
3465 4627 3515 4680 iu
3537 4641 3662 4693 apo-

2106 4701 2318 4752 thecam
2371 4699 2694 4752 Dominicatn
2724 4697 3063 4764 cliquabitur,
3097 4710 3310 4749 amurca
3342 4712 3470 4749 vero
3509 4705 3663 4748 atter-

2107 4772 2297 4821 naliter
2317 4769 2672 4822 conculcanda
2705 4769 2968 4830 eiicietur.
2997 4768 3128 4820 Ecce
3155 4769 3330 4819 lumen
3363 4767 3550 4834 psalmi
3569 4780 3663 4817 au-

2105 4839 2352 4901 divimus,
2383 4839 2660 4901 intremus,
2684 4837 2979 4896 audiamus,
2998 4837 3339 4905 gaudeamus,
3366 4837 3662 4897 timeamus,

2107 4907 2391 4978 fugiamus,
2420 4919 2764 4978 appetamus:
2794 4910 2914 4974 quia
2942 4910 3053 4960 haec
3082 4906 3362 4978 inpsalmo
3385 4907 3663 4978 inveniun-

2108 4976 2213 5031 tur.
2247 4976 2547 5048 Alloquitur
2573 4992 2747 5032 autem
2793 4979 3046 5045 prOpbeta
3076 4977 3221 5045 prius
3259 4979 3456 5041 oleum,
3483 4976 3662 5030 dicens

2182 5117 2448 5172 Exsultate
2480 5117 2605 5172 Deo.
2631 5117 2788 5183 Quasi
2811 5115 2953 5170 dicat
2978 5135 2988 5168 :
3021 5114 3169 5170 Circa
3197 5131 3290 5170 vos
3311 5124 3435 5168 sunt
3459 5115 3548 5184 qui
3571 5130 3662 5169 ex-

2106 5190 2306 5242 sultant
2354 5192 2552 5241 mundo
2603 5188 2873 5256 deceptori
2922 5199 2976 5241 et
3019 5189 3277 5242 desertori
3306 5202 3420 5247 suo,
3451 5187 3663 5255 quidam

2107 5261 2265 5314 etiam
2295 5259 2467 5314 ventri
2515 5259 2617 5312 deo
2645 5274 2744 5312 suo
2772 5276 2784 5309 :
2831 5272 2926 5311 vos
2951 5271 3148 5320 autem,
3177 5273 3210 5309 ο
3251 5272 3375 5310 vere
3405 5257 3664 5310 dominica

2107 5340 2470 5398 congregatio,
2505 5333 2752 5382 czsultate
2800 5327 2926 5388 Deo,
2955 5328 3013 5398 id
3033 5336 3137 5398 εει,
3167 5342 3296 5398 cum
3315 5326 3458 5380 omni
3486 5325 3660 5398 laetitia

2109 5395 2511 5469 aggf-atulamiui
2546 5398 2675 5461 Deo,
2721 5415 2824 5450 non
2858 5397 3074 5459 tnundo,
3107 5396 3238 5459 Deo,
3269 5397 3414 5469 dico,
3438 5395 3662 5468 adjutori

2111 5468 2301 5523 nostra.
2347 5470 2478 5524 Cum
2510 5469 2636 5522 dicit
2664 5469 2887 5535 adjutori
2922 5476 3123 5531 nostro,
3177 5482 3275 5521 nec
3308 5468 3543 5530 ingratus
3585 5477 3664 5518 est

2111 5543 2314 5609 gratim,
2363 5556 2460 5592 nec
2490 5540 2622 5592 tollit
2647 5539 2856 5609 arbitrii
2893 5539 3218 5609 libertatem.
3254 5535 3659 5609 Jubilate_etiatn

2113 5605 2243 5672 Deo,
2277 5605 2364 5679 qui
2399 5624 2521 5662 vere
2552 5609 2688 5662 Deus
2705 5618 2792 5679 est
2821 5606 3002 5670 Iacob,
3029 5607 3288 5679 posterius
3331 5608 3460 5669 nati,
3487 5605 3535 5679 id
3563 5617 3659 5662 Cal,

2115 5676 2524 5751 populivgratitc.
2555 5678 2715 5745 Quasi
2738 5679 2876 5733 dicat
2903 5696 2913 5730 :
2943 5678 3081 5747 quod
3116 5681 3353 5746 poteritis
3378 5676 3638 5744 explicate
