4010 6190
294 275 392 331 921

935 277 999 332 IN
1041 276 1454 333 PSALMORUM
1497 277 1751 334 LIBRUM
1796 275 2152 334 EXEGESIS.
2194 308 2262 319 —-
2303 279 2540 334 l’SALM.
2585 279 2794 335 LXXX.

3441 281 3548 336 9‘22

293 400 558 468 clamate;
591 394 730 468 quod
761 408 887 447 vero
939 411 1053 468 non,
1075 397 1262 449 valetis
1293 399 1578 464 explicare,
1616 397 1861 468 jubilate.
1895 399 1940 454 Α
1972 395 2186 468 audivit,
2221 396 2340 462 quia
2390 396 2558 468 legem
2600 400 2839 464 accepit;
2896 398 2964 451 ita
3010 405 3063 452 et
3113 401 3214 455 iste
3253 400 3547 466 spiritualis

293 467 503 523 anilus
549 467 689 520 enim
724 473 865 518 tanta
893 467 1087 519 mentis
1121 468 1296 519 laetitia
1327 478 1429 531 cst,
1462 481 1711 534 quamam
1761 485 1863 520 non

292 538 492 592 stittit-it
540 537 807 604 explicare
856 536 1054 588 verbis.
1111 537 1245 590 Ecce
1285 553 1442 602 quam
1494 540 1771 592 manifeste
1801 539 1866 590 ad

296 621 628 678 pressuram,
659 607 724 658 de
750 606 1071 678 quatitulus
1117 607 1247 678 agit,
1303 608 1489 660 ittvitat
1531 625 1648 662 cum
1695 609 1864 661 dicit:

301 674 565 732 Exsultate
597 675 718 734 Deo,
749 674 957 740 iubilatc
992 676 1114 728 Deo.
1166 677 1262 741 Qui
1313 682 1453 729 enim
1489 694 1608 731 reri-
1634 678 1743 731 Deo
1774 695 1862 730 ex-

296 750 483 810 sultat,
517 747 752 798 trilmlari
790 759 892 796 non
923 747 1204 812 detrectat,
1240 748 1343 801 imo
1371 749 1662 814 desiderat,
1700 758 1756 801 ιιι
1804 751 1866 801 ad

297 835 419 875 eum
452 817 536 870 cui
569 823 818 876 exsutat,
855 831 885 880 p
907 819 1148 867 'rt'cniat.

371 888 570 942 Sumite
600 889 871 945 psalmum.
901 884 1060 950 Quasi
1092 887 1225 939 dicat
1251 905 1265 942 ε
1307 885 1372 939 Ει
1399 899 1452 940 ιιι
1482 904 1606 942 vere
1635 890 1868 942 exsulte-

298 960 386 1018 tis,
417 969 469 1010 ct
495 955 733 1028 jubiletis
770 957 896 1013 ilco.
926 959 1108 1009 sumite
1140 960 1422 1024 psalmum,
1456 971 1501 1010 et
1532 960 1649 1011 date
1673 969 1871 1028 tympa-

296 1039 442 1083 num.
492 1025 776 1092 Apostolus
813 1029 960 1093 quasi
1004 1027 1405 1091 reprehendens
1445 1039 1497 1081 et
1528 1025 1711 1082 doli-ns
1742 1025 1872 1083 dicit.

298 1101 350 1155 in
383 1101 609 1162 quodam
653 1097 769 1147 loco
800 1114 810 1147 :
845 1098 980 1162 quod
1023 1113 1179 1148 nemo
1217 1101 1686 1153 εοιιιιιιιιιιὶεεινετίι
1730 1102 1775 1153 ei
1818 1101 1870 1154 in

297 1171 506 1224 ratione
533 1169 639 1219 dati
669 1177 722 1220 et
751 1166 970 1231 accepti.
1013 1168 1144 1232 Quid
1178 1178 1351 1220 autem
1383 1170 1450 1222 sit
1476 1172 1872 1224 con.muuicare

296 1242 350 1293 in
381 1241 589 1292 ratione
610 1237 714 1289 dati
738 1245 790 1288 ct
813 1237 1036 1302 arcepti,
1060 1239 1178 1288 alibi
1207 1248 1387 1303 aperte
1408 1241 1622 1303 extionit
1649 1241 1868 1295 dierns:

297 1311 361 1364 Si
389 1327 479 1362 nos
502 1309 637 1361 vobis
659 1307 950 1373 spiiituttlia
971 1308 1344 1367 seminavimus,
1372 1310 1600 1377 nunquid
1634 1327 1872 1376 magnum

297 1390 369 1434 est
397 1380 442 1432 si
467 1389 630 1431 vestra
661 1379 886 1430 carnalia
935 1378 1216 1429 metamus?
1245 1377 1438 1443 Utique
1473 1395 1577 1432 nrn
1608 1383 1868 1445 similiter,

296 1461 350 1504 et
381 1451 466 1503 hic
497 1448 688 1500 dit-itur
723 1466 734 1500 :
767 1447 966 1500 Sumite
996 1449 1250 1514 psalmum
1271 1492 1286 1514 ,
1318 1459 1364 1502 et
1393 1450 1509 1502 date
1537 1463 1834 1518 tympanum
1855 1495 1868 1517 ,

298 1522 403 1574 ltoc
430 1528 514 1574 est
542 1519 762 1584 accipite
785 1517 1101 1583 spiritualia,
1130 1529 1180 1571 et
1205 1518 1323 1572 date
1350 1517 1598 1573 carnalia.
1634 1522 1873 1575 l’salinus

296 1593 440 1644 enim
464 1591 582 1657 quia
606 1590 671 1641 de
694 1588 1054 1652 Superioribus
1076 1598 1174 1645 est.
1205 1591 1428 1652 pertinet
1454 1590 1516 1641 ad
1543 1593 1869 1658 spiritualia;

296 1672 633 1730 tympanum,
653 1673 780 1712 vero
821 1659 939 1730 quia
989 1659 1434 1730 desiccocurio
1484 1663 1568 1720 tit,
1614 1663 1873 1727 signiﬁcat

1970 463 2166 538 .loseplt
2201 475 2477 532 postquam
2509 467 2576 519 de
2613 463 2749 520 terra
2784 467 3028 538 Egypti,
3064 471 3112 521 id
3142 480 3256 532 est,
3284 463 3358 524 'de
3392 480 3546 525 tene-

1973 534 2080 607 bris
2104 544 2460 607 pem-attirum
2504 539 2827 592 transeundo
2869 534 2963 606 per
2991 534 3180 606 aquam
3212 541 3547 607 baptismatis

1970 605 2290 656 rubricatatn
2339 608 2596 678 sanguine
2641 608 2838 661 Christi
2871 605 3072 672 exivit,
3123 605 3347 678 linguam
3389 627 3549 678 quam

1970 689 2069 723 non
2102 685 2327 746 noverat,
2384 674 2433 727 id
2479 688 2579 739 est,
2625 679 2872 732 novitatis
2921 674 3440 746 praecepta'audivit,
3488 689 3548 733 ut

1972 746 2132 794 scirrt
2183 744 2267 796 tibi
2317 747 2420 809 jam
2452 762 2546 798 cor
2596 747 2790 802 habere
2820 744 3060 811 deberet,
3093 744 3316 814 scilicet,
3351 766 3455 803 non
3493 752 3544 804 in

1972 814 2360 889 tei'reuis,_seil
2407 817 2457 889 in
2505 818 2832 889 cmlestibus.
2885 820 2947 870 l‘ll
2997 837 3088 884 ι’θτ
3136 820 3277 872 Ῐ¹¹²¹¹¹
3311 823 3545 889 “ng'mm

1971 884 2170 958 diuertit
2200 885 2286 958 ille
2334 887 2423 954 qui
2455 888 2814 942 testimonium
2869 896 3044 955 posuit
3071 891 3276 943 dorsum
3326 884 3437 958 ejus
3481 893 3545 942 ab

1971 955 2221 1028 oneribus,
2263 955 2360 1007 hoc
2388 965 2466 1028 est
2489 998 2503 1015 ,
2550 958 2721 1024 ipsum
2755 961 2905 1028 quasi
2938 961 3116 1014 multis
3144 955 3395 1013 oneribus
3424 975 3544 1014 sar-

1971 1023 2087 1100 cina
2123 1035 2393 1100 peccatum
2428 1023 2755 1100 incurvatum
2775 1023 2971 1083 erexit.
3003 1031 3065 1083 Et
3096 1047 3122 1081 a
3149 1032 3341 1100 quibus
3367 1031 3544 1085 oneri—

1974 1093 2068 1168 bus
2107 1109 2241 1168 cunt
2266 1097 2597 1159 divertisset,
2640 1102 2899 1155 ostendit.
2942 1101 3124 1155 dicens
3156 1093 3179 1152 ε’
3199 1103 3329 1168 Quia
3362 1118 3544 1154 manus

1971 1162 2086 1227 ejus
2114 1165 2389 1239 servierant
2431 1169 2481 1219 in
2511 1170 2751 1234 cophino.
2794 1170 3064 1239 Cop‘iinus
3092 1187 3174 1225 εει
3203 1162 3292 1223 vas
3339 1183 3544 1225 δίει-εσυ

1975 1240 2194 1305 rat-ium,
2229 1245 2282 1287 et
2311 1237 2430 1289 ideo
2462 1253 2554 1302 per
2578 1237 3336 1305 Cophinumconcupiscentiae
3361 1257 3548 1296 Carna-

1973 1302 2050 1375 lcs
2077 1304 2459 1372 intelliguntur.
2489 1308 2552 1361 Et
2575 1302 2660 1362 est
2680 1311 2858 1364 dicere
2886 1330 2896 1363 :
2926 1302 3109 1364 Manus
3128 1314 3239 1375 eius
3267 1313 3548 1364 servierunt

1972 1374 2022 1424 in
2053 1375 2298 1448 cophino,
2336 1378 2382 1428 id
2413 1389 2524 1440 est,
2558 1394 2715 1447 opera
2747 1382 2861 1448 ejus
2899 1381 3108 1436 luerunt
3155 1374 3204 1434 in
3247 1382 3548 1446 extiletione

1973 1446 2261 1521 carnalium
2293 1446 2872 1521 concupisceutiariim,
2916 1461 2968 1504 et
3005 1453 3294 1506 carnalium
3333 1453 3549 1507 deside-

1973 1517 2190 1566 rinrnm.
2227 1517 2375 1582 Quod
2406 1534 2530 1572 vere
2558 1523 2783 1573 servitus
2805 1532 2946 1583 erat,
2981 1525 3097 1588 quia
3127 1523 3288 1576 omnis
3315 1525 3398 1585 qui
3425 1525 3548 1591 facit

1974 1597 2266 1656 peccatum,
2310 1605 2480 1640 servus
2509 1600 2582 1642 est
2624 1593 2833 1656 ρθειταιὶ.
2877 1594 2939 1644 Et
2974 1594 3039 1645 ab
3069 1593 3150 1646 liis
3182 1593 3460 1656 oneribus,
3497 1591 3545 1643 id

1973 1663 2074 1726 est,
2105 1654 2285 1726 ab_ltis
2313 1658 2536 1710 mortuis
2573 1654 2845 1725 operibus,
2888 1663 3132 1716 liberavit
3170 1663 3259 1716 ille
3295 1678 3417 1716 cum
3449 1654 3546 1726 qui

295 1722 578 1804 c'artialia._
600 1729 664 1804 [ξι
699 1736 781 1804 est
809 1727 988 1804 dicere
1022 1747 1032 1804 ς
1067 1728 1122 1804 Si
1151 1729 1292 1804 avidi
1322 1733 1450 1784 estis
1491 1731 1542 1804 in
1582 1722 1865 1798 Spirimali-
1907 1746 1948 1804 Β
1976 1722 2096 1804 dicit
2127 1741 2138 1775 :
2176 1724 2348 1804 Venite
2369 1731 2436 1779 ad
2465 1722 2842 1804 me_omuer_qui
2862 1734 3100 1804 laboratis
3123 1746 3170 1786 et
3190 1735 3384 1787 onerati
3409 1722 3548 1794 estis,

298 1801 400 1856 bus
439 1799 813 1864 suscipiendis,
854 1798 1033 1851 devoti
1077 1799 1191 1851 sitis
1234 1800 1284 1852 in
1325 1801 1622 1853 carnalibus
1649 1818 1870 1865 erogan-

295 1871 454 1924 tium.
490 1871 650 1935 Quasi
684 1869 827 1920 dii-at
858 1886 870 1920 :
905 1868 1138 1934 Arripite
1167 1885 1349 1921 vocem
1381 1883 1612 1924 noswam
1635 1915 1649 1938 ,
1683 1876 1875 1926 exltor-

296 1941 554 1996 tationem
579 1949 853 2001 nostram;
885 1940 1140 2005 suscipite
1161 1941 1454 1994 dot-trinam
1490 1954 1723 1995 nostrain
1753 1957 1874 1996 san-

293 2023 463 2074 ctam,
493 2020 548 2064 et
590 2011 712 2062 date
753 2023 940 2062 manus
987 2020 1206 2066 vestras.
1258 2013 1357 2064 huc
1393 2021 1493 2074 est,
1541 2012 1694 2066 facite
1741 2014 1874 2066 bona

293 2097 481 2149 opera.
534 2080 682 2148 Quod
735 2080 854 2133 ideo
901 2077 1074 2151 facere
1119 2079 1355 2151 debetis,
1405 2083 1528 2147 quia
1577 2085 1874 2151 psalterium

286 2152 582 2221 jucundum
626 2160 706 2204 est
753 2166 866 2202 cum
916 2150 1134 2214 cithara,
1189 2150 1301 2204 base
1347 2161 1468 2205 sunt
1514 2150 1616 2204 duo
1665 2154 1872 2208 diversa

296 2225 683 2282 instrumenta,
735 2223 861 2288 quia
911 2221 1216 2287 psalterium
1265 2232 1419 2274 sonat
1467 2223 1534 2275 de
1585 2225 1873 2288 superiori,

293 2295 498 2346 cithara
526 2307 649 2344 vero
682 2291 748 2344 de
789 2290 1047 2343 inferiori.
1091 2290 1156 2343 Et
1197 2291 1434 2345 doctrina
1467 2294 1613 2345 verbi
1653 2293 1741 2346 Dci
1781 2295 1878 2348 de-

296 2377 465 2429 super
489 2371 592 2422 est,
622 2362 743 2429 quia
775 2360 1009 2415 rmlestis
1037 2369 1134 2414 est.
1166 2361 1341 2426 Quare
1370 2365 1470 2414 tate
1497 2373 1594 2425 est,
1628 2377 1688 2415 ac
1716 2366 1758 2417 si
1790 2365 1875 2418 di-

292 2443 420 2487 cat:
462 2431 515 2487 Si
545 2431 862 2497 ex5pectaiis
893 2448 918 2481 a
952 2431 1292 2502 nobistali.t,
1337 2447 1439 2485 non
1479 2434 1596 2486 sitis
1639 2435 1768 2502 pigri
1809 2436 1874 2488 ad

295 2502 538 2557 facienda
590 2513 770 2555 nostra
819 2503 1068 2561 carnalia.
1116 2501 1216 2554 hoc
1261 2512 1344 2558 est
1393 2501 1653 2569 operibus
1683 2511 1876 2559 vestris

296 2574 465 2626 verbo
495 2572 584 2627 Dei
617 2573 956 2636 respondete.
984 2573 1112 2636 Quia
1145 2573 1452 2639 psalterium
1481 2573 1720 2638 junctum
1754 2591 1874 2629 cum

291 2645 523 2770 gitbara,
565 2652 647 2698 est
687 2643 1008 2712 jucundum,
1057 2644 1107 2696 id
1139 2653 1239 2707 est,
1285 2659 1447 2698 suave
1490 2646 1658 2698 melos
1706 2647 1878 2700 reddit

343 2728 427 2768 eo.

343 2728 427 2768 ΘΟ.

367 2783 644 2837 Baccinate
683 2799 734 2835 ιη
779 2784 1045 2837 neomenia
1075 2782 1213 2836 tuba.
1261 2783 1456 2838 Solitus
1490 2785 1590 2838 fuit
1630 2783 1878 2840 lsraeliti-

294 2867 393 2907 cus
424 2863 650 2922 populus
679 2853 728 2907 fe
763 2858 1018 2906 tivitatetn
1065 2851 1270 2918 facere,
1315 2865 1368 2907 et
1413 2857 1549 2909 tubis
1593 2856 1878 2911 bucciuare

294 2923 349 2977 in
383 2925 680 2988 ueomenia,
713 2924 761 2976 id
795 2937 908 2988 est,
941 2925 990 2976 in
1025 2938 1158 2976 nova
1189 2927 1330 2978 luna.
1368 2925 1516 2978 Neon
1543 2926 1682 2977 enim
1715 2927 1876 2979 inter-

294 3004 538 3062 pretatur
567 3010 770 3057 novum,
802 3011 944 3045 mene
972 3004 1149 3046 autem
1182 2996 1328 3046 ltitia.
1363 2995 1675 3062 Designatur
1700 3009 1876 3049 autem

296 3080 395 3146 per
437 3066 615 3118 lunam
657 3065 991 3144 innovatum,
1034 3074 1212 3156 nostLa
1257 3064 1496 3156 inpr-Atalis
1533 3073 1586 3117 et
1615 3066 1872 3156 delectixa
1905 3094 1949 3156 ο

296 3137 404 3186 vita
427 3176 442 3200 ,
478 3150 570 3199 per
598 3135 821 3202 gratiam
852 3141 1122 3185 renovata.
1156 3134 1220 3185 Et
1250 3143 1328 3186 est
1358 3134 1535 3188 dicere
1569 3153 1582 3186 :
1618 3137 1676 3188 Et
1706 3145 1764 3189 ut
1793 3136 1874 3189 di-

295 3220 402 3273 gne
437 3205 546 3258 Deo
574 3203 873 3264 exsultetis,
916 3204 1178 3256 buccinate
1204 3219 1332 3272 ergo
1359 3205 1476 3256 tuba
1508 3205 1556 3255 in
1587 3209 1871 3271 neomenia,

298 3281 398 3327 boc
420 3285 525 3338 est,
549 3273 782 3342 apertius
805 3285 853 3326 et
878 3274 1069 3326 elatius
1097 3283 1148 3326 et
1175 3274 1465 3328 tiducialius
1494 3290 1680 3326 novam
1712 3279 1871 3329 vitant

296 3345 606 3412 prtedicate,
651 3358 752 3394 nou
796 3345 1040 3397 timentes
1078 3349 1354 3412 strepitum
1389 3345 1583 3398 veteris
1624 3347 1765 3399 vitae.
1811 3349 1876 3398 Et

295 3415 623 3467 determinat
651 3427 808 3479 quam
843 3415 1171 3466 nenmeniam
1204 3415 1426 3480 accipiat
1452 3416 1636 3468 dicens
1678 3435 1688 3467 :
1743 3419 1875 3470 litic-

293 3487 472 3538 cinate
501 3486 553 3536 in
593 3485 783 3551 insigni
814 3486 896 3536 die
923 3484 1253 3536 solemnitatts
1292 3493 1484 3541 vestris.
1513 3484 1733 3551 Insignis
1761 3488 1873 3539 dies

295 3565 376 3608 est
424 3567 590 3607 tutum
641 3566 847 3622 tempus
895 3555 1106 3620 gratiae,
1153 3553 1290 3620 quod
1344 3565 1396 3606 et
1442 3556 1748 3608 Solemnitas
1793 3566 1876 3610 est

294 3640 520 3677 summa;
552 3625 770 3684 lintitiie,
805 3625 1008 3676 scilicet
1039 3623 1401 3689 dispositionis
1428 3625 1686 3694 antiquae,
1719 3641 1874 3695 repa-

291 3695 520 3749 rationis
547 3709 717 3753 novae,
748 3695 1013 3746 felicitatis
1043 3703 1273 3746 teteriitc.

371 3765 506 3830 Quia
537 3775 839 3833 prteceptam
874 3767 927 3816 in
967 3762 1132 3816 Israel
1166 3775 1254 3817 est.
1301 3764 1418 3816 Ideo
1454 3762 1657 3818 debetis
1696 3767 1871 3822 bucci-

296 3851 428 3904 nare
475 3835 592 3887 tuba
645 3836 694 3888 iit
755 3835 1065 3897 neunteuia,
1121 3834 1239 3900 quia
1295 3836 1392 3886 ltoc
1443 3843 1516 3886 est
1568 3847 1872 3904 pra'ceptum

298 3902 488 3956 Israel.
548 3906 700 3958 Sicut
750 3907 891 3958 enim
940 3914 1263 3970 praeceptum
1319 3905 1412 3957 luit
1458 3906 1655 3958 carnali
1712 3902 1871 3960 Israel

292 3976 604 4040 carnaliter,
637 3977 701 4027 ita
731 3975 990 4039 Spirituali
1019 3975 1394 4040 Spiritualtter;
1423 3984 1478 4029 et
1507 3979 1549 4027 si
1580 3974 1673 4039 illi,
1707 3979 1873 4030 multo

300 4046 470 4113 magis
501 4046 606 4100 iSIi.
641 4047 704 4097 Et
730 4044 856 4097 illud
891 4056 1212 4111 przrceptum
1239 4062 1340 4098 non
1371 4055 1453 4098 est
1478 4047 1867 4114 negligentiam,

293 4115 422 4182 quia
453 4117 746 4184 neglectum
776 4127 878 4180 cst,
910 4127 954 4167 et
988 4117 1246 4186 jUditiui”
1295 4115 1402 4167 Deo
1445 4114 1604 4168 Jacob
1649 4119 1872 4170 attribu-

300 4195 436 4255 tum.
468 4186 597 4238 Nam
628 4187 671 4238 si
716 4186 1000 4255 negligitur
1031 4186 1098 4238 ab
1127 4189 1324 4254 aliquo,
1366 4187 1487 4239 inde
1525 4190 1782 4251 sequitur,
1818 4199 1873 4243 ul

293 4254 438 4311 Deus
468 4256 632 4309 .lacttb
654 4254 883 4323 judiret,
919 4259 968 4309 id
996 4266 1107 4320 est,
1141 4259 1356 4309 damnet
1385 4272 1529 4310 eum.
1563 4258 1692 4310 Cum
1726 4261 1868 4313 enim

296 4328 532 4400 carnalis
553 4325 718 4379 Jacob
744 4339 960 4400 propter
981 4329 1193 4400 carnale
1219 4335 1545 4400 praiceptunt
1569 4331 1866 4395 neglectum

295 4397 686 4457 damnabatur,
740 4399 906 4449 multo
953 4396 1119 4463 magis
1163 4398 1456 4464 Spiritualis
1503 4396 1546 4450 si
1593 4400 1867 4464 Spiritti.ile

1974 1801 2022 1844 et
2050 1809 2140 1866 ego
2168 1796 2388 1861 reﬁciam
2418 1814 2520 1850 vos.
2556 1800 2687 1866 Ipse,
2720 1801 2858 1865 dico,
2892 1802 3077 1855 dicens
3107 1806 3154 1856 ei
3187 1804 3254 1855 ita
3291 1821 3305 1856 :

2048 1862 2112 1915 In
2146 1866 2469 1919 tribulatione
2498 1862 2740 1936 invocasti
2779 1862 2874 1933 me,
2906 1887 2950 1924 et
3000 1874 3212 1925 liberavi
3255 1887 3316 1926 te.
3373 1874 3549 1925 Reco-

1976 1945 2198 2008 gno<cat
2223 1949 2281 1988 se
2310 1939 2530 2005 quisque
2575 1941 2919 2004 conscientia,
2966 1944 3007 1994 si
3054 1944 3246 1996 devote
3286 1959 3378 2008 per
3405 1958 3553 1995 mare

1978 2006 2216 2056 .ltubrum
2265 2009 2552 2081 transierit,
2601 2013 2643 2060 si
2680 2026 2798 2062 cum
2851 2013 2952 2065 tide
2983 2014 3211 2081 linguam
3253 2006 3410 2080 quam
3443 2028 3548 2067 non

1979 2076 2516 2150 noverataudiverit;
2542 2080 2782 2133 attendat
2806 2076 3199 2138 tribulationem
3227 2076 3399 2145 suam,
3427 2085 3548 2150 quia

1977 2158 2102 2223 vere
2152 2145 2422 2223 tribulatio
2463 2165 2646 2223 magna
2699 2152 2869 2216 premi
2925 2165 3260 2218 peccatorum
3302 2145 3549 2220 sarcina,

1979 2217 2100 2281 quia
2131 2217 2456 2270 conscientia
2507 2220 2740 2274 relevata
2790 2217 3018 2277 laetatur.
3067 2226 3206 2278 Ecce
3257 2217 3549 2285 baptizatus

1977 2297 2057 2343 es,
2089 2293 2144 2359 et
2170 2287 2490 2340 conscientia
2540 2300 2622 2342 tua
2665 2307 2783 2358 qua:
2829 2293 2936 2344 lteri
2989 2300 3348 2359 premebatur,
3395 2294 3553 2348 bodie

1976 2357 2288 2432 gratulatur,
2316 2357 2759 2432 _et_lib_eratuses
2788 2363 2838 2414 in
2882 2357 3238 2418 tribulatione.
3278 2357 3547 2418 blettaento

1978 2427 2118 2502 cui-nt
2165 2427 2527 2502 tribulationis
2556 2440 2658 2483 tu:e
2685 2442 2966 2498 antequam
3008 2435 3073 2486 ad
3110 2435 3429 2502 baptismum
3461 2448 3553 2486 ac-

1978 2494 2220 2572 cedi-res,
2253 2499 2376 2564 qttid
2409 2494 2912 2572 sollicitudinum-iu
2942 2506 3102 2557 corde
3147 2494 3388 2569 gerebas,
3421 2504 3550 2572 quid

1974 2570 2298 2644 jejuniorum
2344 2570 2709 2644 promittebas,
2763 2575 2899 2644 quid
2945 2576 3300 2644 Iacryinarutn
3346 2586 3396 2626 et
3431 2570 3554 2627 ora-

1983 2643 2182 2715 ttonum
2217 2636 2564 2715 internarum,
2601 2636 2826 2715 piarum,
2874 2636 3184 2699 devota'rum
3230 2645 3548 2715 exliibebas.

1978 2704 2116 2758 Ecce
2164 2719 2365 2778 omnes
2397 2704 2702 2765 hostes—tui
2753 2704 2912 2767 occisi
2962 2726 3104 2778 sunt.
3149 2716 3199 2770 id
3237 2725 3339 2778 est,
3372 2714 3550 2767 omnia

1977 2783 2207 2852 peccata
2227 2787 2311 2828 tua
2338 2777 2512 2852 deleta
2539 2790 2685 2836 sunt.
2716 2782 2778 2834 Et
2807 2784 2907 2838 ltoc
2939 2784 3118 2849 modo,
3147 2785 3268 2852 quia
3299 2787 3350 2838 in
3391 2784 3556 2837 tribu-

1978 2845 2166 2917 latione
2191 2847 2432 2901 iuvi/casti
2457 2867 2553 2912 mc,
2585 2853 2787 2905 liberavi
2830 2866 2894 2908 te.
2949 2852 3012 2907 Et
3051 2845 3374 2917 teli-iterato,
3405 2870 3555 2908 exau-

1977 2914 2079 2966 d.vi
2110 2917 2231 2968 tein
2258 2918 2553 2991 abscondito
2582 2925 2908 2991 tempestatis,
2939 2926 3165 2990 scilicet,
3200 2940 3304 2979 non
3338 2914 3387 2978 in
3420 2935 3551 2978 tem-

1984 2994 2187 3050 pestate
2238 2987 2416 3052 utaris,
2459 2991 2552 3043 sed
2598 2987 2795 3046 curitis.
2852 2995 3082 3049 Necesse
3128 2987 3214 3049 est
3262 3007 3440 3048 autem
3497 3003 3556 3047 ut

1984 3067 2257 3133 postquam
2285 3061 2474 3124 aliquis
2499 3064 2780 3133 exauditur
2810 3065 2860 3117 iti
2900 3067 3215 3120 ιιὺέιξοιιιιίιο
3267 3074 3554 3132 tempesta-

1983 3128 2066 3204 tis,
2098 3128 2359 3204 probetur
2390 3131 2528 3195 apud
2572 3147 2764 3198 aquam
2813 3136 3270 3190 contradictionis.
3323 3128 3391 3189 Et
3430 3135 3552 3188 ideo

1978 3196 2154 3249 subdit
2189 3215 2200 3248 :
2235 3196 2459 3272 Probavi
2497 3211 2545 3252 te
2569 3196 2708 3269 apud
2733 3220 2915 3272 aquam
2942 3207 3392 3268 contradictionis;
3418 3214 3558 3270 post-

1981 3280 2138 3338 quam
2169 3268 2311 3320 enim
2339 3268 2653 3336 credideris,
2685 3284 2736 3324 et
2777 3268 2882 3338 per
2921 3289 3068 3328 mare
3107 3275 3341 3328 Rubrum
3379 3268 3554 3327 trans-

1981 3336 2137 3414 ieris;
2179 3350 2263 3414 ct__
2284 3339 2562 3414 exauditus
2609 3336 2858 3395 l'uerisvin
2900 3344 3194 3398 abscondito
3223 3345 3555 3414 tempestatis,

1975 3412 2030 3457 et
2061 3406 2322 3484 viaiu_l)tei
2351 3423 2574 3484 carpere
2603 3413 2851 3478 coeperis,
2875 3428 3000 3467 ecce
3023 3423 3190 3468 restat
3217 3406 3390 3469 adhuc
3417 3406 3552 3482 aqua

1975 3477 2430 3552 contradictiouis,
2459 3483 2578 3547 quia
2615 3477 2739 3535 tunc
2770 3483 3051 3552 insurgunt
3092 3484 3240 3538 multi
3279 3477 3554 3551 exagitan-

1980 3554 2175 3621 t_e_s__te,
2208 3549 2368 3621 Antulti
2405 3553 2726 3606 devocautes
2759 3564 2832 3614 te,
2867 3549 2991 3609 tunc
3029 3554 3208 3621 minis,
3245 3549 3555 3608 tunc—blan-

1978 3615 2164 3694 ditiis._
2189 3617 2293 3671 Sed
2335 3628 2396 3694 tu
2447 3636 2551 3673 non
2595 3626 2887 3694 erubescas
2918 3615 3208 3693 praadicare
3233 3624 3372 3694 quod
3403 3636 3555 3693 potes

1975 3685 2283 3762 defendere.
2335 3689 2446 3742 Non
2491 3693 2778 3746 erubescas
2821 3685 2982 3749 etiam
3031 3697 3172 3750 inter
3212 3685 3553 3762 blasphemos

1978 3758 2268 3822 praedicare
2299 3763 2436 3827 quod
2469 3762 2763 3816 credidisti.
2815 3766 2869 3817 Si
2914 3767 3054 3819 enim
3101 3758 3380 3819 exauditus
3411 3781 3468 3818 es
3500 3765 3553 3816 iu

1974 3827 2267 3902 abscondito
2308 3833 2637 3898 tempestatis,
2677 3835 2839 3887 corde
2881 3835 3116 3888 creditur
3164 3835 3226 3888 ad
3267 3834 3550 3902 justitiam.

1975 3896 2029 3947 Si
2077 3908 2250 3972 autem
2302 3896 2540 3965 probaris
2578 3903 2715 3967 apud
2753 3920 2940 3972 aquam
2981 3896 3431 3968 contradictionis,
3462 3921 3553 3959 ore

1974 3967 2228 4035 confessio
2256 3971 2315 4036 [it
2341 3979 2403 4021 art
2426 3975 2662 4024 salutem.
2698 3967 2818 4026 llrcc
2848 3986 3024 4027 autem
3057 3991 3190 4041 aqua
3238 3976 3349 4030 fere
3377 3975 3552 4028 exsic-

1975 4044 2087 4088 cati
2121 4047 2202 4111 est
2233 4055 2282 4091 tn
2316 4041 2415 4092 hoc
2455 4054 2713 4110 tempore.
2761 4045 3024 4111 Tempore
3068 4060 3195 4099 vero
3243 4053 3550 4100 sanctorum

1976 4109 2337 4169 apostolorum
2369 4121 2419 4162 et
2459 4109 2679 4166 aliorum
2714 4109 3078 4168 institutorum
3115 4116 3362 4170 Erclesize
3403 4116 3554 4169 (luxit

1974 4177 2442 4254 abundantissime.
2494 4185 2717 4254 Quando
2762 4187 2901 4238 enini
2939 4187 3162 4239 Samson
3209 4189 3415 4254 petebat
3444 4188 3544 4240 sibi

1977 4262 2192 4321 nitorem
2239 4251 2307 4301 ab
2346 4252 2628 4321 allupbylis
2649 4292 2663 4313 ,
2708 4255 2806 4306 hoc
2835 4267 2936 4320 est,
2970 4251 3219 4310 ChriStus
3250 4261 3329 4310 sol
3360 4272 3544 4310 eorum

1976 4320 2137 4395 (quod
2186 4322 2410 4395 satusnn
2459 4320 2858 4392 interpretatur)
2897 4344 2988 4391 per
3019 4329 3390 4395 pra-dicatures
3420 4341 3547 4379 suos

1983 4391 2162 4466 petivit
2202 4391 2302 4466 sibi
2349 4391 2611 4457 Sponsam
2654 4391 2948 4449 Ecclesium
3003 4391 3070 4450 de
3118 4397 3382 4466 gentibus,
3423 4404 3548 4449 ιυηο

297 4477 622 4534 pra-ceptum
649 4454 902 4536 negligat,
941 4454 1297 4520 duninalniur.
1344 4469 1406 4520 Et
1430 4467 1548 4520 ideo
1591 4454 1690 4521 b'oc
1732 4485 1867 4535 ριιςιε-
1903 4454 1950 4512 Ι)
1977 4459 2058 4536 leo
2087 4459 2335 4536 frendens
2363 4454 2596 4536 occurrit
2622 4469 2691 4527 ei,
2723 4467 2815 4519 sed
2857 4467 3023 4518 factus
3053 4454 3147 4521 esi
3181 4466 3316 4518 inter
3360 4454 3548 4519 manus

295 4556 308 4582 ι
330 4544 512 4600 eptunt
557 4547 640 4590 est
665 4539 922 4602 judicium
968 4538 1074 4590 [leo
1104 4539 1292 4600 Jucob,
1325 4548 1460 4589 sicut
1499 4538 1657 4591 etiam
1688 4541 1864 4592 omnia

294 4606 396 4657 alia
429 4623 440 4656 :
472 4608 592 4670 quia
614 4608 898 4675 quicunque
924 4624 1012 4675 prr
1041 4607 1197 4673 legem
1225 4615 1569 4678 peccaverunt,
1596 4624 1686 4674 per
1710 4611 1868 4678 legem

288 4678 686 4746 judicabantur.
729 4678 790 4729 Et
823 4691 944 4730 vere
972 4679 1018 4728 ei
1049 4688 1133 4730 est
1168 4679 1450 4744 judicium,
1479 4677 1604 4744 quia
1648 4677 1770 4746 ipse
1801 4681 1869 4734 de

295 4761 358 4799 δε
377 4747 512 4816 dicit
539 4762 552 4799 :
590 4747 700 4814 Ego
729 4751 777 4799 in
798 4748 1049 4816 judicium
1075 4748 1185 4799 veni
1214 4747 1264 4798 in
1293 4750 1557 4799 mundum.

371 4815 734 4869 Testimonium
771 4815 823 4869 in
857 4815 1047 4884 Josepli
1080 4817 1264 4882 posuit.
1313 4817 1421 4870 lloc
1451 4817 1568 4870 ideo
1599 4817 1781 4884 addit,
1812 4827 1871 4872 ut

295 4884 624 4941 determinet
659 4905 670 4938 :
705 4889 828 4955 quia
861 4886 946 4940 hic
987 4901 1092 4939 non
1121 4889 1228 4955 agit
1255 4887 1318 4940 de
1349 4889 1545 4940 carnali
1579 4897 1865 4955 prmeepto,

293 4957 437 5022 quod
471 4958 545 5010 illi
591 4961 783 5026 pepulit
825 4957 1018 5009 factum
1060 4966 1176 5022 est,
1217 4965 1267 5011 et
1307 4957 1526 5012 dicere:
1558 4955 1688 5010 Illud
1729 4958 1867 5011 idem

296 5025 621 5094 prtecepiuin
653 5030 789 5092 quod
822 5025 1030 5098 factum
1049 5036 1130 5081 est
1175 5027 1366 5090 Israel,
1403 5028 1568 5098 posuit
1615 5027 1870 5082 Dominus

295 5103 357 5168 ut
381 5108 524 5149 esset
552 5099 891 5150 testimonium
919 5098 970 5148 in
998 5095 1207 5168 Ioseph.
1240 5098 1282 5150 Τ
1286 5095 1624 5150 εδῑίιίιυιιὶιιιη
1655 5099 1867 5166 quidem

293 5165 657 5220 damnationis
689 5170 1018 5235 neglectum,
1050 5165 1414 5222 testimonium
1448 5183 1574 5220 vero
1605 5165 1872 5220 liberatio-

296 5235 381 5288 nis
429 5238 769 5292 custoditum.
835 5239 933 5290 Per
982 5237 1178 5306 Josepb
1229 5253 1358 5292 vero
1388 5241 1475 5304 qui
1524 5249 1870 5304 augmentum

297 5311 719 5376 interpretatur,
778 5310 1011 5376 intellige
1069 5309 1272 5375 priores
1324 5323 1510 5362 omnes
1575 5324 1666 5376 per
1713 5307 1869 5360 tidem

294 5378 586 5447 adauctus,
619 5380 686 5432 de
721 5380 1153 5446 quibuscmique,
1181 5380 1261 5431 vel
1293 5380 1594 5447 quicunque
1618 5417 1632 5441 ,
1664 5377 1776 5430 sive
1809 5384 1873 5431 de

293 5445 527 5508 .ludteis,
560 5449 671 5502 sive
701 5445 768 5502 de
798 5449 1066 5514 gentibus.
1110 5449 1208 5514 Qui
1241 5445 1436 5515 .liiSepb
1483 5464 1594 5502 Cum
1624 5450 1779 5501 exiret
1811 5449 1874 5500 de

294 5529 432 5588 terra
452 5517 693 5588 Egypti,
715 5519 908 5572 audivit
927 5518 1158 5586 linguam
1179 5535 1332 5587 quam
1353 5535 1453 5570 non
1477 5529 1698 5571 noverat.
1727 5519 1874 5572 Sicut

294 5587 438 5640 enim
479 5587 767 5654 Apostolus
796 5591 884 5642 ille
911 5591 977 5642 de
1007 5588 1201 5656 Joseph
1242 5600 1295 5642 et
1320 5591 1438 5641 aliis
1468 5588 1720 5641 fratribus
1753 5603 1874 5655 pro-

297 5669 536 5729 pagatus,
571 5673 848 5728 postquam
877 5662 944 5713 de
992 5669 1129 5713 terra
1175 5657 1389 5729 [Egypti
1435 5661 1618 5720 exivit,
1671 5666 1725 5710 et
1777 5673 1872 5724 per

296 5745 442 5784 mare
470 5728 710 5785 Rubrum
754 5730 1014 5796 transivit,
1059 5728 1292 5800 linguam
1321 5745 1476 5799 quam
1526 5745 1627 5782 non
1671 5737 1872 5781 noverat

1977 4528 2093 4594 ejus
2125 4531 2263 4582 velut
2299 4531 2482 4586 haedus
2511 4550 2808 4602 caprarum,
2843 4537 2892 4588 id
2924 4545 3025 4602 est,
3056 4548 3302 4603 tanquam
3343 4536 3550 4602 langui-

1973 4609 2070 4676 uiis
2096 4612 2445 4676 peccator,ret
2468 4607 2518 4655 in
2551 4621 2644 4656 ore
2676 4607 2839 4670 ipsius
2869 4607 3060 4657 utortui
3108 4615 3287 4674 postea
3333 4609 3436 4657 met
3465 4617 3547 4659 est

1974 4675 2270 4732 inventum,
2299 4675 2418 4736 quia
2454 4678 2700 4742 princeps
2729 4676 2960 4741 gentium
3003 4677 3149 4742 prius
3177 4677 3550 4730 contradicen-

1975 4745 2052 4816 tes
2079 4753 2130 4816 et
2165 4743 2473 4816 trementes,
2505 4757 2779 4816 postquam
2827 4749 3069 4798 conversi
3118 4756 3258 4806 sunt,
3307 4746 3450 4816 leges
3493 4755 3548 4800 et

1972 4809 2214 4886 instituta
2247 4827 2340 4878 pro
2370 4809 2672 4886 Cbristiano
2701 4816 2950 4879 nomine,
2994 4815 3136 4886 quod
3181 4816 3329 4886 prius
3360 4809 3547 4886 impu-

1972 4879 2220 4949 guabant,
2253 4884 2602 4949 protulerunt.

2044 4946 2410 5026 IsraelfQuae
2454 4967 2481 5004 a
2536 4954 2795 5024 principio
2840 4956 3028 5023 psalmi
3082 4957 3184 5010 huc
3212 4971 3380 5026 usque
3408 4957 3548 5012 dicta

1972 5029 2114 5097 sunt,
2149 5023 2222 5098 ad
2238 5023 2414 5098 oleum
2443 5023 2844 5090 pertinuerunt;
2873 5043 2993 5095 quae
3033 5041 3208 5082 autem
3255 5023 3550 5098 sequuntur

1975 5092 2139 5165 magis
2191 5091 2421 5165 timenda
2469 5104 2592 5165 sunt
2639 5108 2690 5148 et
2736 5091 2993 5163 cavenda,
3025 5103 3149 5165 quia
3182 5100 3245 5151 ad
3275 5091 3545 5152 amurcam

1976 5163 2257 5237 pertinent,
2287 5163 2548 5215 audienda
2578 5174 2754 5220 tamen
2803 5181 2947 5224 sunt.
3001 5163 3066 5222 Ut
3094 5171 3179 5237 qui
3219 5170 3459 5222 videatur
3488 5183 3547 5221 se

1972 5245 2091 5284 esse
2115 5234 2291 5286 oleum
2319 5237 2547 5298 gaudeat
2577 5250 2591 5297 ;
2623 5237 2714 5303 qui
2753 5252 2927 5291 autem
2975 5234 3147 5293 adhuc
3199 5240 3546 5305 periclitatur,

1975 5317 2044 5353 ne
2072 5317 2284 5374 amurca
2316 5305 2406 5374 tiat
2434 5315 2637 5358 cas-eat.
2670 5309 2735 5360 Et
2775 5309 2850 5362 sic
2875 5311 3235 5362 continuatur.
3264 5308 3396 5362 Oleo
3431 5311 3546 5374 qui-

1975 5377 2096 5424 dent
2121 5372 2253 5426 dixit
2285 5391 2298 5424 ε
2325 5371 2390 5424 In
2416 5375 2735 5429 tribulatione
2761 5380 3006 5430 inuocaui
3037 5395 3135 5442 me,
3160 5387 3265 5430 etc.
3299 5371 3543 5430 Amurcze

1977 5457 2104 5494 ve.o
2151 5443 2438 5514 dicithan
2499 5461 2616 5512 qua:
2661 5460 2955 5514 sequuntur
3003 5468 3016 5501 :
3075 5447 3316 5514 Populus
3367 5465 3504 5502 metu
3533 5487 3557 5510 ,,

1975 5514 2115 5587 audi.
2151 5513 2793 5587 l’opulum‘suuiuvoeat,
2823 5533 2926 5570 non
2959 5520 3099 5584 quod
3149 5513 3546 5587 obtemperaret

1971 5581 2301 5652 jussiouibus
2350 5584 2482 5645 suis,
2514 5585 2606 5639 sed
2637 5592 2757 5654 quia
2807 5581 3044 5640 initiatus
3089 5589 3194 5641 sibi
3221 5581 3541 5643 erat-sacra-

1978 5663 2158 5728 mento
2207 5656 2560 5723 baptismatis,
2615 5667 2669 5710 et
2715 5657 2835 5710 aliis
2878 5660 3358 5724 sacrainentis;et
3393 5675 3551 5728 quem

1981 5725 2232 5792 populum
2258 5739 2411 5779 suum
2455 5728 2698 5796 accipiat,
2735 5727 3058 5784 determinat
3105 5731 3286 5787 dicens
3321 5750 3333 5784 :
3368 5725 3534 5784 Israel
