4010 6190
519 233 626 290 9‘25

986 238 1185 296 BEDAS
1226 240 1674 297 VENERABILIS
1716 240 1865 296 OPP.
1908 239 2082 293 PARS
2126 241 2185 294 ll.
2216 240 2411 297 SECT.
2455 242 2519 298 ll.
2558 276 2628 288 -—-
2669 245 2870 302 DUBIA
2916 244 2998 298 ET
3037 242 3311 303 SPURIA.

3677 246 3775 298 924

518 358 712 414 videns
740 361 903 415 Deum
934 360 1057 423 ﬁde,
1085 368 1138 411 et
1166 360 1209 409 si
1239 370 1341 408 non
1372 370 1488 421 spe,
1521 354 1644 407 audi
1688 369 1796 416 me,
1819 364 1868 407 et
1908 363 2058 407 conte
2121 354 2164 412 Α
2195 366 2338 402 utens
2383 353 2469 420 qui
2518 351 2697 407 debuit
2724 369 2845 408 esse
2874 356 3099 410 audisset
3127 371 3230 407 me.
3258 356 3322 409 Et
3344 356 3467 422 quid
3501 356 3565 410 sit
3594 360 3783 410 audire

521 432 691 484 stabor
721 441 788 495 te,
821 431 871 484 id
902 440 1006 492 est.
1033 444 1154 481 cum
1204 426 1324 477 aliis
1358 434 1579 495 testem
1615 424 1847 492 adduco,
1876 425 1958 495 vel
1993 425 2089 476 ba-

529 499 628 554 ιιρο
660 493 816 567 hujus
844 502 942 567 rei,
972 499 1195 574 scilicet2
1229 493 1368 561 quod
1400 497 1444 546 si
1479 494 1703 574 audieris
1733 510 1844 574 me;
1893 494 1941 549 id
1971 504 2093 574 est,

522 572 565 624 si
610 565 1060 635 obteimperaveris
1090 566 1227 620 meis
1257 568 1557 631 praeceptis,
1580 574 1644 635 et
1688 581 1749 617 ea
1803 565 2094 619 intenderis

522 634 827 709 diligenter,
856 642 977 693 deus
1022 635 1288 715 recens._id
1321 642 1425 715 est,
1457 634 1742 715 fabricatus
1765 649 1828 689 ex
1856 644 2096 715 tempore

520 704 670 771 deus.
704 704 819 763 non
848 714 939 763 erit
973 712 1025 762 in
1071 716 1139 770 te,
1184 707 1231 758 id
1265 714 1365 768 est,
1416 706 1466 757 in
1496 704 1659 758 corde
1697 714 1810 769 tuo,
1852 705 1972 772 quia
2005 720 2094 757 co-

518 794 744 843 gnosces
793 797 877 835 me
929 780 1158 834 Verbum
1210 776 1349 828 Patri
1396 785 1718 827 comterutuu
1766 784 1823 827 et
1863 778 2092 827 consub-

516 851 788 904 stantiale.
822 852 990 904 llomo
1019 849 1160 902 enim
1193 860 1412 910 recens;
1445 844 1673 898 Verbum
1699 854 1878 898 autem
1909 846 2011 898 erit
2042 846 2093 900 in

521 921 783 985 principio
811 922 948 987 apml
983 920 1145 973 Deum
1196 915 1292 987 ipsi
1342 926 1688 987 comternum.
1741 914 1805 987 ῐξι
1836 916 1956 968 ideo
1988 930 2092 969 non

520 984 778 1060 cogitabis
812 984 998 1044 falsum
1029 991 1215 1044 Deum.
1246 986 1476 1060 Si_enim
1520 985 1720 1060 falsum
1750 984 1911 1060 Deum
1951 988 2095 1053 cogi-

520 1055 734 1126 taveris,
771 1076 1036 1130 nunquam
1082 1060 1264 1130 fictum
1294 1057 1455 1130 Deum
1475 1055 1772 1130 __adorabi_s.
1800 1057 1862 1107 Et
1886 1056 1982 1110 boc
2012 1067 2094 1112 est

517 1131 657 1198 quod
687 1124 961 1199 sequitur:
992 1130 1169 1199 Neque
1197 1127 1436 1181 adorabis
1467 1124 1627 1178 Deum
1654 1126 1901 1178 alienum.

596 1210 953 1266 Referendum
1004 1220 1086 1265 est
1139 1220 1244 1263 tam
1292 1207 1359 1261 ad
1389 1207 1526 1261 idola
1561 1206 1813 1259 interiora
1838 1222 1993 1272 quam
2024 1209 2091 1263 ad

522 1284 811 1337 exteriora.
867 1282 1070 1336 Diversi
1116 1281 1257 1333 enim
1289 1279 1529 1332 diversos
1561 1275 1957 1331 fabricaverunt
1983 1280 2086 1334 sibi

523 1351 654 1405 deos
682 1361 735 1406 et
762 1354 996 1407 exterius
1028 1361 1080 1403 et
1109 1350 1351 1428 interius.
1386 1347 1488 1402 Sed
1522 1362 1825 1428 quanquam
1856 1350 2090 1428 varietas

514 1433 663 1476 esset
712 1423 762 1476 in
814 1438 1017 1487 errore,
1069 1420 1318 1474 identitas
1367 1428 1541 1471 tamen
1589 1427 1703 1471 erat
1736 1418 1787 1470 in
1816 1418 2083 1485 vanitate;

520 1492 663 1559 quod
695 1495 921 1549 Samson
946 1490 1285 1563 significavit,
1316 1488 1530 1563 quando
1563 1489 1867 1563 vulpeculas
1894 1490 2088 1563 multas

522 1557 618 1639 per
660 1565 859 1639 caudas
918 1557 1207 1639 colligavit,
1238 1570 1291 1614 et
1323 1560 1466 1639 faces
1487 1557 1886 1639 ardentesipsis
1908 1560 2088 1614 caudis

521 1630 783 1701 religavit.
854 1645 913 1687 ut
974 1627 1613 1701 comburerentsegetes
1657 1627 2085 1701 Philistinorum.

524 1698 719 1768 Vulpes
765 1713 889 1757 sunt
937 1701 1170 1757 haeretici
1200 1699 1350 1768 quasi
1373 1698 1425 1751 in
1456 1699 1719 1768 cavernis.
1744 1708 1799 1750 et
1830 1699 2085 1754 insidinn-
2120 1706 2164 1766 Β

525 1779 602 1822 tes
630 1767 691 1826 ut
720 1775 926 1838 vulpes.
954 1774 1029 1827 De
1051 1774 1133 1824 bis
1153 1769 1401 1835 vulpibus
1428 1769 1480 1821 in
1498 1767 1733 1821 Cariticis
1754 1770 2083 1824 canticorum

519 1842 714 1893 dicitur
746 1858 760 1893 :
811 1843 987 1912 Capite
1034 1842 1176 1894 nobis
1210 1838 1731 1912 vulpeculas‘paruas.
1765 1838 2084 1912 TuncAeuim

524 1911 829 1978 vulpecula,
875 1908 925 1967 id
958 1913 1377 1990 cst,_b:eret_icus
1404 1909 1631 1990 capitur,
1663 1908 1877 1990 quando
1904 1909 1971 1990 de
1997 1927 2086 1963 er-

520 1994 645 2034 rore
669 1985 1021 2038 convincitur.
1050 1983 1153 2036 llas
1176 1980 1484 2045 vulpeculas
1514 1979 1760 2042 Samson,
1790 1979 1877 2045 qtti
1917 1981 2087 2034 inter-

520 2059 759 2118 pretatur
805 2057 881 2107 sat
919 2070 1112 2118 eorum,
1145 2051 1194 2105 id
1223 2060 1325 2111 est,
1358 2049 1624 2115 Christus,
1660 2049 1712 2101 in
1740 2049 1906 2103 cauda
1932 2051 2087 2105 colli-

521 2124 687 2187 gavit,
738 2124 860 2191 quia
913 2126 963 2178 in
1012 2125 1264 2190 opini0ue
1310 2120 1653 2191 dissentiunt,
1698 2120 1749 2171 in
1778 2121 1882 2174 line
1911 2131 2085 2175 tamen

521 2190 884 2258 Consentium,
921 2195 970 2248 id
999 2207 1101 2253 est.
1136 2194 1187 2246 in
1217 2190 1467 2244 vanitate.
1503 2190 1566 2243 Et
1609 2204 1910 2259 quanquam
1940 2192 2009 2246 sit
2032 2192 2084 2246 in

519 2275 702 2316 errore
750 2270 1001 2329 varietas,
1046 2264 1099 2318 in
1142 2263 1372 2316 vanitate
1400 2259 1777 2341 estnidentitas.
1815 2261 1881 2315 Et
1907 2261 2081 2329 ignem

519 2332 865 2412 adbibuit,_id
895 2344 997 2397 est,
1019 2348 1289 2412 errorem,
1320 2345 1426 2398 ouo
1444 2330 1597 2412 alios
1615 2330 1862 2412 decipere
1880 2342 2083 2412 posset,

516 2403 731 2468 adjecit.
786 2404 850 2459 Ut
894 2407 1271 2484 cmuburerent
1308 2409 1538 2484 segetes,
1661 2411 1960 2484 est,.opera
1990 2403 2085 2484 de:

515 2483 870 2541 struerentur,
920 2492 1023 2528 non
1069 2475 1383 2536 amicorum,
1437 2472 1529 2524 sed
1581 2471 1997 2536 Pliilistinorum,
2032 2472 2083 2526 id

518 2552 621 2606 est,
678 2544 1041 2609 inimicorum,
1084 2560 1215 2612 quos
1245 2555 1338 2596 eos
1364 2542 1632 2595 concessit
1661 2548 1718 2594 ut
1746 2556 1839 2596 eos
1860 2541 2086 2597 devoca-

515 2622 658 2675 rent,
690 2623 741 2667 et
772 2614 871 2668 sibi
899 2618 1287 2669 consociarent.

585 2698 695 2767 Ego
741 2705 871 2759 enim
921 2722 1031 2759 sum
1084 2705 1331 2760 Dominus
1379 2704 1515 2759 Deus
1561 2712 1698 2766 tuus.
1743 2705 1829 2773 qui
1856 2703 2011 2758 eduxi
2040 2712 2086 2759 te

512 2773 577 2847 de
628 2783 763 2827 terra
792 2775 1033 2847 zEgypti.
1068 2776 1189 2829 Ideo
1210 2776 1252 2829 si
1285 2792 1370 2847 me
1397 2776 1649 2847 audieris,
1680 2776 1907 2847 nouerit
1943 2777 1993 2828 in
2033 2784 2083 2831 te

511 2844 642 2897 deus
674 2844 883 2908 recens,
907 2844 1032 2914 quia
1063 2862 1156 2916 ego
1180 2862 1313 2912 sum,
1346 2846 1395 2899 id
1431 2855 1533 2902 est.
1558 2846 1678 2912 quia
1710 2844 1835 2899 milii
1870 2847 2083 2913 proprie

512 2916 781 2980 convenit,
816 2931 918 2968 non
951 2916 1040 2969 fiet
1071 2918 1149 2969 vel
1174 2918 1276 2969 i-rit
1298 2934 1311 2980 ;
1335 2916 1429 2970 sed
1453 2930 1568 2968 sum
1596 2925 2077 2983 propteraeteruum

512 2994 565 3055 ct
615 2985 1101 3055 incommutabilem
1156 2996 1373 3040 statum.
1422 2986 1529 3039 Cur
1550 3000 1677 3051 ergo
1708 2986 1880 3055 (quasi
1913 2987 2076 3055 dicat)

512 3054 594 3124 vis
618 3054 840 3108 adorare
869 3056 1008 3124 quod
1044 3071 1146 3109 non
1193 3058 1309 3109 est?
1342 3057 1415 3110 De
1442 3056 1585 3109 onmi
1616 3054 1760 3109 enim
1788 3057 2072 3110 recedente
2101 3058 2148 3120 C

514 3122 623 3194 Deo
674 3135 845 3192 potest
888 3122 994 3179 dici
1024 3128 1143 3194 quia
1180 3143 1283 3180 non
1314 3136 1415 3188 est.
1446 3125 1567 3193 quia
1601 3126 1696 3179 fuit
1724 3125 1936 3193 quando
1966 3143 2069 3182 non

510 3192 626 3259 fuit,
659 3204 712 3265 et
741 3197 844 3249 erit
869 3192 1079 3265 quando
1112 3213 1214 3249 non
1246 3197 1367 3250 erit.
1406 3192 1471 3248 Et
1500 3196 1620 3249 ideo
1660 3192 1810 3249 deum
1847 3196 2075 3251 alienum

508 3279 609 3334 non
634 3264 900 3331 adorabis,
933 3269 1054 3333 quia
1104 3284 1193 3334 ego
1220 3283 1334 3320 sum
1389 3266 1638 3320 Dominus
1671 3267 1807 3320 Deus
1837 3277 1950 3320 tuus
1989 3284 2072 3321 re-

510 3333 835 3401 demptione,
890 3337 1029 3391 Deus
1080 3333 1199 3393 tuus
1246 3338 1537 3392 creatione.
1595 3336 1654 3390 Et
1707 3338 1877 3405 (quasi
1908 3336 2071 3401 dicat)

506 3406 628 3469 quia
683 3420 798 3457 sum
847 3422 946 3475 ego
1001 3422 1160 3475 super
1208 3409 1405 3462 omnia.
1460 3408 1562 3461 Sed
1608 3417 1781 3460 tamen
1813 3407 1935 3472 quid
1979 3410 2070 3461 tibi

511 3477 875 3540 teinporaliter
926 3479 1180 3540 prastiti?
1231 3480 1453 3536 multum
1490 3477 1724 3544 quidem.
1754 3478 1884 3543 Quia
1918 3480 2071 3531 eduxi

507 3552 553 3596 te
595 3547 658 3597 de
702 3555 839 3619 terra
884 3547 1125 3619 zEgypti.
1167 3548 1363 3602 Omnes
1393 3556 1649 3619 quotquot
1676 3548 1964 3608 credimus,
2005 3549 2071 3601 de

508 3622 647 3668 terra
697 3615 936 3688 Egypti,
962 3615 1037 3671 'id
1070 3628 1171 3681 est,
1202 3619 1268 3673 de
1295 3615 1868 3684 tenebris’ignorantize
1894 3619 2069 3672 educti

503 3699 708 3750 sumus,
738 3698 793 3741 et
826 3703 916 3750 per
948 3703 1095 3742 mare
1129 3688 1364 3741 llnbrum
1391 3688 1749 3753 transivimus,
1769 3688 2069 3756 etlinguam

504 3770 659 3820 quam
712 3772 815 3811 non
861 3774 1177 3812 noveramus
1206 3758 1525 3812 audivimus.
1558 3757 1668 3810 Non
1698 3773 1826 3825 ergo
1860 3758 1966 3811 Deo
2000 3760 2071 3811 si-

509 3839 627 3897 mus
681 3828 891 3897 ingrati.
942 3844 1039 3882 nec
1082 3829 1458 3882 obliviscamur
1489 3830 1653 3882 Deum
1683 3838 1983 3882 manentem
2016 3838 2071 3882 ut

503 3893 825 3951 fabricenius
854 3910 1145 3952 recentem.
1172 3899 1423 3968 Sequitur
1453 3915 1467 3951 :

577 3984 749 4039 Diiata
802 4005 856 4042 os
911 3997 1072 4049 tuum.
1107 3999 1152 4042 et
1197 3991 1483 4055 udimplrbo
1512 3989 1665 4042 illud.
1690 3989 1850 4053 Quasi
1882 3988 2021 4043 dicat
2055 4002 2070 4041 :

503 4056 788 4127 Angustias
846 4061 1040 4122 patitur
1087 4076 1180 4113 cor
1230 4070 1374 4112 tuum
1422 4071 1636 4127 propter
1665 4061 1848 4111 falsum
1876 4059 2071 4121 Deum,

501 4126 593 4178 Sed
638 4129 756 4192 quia
788 4144 882 4197 ego
914 4130 1160 4182 Dominus
1184 4140 1297 4182 tuus
1320 4140 1364 4182 et
1393 4130 1527 4182 Deus
1553 4129 2004 4195 sum,dilataergo
2018 4148 2071 4181 os

504 4204 668 4259 tuum,
720 4198 1009 4260 credendo,
1048 4200 1295 4260 amando,
1332 4200 1690 4265 praedicando,
1736 4200 2067 4265 confitendo;

501 4275 672 4338 ctego
699 4268 987 4338 adimplebo
1015 4270 1162 4322 illud.
1192 4269 1414 4322 Intetius
1441 4284 1498 4321 os
1528 4271 1737 4337 quidem
1770 4271 2072 4335 adimplebo

500 4335 603 4408 fide
652 4348 704 4389 et
736 4335 1043 4405 dilectione,
1066 4349 1303 4394 exterius
1334 4355 1460 4393 vero
1486 4335 1826 4394 confessione
1851 4350 1905 4394 et
1936 4356 2071 4408 pra:-

491 4406 777 4462 dicatione.

568 4496 633 4549 Et
662 4513 765 4552 non
795 4501 1053 4554 exaudivit
1092 4501 1331 4570 populus.
1354 4502 1512 4567 Quasi
1537 4501 1834 4568 dicatzEgo
1855 4502 2066 4570 quidem

496 4566 578 4640 sic
622 4583 715 4640 eos
746 4572 954 4632 vocavi,
987 4572 1064 4625 sic
1087 4566 1364 4637 admonui,
1395 4579 1451 4624 et
1479 4582 1654 4625 tamen
1687 4566 1907 4640 populus
1930 4589 2068 4624 mens

492 4637 579 4703 qui
621 4638 803 4693 debuit
854 4656 972 4695 esse
1024 4657 1175 4696 meus
1195 4684 1210 4706 ,
1254 4660 1353 4694 non
1379 4643 1571 4694 audivit
1603 4637 1773 4694 vocent
1801 4658 1986 4706 meam,
2016 4643 2069 4695 id

491 4716 613 4771 cst,
672 4725 774 4763 non
829 4713 1224 4777 obtemperavit
1280 4714 1482 4766 sanctis
1521 4713 1854 4775 jnssiouibus
1910 4713 2066 4766 meis.

496 4778 636 4832 Ecce
682 4783 954 4845 quomodo
983 4781 1097 4835 ﬂuit
1129 4797 1366 4836 amurca.
1403 4783 1469 4837 Et
1495 4783 1614 4834 ideo
1642 4781 1763 4836 dico
1786 4797 1887 4836 non
1919 4783 2071 4836 audi-

492 4847 579 4919 vit
610 4852 733 4919 quia
788 4866 892 4903 non
945 4852 1192 4905 intendit.
1239 4853 1414 4919 Quis?
1464 4853 1593 4905 cui?
1642 4850 1802 4906 Israel
1837 4854 1989 4908 mibi.
2023 4855 2068 4907 0

498 4915 681 4971 infelix
732 4920 931 4977 anima.
980 4937 1073 4976 cur
1127 4939 1228 4975 non
1261 4915 1493 4976 intendis
1524 4924 1597 4975 illi
1629 4939 1656 4975 a
1688 4938 1793 4990 quo
1824 4938 1883 4976 es
1914 4938 2066 4977 crea-

496 4995 873 5060 ta,_rev_ocata,
903 5006 929 5042 a
964 4996 1196 5058 peccatis
1227 4994 1424 5055 abluta.
1447 5004 1498 5045 et
1530 4994 1582 5045 in
1615 4995 1791 5060 specie
1812 4993 2065 5047 deducta.

562 5055 631 5111 Et
674 5058 845 5113 dimisi
892 5055 977 5115 eos
1020 5064 1301 5115 secundum
1348 5062 1601 5115 desideria
1646 5055 1821 5116 cordis
1869 5079 2067 5117 eorum.

495 5126 633 5183 Ecce
680 5144 936 5198 cotugrua,
982 5147 1107 5185 erce
1137 5134 1269 5186 ultio
1302 5134 1498 5187 divina.
1535 5132 1659 5200 Ipsi,
1690 5134 1924 5201 inquam,
1960 5150 2066 5186 non

489 5202 774 5253 audierunt
817 5217 921 5264 me,
971 5212 1024 5254 et
1053 5218 1151 5269 ego
1182 5204 1398 5266 rependi
1435 5217 1512 5257 eis
1541 5203 1681 5269 quod
1707 5202 1908 5270 justum
1944 5203 2068 5268 fuit,

491 5272 716 5337 scilicet,
770 5272 943 5323 dimisi
964 5289 1048 5325 eos
1073 5274 1349 5326 secundum
1380 5274 1640 5326 desideria
1672 5274 1840 5324 cordis
1866 5289 2066 5335 eorum,

490 5339 590 5395 hoc
631 5354 731 5406 est,
782 5344 960 5395 traditi
995 5355 1113 5396 sunt
1160 5346 1213 5397 in
1239 5346 1510 5414 reprobum
1537 5359 1765 5406 sensum,
1797 5354 1848 5414 ut
1873 5344 2070 5410 faciant

493 5427 608 5478 quae
654 5427 756 5465 non
805 5416 1128 5479 conveniunt,
1181 5413 1505 5483 quapropter
1550 5414 1714 5474 ibunt,
1762 5413 1945 5477 idest,
1980 5430 2062 5468 ca.

493 5488 622 5535 dent
650 5491 703 5535 et
732 5483 895 5538 ﬂuent
927 5488 977 5537 in
1008 5490 1115 5539 suis
1145 5483 1610 5549 adinventioaibus,
1642 5499 1745 5537 non
1770 5483 1984 5538 stabunt
2015 5485 2067 5538 in

487 5565 640 5606 ηιθιε.

560 5622 620 5674 Si
666 5624 883 5686 populus
924 5640 1061 5678 meus
1107 5626 1330 5678 audisset
1379 5642 1479 5679 me.
1534 5624 1681 5679 Nunc
1705 5623 1920 5688 quidem
1943 5624 2066 5692 quia

491 5703 574 5743 me
623 5708 725 5745 nou
776 5694 1075 5763 audierunt,
1129 5696 1302 5750 dituisi
1352 5711 1464 5749 eos.
1524 5696 1582 5750 Si
1622 5704 1799 5749 autem
1843 5696 2065 5763 populus

2208 437 2328 472 enm
2372 423 2590 490 exponit
2640 424 2823 477 dicens
2867 441 2879 475 :
2948 424 3011 478 Si
3060 424 3227 478 Israel
3267 426 3578 479 ombulasset
3608 431 3662 482 in
3690 431 3783 481 riis

2202 493 2477 567 meis,__ltoc
2504 503 2608 567 est,
2637 494 2681 567 s_i
2714 495 3071 567 deleCIaretur
3101 496 3153 567 in
3187 497 3464 567 praeceptis
3490 498 3647 561 meis,
3678 515 3780 567 ego

2201 561 2548 616 humiliassem
2591 564 2823 617 inimicos
2861 580 3037 618 eorum
3059 575 3115 619 et
3140 561 3458 621 intrinsecus
3488 579 3541 620 et
3564 561 3780 622 extrin—

2199 646 2378 705 secus,
2427 649 2518 699 pro
2556 634 2716 705 nihilo
2766 634 3087 705 reputandos
3114 636 3352 702 forsitan.
3382 636 3525 690 Istud
3556 641 3781 705 forsitan

2201 701 2642 775 nonﬂdubitative
2689 701 2921 775 ponitur,
2956 705 3050 760 sed
3084 706 3482 770 comminative,
3513 701 3775 775 quantum

2197 770 2262 821 ad
2291 771 2406 846 iilps
2438 770 2977 846 quiostendertntt'se
3000 775 3244 830 dubitare
3272 778 3339 830 de
3365 777 3480 845 ejus
3514 770 3776 846 potentia,

2200 855 2292 918 per
2348 843 2446 894 boc
2497 844 2769 910 effectum,
2820 846 2943 918 quia
2974 861 3079 918 non
3109 843 3405 918 audierunt
3422 862 3605 901 vocem
3638 843 3777 918 ejus,

2198 910 2336 963 sicut
2380 918 2436 963 et
2484 928 2581 966 nos
2630 928 2787 968 servo
2840 910 3024 968 rebelli
3073 916 3453 971 comminando
3496 910 3775 974 dicimusi

2201 977 2447 1052 Forsitan
2490 983 2662 1037 adlmc
2715 986 2990 1052 apparebit
3039 986 3177 1052 quod
3226 1001 3326 1051 ego
3372 988 3470 1040 sim
3516 989 3777 1044 Dominus

2198 1058 2337 1103 tuus.
2373 1051 2461 1123 _Et
2510 1054 2648 1121 quod
2694 1051 2867 1108 dixit:
2914 1051 3283 1109 Humiliassem
3314 1057 3545 1111 inimicos
3572 1077 3772 1123 eorum.

2197 1129 2255 1171 ut
2302 1121 2603 1194 evidentius
2643 1124 2731 1188 sit,
2778 1126 3184 1194 a'quipolleuter
3214 1130 3408 1194 repetit
3438 1129 3625 1183 dicens
3658 1149 3670 1182 ε
3704 1121 3773 1185 ει

2193 1205 2348 1256 super
2402 1191 2702 1247 tribu/antes
2757 1191 3132 1248 eos‘niisissem
3186 1191 3395 1250 manum
3435 1214 3622 1252 meam.
3654 1200 3775 1254 Tri-

2194 1258 2438 1335 bulantes
2486 1263 2627 1316 enim
2673 1275 2825 1317 vocat
2870 1266 3089 1317 eosdem
3141 1281 3274 1334 quos
3320 1269 3463 1335 prius
3493 1269 3767 1328 inimicos.

2192 1327 2454 1404 Misissem
2500 1344 2677 1387 autem
2711 1350 2924 1389 manum
2957 1350 3129 1389 meam
3155 1327 3483 1404 super'illos.
3522 1340 3666 1395 idem
3687 1327 3769 1396 est

2192 1402 2332 1468 quod
2371 1404 2752 1458 ltutuiliassem.

2265 1469 2470 1547 Inimici
2501 1472 2724 1547 Domini.
2746 1475 2879 1547 Ecce
2895 1475 3191 1543 regreditur
3209 1476 3600 1546 prepbetando,
3619 1485 3771 1547 quasi

2190 1538 2331 1594 dicat
2358 1559 2368 1593 :
2404 1540 2661 1598 Dominus
2701 1546 2913 1617 quidem
2948 1538 3017 1599 ita
3048 1555 3103 1599 et
3127 1538 3531 1617 ita'illi'pnpulo
3560 1538 3773 1607 locutus

2192 1619 2297 1687 est,
2349 1626 2526 1665 sermo
2569 1623 2761 1687 autem
2789 1613 2906 1687 ejus
2952 1630 3056 1687 non
3097 1619 3237 1684 cepit
3282 1613 3348 1669 in'
3366 1613 3468 1684 eis,
3496 1621 3618 1687 quia
3648 1637 3771 1677 cum

2190 1678 2451 1757 deberent
2500 1697 2637 1757 esse
2659 1678 2836 1757 amici;
2863 1685 2989 1757 facti
3020 1678 3391 1757 sunt'inimici,
3423 1678 3638 1757 pejores
3666 1707 3772 1746 es-

2191 1749 2741 1823 stiteruutwomnibus
2781 1755 2903 1809 aliis
2954 1755 3205 1823 inimicis,
3239 1749 3513 1823 quia'cum
3542 1760 3629 1814 alii
3661 1763 3771 1817 ini-

2191 1820 2313 1899 mici
2356 1822 2487 1876 nibil
2532 1825 2914 1899 promiserunt,
2954 1820 3281 1899 mamma;
3306 1839 3447 1899 sunt,
3480 1833 3600 1899 quia
3639 1847 3765 1898 pro-

2192 1889 2472 1959 miserunt,
2523 1889 2577 1946 et
2623 1895 2673 1948 in
2710 1889 2916 1949 cunctis
2946 1889 3267 1951 fefellerunt.
3302 1889 3653 1955 Melius'eniui
3680 1912 3765 1956 est

2190 1974 2292 2039 non
2342 1963 2672 2039 promittere.
2715 1976 2768 2018 et
2812 1966 3016 2019 fallere.
3074 1967 3135 2039 Et
3186 1968 3307 2034 quia
3344 1971 3464 2039 Aboc
3492 1969 3756 2039 fecerunt,

2190 2029 2311 2084 ideo
2352 2034 2543 2108 merito
2565 2042 2769 2108 tempus
2795 2051 2970 2089 eorum
2997 2038 3087 2108 erit
3117 2037 3169 2108 in
3196 2029 3403 2091 swcula.
3436 2040 3649 2108 Ellipds
3684 2029 3765 2097 est

2188 2114 2309 2181 cunt
2356 2104 2487 2181 dicit
2513 2122 2524 2156 :
2563 2103 2780 2181 Tempus
2807 2122 3001 2160 eorum.
3032 2106 3160 2181 yult
3184 2110 3325 2181 enim
3355 2103 3575 2180 intelligi
3618 2117 3761 2181 quod

2191 2179 2425 2244 tempus
2449 2173 2806 2229 damnationis
2835 2186 2888 2231 et
2919 2176 3228 2244 perditionis
3250 2195 3433 2232 eorum
3462 2173 3555 2233 erit
3582 2173 3765 2238 in'sc-

2187 2241 2325 2320 cula,
2475 2252 2578 2308 est,
2611 2241 2933 2320 mternaliter
2953 2247 3366 2320 damnabuntur.
3404 2250 3611 2305 llabent
3646 2256 3761 2320 qui-

2187 2311 2308 2386 dam
2356 2310 2640 2386 librorum_
2668 2315 2732 2367 In
2778 2319 2990 2379 saeculo,
3037 2316 3192 2385 juxta
3240 2322 3381 2386 quod
3410 2322 3489 2375 sic
3517 2310 3751 2378 dicitur:

2188 2380 2319 2446 Quia
2371 2382 2573 2462 inimici
2607 2384 2815 2462 Domini
2865 2380 3064 2462 mentiti
3089 2397 3222 2462 sunt
3258 2380 3338 2462 "ei,
3402 2390 3528 2446 ideo
3561 2402 3756 2462 ternpus

2187 2467 2385 2525 eorum,
2404 2454 2574 2525 Aquod
2605 2454 2703 2517 ipsi
2732 2466 3018 2525 appetunt,
3051 2456 3101 2511 id
3127 2468 3228 2525 est,
3261 2460 3548 2514 delectatio
3572 2454 3755 2518 eorum

2188 2523 2294 2601 erit
2344 2523 2474 2601 mibi
2508 2526 2575 2601 in
2632 2526 2733 2579 hoc
2782 2523 3031 2601 praesenti
3076 2523 3295 2601 sarculo.
3330 2530 3488 2601 iUude
3516 2540 3760 2601 sequitur

2186 2594 2309 2671 quia
2351 2594 2457 2645 cito
2493 2596 2567 2671 “in
2590 2603 2846 2671 teternum
2877 2599 3289 2671 damnabuntur.
3328 2600 3393 2653 Et
3420 2594 3610 2656 merito
3633 2607 3756 2671 quia

2186 2660 2276 2714 ille
2303 2678 2459 2731 quem
2489 2661 2794 2720 fefellerunt
2819 2684 3033 2723 omnem
3065 2670 3447 2726 humanitatem
3474 2660 3755 2727 etsuis-crt-

2183 2733 2420 2785 cordiam
2450 2735 2527 2786 eis
2556 2736 2831 2800 impendit.

2256 2800 2323 2878 Et
2344 2802 2526 2878 cibapit
2556 2805 2761 2878 illosex
2789 2807 2941 2876 adipe
2970 2809 3228 2878 frumenti.
3253 2809 3308 2863 Id
3336 2819 3439 2876 est,
3472 2826 3534 2866 ex
3566 2814 3754 2867 intima

2184 2874 2415 2951 medulla
2447 2873 2888 2951 frumenti,__quia
2915 2873 3099 2951 refecit
3126 2896 3219 2933 eos
3251 2873 3507 2951 mysterio
3532 2900 3642 2937 sure
3675 2886 3761 2937 ln-

2182 2945 2540 3009 caruatiouis,
2596 2956 2650 2999 et
2690 2947 2807 3001 aliis
2860 2949 3201 3004 interioribus
3252 2945 3509 3006 doctrina:
3556 2966 3761 3009 sancta:

2184 3015 2470 3082 mysteriis.
2524 3016 2589 3069 Et
2629 3015 2787 3070 etiam
2819 3019 3077 3072 saturavit
3106 3036 3197 3073 eos
3226 3021 3387 3076 melle
3412 3036 3666 3078 manante
3689 3026 3760 3079 de

2185 3093 2358 3162 petra,
2405 3094 2547 3154 petra
2586 3096 2754 3162 autem
2781 3098 2888 3162 erat
2918 3089 3167 3162 Christus.
3204 3091 3305 3144 Per
3328 3095 3431 3146 mel
3462 3110 3589 3147 vero
3611 3097 3759 3162 quod

2175 3156 2766 3231 pontificatum_obﬂuet
2799 3158 3097 3231 dulcedinis
3125 3162 3361 3229 intellige
3390 3156 3757 3231 cognitionem

2174 3227 2357 3277 aeterni
2409 3225 2588 3301 Verbi.
2631 3226 2699 3301 Et
2730 3238 2809 3281 cst
2841 3229 3020 3301 dicere
3046 3248 3057 3282 :
3086 3232 3219 3295 Quia
3252 3225 3420 3301 usque
3451 3225 3514 3287 ad
3546 3238 3747 3287 saturi-

2177 3304 2359 3372 totum,
2416 3297 2465 3347 id
2515 3306 2614 3360 i-st,
2652 3298 2887 3372 plenarie
2919 3299 3107 3353 imbuit
3134 3317 3225 3355 eos
3249 3297 3555 3372 cognitione
3586 3308 3754 3359 etiam

2174 3361 2355 3430 Verbi,
2387 3381 2507 3436 qua:
2540 3361 2756 3423 excellit
2776 3386 2987 3424 omnem
3012 3372 3312 3427 Scientiam.

2616 3483 2679 3538 IN
2712 3484 3028 3541 PSALMUM
3061 3486 3293 3544 LXXXI.

2718 3575 2960 3630 Psalmns
3026 3579 3224 3648 Asapb.

2777 3686 3163 3727 ARGUMENTUI.

2242 3757 2539 3826 Culpantur
2589 3758 2640 3833 bi
2672 3763 2780 3833 ‘qui
2829 3762 3101 3818 declinant
3140 3768 3190 3818 iu
3224 3767 3500 3833 malitiam,
3529 3779 3583 3824 et
3611 3770 3764 3826 inter

2169 3827 2439 3900 purgantes
2486 3831 2620 3898 aequi
2662 3827 2872 3900 judices
2897 3848 3019 3889 esse
3051 3837 3411 3893 dissimulant.
3444 3827 3610 3895 Aliter
3639 3857 3758 3896 vos

2175 3898 2429 3953 Ecclesia:
2460 3900 2526 3953 de
2552 3898 2772 3957 .ludteis.

2797 4030 3145 4071 EXPLANATIO.

2243 4103 2421 4171 Asapb
2465 4103 2662 4158 indicat
2695 4104 3027 4176 Syuagogam
3051 4151 3063 4172 ,
3105 4109 3193 4176 qui
3252 4108 3531 4164 Dominum
3560 4111 3762 4168 Salva-

2176 4181 2346 4245 torem
2397 4189 2652 4242 corporea
2717 4192 2926 4245 quoque
2989 4180 3271 4244 praesentia
3321 4182 3510 4234 meruit
3535 4183 3766 4239 intueri.

2175 4244 2352 4319 Asapb
2392 4255 2575 4319 contra
2624 4244 2853 4319 Judaeo‘s’
2878 4249 2946 4301 de
2972 4248 3170 4319 Christi
3199 4250 3427 4304 adventu
3457 4266 3548 4319 per
3578 4262 3765 4308 totum

2175 4314 2409 4386 loquitur
2460 4316 2743 4383 psalmum.
2803 4315 2856 4369 In
2912 4318 3077 4384 prima
3108 4327 3256 4386 parte
3282 4314 3625 4375 couunonens
3656 4339 3772 4379 eos

2186 4384 2351 4437 Deum
2402 4384 2450 4437 in
2483 4400 2667 4440 eorum
2710 4386 2888 4440 medio
2915 4384 3243 4451 eonstitisse,
3278 4393 3394 4443 ideo
3422 4406 3523 4444 non
3554 4393 3771 4446 debere

2182 4454 2299 4526 illos
2338 4458 2660 4509 consortium
2715 4459 2988 4525 suscipere
3038 4468 3399 4526 peccatorum.
3432 4461 3486 4514 In
3515 4466 3765 4515 secunda

2173 4524 2427 4600 admouet
2467 4535 2524 4578 ut
2565 4524 3064 4600 intelligant’ipsum
3102 4543 3221 4583 esse
3246 4530 3538 4592 Christum,
3571 4534 3661 4600 qui
3706 4536 3769 4589 in

2171 4595 2534 4666 assumptione
2562 4597 2739 4651 carnis
2773 4612 2970 4666 pauper
2998 4610 3048 4652 et
3072 4612 3273 4664 egenus
3304 4616 3425 4655 esse
3449 4595 3769 4663 videbatur.

2174 4663 2229 4738 lu
2263 4667 2413 4738 tertia
2464 4667 2593 4721 dicit
2632 4681 2725 4721 eos
2755 4663 3065 4730 honoratos,
3095 4663 3153 4721 ut
3174 4669 3265 4722 lilii
3298 4670 3389 4724 Dei
3417 4672 3621 4738 tierent,
3648 4676 3772 4733 sed

2172 4734 2315 4804 ipsos
2344 4735 2397 4790 in
2421 4741 2608 4791 mortis
2632 4738 2849 4806 laqueos
2878 4752 2976 4792 suo
3007 4740 3135 4792 Vitio
3165 4743 3451 4796 corruisse.

2750 4844 3177 4885 COMMENTARIUS.

2241 4917 2381 4972 Deus
2412 4921 2547 4973 stetit
2572 4922 2622 4973 in
2647 4920 2945 4991 Synagoga.
2968 4920 3208 4975 Psalmus
3222 4923 3415 4991 Asaph.
3446 4923 3661 4981 Fideles
3691 4928 3773 4983 de

2172 4992 2333 5058 priori
2367 4993 2560 5057 populo
2592 4992 2942 5055 praevidentes
2974 5008 3067 5060 per
3097 4995 3350 5058 Spiritum
3382 5006 3593 5061 tempus
3627 5001 3773 5051 visi-

2172 5062 2384 5115 talionis
2400 5073 2451 5114 et
2474 5060 2760 5136 Dominicze
2782 5060 3558 5136 lncarnatiOnis,esbortantur
3583 5080 3777 5136 poste-

2171 5146 2261 5185 ros
2311 5145 2436 5185 suos
2483 5132 2534 5185 in
2584 5135 2685 5183 hoc
2717 5134 2945 5198 psalmo,
2977 5148 3041 5184 ne
3076 5133 3148 5186 ita
3181 5133 3379 5201 injuste
3411 5132 3677 5202 judicent,
3711 5150 3774 5192 et

2171 5202 2467 5267 depraVent
2506 5216 2718 5254 causam
2756 5202 3007 5265 bmredis,
3040 5205 3181 5256 sicut
3210 5203 3454 5256 fecerunt
3483 5210 3657 5259 servis
3691 5211 3773 5262 ad

2173 5272 2385 5324 vineam
2428 5273 2737 5339 praamissis.
2766 5274 2830 5324 Et
2858 5272 3140 5327 manifeste
3167 5275 3456 5327 ostendunt
3479 5276 3627 5330 eisin
3655 5278 3775 5334 hoc

2172 5343 2399 5410 psalmo,
2434 5342 2486 5395 in
2513 5342 2684 5408 primo
2712 5356 2869 5395 verso
2897 5350 3105 5407 tempus
3134 5342 3473 5409 visitatiuttis,
3496 5355 3550 5398 et
3575 5348 3771 5402 domi-

2171 5414 2306 5465 uica‘.
2361 5411 2765 5477 lncaruationis,
2813 5414 2934 5479 quia
2983 5426 3150 5475 stare.
3193 5414 3401 5475 Sedere,
3435 5415 3529 5480 ire,
3564 5429 3619 5469 et
3649 5418 3775 5471 hu-

2166 5481 2399 5550 jusmodi
2442 5482 2578 5534 situs
2622 5484 2981 5551 corporalium
3024 5498 3202 5536 rerum
3234 5494 3437 5537 tantum
3467 5497 3617 5551 sunt,
3643 5504 3773 5545 non

2172 5553 2606 5617 incorporalium.
2640 5554 2703 5606 Et
2736 5560 2819 5625 est
2853 5554 3032 5625 dicere
3064 5569 3078 5604 :
3112 5551 3249 5607 Deus
3276 5557 3505 5620 deorum,
3541 5557 3595 5609 id
3644 5570 3775 5625 est,

2170 5638 2264 5688 per
2308 5638 2465 5694 quem
2517 5638 2703 5694 omnes
2741 5623 2841 5694 illi
2867 5624 2957 5688 qui
2985 5638 3089 5676 non
3125 5638 3217 5688 per
3241 5636 3509 5690 naturam,
3533 5628 3629 5678 sed
3656 5623 3783 5694 pei-

2169 5695 2392 5761 gratium
2422 5692 2513 5747 Dei
2546 5693 2696 5759 fiunt,
2721 5692 3056 5749 dedicantur.
3090 5694 3205 5762 Ipse
3230 5694 3442 5765 quidem
3468 5692 3786 5757 invisibilis
