4010 6190
303 328 409 384 9ἓὸ

944 325 1010 381 IN
1051 325 1466 382 PSALMORUM
1510 327 1760 383 LIBRUM
1803 326 2157 384 EXEGESIS.
2199 358 2271 369 —-
2311 328 2558 388 PSAIM.
2600 330 2861 386 LXXXII.

3464 334 3571 390 926

302 443 356 497 in
406 442 538 505 suis,
574 439 744 495 factus
772 439 997 494 visibilis
1029 441 1079 493 in
1110 441 1324 511 nostris.
1358 438 1508 494 Stetit
1537 439 1661 511 (pro
1684 439 1866 508 stabit)
1899 440 1950 499 Α
1976 440 2311 511 fundamenta
2336 451 2482 493 terra:
2504 440 2640 494 illius
2668 443 3013 510 movebuntur,
3041 443 3091 498 id
3116 452 3220 511 est,
3252 444 3563 503 aulerentur

303 513 357 565 in
404 511 704 581 Synagoga.
756 509 1238 581 Synagogamideo
1264 512 1434 581 ponit,
1458 509 1591 581 quia
1624 510 1689 581 de
1710 520 1870 579 gente

304 583 395 636 illa
442 579 596 635 natus
622 579 751 636 luit.
797 579 925 634 Inde
957 579 1142 642 David,
1171 580 1237 633 de
1264 579 1427 634 David
1455 580 1632 641 Maria,
1661 580 1727 632 de
1751 581 1873 634 Ma-

304 651 380 707 ria
431 667 559 706 vero
601 651 866 708 Christus.
918 651 983 704 Et
1010 652 1146 703 bene
1174 650 1306 703 dicit
1335 651 1510 715 Stetit,
1541 650 1659 716 quia
1689 666 1870 713 pecca-

302 733 412 775 tum
441 739 543 775 non
570 722 706 790 fecit,
737 738 827 776 nec
852 724 1085 774 inventus
1118 732 1192 772 est
1216 720 1365 773 dolus
1405 716 1459 774 in
1487 736 1572 773 ore
1602 721 1731 789 ejus.
1756 719 1870 773 Non

306 803 487 848 autem
532 795 708 860 (quasi
739 794 905 860 dicat)
935 792 1105 845 otiose
1135 792 1316 855 stabit,
1345 792 1466 855 quia
1503 792 1616 860 ipse
1641 799 1789 843 stans
1820 792 1873 845 in

303 863 493 925 medio,
534 859 584 916 id
632 873 734 924 est,
776 864 828 916 in
873 870 1077 924 aperto.
1124 859 1279 914 Juxta
1324 862 1494 914 illud:
1537 859 1661 914 Post
1690 861 1797 913 ltth
1821 863 1872 915 in

308 934 454 987 terris
492 934 625 988 visus
667 944 757 999 est,
800 942 847 987 et
869 949 983 986 cum
1003 931 1288 984 hominibus
1310 942 1634 984 conversatus
1653 941 1745 984 est.
1780 931 1871 985 Vel

307 1005 362 1058 in
395 1004 590 1071 medio,
618 1005 667 1057 id
698 1013 779 1058 est
808 1006 858 1056 in
887 1003 1178 1065 communi,
1209 1001 1329 1069 quia
1359 1003 1507 1055 venit
1533 1016 1637 1071 non
1669 1010 1872 1055 tantum

308 1084 530 1143 propter
575 1070 800 1128 Salutem
847 1073 1149 1128 Jndzeomm
1200 1072 1466 1140 (quamvis
1515 1070 1615 1139 ipsi
1644 1073 1766 1143 stili
1809 1072 1876 1126 de

308 1142 475 1213 gratia
510 1145 917 1212 prmsnmerenl)
957 1143 1049 1195 sed
1080 1142 1236 1195 etiam
1267 1151 1483 1209 propter
1512 1142 1745 1213 omnium
1773 1145 1877 1195 sal-

311 1212 578 1269 vationem
618 1215 775 1279 Deus,
808 1216 1038 1280 inquam.
1060 1225 1159 1266 ens
1189 1213 1240 1264 in
1261 1214 1424 1265 medio
1451 1212 1700 1281 dijudicat
1731 1217 1873 1276 deos,

307 1284 364 1340 id
392 1294 497 1348 est,
523 1286 776 1339 discernit
806 1285 925 1337 illos
955 1284 1042 1349 qui
1073 1298 1132 1336 se
1170 1281 1433 1337 faciebant
1454 1282 1604 1343 deos.
1635 1282 1767 1335 alios
1790 1299 1875 1336 as.

308 1356 590 1421 sumendo,
644 1356 780 1407 alios
830 1353 1156 1419 repellenda.
1208 1352 1341 1419 Ipse,
1386 1353 1527 1417 dico,
1573 1352 1644 1406 ita
1691 1352 1876 1406 dicens

308 1426 429 1496 eis:
461 1424 728 1496 Usquequo
768 1425 1017 1496 judicatis
1036 1423 1390 1496 iniquitatem?
1410 1423 1572 1496 Quasi
1604 1422 1787 1496 dicat“:
1822 1424 1877 1478 Si

306 1495 590 1564 judicastis
636 1492 965 1562 iniquitatem
1016 1508 1185 1560 usque
1234 1494 1333 1547 sub
1376 1494 1669 1564 adventum
1705 1492 1871 1564 illius,

311 1562 402 1633 qui
455 1566 542 1619 lux
599 1575 682 1619 est
721 1566 919 1627 cordis,
961 1580 1025 1618 an
1055 1564 1227 1616 adhuc
1252 1566 1411 1617 etiam
1436 1562 1780 1630 judicabitis?
1816 1565 1881 1618 Et

313 1634 442 1689 item
476 1653 489 1689 :
543 1636 667 1689 Dedi
692 1636 906 1707 legem,
934 1648 1029 1688 vos
1060 1635 1249 1707 acriter
1283 1634 1573 1707 restitistis.
1599 1634 1879 1707 Servosad

313 1708 530 1759 vineam
584 1706 726 1769 misi,
766 1702 911 1758 'alios
937 1702 1273 1758 contumeliis
1297 1702 1572 1764 alTecistis,
1603 1706 1737 1757 alios
1767 1705 1870 1771 ejeo

1978 508 2045 560 ab
2071 511 2149 563 eis
2176 526 2204 562 a
2240 515 2475 564 romanis
2506 513 2852 579 principibus.

2049 579 2160 648 Ego
2197 581 2330 635 dixi.
2358 581 2487 635 Item
2520 598 2622 636 vox
2669 582 2881 637 Domini
2933 582 3055 637 illos
3083 584 3437 652 alloquentis.
3496 586 3561 641 Et

1974 648 2053 725 sic.
2082 653 2424 725 continuatur
2452 666 2491 725 :_
2520 653 2677 725 Deus_,
2733 654 2969 723 inquam,
3021 657 3071 725 in
3101 648 3279 709 medio
3303 655 3563 725 dijudicat

1977 719 2129 781 deos.
2161 720 2449 793 dicensreis
2477 721 2549 774 ita
2581 740 2593 775 :
2630 722 2741 793 Ego
2763 719 2909 776 solus
2934 726 2998 777 ad
3024 723 3124 779 hoc
3156 719 3421 792 potens'et
3442 727 3557 779 ido-

1975 804 2107 861 neus
2138 792 2247 843 dixi
2280 792 2430 845 vobis
2447 793 2565 861 quia
2598 794 2671 846 dii
2682 792 2833 858 estis,
2863 794 2913 847 id
2938 805 3037 859 est,
3063 795 3135 849 dii
3169 796 3388 859 potestis
3416 810 3557 861 esse,

1974 860 2018 912 si
2053 861 2286 931 feceritis
2312 877 2431 930 qua!
2466 877 2567 931 ego
2602 865 2904 931 praecipiam
2937 866 3104 919 vobis.
3161 865 3228 919 Et
3259 882 3452 930 omnes,
3504 860 3562 920 ut

1978 930 2178 1005 nullum
2210 930 2902 1005 excipiam,potestis’esse
2927 935 3022 998 filii
3051 937 3269 1002 excelsi,
3307 936 3402 991 lilii
3431 937 3556 1005 qui—

1975 999 2095 1085 dem
2127 1016 2217 1069 per
2245 1001 2612 1085 adoptionem,
2646 1014 2702 1085 et
2720 1004 2790 1057 dii
2835 1019 2929 1072 per
2948 1008 3199 1085 gratiam.

2058 1070 2157 1123 Vos
2180 1082 2347 1125 autem
2388 1075 2516 1126 sicut
2564 1074 2789 1127 homines
2834 1070 3143 1138 moriemini,
3191 1085 3236 1129 et
3268 1079 3399 1130 sicut
3430 1091 3566 1130 unus

1977 1140 2041 1217 de
2065 1143 2378 1217 principibus
2400 1144 2612 1217 cadetis.
2641 1144 2802 1210 Quasi
2819 1145 2977 1217 dicat
3001 1163 3013 1199 :
3077 1147 3187 1213 Ego
3208 1145 3419 1217 quidem
3453 1160 3568 1202 cm-

1980 1212 2130 1265 lcstia
2183 1212 2330 1265 vobis
2382 1215 2621 1281 promisi,
2672 1225 2724 1268 et
2768 1215 2830 1268 ad
2875 1229 3082 1270 summa
3114 1232 3209 1271 vos
3227 1212 3441 1282 vocavi,
3468 1232 3564 1269 vos

1976 1292 2152 1355 autem
2199 1281 2461 1355 ininlima
2517 1283 2868 1350 descenditis,
2922 1288 3042 1355 quia
3086 1286 3138 1341 in
3189 1303 3276 1340 vos
3327 1286 3562 1341 minores

1978 1354 2261 1427 moriemini
2279 1353 2338 1427 in
2368 1354 2544 1406 anima
2577 1369 2677 1427 per
2716 1353 3085 1423 deceptionem
3120 1357 3399 1427 majorum,
3429 1356 3563 1411 sicut

1979 1423 2226 1497 nomines,
2277 1424 2327 1476 id
2373 1432 2476 1497 est,
2530 1424 2681 1486 primi
2732 1436 2995 1497 parentes,
3054 1443 3148 1496 per
3190 1423 3567 1497 deceptionetn

1980 1492 2399 1565 diabolijmortui
2432 1494 2558 1557 sint,
2607 1504 2654 1547 et
2696 1492 2790 1549 vos
2833 1492 3070 1564 majores
3093 1497 3284 1551 cadetis
3324 1492 3430 1564 ’ρει-
3462 1496 3571 1565 pri-

1984 1578 2131 1636 mam,
2151 1563 2458 1636 elationem,
2492 1568 2622 1636 sicut
2650 1582 2784 1619 unus
2814 1566 2877 1617 de
2902 1563 3239 1636 principibus,
3272 1567 3322 1621 id
3341 1563 3561 1630 iest,'de

1983 1634 2185 1701 angelis
2227 1634 2314 1702 qui
2357 1633 2622 1701 principes
2673 1633 2948 1691 hominum
2993 1633 3137 1705 sunt,
3187 1652 3320 1706 quos
3351 1644 3562 1706 regunt,

1987 1716 2080 1769 per
2114 1708 2384 1771 propriam
2414 1705 2703 1758 elationem
2736 1708 2947 1773 cecidit,
2996 1723 3115 1762 cum
3145 1705 3310 1761 dikit:
3368 1705 3568 1759 Ponam

312 1777 462 1829 cistis
500 1786 554 1829 et
604 1775 894 1830 occidistis.
939 1774 1184 1843 Nunquid
1208 1775 1369 1827 etiam
1403 1774 1766 1826 hereditatem
1792 1790 1881 1827 oc-
1919 1783 1962 1842 Β
1987 1773 2159 1826 sedem
2189 1789 2353 1843 meam
2381 1774 2450 1824 ad
2477 1776 2796 1838 Aquilonem,
2842 1787 2886 1828 et
2915 1794 3001 1829 ero
3041 1778 3221 1831 similis
3253 1778 3537 1830 Altissimo.

311 1846 536 1899 cidetis?
588 1846 697 1899 Iloc
745 1846 879 1899 dixit
935 1844 1258 1914 majoribus:
1294 1844 1396 1897 Vos
1441 1843 1659 1909 subditi,
1694 1858 1886 1911 usque-

312 1927 423 1976 quo
452 1916 695 1981 tacendo,
726 1932 833 1971 non
870 1914 1169 1970 resistendo
1201 1916 1354 1981 {acies
1377 1923 1698 1980 peccatorum
1727 1917 1888 1965 sumi-

315 1987 432 2038 tis?
479 1985 529 2039 id
579 1995 684 2052 est,
736 1987 893 2040 vultis
935 1984 1128 2038 imitari
1160 1984 1407 2051 praelatos
1438 1983 1559 2037 illos
1582 1993 1891 2051 peccatores

312 2055 464 2109 velut
492 2056 850 2110 innocentes?
904 2054 1002 2121 Qui
1053 2054 1196 2109 enim
1246 2054 1358 2107 vult
1403 2054 1557 2107 alicui
1585 2054 1889 2122 assimilari,

314 2127 471 2195 quasi
523 2127 714 2181 faciem
768 2126 907 2180 illius
953 2124 1176 2178 induere
1217 2125 1437 2190 quierit;
1492 2124 1612 2195 ideo
1642 2124 1740 2176 hoc
1767 2124 1897 2177 dicit

318 2193 481 2263 ple-bi,
532 2196 653 2261 quia
709 2198 758 2251 in
788 2196 1076 2265 Evangelio
1100 2194 1293 2248 dicitur
1314 2195 1453 2263 quod
1478 2193 1712 2263 majores
1744 2204 1895 2248 tene-

320 2267 451 2319 bant
480 2267 706 2335 plebem.
745 2266 894 2321 Unde
919 2274 1130 2320 constat
1155 2265 1275 2335 quia
1315 2265 1463 2335 plebs
1494 2272 1719 2335 mortem
1745 2265 1898 2318 Chri-

321 2336 390 2388 sti
423 2333 603 2402 posset
655 2337 957 2405 prohibere.
1007 2337 1072 2388 Et
1119 2334 1360 2404 quisquis
1414 2333 1899 2405 quodprobibere

325 2416 504 2475 potest
531 2422 633 2459 non
657 2404 930 2475 prohibet,
965 2420 1091 2459 vere
1120 2419 1439 2475 consensum
1464 2404 1686 2471 praebet.

386 2475 623 2530 Judirate
646 2473 799 2545 egeno
827 2486 872 2529 ct
897 2475 1113 2547 pupillo.
1152 2474 1566 2547 Vos,imajores,
1601 2490 1705 2527 non
1736 2473 1900 2530 debe-

318 2546 388 2597 tis
420 2547 748 2615 iniquitatem
779 2561 967 2601 contra
996 2547 1265 2600 Christum
1287 2546 1545 2612 judicare,
1581 2559 1753 2612 neque
1780 2560 1896 2611 vos,

318 2617 574 2678 minores,
598 2619 920 2679 consentire,
943 2618 1066 2685 quia
1094 2632 1269 2670 nonne
1300 2617 1411 2678 ipse
1434 2630 1528 2682 pro
1559 2615 1711 2669 nobis
1732 2617 1902 2668 esuri-

318 2688 416 2747 vit,
450 2702 545 2755 pro
567 2690 719 2741 nobis
741 2687 905 2742 sitivit
935 2688 1077 2741 velut
1105 2686 1335 2756 egenus?
1360 2694 1414 2740 et
1435 2686 1521 2751 qui
1547 2686 1597 2739 in
1626 2686 1762 2739 caelo
1787 2694 1903 2739 erat

318 2756 441 2810 sine
465 2770 654 2824 matre,
680 2774 853 2811 nonne
887 2773 981 2825 pro
1013 2758 1165 2811 nobis
1196 2758 1245 2809 in
1279 2765 1418 2810 terra
1448 2756 1610 2809 voluit
1637 2772 1758 2809 esse
1786 2758 1903 2811 sine

320 2838 473 2897 patre
503 2838 560 2881 ut
582 2829 842 2897 pupillos?
867 2829 929 2882 Et
951 2843 1126 2882 nonne
1144 2826 1211 2881 ad
1238 2841 1329 2880 vos
1350 2826 1596 2881 clamavit
1624 2838 1675 2881 et
1704 2828 1904 2880 clama-

319 2896 399 2950 liit
428 2914 440 2948 :
470 2896 712 2952 Discitea
754 2916 832 2952 me
871 2901 988 2965 quia
1014 2900 1149 2951 mitis
1179 2913 1289 2950 sum
1319 2907 1365 2952 et
1393 2896 1597 2950 Immitis
1620 2898 1811 2950 corde?
1850 2906 1905 2950 et

318 2983 498 3021 nonne
525 2970 613 3036 qui
644 2968 797 3024 dives
827 2978 941 3022 erat
971 2970 1021 3021 in
1053 2984 1111 3021 se
1154 2982 1353 3034 pauper
1384 2969 1553 3020 fartus
1584 2978 1686 3031 est,
1720 2978 1776 3019 ιιι
1808 2982 1904 3021 nos

318 3051 417 3090 sua
450 3050 755 3107 paupertate
802 3039 1041 3093 ditaret?
1084 3037 1320 3091 Judicate
1348 3051 1475 3105 ergo
1505 3051 1619 3103 vos,
1655 3037 1903 3107 majores,

220 3139 228 3145 -
318 3124 478 3174 egeno
521 3120 566 3161 et
615 3109 830 3178 pupillo,
868 3110 917 3161 id
960 3118 1061 3169 est,
1107 3108 1173 3160 ad
1222 3108 1476 3161 honorem
1509 3107 1648 3160 illius
1689 3120 1901 3176 propter

320 3192 418 3231 vos
445 3181 597 3245 egeni
628 3189 682 3233 et
712 3179 914 3246 pupilli,
945 3186 999 3232 et
1030 3178 1175 3231 illum
1203 3190 1417 3245 prepter
1440 3178 1681 3231 [tramitem
1702 3189 1747 3231 et
1774 3196 1903 3248 pau-

323 3264 493 3319 perem
513 3250 901 3319 justiﬁrate,rid
932 3256 1035 3314 est,
1064 3249 1264 3315 justum
1293 3248 1517 3314 credite,
1542 3249 1740 3315 justum
1772 3268 1903 3316 pne-

325 3316 523 3371 dirateL
554 3318 668 3371 Non
699 3333 791 3372 vos
826 3318 969 3386 ipsos
1009 3330 1224 3387 pr0pter
1271 3333 1362 3373 vos
1411 3332 1609 3373 tantum
1639 3319 1828 3373 divites
1853 3329 1907 3373 et

321 3390 603 3455 superbos,
639 3391 760 3451 hoc,
795 3391 1028 3457 inquam,
1062 3391 1237 3453 facite,
1269 3389 1517 3454 majores,
1566 3404 1658 3441 vos
1707 3399 1904 3453 autem,

326 3460 587 3521 minores,
615 3459 794 3529 eripite
823 3458 1062 3525 quaedam
1092 3460 1145 3511 in
1176 3460 1319 3511 illum
1353 3470 1568 3527 prOpter
1597 3473 1691 3511 vos
1717 3475 1906 3527 ριιιιιιε-

322 3544 449 3589 rem,
483 3540 526 3581 et
577 3531 785 3583 liberate
834 3530 979 3581 illum
1024 3537 1235 3596 propter
1279 3544 1369 3580 vos
1398 3543 1604 3597 egenum
1651 3529 1711 3580 de
1753 3544 1908 3583 manu

324 3600 603 3667 peccatoris
657 3601 930 3668 principis.
981 3601 1261 3653 'l‘imebant
1302 3597 1441 3650 enim
1481 3599 1712 3665 plebem,
1747 3610 1801 3652 nt
1832 3601 1909 3653 di-

326 3683 469 3721 ctum
498 3680 599 3724 est.
632 3670 697 3723 Et
729 3671 803 3723 sic
830 3671 961 3722 adeo
998 3668 1442 3736 reprehendendi,
1488 3672 1575 3736 qui
1608 3672 1827 3723 ιειειιιιιιι)
1856 3683 1910 3726 ει

328 3752 435 3791 non
467 3741 764 3794 resistendo
785 3750 1189 3805 consenserunt,
1214 3740 1354 3809 quod
1384 3741 1471 3793 lict
1498 3740 1599 3793 illis
1623 3742 1711 3808 qui
1738 3743 1908 3809 ipsum

327 3812 479 3862 nefas
503 3820 955 3878 perpetraverunt.

404 3879 707 3934 Nescierunt
761 3898 919 3948 neque
964 3881 1336 3935 intellexerunt.
1401 3880 1508 3933 Vox
1562 3889 1643 3933 est
1707 3883 1906 3951 Asaph.

326 3949 488 4014 Quasi
516 3954 655 4005 dicat
687 3972 697 4003 :
736 3951 987 4005 Dominus
1016 3952 1227 4020 quidem
1276 3951 1376 4005 illis
1420 3962 1474 4004 et
1521 3949 1828 4018 majoribus
1858 3964 1912 4008 et

334 4022 628 4073 minoribus
675 4025 742 4075 ita
794 4023 1000 4075 loculus
1047 4032 1147 4083 est,
1198 4038 1299 4075 non
1344 4034 1519 4075 autem
1564 4025 1704 4088 cepit
1734 4038 1911 4077 sermo

332 4093 448 4160 ejus
480 4092 530 4143 in
572 4093 671 4153 eis,
700 4092 820 4160 quia
873 4094 969 4160 ipsi
1020 4095 1322 4157 nescierunt,
1370 4094 1417 4145 id
1463 4102 1565 4155 est,
1615 4094 1912 4148 nescientes

332 4158 564 4215 luerunt.
618 4162 679 4217 Si
719 4158 852 4215 enim
898 4158 1285 4231 cognovissent,
1337 4179 1590 4229 nunquam
1642 4162 1912 4218 Domitium

330 4232 511 4300 gloriae
539 4235 927 4300 cruciﬁxissent.
964 4232 1141 4299 Neque
1168 4233 1543 4297 intellexerunt,
1580 4233 1627 4286 id
1663 4242 1764 4297 est,
1809 4251 1911 4289 non

334 4302 692 4370 intelligenter
721 4305 769 4357 in
798 4318 957 4370 opera
990 4303 1104 4370 ejus
1150 4306 1375 4365 iverunt,
1409 4319 1528 4373 quia
1570 4306 1612 4357 si
1656 4304 1915 4374 intellige-

335 4381 477 4438 rent,
506 4390 606 4425 nou
642 4375 923 4427 narrabam
958 4375 1169 4427 liberari
1200 4391 1460 4444 peterent,
1490 4374 1757 4428 Christum
1788 4392 1915 4429 vero

332 4443 586 4511 cruciligi.
626 4446 687 4498 lit
728 4445 846 4498 ideo
878 4460 982 4498 non
1036 4446 1429 4510 intellexerunt,
1475 4444 1594 4512 quia
1641 4447 1915 4500 ambulant

338 4515 389 4565 in
441 4516 695 4578 tenebris,
730 4516 779 4567 id
830 4526 931 4579 est,
962 4514 1080 4582 quia
1126 4518 1459 4569 delectantur
1509 4515 1560 4567 in
1613 4517 1728 4569 loco
1778 4528 1830 4569 et
1862 4518 1911 4570 in

330 4594 492 4650 gente
516 4593 569 4637 et
595 4588 643 4637 in
675 4587 793 4638 aliis
822 4589 1066 4650 terrenis,
1096 4602 1213 4651 qua)
1240 4598 1362 4639 sunt
1392 4601 1546 4639 causa
1578 4602 1740 4652 quare
1767 4597 1913 4641 tene-

336 4656 503 4717 brosi,
525 4655 575 4708 id
598 4665 698 4720 est,
728 4657 1025 4709 nescientes
1055 4658 1179 4709 sitit.
1213 4657 1345 4718 Non,
1375 4658 1610 4721 inquam,
1643 4657 1915 4710 intellexe-

333 4733 477 4787 runt,
511 4728 602 4778 sed
635 4735 809 4779 tamen
842 4727 1141 4795 intelligere
1174 4737 1475 4793 potuerunt,
1508 4728 1625 4787 quia
1661 4736 1764 4777 tam
1804 4742 1913 4780 Ina-

333 4795 527 4866 nilesta
576 4797 725 4860 signa
778 4798 827 4851 in
882 4797 999 4865 ejus
1042 4801 1283 4866 passione
1329 4797 1447 4848 (lata
1496 4807 1637 4866 sunt,
1665 4812 1757 4860 per
1795 4814 1913 4861 quae

330 4865 461 4936 satis
492 4868 655 4933 patuit
687 4870 854 4934 ipsum
898 4865 1254 4922 esse'tteum.
1296 4868 1445 4933 Quod
1493 4865 1611 4934 quia
1653 4882 1771 4919 cum
1803 4868 1914 4936 haec

332 4934 638 4989 diceientur
686 4939 917 4991 laturum
966 4947 1099 4996 erat,
1154 4938 1383 4990 futurum
1433 4953 1640 5005 quoque
1678 4934 1914 4993 ειιιιιιιιςιι

330 5006 516 5059 dicens
546 5026 556 5059 :
594 5008 778 5062 Omnia
800 5008 1129 5075 fundamenta
1151 5022 1295 5061 terra:
1319 5008 1663 5060 movebuntur.
1691 5011 1910 5072 Quando

331 5078 477 5128 enim
509 5088 615 5131 tota
650 5091 788 5130 terra
823 5096 914 5145 per
940 5091 1092 5133 terra:
1135 5089 1332 5132 rnotum
1362 5092 1617 5132 coin-ttssa
1643 5090 1742 5143 est,
1788 5091 1913 5133 tunc

331 5148 492 5200 etiam
541 5146 885 5202 fundamenta
909 5152 1023 5218 ejus
1064 5160 1203 5203 mota
1251 5159 1390 5202 sunt.
1431 5149 1521 5201 Vel
1573 5150 1725 5203 aliter
1761 5168 1771 5201 :
1809 5152 1910 5215 Ipsi

330 5217 548 5283 quidem
579 5235 684 5272 non
720 5217 1027 5287 intelligent,
1062 5222 1155 5273 sed
1186 5231 1358 5273 tamen
1388 5228 1629 5286 possent,
1662 5221 1783 5286 quia
1821 5224 1907 5273 ani

333 5287 654 5343 remotiores
697 5289 797 5344 hoc
842 5292 1155 5359 intelligent.
1203 5291 1332 5342 Nam
1380 5292 1549 5341 omnia
1581 5291 1911 5356 fundamenta

332 5367 504 5423 terrm,
536 5360 587 5413 id
612 5372 717 5426 est,
747 5364 925 5413 omnia
958 5378 1018 5415 ea
1047 5363 1096 5414 in
1128 5362 1318 5429 quibus
1358 5361 1551 5413 terreni
1601 5362 1905 5425 fundantur,

330 5438 390 5481 ut
416 5429 721 5497 dignitates,
754 5433 972 5497 divitiae,
1008 5441 1299 5497 potestates
1329 5442 1381 5484 et
1402 5430 1615 5494 similia,
1642 5435 1909 5483 movebun-

331 5509 441 5564 tur,
470 5502 521 5554 id
550 5514 651 5565 est,
682 5520 709 5554 a
746 5504 927 5557 multis
972 5512 1399 5557 contemnemur.
1434 5501 1719 5554 Prwdtcata
1765 5505 1906 5554 enim

332 5585 470 5622 nova
505 5571 610 5625 vita
641 5584 695 5627 et
725 5575 1118 5627 resnrrecnionc
1144 5581 1304 5625 etiam
1334 5579 1636 5636 contempta
1678 5583 1758 5624 εει
1791 5570 1907 5623 feli-

326 5642 468 5695 citas
492 5652 724 5697 tcrrena.
760 5644 850 5697 Vel
882 5645 1033 5697 aliter
1073 5660 1088 5697 :
1137 5642 1250 5708 Ipsi
1294 5642 1556 5694 ambulant
1588 5642 1639 5693 in
1668 5642 1904 5705 tenebris,

331 5713 456 5780 quia
503 5719 701 5767 malunt
739 5716 961 5781 perdere
1012 5714 1365 5767 innocentiam
1414 5729 1569 5778 quam
1598 5724 1808 5778 gentem
1857 5725 1911 5766 et

334 5785 576 5850 patrium.
623 5786 727 5841 Sed
773 5796 966 5840 tamen
997 5786 1127 5839 nihil
1168 5802 1245 5839 eis
1293 5782 1546 5852 proderit,
1586 5782 1708 5853 quia
1739 5786 1907 5839 omnia

2067 1843 2255 1914 Surge,
2291 1841 2445 1896 Deus.
2480 1845 2614 1897 Ecce
2642 1847 2871 1911 loquitur
2899 1850 3073 1912 Asapb
3107 1849 3157 1900 in
3190 1862 3417 1914 persona
3447 1862 3570 1902 sua.

1992 1912 2155 1980 Quasi
2184 1912 2383 1967 dicat:
2418 1915 2520 1981 Ipsi
2552 1915 2764 1981 quidem
2809 1917 3011 1969 tnalunt
3050 1912 3277 1981 deprimi
3322 1917 3387 1971 ad
3442 1918 3577 1978 ima,

1993 1998 2153 2052 quam
2185 1984 2362 2055 vocari
2393 1984 2457 2036 ad
2488 1998 2695 2038 summa
2722 2003 2734 2036 :
2771 1995 2824 2038 tu
2854 1998 3057 2051 autem,
3092 1987 3254 2051 Deus,
3307 1989 3387 2041 lac
3427 1986 3570 2055 quod

2000 2064 2145 2127 tuum
2178 2062 2283 2105 est.
2317 2052 2541 2115 Morere,
2565 2056 2771 2107 scilicet
2805 2055 2951 2127 inter
2982 2073 3167 2109 manus
3214 2056 3409 2127 injuste
3429 2052 3574 2127 judi—

1994 2122 2228 2177 cmtium
2263 2141 2275 2176 :
2320 2134 2376 2177 et
2414 2137 2643 2194 exsurge
2690 2134 2747 2177 ut
2803 2125 2939 2180 Deus
2976 2131 3040 2178 ad
3069 2122 3576 2194 judicandumIMo-

1996 2208 2119 2267 rere
2157 2194 2370 2261 quidem
2400 2193 2829 2267 exinllrmitate,
2860 2206 2914 2249 et
2954 2193 3112 2267 surge
3158 2198 3209 2250 in
3255 2198 3471 2261 virtute,
3521 2204 3578 2249 et

1992 2262 2173 2331 judica
2216 2273 2433 2329 terram,
2482 2264 2531 2316 id
2585 2275 2689 2327 est,
2734 2266 2925 2318 damna
2982 2262 3102 2319 illos
3144 2274 3409 2329 terrenos,
3470 2281 3573 2319 non

2000 2343 2202 2386 tantum
2235 2335 2467 2388 exterius
2493 2334 2822 2400 dissipando,
2853 2336 2945 2389 sed
2972 2337 3193 2390 interius
3230 2337 3569 2391 etczccando.

2002 2404 2233 2474 Etlvere
2265 2404 2331 2457 ita
2372 2403 2551 2464 iacies,
2584 2405 2795 2472 quando
2827 2417 2904 2469 tu,
2935 2407 3036 2460 illis
3068 2407 3323 2474 repulsis,
3352 2406 3576 2459 haeredi-

2002 2473 2161 2539 tabis,
2194 2473 2350 2545 iduest
2381 2475 2742 2528 hazreditatem
2770 2478 3039 2529 obtinebis
3081 2473 3140 2529 in
3163 2477 3411 2529 omnibus
3442 2492 3574 2545 gen-

2002 2545 2162 2596 tibus.
2206 2541 2310 2615 ,Ex
2368 2556 2509 2611 parte
2562 2547 2697 2598 enim
2766 2548 2965 2599 accitas
3024 2548 3077 2599 in
3125 2545 3289 2600 Israel
3332 2541 3575 2615 contigit,

2002 2624 2054 2666 ut
2082 2614 2340 2686 plenitudo
2365 2615 2591 2683 gentium
2621 2616 2853 2668 intraret.
2882 2614 2973 2670 Vel
2998 2617 3150 2672 aliter
3179 2636 3193 2670 :
3226 2616 3392 2686 Surge
3417 2614 3577 2679 Deus,

2003 2692 2056 2739 et
2073 2694 2257 2737 terram
2275 2685 2414 2738 illam
2430 2699 2547 2754 quae
2566 2687 2755 2738 tumuit
2778 2696 2959 2740 contra
2981 2695 3053 2750 te,
3070 2703 3187 2741 cum
3210 2696 3260 2741 le
3278 2687 3575 2745 damnaret,

2003 2768 2124 2825 cum
2156 2757 2507 2821 crueitigeret,
2530 2755 2736 2825 judico,
2765 2756 2814 2808 id
2857 2765 2955 2819 est,
2989 2757 3206 2811 humilia
3238 2758 3289 2809 in
3319 2767 3491 2825 parte,
3519 2764 3575 2808 nt

2005 2824 2093 2898 qui
2138 2825 2284 2893 prius
2327 2825 2498 2898 votuit
2534 2824 2867 2898 praecedere,
2908 2836 3181 2898 sequatur.
3234 2828 3299 2880 Et
3324 2824 3461 2880 vere
3504 2828 3574 2878 ita

2005 2894 2130 2959 erit,
2181 2896 2425 2962 quoniam
2481 2904 2535 2946 tu
2588 2910 2681 2960 per
2732 2896 2851 2950 illos
2901 2894 3207 2951 humiliatos
3270 2913 3363 2963 per
3412 2906 3576 2947 totum

2008 2964 2263 3017 mundum
2318 2966 2382 3017 ad
2432 2966 2826 3033 praedicandum
2878 2980 3093 3029 Sparsos
3138 2967 3476 3022 lncreditatbis
3522 2967 3575 3019 in

2008 3037 2254 3089 omnibus
2283 3035 2547 3101 gentibus.
2571 3034 2635 3087 In
2656 3052 2853 3089 omnem
2875 3041 3010 3091 enim
3037 3048 3222 3091 terram
3247 3039 3397 3091 exivit
3422 3052 3576 3090 sonus

2008 3121 2204 3172 eorum,
2228 3116 2274 3158 et
2300 3107 2351 3159 in
2372 3105 2499 3173 lines
2521 3106 2655 3159 orbis
2678 3117 2824 3159 terra:
2844 3111 2991 3159 verba
3020 3123 3218 3161 eorum.

2428 3196 2491 3248 IN
2535 3195 2855 3252 PSALMUM
2896 3197 3156 3251 LXXXII.

2434 3284 2707 3339 Canticum
2741 3285 2928 3352 ρεπιιιή
2960 3287 3162 3355 Asaph.

2607 3390 2983 3431 ABGUMENTU”.

2079 3467 2275 3521 Contra
2300 3468 2532 3537 gentium
2570 3469 2845 3534 perﬁdiam
2875 3471 3209 3531 deprecatur,
3231 3486 3347 3533 quae
3378 3468 3588 3525 Macha-

2012 3539 2244 3592 llil'Ol'lllll
2268 3540 2487 3604 gloriam
2511 3540 2587 3590 ini
2603 3539 2826 3602 itentes,
2850 3541 3095 3605 religiose
3117 3550 3288 3608 empta
3308 3540 3590 3594 destruere

2011 3624 2131 3661 cum
2161 3610 2322 3661 toxins
2345 3610 2520 3677 populi
2548 3609 2763 3661 interitu
2785 3612 3138 3662 conabantur.
3167 3612 3335 3664 Aliter
3353 3626 3453 3664 vox
3480 3610 3588 3663 Ec-

2011 3681 2189 3735 clesia:
2218 3679 2283 3734 ad
2312 3678 2592 3734 Dominum
2621 3679 2689 3733 de
2719 3679 2937 3745 Judaais,
2958 3690 3011 3734 et
3032 3679 3098 3735 de
3122 3681 3259 3735 vittis
3290 3682 3587 3736 hominum.

2631 3787 2982 3825 EXPLASATIO.

2086 3860 2351 3915 Canticum
2381 3861 2563 3929 psalmi
2587 3872 2677 3921 est,
2713 3878 2827 3914 cum
2857 3879 3053 3932 organo
3085 3867 3391 3932 prwcinente
3418 3863 3587 3915 subse-

2013 3947 2221 4003 quentes
2260 3943 2306 3985 et
2346 3935 2530 3985 aemula
2561 3948 2754 3999 organo
2802 3949 2899 3985 vos:
2949 3935 3050 3985 oris
3092 3936 3326 3997 auditur,
3359 3934 3588 3986 canentis

2014 4005 2192 4056 modos
2233 4003 2461 4068 psalterii
2512 4003 2732 4054 modulis
2772 4003 2972 4055 imitata
3004 4005 3255 4072 vocifcris.
3295 4003 3428 4067 Quia
3474 4020 3592 4056 vero

2015 4074 2267 4125 canticum
2317 4076 2526 4141 mystice
2570 4074 2757 4125 divinw
2795 4076 3059 4139 sapientia?
3088 4076 3581 4142 contemplationem,

2016 4148 2244 4208 psalmus
2285 4155 2454 4195 autent
2495 4146 2583 4211 qui
2627 4143 2856 4197 manibus
2888 4146 2968 4211 fit,
3011 4146 3178 4206 operis
3226 4146 3585 4213 perfectionem

2017 4216 2326 4267 demonstrat
2351 4229 2368 4267 :
2399 4216 2653 4265 canticum
2684 4216 2867 4278 psalmi
2897 4220 3073 4267 merito
3098 4228 3325 4277 vocatur,
3358 4231 3471 4267 cum
3499 4217 3586 4267 bo-

2020 4300 2200 4337 norum
2237 4299 2443 4353 operum
2472 4285 2768 4353 elﬁcieutin',
2796 4287 3006 4339 scientia
3038 4296 3083 4337 et
3112 4288 3341 4338 doctrina
3368 4287 3584 4349 conjun-

2020 4360 2179 4433 gitur.
2205 4353 2365 4407 Jua‘ta
2408 4357 2461 4406 id
2507 4356 2642 4423 quod
2688 4356 2878 4440 dictum
2906 4367 3021 4440 esti
3055 4355 3587 4440 Desiderastisqpien-

2020 4428 2163 4485 tiam,
2196 4442 2335 4477 serva
2366 4429 2626 4485 mandata,
2658 4436 2705 4476 et
2740 4426 2871 4477 Deus
2896 4426 3079 4489 prmbet
3108 4424 3251 4475 illam
3281 4424 3387 4476 tibi.
3420 4424 3582 4493 Cujus

1949 4493 1995 4550 D
2020 4497 2093 4548 rei
2122 4495 2404 4564 exentplum
2430 4500 2481 4547 in
2525 4497 2826 4548 Centurioue
2847 4498 3082 4547 Cornelio
3125 4494 3338 4560 miriﬁce
3375 4496 3580 4548 claruit.

2021 4565 2154 4629 Quid
2187 4581 2298 4618 vero
2330 4567 2552 4633 psalmus
2578 4568 2759 4617 cantici
2795 4566 2877 4621 sit.
2909 4565 3376 4633 quirlves‘qm/icet,
3419 4567 3468 4617 in
3495 4581 3589 4615 un-

2016 4638 2332 4688 detricesimo
2373 4640 2570 4704 psalmo
2592 4640 2699 4704 jam
2738 4636 2928 4687 dictum
2971 4644 3065 4688 est.
3098 4633 3273 4701 Asaplt
3305 4636 3391 4704 qui
3425 4634 3588 4687 multa

2006 4708 2119 4775 jam
2148 4707 2378 4771 superius
2401 4707 2461 4758 de
2489 4706 2693 4756 Domini
2714 4706 3068 4758 incarnatione
3089 4706 3421 4773 praedixerat,
3450 4722 3585 4757 nunc

2015 4778 2067 4827 in
2096 4781 2259 4840 primo
2283 4779 2502 4828 membro
2531 4776 2593 4827 de
2618 4780 2836 4827 adventu
2855 4778 2968 4845 ejus
2996 4779 3213 4828 secundo
3241 4776 3466 4829 dicturus
3490 4787 3585 4836 est,

2014 4857 2269 4909 expetens,
2299 4856 2352 4897 ut
2379 4847 2630 4911 quomodo
2670 4845 2721 4896 in
2765 4845 2865 4910 [ine
2908 4848 3080 4899 δαῖειαὶ
3118 4846 3313 4899 inimici
3338 4849 3451 4915 ejus
3497 4864 3589 4914 per

2017 4918 2381 4969 Auticlrristum
2428 4917 2578 4967 nimis
2626 4916 2851 4983 erigendi
2898 4926 3037 4979 sunt,
3069 4918 3230 4986 ipsius
3273 4921 3374 4970 cito
3411 4917 3585 4972 debeat

2014 4990 2171 5039 veniri
2208 4988 2480 5051 iudicium,
2507 5002 2570 5039 ne
2612 4988 2897 5055 gravissimi
2924 4986 3085 5040 [tostis
3114 4994 3357 5040 diuturna
3390 4988 3589 5041 licentia

2012 5070 2238 5109 cunctum
2280 5065 2478 5109 vastare
2526 5058 2683 5122 possit
2730 5055 3030 5110 Ecclesium.
3074 5060 3314 5113 Secundo
3362 5059 3584 5113 membro

2011 5129 2062 5179 in
2106 5143 2188 5179 eos
2237 5128 2322 5191 qui
2368 5142 2455 5196 per
2493 5128 2854 5179 similitudines
2887 5129 3135 5196 quasdam
3168 5133 3429 5183 nominum
3458 5144 3584 5194 sup-

2012 5198 2187 5264 plicat,
2218 5198 2465 5251 rt'ndicari
2511 5198 2843 5263 correptionis
2887 5209 3021 5264 voto,
3056 5218 3156 5253 non
3206 5198 3580 5253 maledictionis

2010 5269 2268 5321 instinctu.

2580 5353 3012 5394 COMMENTARIUS.

2085 5427 2238 5491 Deus,
2270 5429 2380 5499 quis
2418 5427 2596 5499 similis
2626 5431 2719 5481 erit
2745 5429 2871 5482 tibi?
2908 5446 2970 5482 ne
3018 5441 3205 5491 taceas,
3248 5444 3404 5499 neque
3450 5443 3591 5482 com-

2010 5516 2254 5567 pescarts,
2307 5498 2467 5552 Deus.
2512 5498 2796 5558 Canticum,
2836 5501 2886 5553 id
2932 5509 3034 5567 est,
3082 5503 3194 5554 lucc
3235 5500 3587 5569 aggratulatio

2009 5582 2091 5623 est
2138 5571 2350 5639 psalmi,
2406 5568 2467 5640 id,
2510 5580 2611 5632 est,
2658 5570 2828 5623 laudis
2880 5572 3076 5640 Asaph,
3108 5572 3229 5640 quia
3276 5568 3464 5639 iAsaplt
3527 5571 3581 5624 in

2013 5642 2112 5693 hoc
2163 5642 2386 5705 psalmo,
2422 5639 2474 5693 id
2498 5651 2591 5692 'est
2624 5641 2676 5692 in
2710 5645 2806 5694 hac
2831 5639 3003 5703 laude,
3038 5639 3156 5709 qme
3187 5657 3312 5696 vere
3344 5643 3458 5694 laus
3491 5641 3581 5695 Dei

2011 5722 2124 5771 est,
2156 5712 2277 5780 quia
2329 5710 2626 5764 destructio
2680 5712 2893 5779 maligni
2935 5714 3204 5767 exercitus
3264 5728 3356 5781 per
3410 5712 3582 5781 ipsum

2012 5783 2149 5838 facta
2223 5784 2307 5837 hic
2371 5793 2846 5838 commemoratur.
2925 5783 3145 5853 Cantat,
3207 5786 3258 5839 id
3317 5796 3438 5855 est,
3495 5800 3584 5854 ag-
