4010 6190
480 274 581 327 927

936 272 1138 326 BED/E
1184 269 1629 326 VENERABILIS
1668 270 1817 323 (-l’i‘.
1862 268 2035 322 PARS
2079 268 2139 322 ll.
2183 270 2373 323 SICUT.
2419 268 2479 321 ll.
2514 300 2580 310 -—
2625 270 2823 323 DUBIA
2872 270 2952 322 ET
2994 268 3262 323 SPURH.

3626 268 3737 325 928

478 395 809 460 gratulatur;
858 407 960 445 non
991 392 1130 445 enim
1170 389 1442 442 defuerunt
1477 386 1544 438 de
1592 384 1921 460 populoillo
1950 386 2037 450 qui
2076 391 2113 445 Α
2146 385 2374 436 carnalis
2419 385 2627 439 animus
2683 386 2954 454 suggerit,
3033 387 3256 453 implore
3305 397 3569 459 satagunt.
3627 390 3731 447 Se-

484 456 840 531 i'nlelligerent
862 462 1117 513 habentes
1142 460 1296 531 fidem
1321 473 1437 524 qute
1466 464 1649 531 postea
1669 456 1904 531 revelata
1934 465 2033 531 est.

485 535 544 586 lli
571 526 697 601 ergo
724 549 815 598 per
838 533 1075 597 spiritum
1104 527 1469 601 prmvidentes,
1497 526 1634 593 quod
1656 526 1757 601 ille
1785 526 1870 601 qui
1899 526 2043 601 prius

490 620 583 670 per
629 596 992 656 infirmitatem
1028 601 1243 670 teniens
1272 598 1509 650 occultus
1538 613 1551 658 ;
1583 596 1700 670 quia
1725 596 2043 670 judicandus

490 666 668 725 inultis
698 672 972 725 assimiltri
1009 669 1192 731 voluit,
1227 669 1277 721 in
1325 677 1523 719 tantum
1552 666 1688 729 quod
1731 668 1888 719 etiam
1921 682 2041 719 cum

487 744 681 805 iniquis
707 752 979 805 repulatus
1014 741 1128 793 fuit.
1157 741 1219 793 Et
1243 738 1362 803 quia
1395 738 1558 790 multa
1589 735 1870 802 opprobria
1904 736 2040 799 tulit,

481 823 536 864 et
569 812 721 864 nobis
766 812 1073 874 patientiam
1123 810 1354 872 reliquit,
1404 808 1482 859 sic
1523 810 1733 859 tandem
1766 810 1833 859 sit
1865 806 2046 859 mani-

484 882 615 934 feste
648 890 923 943 venturus,
956 882 1097 950 quod
1132 880 1307 933 nullus
1335 879 1495 950 etiam
1527 879 1728 936 piorum
1760 879 1807 930 ei
1837 878 2045 930 assimio

484 952 697 1005 labitttr.
731 952 795 1004 Et
840 949 1063 1004 tunc'sit
1109 966 1206 1004 nos
1254 949 1606 1015 iudicaturus,
1648 958 1700 1001 et
1741 950 1805 1001 ab
1852 963 2046 1011 oppro-

488 1022 616 1075 briis
647 1022 851 1075 cunctis
882 1023 1234 1081 liberaturus;
1264 1021 1395 1077 lt;t-c,
1432 1019 1661 1085 inquam,
1693 1017 2047 1082 prtevitlentes

484 1096 899 1158 aggratttiantur,
929 1103 977 1144 et
1019 1092 1084 1144 ad
1134 1090 1272 1143 idem
1318 1106 1411 1142 nos
1443 1090 1809 1151 exhortantur,
1842 1098 1893 1141 et
1924 1104 2048 1141 can-

484 1170 616 1223 tant,
650 1164 716 1215 ita
750 1164 1020 1215 dicentes:
1049 1164 1091 1214 0
1125 1159 1258 1213 Deus
1305 1160 1527 1214 veniens
1578 1158 1836 1220 occultus,
1884 1159 2043 1211 etiam

486 1247 607 1286 cum
670 1234 861 1300 iniquis
914 1242 1184 1299 reputatus
1226 1230 1409 1293 fuisti;
1457 1244 1577 1281 cum
1621 1237 1795 1300 autem
1838 1245 2047 1283 vi-ners

489 1299 823 1366 manifestus,
850 1304 961 1372 quis
1008 1304 1167 1356 etiam
1202 1303 1407 1367 piorum
1435 1302 1529 1372 erit
1567 1299 1655 1351 tibi
1684 1299 1910 1372 similis?
1941 1302 2046 1351 uti-

485 1388 590 1440 que
615 1374 811 1436 nullus,
842 1369 960 1441 quia
994 1383 1114 1425 tunc
1146 1374 1303 1425 etiam
1330 1370 1498 1437 angeli
1536 1378 1778 1422 tremant.
1817 1369 1897 1421 Ne
1920 1386 2048 1437 ergo

485 1451 610 1496 tunc
652 1449 839 1503 lateas,
889 1460 1047 1510 neque
1069 1442 1426 1507 compescaris,
1463 1451 1514 1493 ιιι
1556 1442 1641 1502 qui
1678 1454 1799 1490 vere
1828 1455 2048 1506 appare-

483 1512 566 1566 bis
597 1513 752 1577 Deus,
786 1517 919 1567 sicut
948 1509 1096 1579 prius
1123 1513 1310 1573 fecisti,
1345 1526 1463 1565 cum
1492 1509 1759 1563 videbaris
1785 1511 2046 1563 inlirtnus.

484 1583 728 1649 Quandin
774 1583 912 1637 enim
964 1586 1012 1637 in
1047 1584 1354 1638 infirmitate
1394 1582 1596 1649 positus
1625 1580 1741 1647 fuit,
1788 1591 2048 1646 praecepta

484 1653 698 1722 quidem
724 1654 893 1715 dedit,
927 1656 1017 1708 scd
1048 1670 1074 1706 a
1111 1654 1341 1707 vindicta
1372 1652 1554 1706 tacuit.
1592 1650 1887 1722 Potentiam
1915 1668 2045 1722 quo-

2147 464 2363 522 qttttur:

2224 524 2372 575 Moab
2416 533 2461 577 et
2491 526 2726 593 Agareni,
2769 524 2927 579 ϐιῶσι
2968 538 3013 578 et
3064 530 3275 584 A-umon
3305 539 3350 581 et
3397 530 3741 595 Anteia.th

2147 596 2447 664 alienigena:
2496 612 2611 646 cum
2642 597 2982 671 habitantibus
3017 597 3228 668 Tyrum.
3281 599 3433 653 Moab
3463 603 3733 671 interpre-

2149 674 2287 717 tatur
2318 681 2379 718 ατ
2411 675 2587 728 putre:
2634 669 2754 740 quia
2783 683 2903 740 per
2929 670 3236 725 abusionem
3272 672 3400 740 legis
3428 688 3490 725 ex
3524 669 3628 725 avo
3674 684 3739 729 et

2147 750 2333 789 sorore
2368 747 2522 789 natus
2545 745 2646 789 est.
2683 737 2883 791 Dicitur
2922 749 3080 791 etiam
3108 737 3345 797 abutens
3362 740 3495 805 lege,
3530 754 3586 795 et
3606 744 3734 798 ideo

2150 821 2406 879 pereunt
2465 807 2743 879 abutentes
2782 807 2909 879 lege
2935 818 3038 861 tam
3072 814 3299 865 naturali
3327 828 3484 879 quant
3530 816 3733 877 scripta

2154 876 2540 949 intelliguntur,
2575 877 2641 928 de
2666 878 2879 949 quibus
2911 890 3073 943 patet,
3122 884 3259 949 quod
3302 876 3428 935 vere
3455 876 3733 938 utentibus

2151 946 2266 1022 lege
2294 956 2414 1022 sunt
2444 948 2717 1022 contrarii.
2752 949 2977 1022 Agareni
3003 946 3420 1022 inter-pretantur
3445 954 3727 1022 pruselyti,

2150 1017 2230 1090 vel
2264 1018 2497 1090 advena.
2530 1016 2787 1090 l’rttsefj'ti
2814 1028 2987 1071 autem
3021 1016 3353 1083 dicebantur,
3380 1016 3468 1090 qui
3496 1021 3563 1075 de
3595 1016 3728 1085 gis";

2150 1087 2340 1139 tilitatc
2363 1088 2413 1139 in
2446 1088 2575 1158 ritus
2604 1087 2908 1141 Judmorum
2950 1087 3417 1158 conyertebantur,
3440 1102 3496 1146 et
3532 1096 3731 1146 intelli-

2157 1167 2353 1224 gunlttr
2378 1174 2469 1223 per
2500 1156 2629 1209 istos
2662 1159 2755 1219 illi,
2784 1161 2871 1227 qui
2902 1156 3182 1216 occasione
3225 1164 3446 1217 nocendi
3477 1164 3655 1217 alieno
3678 1174 3735 1218 et

2149 1229 2436 1281 adventitio
2462 1228 2639 1280 animo
2666 1228 2717 1280 in
2747 1231 2939 1296 populo
2964 1230 3053 1282 Dei
3084 1245 3491 1287 couversantur.

2222 1296 2385 1349 Gebal
2417 1316 2546 1350 vana
2571 1299 2714 1351 vallis
2748 1301 3141 1369 interpretatur.
3206 1305 3366 1357 Vallis
3396 1316 3475 1356 est
3512 1303 3741 1356 humili-

2155 1376 2232 1417 tas
2264 1371 2521 1433 superba;
2575 1371 2785 1434 quidam
2818 1373 2961 1423 enim
2998 1374 3350 1426 humilitatem
3382 1376 3621 1427 exterius
3648 1374 3738 1427 si-

2153 1441 2376 1511 mulant,
2436 1450 2489 1491 ct
2537 1440 2837 1511 superbiam
2898 1441 2947 1493 in
2981 1444 3142 1494 corde
3188 1453 3419 1511 gestant,
3453 1444 3731 1511 inquibus

2154 1509 2428 1579 multiplex
2461 1518 2542 1579 est
2570 1510 2840 1577 iniquitas,
2873 1511 2990 1579 quia
3023 1509 3266 1566 simulata
3320 1509 3585 1577 iniquitas.
3634 1514 3734 1567 du-

2155 1577 2269 1653 plex
2302 1588 2383 1631 est
2410 1578 2679 1653 iniquitas.
2714 1577 2937 1633 Atutnou
2968 1586 3188 1653 papulas
3221 1586 3466 1646 mmroris,
3521 1585 3603 1637 vel
3632 1602 3731 1651 po-

2152 1649 2551 1721 pulusturbidus
2579 1649 2990 1715 interpretatur;
3025 1649 3078 1706 et
3111 1654 3229 1706 ideo
3259 1671 3350 1721 per
3394 1649 3638 1707 Anunnn'
3659 1655 3732 1707 illi

483 1718 587 1786 que
618 1740 728 1778 sua:
757 1725 1048 1778 divinitatis
1095 1723 1444 1794 compescuit,
1476 1721 1686 1794 quando
1722 1735 1938 1794 carnem
1994 1721 2043 1773 iu
2085 1736 2127 1794 Β
2159 1718 2537 1794 intelliguntur,
2594 1721 2681 1787 qui
2736 1722 3117 1794 deratnissione
3151 1718 3519 1792 temporalium
3570 1725 3733 1780 nimis

482 1809 640 1860 quam
672 1796 937 1857 saavirent,
972 1795 1197 1849 inimicis
1226 1792 1489 1860 opposuit.
1519 1792 1624 1844 Nisi
1649 1791 1788 1843 enim
1819 1806 1875 1843 se
1907 1806 2023 1843 com

485 1873 687 1931 pescal,
721 1867 931 1933 quando
959 1875 1257 1929 caperetur.
1295 1872 1597 1933 teneretur,
1630 1860 2051 1933 crucifigeretur.

482 1933 581 2004 Illo
613 1930 754 1988 enim
787 1936 1161 2001 respondente,
1206 1934 1315 2004 Ego
1336 1950 1446 1985 sum
1461 1947 1503 2004 7:;
1532 1930 1608 1983 illi
1636 1930 1875 2004 qt;i_eum
1918 1948 2054 1999 qua:-

481 2003 679 2069 rebant,
709 1999 983 2059 retrorsum
1019 1999 1329 2058 abieruntvet
1369 2002 1674 2055 ceciderunt.
1711 1999 1844 2054 Cum
1875 2013 2050 2056 autem

484 2077 691 2128 venerit
724 2077 774 2128 in
810 2076 1111 2139 manifesto,
1146 2086 1267 2129 tunc
1301 2073 1481 2139 utique
1509 2088 1611 2126 non
1655 2070 1843 2125 tacebit
1874 2088 1901 2123 a
1939 2074 2055 2125 vin-

487 2143 648 2208 dicta,
683 2160 781 2198 nec
809 2149 1124 2213 reprimctur
1152 2146 1269 2214 ejus
1298 2143 1552 2212 potentia.

558 2215 811 2280 Quoniam
850 2233 960 2269 ecce
989 2212 1281 2269 inimicitui
1316 2220 1614 2275 sonuerunt,
1641 2220 1687 2264 et
1715 2212 1801 2273 qui
1843 2215 2057 2265 oderunt

482 2294 531 2337 te
556 2286 841 2339 extulerunt
863 2297 1033 2353 caput.
1050 2288 1216 2354 Super
1235 2287 1479 2354 populum
1497 2296 1637 2336 tuum
1653 2282 2056 2354 malignatjerunt

482 2356 769 2419 consilium,
789 2366 834 2408 et
846 2352 1189 2426 cogitaverunt
1203 2352 1439 2410 adversus
1451 2364 1791 2426 sanetostuos.
1808 2352 1935 2417 Quia
1952 2353 2057 2406 duo

485 2426 756 2493 prmmisit,
787 2422 1069 2482 duoetiam
1102 2428 1295 2482 reddit.
1342 2425 1499 2491 Quasi
1525 2425 1697 2477 dicat:
1734 2422 1857 2477 Ideo
1882 2440 1944 2475 ne
1977 2435 2058 2475 ta-

484 2511 600 2548 ceas
649 2506 792 2559 tunc,
825 2500 1062 2565 quoniam
1105 2499 1298 2551 inimici
1340 2497 1415 2547 tui
1442 2497 1583 2562 prius
1621 2508 1724 2545 non
1756 2504 2053 2565 tacuerunt,

482 2564 576 2618 sed
603 2562 877 2619 sonuerunt
903 2578 1085 2623 contra
1130 2577 1181 2621 te
1223 2578 1278 2621 et
1324 2576 1472 2630 tuos,
1516 2565 1635 2617 ideo
1674 2562 1849 2632 potius
1886 2564 2055 2631 ponit,

481 2646 776 2691 sonuerunt
804 2652 983 2705 quam,
1015 2648 1324 2702 tacuerunt;
1355 2636 1477 2703 quia
1535 2643 1710 2688 tacere
1740 2648 1844 2705 non
1867 2635 2056 2705 dicitur

483 2706 583 2777 nisi
612 2716 728 2771 post
756 2703 1093 2773 locutionem,
1119 2710 1260 2777 quod
1294 2717 1470 2759 autem
1516 2703 1946 2777 irrationabiliter
1971 2704 2025 2777 di

484 2775 644 2837 citur,
674 2792 779 2830 non
827 2788 907 2830 est
937 2775 1218 2833 dicendum
1250 2778 1470 2837 locutio,
1501 2776 1592 2829 sed
1625 2788 1807 2829 sonus.
1842 2777 1905 2826 Iit
1936 2775 2056 2829 ideo

484 2862 546 2897 ne
591 2850 924 2917 compescaris
951 2859 1095 2914 tunc,
1138 2849 1259 2917 quia
1298 2848 1383 2915 qui
1412 2848 1622 2899 oderunt
1654 2855 1721 2908 te,
1770 2844 2057 2899 extulerunt

485 2926 661 2983 caput,
690 2916 738 2968 id
762 2927 844 2971 est
874 2920 1031 2972 nimis
1052 2919 1281 2985 superbe
1310 2924 1596 2970 erexerunt
1621 2930 1678 2968 se
1708 2925 1889 2967 contra
1924 2926 1975 2969 te
2002 2927 2055 2968 et

485 2993 625 3038 tuos.
661 2986 809 3039 Nunc
838 3000 993 3053 caput
1037 3004 1130 3055 pro
1162 2998 1340 3041 mente
1382 2986 1660 3054 accipitur.
1685 2985 1739 3039 Si
1786 2995 1965 3038 autem
1988 2985 2054 3039 ad

483 3055 771 3125 novissima
817 3067 1054 3125 tempora
1083 3059 1181 3111 huc
1229 3057 1427 3111 referre
1475 3056 1723 3119 velimus,
1775 3070 1869 3121 per
1896 3066 2055 3124 caput

482 3124 867 3197 Anticliristum
900 3124 1143 3196 accipere
1175 3143 1475 3197 possumus.
1508 3129 1580 3179 De
1620 3142 1728 3192 quo
1755 3125 1883 3178 dicit
1914 3129 2051 3190 Apo-

479 3195 686 3250 stolus:
720 3198 867 3262 Quod
898 3195 1348 3267 extollitur'super
1374 3213 1539 3258 omne,
1572 3202 1704 3264 quod
1732 3197 1937 3259 dicitur,
1970 3208 2057 3250 aut

480 3267 619 3334 quod
649 3267 834 3321 colitur
868 3268 1021 3323 Deus.
1049 3271 1113 3323 Et
1144 3284 1270 3324 ecce
1293 3268 1465 3338 (quasi
1490 3268 1650 3332 dicat)
1676 3268 1942 3338 quomodo
1968 3282 2059 3319 so-

484 3346 736 3403 nuerunt,
790 3341 1061 3404 quomodo
1106 3349 1266 3407 caput
1317 3339 1657 3401 extulerunt;
1702 3337 1904 3390 scilicet
1935 3339 2055 3402 quia

479 3407 751 3479 consilium
778 3412 1206 3479 malignaverunt,
1240 3411 1289 3466 id
1328 3419 1411 3464 est
1440 3409 1732 3479 malignum
1775 3408 2056 3479 Consilium

482 3477 800 3551 invenerunt
859 3477 1008 3549 super
1056 3486 1300 3551 populum
1343 3492 1505 3551 tuum,
1558 3490 1612 3532 et
1643 3478 1762 3530 ideo
1788 3478 2053 3531 consiliati

486 3556 632 3619 sunt,
664 3549 787 3617 quia
838 3553 981 3617 prius
1031 3549 1373 3619 cogitaverunt
1424 3549 1669 3602 adversus
1696 3556 2054 3619 sanctostnos.

486 3616 620 3680 Quid
674 3616 852 3673 autem
902 3616 1185 3674 va'uerunt
1238 3622 1491 3675 adversus
1560 3621 1679 3672 illos
1740 3620 1825 3685 qui
1880 3618 2058 3673 dicere

480 3700 773 3743 noverunt:
832 3689 893 3745 Si
944 3690 1080 3745 Deus
1110 3707 1202 3759 pro
1230 3691 1394 3755 nobis,
1422 3690 1535 3759 quis
1558 3699 1737 3742 contra
1762 3690 1891 3742 nos?
1918 3688 2059 3745 Nihil

477 3768 675 3811 llllﬂlle.

595 3775 623 3809 n
666 3801 675 3811 .

552 3775 827 3896 gignunt,
854 3832 1034 3887 venite.
1060 3833 1109 3885 Μ
1118 3833 1494 3903 alignaverunt,
1511 3830 1747 3903 inquam,
1762 3829 2054 3903 consilium,

477 3908 531 3949 et
561 3911 678 3967 post
720 3905 998 3957 consilium
1028 3898 1279 3958 dixerunt
1305 3905 1443 3957 alter
1469 3902 1532 3955 ad
1564 3898 1822 3954 alterum:
1881 3898 2058 3952 Venite

477 3978 530 4043 et
556 3972 907 4043 disperdamus
932 3974 995 4026 de
1018 3986 1162 4043 gente
1185 3984 1363 4027 nostra
1394 3988 1478 4025 eos
1504 3970 1861 4037 (lespeCtione.
1896 3970 2065 4043 Quasi

479 4038 650 4092 dicat:
698 4042 861 4107 Viles,
898 4038 1295 4108 abominabiles,
1330 4054 1377 4096 et
1419 4043 1489 4094 ita
1520 4043 1886 4109 dlSpef'dalltllS
1916 4040 2056 4107 quod

482 4124 581 4182 non
628 4124 951 4177 mentoretur,
1006 4114 1055 4166 id
1086 4126 1186 4176 εει,
1218 4117 1357 4182 quod
1404 4128 1502 4166 nec
1532 4114 1585 4165 in
1634 4110 1887 4164 memoria
1916 4112 2056 4162 ultra

481 4179 758 4245 iubeatur,
790 4183 889 4237 ltoc
918 4200 1096 4236 nomen
1129 4179 1293 4236 Israel
1323 4183 1613 4236 secundum
1645 4183 1823 4245 fidem,
1850 4196 2055 4235 nouse-

479 4250 709 4303 cundum
740 4268 973 4315 carnem,
1014 4254 1063 4307 id
1093 4265 1193 4316 est,
1226 4253 1573 4307 christianum
1601 4268 1815 4307 nomen.

557 4322 809 4385 Quoniam
829 4324 1171 4393 cogitaverunt
1194 4324 1516 4376 unanimiter.
1544 4322 1665 4377 ldeo
1684 4322 1782 4376 ltoc
1808 4322 2055 4378 dixerunt

483 4406 692 4454 omnes,
721 4396 961 4461 quoniam
994 4395 1139 4462 prius
1167 4395 1493 4455 unanimiter,
1528 4393 1578 4446 id
1607 4402 1711 4449 est.
1741 4408 1926 4446 omnes
1955 4396 2054 4448 boc

482 4462 847 4529 cogitaverunt.
876 4466 937 4520 Et
964 4467 1085 4533 quia
1109 4480 1295 4519 omnes
1324 4466 1710 4531 cogitaverunt,
1737 4464 1857 4517 ideo
1878 4466 2051 4528 simul,

482 4534 531 4585 id
563 4544 663 4599 est,
693 4550 878 4590 omnes
906 4535 1263 4603 disposuerunt
1298 4543 1669 4597 testamentum,
1730 4534 1777 4586 id
1814 4544 1913 4595 est,
1972 4552 2061 4603 pa-

484 4619 623 4656 ctum
668 4609 977 4672 prtcdiclum
1024 4606 1257 4660 scilicet;
1300 4605 1474 4659 Venite
1512 4606 1869 4670 disperdamus
1917 4622 2055 4667 eum,

477 4686 583 4727 etc.
603 4677 1000 4731 Testamentum
1024 4676 1164 4730 enim
1201 4693 1305 4730 nou
1330 4678 1500 4729 solum
1527 4686 1744 4728 vexatur
1772 4674 1898 4727 illud
1918 4677 2058 4743 quod

480 4745 621 4797 valet
648 4748 872 4800 mortuis
912 4748 1380 4811 contestatoribus,
1406 4747 1497 4799 sed
1521 4746 1681 4799 etiam
1711 4746 2060 4813 quodcunque

481 4827 690 4882 pactum
719 4817 855 4884 qttod
885 4817 1127 4870 homines
1148 4819 1490 4885 paciscuntur
1514 4820 1652 4868 inter
1670 4830 1749 4868 se.
1779 4815 2058 4884 Disposue-

479 4894 620 4947 runt,
647 4886 881 4952 inquam,
901 4898 1273 4951 testamentum,
1293 4896 1347 4939 et
1364 4886 1729 4939 hocadversus
1761 4895 1812 4938 te
1836 4894 1889 4938 et
1916 4893 2055 4939 tuos.

482 4955 581 5018 Qui
609 4963 786 5008 autem
828 4958 930 5010 hoc
970 4956 1245 5011 fecerunt?
1274 4956 1673 5011 tabernaculum
1724 4956 1951 5021 scilicet,
2004 4956 2056 5010 id

483 5034 586 5088 est,
616 5027 816 5079 militia:
867 5028 1241 5089 ldumatorutn,
1273 5037 1327 5081 et
1360 5027 1639 5081 lswaelita‘.
1680 5041 1803 5080 tum
1847 5027 2056 5080 caeteris

482 5096 846 5163 sequentibus.
902 5100 1037 5152 Ecce
1090 5098 1334 5151 collectio
1382 5098 1595 5165 tnaligui
1642 5097 1927 5161 exercitus,
1961 5097 2051 5165 qui

482 5172 732 5235 populum
780 5167 871 5222 Dei
897 5167 1251 5237 persequitur.
1300 5169 1396 5221 Per
1426 5168 1891 5233 interpretationes
1923 5180 2053 5235 ergo

480 5239 775 5303 nominum,
803 5250 997 5308 quinta
1032 5238 1229 5292 malitia
1274 5241 1342 5290 sit
1370 5237 1699 5304 singulorum
1746 5237 2041 5309 videamus.

482 5308 693 5362 Idumaei
745 5306 1157 5378 interpretantur
1212 5310 1501 5379 sanguinei,
1553 5309 1664 5360 site
1706 5306 1906 5379 terreni.
1953 5306 2054 5379 Per

479 5376 935 5448 ldumwositaque
966 5376 1328 5447 intelliguntur
1352 5379 1448 5439 illi,
1470 5379 1556 5445 qui
1584 5392 1686 5430 non
1711 5393 1773 5429 ex
1802 5378 1933 5437 Deo,
1959 5376 2051 5429 sed

477 5464 542 5501 ex
573 5452 917 5517 sanguinibus
940 5462 991 5504 et
1010 5468 1072 5503 ex
1098 5450 1371 5503 voluntate
1391 5452 1587 5508 carnis,
1615 5450 1714 5500 hoc
1738 5460 1813 5501 est
1834 5450 1920 5515 qui
1947 5464 2051 5501 non

481 5520 845 5586 spiritualiter,
872 5522 962 5575 sed
996 5522 1280 5573 carnaliter
1307 5521 1413 5572 nati
1440 5530 1581 5581 sunt,
1609 5528 1661 5570 et
1682 5520 2053 5584 concupiscen-

480 5599 565 5640 tus
594 5594 792 5651 carnis,
842 5600 894 5643 et
924 5602 1139 5645 terreno
1162 5590 1425 5645 desiderio
1466 5589 1573 5641 dati
1606 5598 1746 5641 sunt.
1774 5589 2053 5641 lsntaelitre

482 5673 607 5709 vero
670 5660 982 5713 obedientes
1052 5662 1153 5714 sibi
1221 5662 1655 5726 interpretantur.
1728 5659 2052 5712 Ubedieutes

482 5738 651 5780 autent
696 5730 794 5782 sibi
825 5733 910 5794 qui
942 5731 1136 5784 rectius
1186 5731 1287 5783 dici
1334 5739 1572 5797 possunt,
1606 5745 1760 5797 qusttu
1796 5729 2047 5799 quidquid

2086 3093 2134 3157 C

2082 4443 2132 4504 D

2160 1789 2579 1860 contristantur,
2641 1801 2729 1842 aut
2791 1793 2857 1843 de
2913 1792 3198 1860 adeptione
3255 1789 3411 1848 nimis
3458 1794 3729 1848 inlltntur.

2160 1856 2375 1930 Amalec
2403 1860 2597 1929 [ingens
2622 1870 2808 1914 terram
2840 1856 3249 1927 interpretatur:
3274 1881 3435 1928 quare
3461 1881 3553 1930 per
3577 1868 3737 1917 Ama-

2160 1927 2240 2004 le_c
2274 1927 2486 1983 terrena
2503 1941 2813 2004 appetentes
2842 1943 2897 1986 et
2925 1943 3162 1987 amantes
3186 1927 3557 2004 designantur.
3592 1936 3736 1988 Alie—

2160 1997 2378 2077 nigenas
2430 2016 2524 2067 pro
2563 2001 2884 2077 Pitilistltteis
2939 2004 3017 2077 vel
3058 1997 3592 2077 al'lopbylisposuit,
3649 2010 3738 2073 qui

2160 2071 2576 2141 interpretantur
2623 2071 2834 2138 potione
2878 2071 3176 2127 cadentest'
3220 2071 3313 2141 per
3362 2071 3459 2129 bos
3498 2092 3623 2140 ergo
3658 2071 3739 2129 in-

2160 2139 2467 2210 telliguntur
2501 2142 2594 2201 illi,
2625 2158 2757 2210 quos
2796 2144 3028 2197 ebrietas
3079 2139 3310 2198 carnalis
3356 2146 3727 2201 delectationis

2162 2209 2368 2275 penitus
2392 2210 2690 2276 infamavit,
2712 2225 2761 2265 et
2792 2213 3052 2267 excedere
3076 2231 3133 2269 se
3157 2216 3300 2268 fecit.

2212 2280 2403 2358 :fyrus
2445 2281 2701 2358 llebraice
2748 2283 2939 2358 dicitur
2971 2284 3090 2349 Sor,
3135 2296 3189 2339 et
3220 2285 3322 2340 Sor
3347 2286 3731 2351 interpretatur

2159 2350 2447 2425 tribulatio
2467 2356 2546 2406 vel
2597 2354 2851 2425 angustia.
2884 2352 3110 2409 Possuot
3138 2370 3268 2424 ergo
3296 2372 3389 2421 per
3421 2350 3617 2425 Tyrum
3649 2370 3733 2409 ac-

2160 2418 2267 2485 cipi
2295 2421 2385 2483 illi,
2417 2421 2483 2475 de.
2526 2424 2714 2489 quibus
2742 2424 3027 2488 Apostolus
3058 2418 3533 2480 tlicithributaiio
3558 2440 3606 2479 et
3632 2444 3731 2477 an-

2159 2492 2327 2611 pustia
2349 2492 2400 2545 in
2426 2508 2621 2547 onmem
2638 2494 2858 2547 anintam
2881 2497 3097 2548 hominis
3120 2498 3373 2565 operantis
3393 2501 3604 2549 malum.
3632 2498 3736 2549 lla-

2180 2560 2391 2611 titanles
2446 2578 2570 2611 vero
2616 2563 2811 2611 Tvrnnt
2860 2564 2931 2611 illi
2972 2568 3245 2611 dicuntur-
3290 2568 3377 2611 nni
3414 2568 3638 2611 sttnliusi
3682 2578 3735 2611 cel

2180 2560 2391 2615 litantes
2446 2578 2570 2617 vero
2616 2563 2811 2631 Tyrum
2859 2564 2931 2618 illi
2972 2560 3248 2629 dicuntur,
3290 2568 3379 2634 qtti
3414 2568 3638 2620 studiosi
3682 2578 3736 2620 et

2162 2643 2561 2696 perseverantes
2591 2634 2644 2688 in
2676 2635 2922 2704 operibus
2964 2636 3322 2691 tribulationis
3371 2647 3429 2693 et
3470 2638 3732 2705 angustia:

2159 2711 2301 2753 sont.

2232 2770 2434 2826 Etenim
2475 2775 2633 2827 Assur
2661 2775 2791 2828 venit
2831 2791 2946 2828 cum
2986 2776 3112 2831 illis.
3161 2775 3285 2832 Ideo
3316 2776 3368 2829 bi
3400 2792 3591 2831 omnes
3636 2777 3731 2830 ad-

2163 2856 2347 2916 versus
2389 2856 2461 2909 te,
2497 2845 2736 2911 Domine,
2772 2856 3141 2900 testamentum
3174 2848 3573 2915 disposuerunt,
3606 2848 3726 2916 quia

2160 2913 2451 2981 principem
2485 2918 2678 2968 malum
2712 2916 3028 2969 habuerunt.
3079 2918 3212 2972 Nam
3246 2913 3407 2971 Assur
3444 2921 3582 2970 venit
3611 2913 3726 2971 eum

2158 2981 2262 3035 illis
2288 2996 2343 3038 ut
2371 2986 2475 3039 dux
2505 3001 2712 3039 eorum.
2745 2986 2843 3038 Per
2863 2986 3031 3041 Assur
3060 2989 3309 3054 populum
3342 2990 3490 3040 illum
3519 2989 3729 3042 intelli-

2162 3067 2287 3128 gere
2322 3070 2656 3128 possumus,
2714 3058 2802 3128 qui
2856 3068 3164 3124 persecutor
3222 3057 3496 3112 lsraelitici
3550 3060 3733 3128 p0puli

2166 3123 2285 3191 fuit,
2314 3123 2469 3193 juxta
2502 3127 2675 3198 illud:
2717 3123 2867 3198 Virga
2898 3130 3087 3196 furoris
3116 3130 3213 3182 mei
3238 3130 3418 3184 Assur.
3454 3123 3571 3198 Ipse
3601 3123 3733 3184 vero

2172 3209 2275 3267 non
2305 3196 2587 3267 intellexit.
2639 3197 2951 3265 lntelligitur
2981 3198 3246 3262 diabolus,
3280 3200 3367 3267 qui
3398 3196 3651 3267 operatur
3681 3200 3736 3253 in

2168 3264 2288 3319 filiis
2330 3266 2671 3338 diffidentiae,
2723 3264 2973 3335 tanquam
3026 3269 3077 3321 in
3110 3272 3248 3322 vasis
3293 3264 3406 3323 suis
3438 3264 3520 3321 iad
3570 3286 3736 3338 oppu-

2164 3337 2432 3402 gnantlutu
2462 3337 2707 3407 papulum
2738 3338 2850 3391 Dei.
2887 3338 3087 3393 Dicitur
3114 3347 3289 3392 autem
3331 3355 3359 3391 a
3389 3340 3729 3407 quibusdam,

2166 3407 2306 3483 quod
2337 3408 2505 3461 Assur
2530 3406 2776 3485 afﬂigens
2802 3407 2882 3462 vel
2909 3409 3093 3485 elatus
3111 3406 3735 3485 interpretatur._A_ucto-

2167 3478 2377 3600 rSitatem
2412 3492 2537 3531 vero
2569 3478 2726 3545 hujus
2766 3478 3222 3547 interpretationis
3271 3494 3375 3534 non
3406 3480 3711 3534 audivimus

2208 3558 2452 3600 canitur:

2208 3552 2415 3611 cquitur
2439 3566 2452 3600 :

2241 3617 2306 3669 Et
2347 3620 2469 3687 [acti
2514 3628 2631 3671 sunt
2664 3633 2851 3671 omnes
2901 3635 3035 3684 quos
3087 3621 3254 3673 Assur
3300 3619 3559 3684 adduxit,
3615 3621 3741 3687 [iliis

2166 3684 2261 3758 Lat
2306 3684 2359 3741 in
2403 3690 2762 3758 adjutorium:
2789 3691 2906 3755 quia
2938 3701 3060 3743 sunt
3106 3693 3458 3745 instrumenta
3506 3684 3737 3744 filiorum

2166 3757 2283 3823 Lot,
2325 3760 2374 3812 id
2416 3757 2517 3823 est,
2554 3761 2778 3815 liliorutn
2816 3760 3208 3814 declinationis.
3261 3760 3358 3814 Lot
3387 3767 3530 3815 enim
3563 3762 3728 3813 decli-

2166 3844 2295 3883 nans
2328 3831 2722 3900 interpretatur.
2765 3831 2827 3883 Et
2858 3831 3141 3885 declinatio
3181 3846 3211 3883 a
3244 3833 3465 3886 veritate
3512 3833 3736 3899 angelos

2164 3910 2441 3961 apostatas
2495 3904 2644 3967 quasi
2721 3901 3035 3970 generavit,
3086 3900 3175 3969 qui
3225 3900 3378 3955 malis
3427 3903 3732 3955 hominibus

2166 3977 2404 4034 utuntur,
2439 3972 2584 4024 velut
2628 3973 2794 4024 armis
2840 3970 2905 4023 ad
2938 3970 3292 4025 infestanduut
3347 3975 3598 4041 populum
3627 3971 3722 4025 Dei

2164 4041 2534 4163 porporaliter,
2588 4056 2744 4109 quem
2791 4051 2845 4095 et
2885 4041 2985 4111 ipsi
3037 4052 3427 4111 persequuntur
3478 4045 3732 4111 spiritua-

2187 4120 2303 4163 Iter.

2187 4120 2303 4163 Iter.

2238 4179 2345 4233 Fac
2394 4181 2496 4235 illis
2549 4183 2678 4233 sicut
2728 4182 2963 4235 Madian.
3014 4182 3125 4237 Hoc
3169 4183 3295 4236 dicit
3345 4198 3447 4236 non
3501 4181 3735 4249 optando

2165 4253 2366 4320 Asapb,
2412 4256 2503 4306 sed
2552 4254 2941 4319 pr0pltetando,
2991 4269 3096 4305 non
3141 4254 3365 4315 orando,
3413 4254 3508 4307 sed
3540 4254 3733 4321 praedi-

2164 4323 2355 4376 cendo.
2396 4324 2550 4389 Quasi
2601 4325 2745 4376 dicat
2780 4342 2791 4376 :
2830 4324 3067 4377 l’raedicti
3112 4339 3298 4377 omnes
3344 4324 3627 4378 adversum
3678 4331 3735 4374 te

2163 4404 2215 4446 et
2240 4394 2492 4462 populum
2542 4404 2685 4448 tuum
2729 4403 3021 4449 venerunt:
3052 4404 3103 4447 ttt
3130 4402 3326 4455 autem,
3377 4394 3620 4455 Domine,
3649 4393 3731 4461 [ac

2161 4464 2263 4516 illis
2313 4465 2441 4516 sicut
2492 4464 2659 4517 fecisti
2687 4463 2924 4529 Madiun,
2959 4464 3162 4516 scilicet
3192 4474 3250 4517 ut
3276 4464 3415 4518 sicut
3442 4465 3650 4517 Madian
3700 4481 3729 4513 at

2159 4534 2356 4587 carnali
2392 4535 2549 4588 Israel
2578 4536 2879 4589 destructus
2933 4544 3035 4596 est,
3075 4536 3143 4587 ita
3175 4546 3230 4589 et
3269 4536 3366 4603 ipsi
3408 4550 3436 4587 a
3466 4533 3730 4602 spirituali

2164 4604 2346 4664 Israel,
2380 4606 2428 4658 id
2459 4615 2559 4669 est,
2595 4622 2620 4656 a
2656 4604 2849 4673 populo
2892 4616 2979 4658 tuo
3021 4606 3365 4659 destruantur
3396 4613 3452 4659 et
3483 4616 3722 4673 pereant,

2158 4675 2295 4727 sicut
2324 4674 2475 4729 Jabin
2509 4684 2562 4730 et
2584 4675 2762 4730 Sisara
2798 4676 3085 4742 perierunt.

2231 4744 2439 4799 Madian
2489 4746 2869 4809 interpretatur
2918 4746 3192 4800 declinans
3236 4744 3512 4813 judicium.
3556 4745 3733 4799 Decli-

2160 4828 2348 4869 nantes
2379 4824 2556 4869 autem
2596 4816 2854 4884 judicium
2888 4830 3032 4878 sunt,
3064 4820 3170 4869 vim
3219 4815 3440 4869 rationis
3492 4831 3597 4867 non
3649 4826 3732 4866 at-

2161 4887 2471 4950 tendentes;
2523 4897 2569 4940 et
2625 4885 2744 4939 ideo
2793 4886 3230 4942 irrationabiliter
3279 4895 3518 4954 agentes,
3552 4895 3609 4937 ut
3638 4885 3734 4952 qui

2159 4966 2459 5009 creaturam
2483 4957 2734 5022 creatori,
2762 4965 2969 5012 terrena
2993 4958 3209 5011 aeternis
3235 4968 3568 5024 prchonuut,
3597 4966 3655 5008 et
3680 4955 3733 5007 hi

2161 5028 2293 5078 tales
2330 5026 2519 5080 merito
2565 5027 2933 5081 destruuutur.
2985 5030 3165 5081 Sisara
3219 5027 3432 5095 quidam
3485 5030 3732 5094 princeps

2161 5095 2566 5166 Madianitarum
2608 5098 2723 5158 fuit,
2753 5100 2840 5166 qui
2882 5113 3003 5151 cum
3040 5096 3249 5166 fugiens
3291 5099 3343 5149 itt
3386 5098 3595 5165 tugurio
3634 5111 3737 5148 cu-

2154 5166 2365 5234 jusdam
2417 5160 3000 5235 mulierculae-lateret,
3060 5160 3125 5223 ef
3162 5160 3597 5231 obdormivisset,
3648 5167 3731 5217 illa

2160 5238 2294 5289 clam
2329 5251 2449 5289 eum
2479 5238 2630 5291 clavo
2678 5248 2731 5291 ct
2761 5241 2931 5293 maleo
2959 5239 3210 5305 accessit,
3239 5250 3291 5292 et
3324 5248 3478 5292 terra:
3507 5240 3729 5304 alligeus

2158 5308 2441 5361 interfecit.
2477 5309 2859 5376 Interpretatur
2889 5318 3063 5364 autem
3093 5310 3270 5363 Sisara
3319 5309 3569 5362 exclusio
3596 5321 3721 5373 μιν

2158 5379 2252 5439 dii,
2286 5389 2339 5431 et
2371 5373 2734 5445 intelliguntur
2767 5395 2856 5444 per
2886 5396 3006 5433 eutn
3043 5390 3243 5434 tantum
3280 5378 3331 5432 bi
3362 5378 3451 5445 qui
3481 5377 3727 5445 gaudium
3778 5373 3788 5385 ’

2158 5449 2208 5499 in
2259 5458 2489 5520 terrenis
2526 5459 2773 5518 qumrunt
2801 5490 2815 5513 ,
2864 5466 3044 5505 verum
3096 5465 3272 5505 autetu
3319 5448 3570 5520 gaudiutn
3616 5463 3647 5501 a
3677 5460 3737 5502 se

2153 5519 2463 5572 excludunt.

2228 5589 2380 5643 Jabin
2419 5604 2630 5659 quoque
2680 5590 2925 5657 princeps
2972 5589 3371 5645 Madianitarttm
3423 5592 3477 5643 in
3514 5598 3735 5643 torrente

2156 5657 2331 5711 Cisson
2361 5657 2668 5714 interfectus
2698 5661 2819 5726 fuit,
2847 5670 2899 5712 et
2926 5663 3303 5727 interpretatur
3328 5661 3481 5714 .labin
3506 5662 3705 5729 sapiens

2156 5736 2254 5794 Qui
2304 5748 2426 5786 \‘Cl‘tt
2478 5731 2730 5799 sipiens?
2774 5730 2977 5785 scilicet
3026 5732 3114 5787 ille
3156 5731 3225 5788 de
3267 5748 3372 5801 quo
3405 5733 3724 5801 Apostolus.
