4010 6190
371 324 475 382 920

1044 328 1107 381 IN
1149 324 1564 383 PSALMORUM
1607 325 1808 383 LIBRO
1851 326 2204 382 EXEGESIS.
2248 356 2314 364 —
2356 325 2598 382 E‘S.\L;\l.
2644 327 2930 384 LXXXIII.

3525 338 3628 392 950

373 439 473 496 Ubi
501 439 722 510 sapiens,
770 439 852 492 ibi
892 441 1100 493 scriba?
1142 443 1240 495 liuc
1268 453 1346 495 est
1379 443 1590 510 sapiens
1641 443 1690 496 in
1721 457 1940 512 genera-
1972 447 2018 501 Α
2049 455 2166 502 qua!
2193 455 2494 508 quanquam
2525 443 2844 506 patientibus
2895 442 2966 512 ira
3000 441 3262 505 videatur.
3299 445 3416 510 ipse
3445 456 3621 503 tamen

373 513 521 564 tione
561 527 678 573 sua,
723 514 811 578 qui
861 512 1034 578 potius
1076 512 1191 565 dice
1233 513 1330 564 dus
1373 525 1452 566 est
1502 514 1784 578 insipiens,
1815 513 1938 582 quia

374 582 654 650 prudentia
697 582 872 634 carnis
903 595 1044 632 mors
1071 592 1170 634 est.
1226 582 1326 634 Per
1367 591 1654 635 torrentem
1686 598 1812 634 vero
1841 583 1945 635 sieo

377 651 513 704 citas
546 651 875 716 intelligitur,
909 651 1029 718 quia
1065 660 1273 704 torrens
1307 654 1518 720 proprie
1549 653 1742 704 dicitur
1771 653 1941 716 locus,

375 723 465 776 ubi
495 735 630 788 aqua
660 725 806 790 prius
833 721 1006 783 ﬂuxit,
1037 722 1193 773 modo
1218 732 1299 774 est
1327 723 1519 776 siccus.
1549 722 1740 775 Cisson
1766 733 1942 775 autem

374 793 570 844 duritia
613 807 788 844 eorum
831 791 1240 858 interpretatur,
1291 791 1581 844 siccitatem
1633 803 1810 844 autem
1862 807 1944 844 se-

373 861 554 928 quitur
597 862 814 914 duritia.
868 862 929 914 Et
967 860 1017 912 bi
1059 866 1146 929 qui
1177 864 1460 915 carnaliter
1487 861 1730 928 sapiunt,
1763 863 1812 914 id
1840 873 1941 924 est,

373 936 500 984 sicci
529 942 673 993 sunt,
705 931 824 999 quia
852 931 1092 984 doctrina
1127 931 1214 983 Dei
1249 948 1351 983 nou
1384 932 1667 999 irrigantur
1694 949 1704 984 :
1735 942 1788 986 et
1821 932 1944 984 ideo

373 1002 525 1064 duri,
563 1002 613 1054 id
652 1011 766 1064 est,
821 1000 1268 1054 imniisericordes
1299 1010 1452 1068 sunt,
1490 1005 1542 1056 in
1584 1003 1680 1056 hac
1707 1005 1945 1056 siccitate

373 1087 468 1125 sna
503 1083 556 1125 et
585 1073 775 1123 duritia
805 1080 1047 1138 pereunt.
1081 1071 1358 1137 Sequitur:

447 1140 799 1205 Disperierunt
829 1143 878 1193 in
914 1139 1121 1212 Endor.
1149 1142 1324 1212 Etidor
1352 1142 1694 1196 histerialiler
1723 1143 1942 1212 quidam

372 1209 493 1265 fons
528 1222 631 1275 est,
669 1213 754 1263 ubi
795 1213 974 1278 plures
1011 1211 1078 1264 de
1109 1211 1315 1264 Madian
1363 1212 1650 1276 perierunt,
1693 1209 1753 1268 et
1777 1215 1942 1266 inter-

372 1291 612 1349 pretatur
654 1283 769 1349 fons
799 1280 1158 1352 generationis.
1203 1281 1304 1334 Per
1338 1281 1516 1352 Endor
1559 1283 1734 1352 itaque
1782 1286 1943 1351 signi-

373 1353 602 1422 tit-antur
651 1351 744 1413 illi,
786 1357 872 1419 qui
923 1352 971 1402 in
1022 1351 1166 1404 fonte
1209 1351 1606 1422 generationis,
1654 1351 1706 1406 id
1753 1366 1836 1406 est
1890 1355 1942 1408 in

369 1420 572 1474 carnali
610 1431 850 1489 gen:tura
894 1435 986 1473 sua
1025 1420 1371 1487 permanent,
1410 1434 1460 1475 et
1492 1423 1556 1475 ad
1595 1424 1819 1490 gratiam
1862 1439 1945 1476 re-

368 1492 727 1558 generationis
769 1507 873 1544 non
913 1491 1186 1556 accedunt,
1219 1493 1305 1560 qui
1336 1507 1521 1547 omnes
1551 1495 1742 1548 merito
1768 1493 1944 1561 dispe-

369 1571 546 1615 reunt.
577 1562 855 1629 Sequitur:

442 1630 592 1684 Facti
621 1642 736 1684 sunt
782 1630 986 1685 scilicet
1024 1629 1396 1696 disperenntes
1441 1631 1491 1684 in
1527 1631 1727 1696 Entlor,
1761 1642 1815 1685 et
1853 1633 1940 1685 alii

371 1701 606 1768 praedicti
639 1711 695 1754 ut
724 1712 921 1754 stercus
957 1711 1135 1772 terrm,
1172 1700 1221 1752 id
1249 1712 1352 1765 est,
1392 1702 1529 1754 sicut
1557 1711 1763 1754 stercus
1791 1704 1936 1772 quutl

371 1775 631 1848 putrescit
661 1773 712 1824 iti
743 1771 1508 1848 terra._Quia_computrueruiit
1550 1773 1684 1824 velut
1703 1771 1939 1848 jumenta
1976 1789 2018 1848 Β

370 1846 421 1893 in
452 1853 671 1896 stercore
699 1857 814 1904 suo,
842 1841 922 1894 vel
957 1840 1076 1894 facti
1107 1854 1229 1894 Sunt
1260 1852 1313 1892 tit
1341 1855 1546 1895 Stercus
1577 1855 1748 1901 teme.
1785 1843 1832 1894 itl
1859 1854 1940 1896 est

371 1913 517 1965 velut
545 1915 765 1978 putredo
799 1926 950 1964 terra:
982 1925 996 1963 :
1026 1913 1147 1980 quia
1191 1912 1319 1964 nihil
1357 1913 1456 1964 nisi
1487 1912 1719 1964 carnalis
1765 1913 1942 1965 fecun-

373 1983 512 2036 ditas
543 1981 800 2051 processit
828 1981 896 2033 ab
924 1983 1017 2035 eis.
1045 1980 1284 2034 Aidilicia
1307 1983 1446 2034 enim
1475 1991 1778 2044 erexerunt,
1811 1999 1940 2048 opes

371 2054 564 2107 multas
605 2055 956 2120 ctillegerunt,
1003 2061 1057 2104 et
1103 2053 1292 2105 Similia
1343 2067 1460 2118 qua:
1510 2052 1687 2104 carnis
1737 2061 1937 2104 tmtum

364 2132 514 2188 sunt,
551 2119 865 2177 studuerunt
914 2125 1106 2177 facere.
1162 2121 1252 2174 Vel
1298 2122 1494 2175 aliter:
1531 2119 1686 2174 Facti
1733 2133 1848 2173 sunt
1885 2134 1940 2176 ut

363 2206 555 2245 stercus
598 2194 750 2248 bona-
778 2203 942 2258 terrai,
975 2193 1024 2246 id
1055 2203 1137 2246 est
1165 2192 1354 2244 bonam
1404 2201 1599 2245 terrain
1650 2193 1931 2245 fecundam

365 2262 632 2330 fecerunt,
657 2265 782 2330 quia
817 2277 1114 2332 procorum
1137 2261 1478 2315 damnatione
1505 2262 1625 2314 boni
1649 2262 1936 2332 stutlio~io~

365 2349 454 2386 res
479 2344 532 2388 et
557 2331 825 2387 cautiores
865 2331 1036 2387 ell‘ecti
1078 2343 1222 2385 sunt.
1255 2334 1412 2384 Juxta
1458 2331 1627 2385 illud:
1664 2331 1940 2385 Laztabi'tur

360 2406 532 2471 iustus
560 2420 676 2456 cum
705 2405 882 2456 viderit
927 2403 1216 2469 vindictam,
1267 2419 1446 2454 manus
1495 2419 1614 2455 suas
1660 2403 1842 2455 lavabit
1887 2405 1939 2455 in

359 2475 612 2542 sanguine
639 2474 939 2544 peccatoris.

436 2539 581 2596 Pone
613 2539 866 2613 principes
893 2559 1066 2596 eorum
1107 2543 1233 2596 sicut
1259 2539 1391 2595 Oreb
1423 2551 1465 2593 et
1493 2541 1609 2606 Zeb,
1637 2551 1681 2613 et
1707 2540 1866 2613 Zebre
1892 2554 1939 2595 et

368 2611 638 2668 Salmana.
672 2611 804 2681 Quia
856 2615 979 2667 facti
1024 2626 1150 2668 sunt
1197 2622 1404 2666 stercus
1433 2623 1610 2676 terra},
1643 2612 1784 2674 ideo,
1833 2612 1937 2664 Do-

365 2685 534 2750 mine,
561 2701 692 2754 pone
713 2691 833 2753 (pro
860 2685 1076 2754 depone)
1098 2685 1352 2752 principes
1391 2699 1566 2736 eorum
1595 2683 1730 2754 sicut
1767 2682 1932 2751 depo-

362 2756 519 2808 suisti
554 2751 706 2820 Ureb,
731 2751 776 2808 et
804 2751 931 2819 Zeb,
953 2764 1002 2807 et
1030 2751 1209 2819 Ze’bee,
1238 2766 1284 2806 et
1315 2755 1584 2808 Salmana.
1609 2751 1749 2806 Ureb
1773 2768 1936 2806 inter-

362 2834 605 2890 pretatur
633 2828 831 2878 siccitas
861 2840 911 2879 et
953 2826 1072 2878 ideo
1101 2840 1195 2892 per
1223 2826 1364 2878 Oreb
1392 2824 1760 2892 intelliguntur
1785 2825 1932 2887 sicci,

359 2896 415 2946 id
447 2909 524 2948 εει
556 2897 767 2950 steriles
795 2896 847 2949 in
875 2895 1127 2964 operibus
1157 2895 1332 2958 tionis,
1353 2897 1442 2961 qui
1470 2907 1593 2947 sunt
1613 2893 1730 2946 siue
1752 2907 1937 2960 asper-

360 2965 516 3020 sione
544 2966 839 3020 alfectionis
871 2977 925 3020 et
969 2966 1264 3020 cltaritatis.
1298 2964 1409 3016 Zeb
1441 2965 1589 3029 lupus
1621 2964 1936 3030 inlerprcta-

363 3046 492 3089 tur:
526 3051 619 3104 per
671 3037 848 3104 lupum
881 3050 1007 3089 vero
1050 3051 1264 3104 rapaces
1296 3034 1684 3102 intelliguntur,
1726 3031 1843 3104 qui,
1880 3043 1936 3086 ut

356 3104 438 3176 ait
483 3102 797 3174 Aposmlus,
827 3121 1041 3176 regnum
1088 3102 1182 3157 Dei
1227 3120 1327 3156 non
1379 3104 1725 3176 possidebunt.
1755 3102 1932 3176 zeliee

358 3173 746 3243 interpretatur
775 3173 976 3228 victima
1021 3177 1165 3242 lupi;
1198 3178 1299 3228 lioc
1346 3183 1468 3227 situt
1516 3174 1590 3226 illi
1637 3173 1690 3225 iti
1741 3173 1931 3241 quibus

361 3248 598 3299 maxime
626 3245 920 3299 delectatur
957 3245 1225 3310 diabolus,
1270 3252 1325 3299 et
1357 3245 1445 3313 qui
1490 3245 1640 3298 cibus
1669 3255 1791 3296 sunt
1820 3257 1934 3295 ser-

360 3316 562 3381 pentis.
609 3317 852 3382 Serpetiti
881 3321 1022 3369 enim
1053 3317 1250 3369 dictum
1282 3324 1363 3367 est
1389 3333 1399 3366 ;
1437 3314 1644 3366 Terram
1684 3314 1928 3366 comedes.

358 3387 616 3439 Salmana
649 3388 828 3437 umbra
858 3387 1206 3438 commotionis
1235 3389 1634 3452 interpretatur.
1667 3383 1775 3436 lloc
1808 3394 1932 3436 suttt

359 3455 440 3508 illi
484 3458 572 3523 qui
603 3456 891 3525 aliquando
921 3458 1022 3508 sub
1066 3454 1376 3508 umbraculo
1405 3455 1633 3522 quodam
1661 3467 1800 3516 esse,
1828 3463 1878 3506 et
1904 3466 1933 3507 a

360 3525 505 3577 vitiis
531 3540 747 3580 cessare
785 3526 1046 3590 videntur,
1081 3529 1175 3578 sed
1207 3525 1385 3578 statim
1413 3525 1725 3577 relabuntur
1749 3525 1798 3574 itt
1830 3538 1928 3576 ea:

358 3599 484 3662 quia
515 3597 585 3650 ita
629 3596 905 3650 instabiles
946 3603 1071 3650 sunt
1100 3596 1241 3648 velut
1287 3594 1472 3647 umbra
1502 3610 1530 3646 a
1577 3603 1735 3647 vento
1786 3607 1934 3646 com-

359 3676 522 3719 mota.
555 3667 636 3719 Ad
663 3677 859 3733 tempus
888 3666 1018 3718 enim
1046 3667 1282 3729 credunt,
1314 3673 1360 3718 et
1401 3664 1454 3718 in
1495 3671 1719 3733 tempore
1764 3672 1932 3716 tenta-

358 3736 510 3788 tionis
548 3737 805 3789 recedunt.

441 3805 626 3859 Omnes
673 3807 928 3878 principes
953 3822 1126 3860 eorum
1149 3804 1256 3878 Aqui
1300 3805 1538 3878 dixerunt
1566 3819 1584 3856 :
1616 3801 1933 3878 [Iw‘reditate

362 3878 717 3942 possideamns
747 3873 1091 3931 sanctuarium
1137 3875 1255 3930 Dei.
1318 3876 1388 3929 Ita
1429 3877 1548 3930 dico
1590 3883 1648 3927 ut
1695 3873 1932 3940 deponas

361 3946 626 4014 principes
661 3948 895 4012 illorum,
921 3956 1048 4002 utet
1066 3962 1254 4001 omnes
1275 3955 1331 4001 et
1357 3945 1496 4000 sicut
1525 3953 1695 3998 rotam
1725 3959 1815 4014 eos
1841 3959 1933 4010 po-

366 4031 482 4078 nas,
530 4018 630 4071 lioc
672 4029 754 4071 est
800 4019 941 4087 quod
990 4019 1157 4072 dicit:
1194 4017 1381 4070 Omnes
1426 4016 1680 4083 principes
1722 4013 1932 4087 illorum

365 4090 570 4142 scilicet
597 4086 952 4157 superiorum,
976 4089 1061 4156 qui
1099 4089 1362 4149 dixerunt,
1395 4088 1444 4140 id
1474 4096 1557 4139 est
1585 4087 1688 4157 qui
1722 4086 1932 4157 lioc_di-

365 4172 490 4210 cere
521 4152 1007 4225 prmsunipserttnt':
1041 4157 1405 4212 Possideamus
1433 4155 1779 4209 sunctuarium
1811 4152 1928 4223 Dei,

462 4238 562 4291 est,
582 4229 844 4302 populant
877 4227 971 4302 Dei
1002 4229 1088 4298 qui
1129 4243 1188 4283 se
1217 4238 1474 4302 sanctum
1490 4227 1614 4279 facit
1645 4240 1746 4302 pro.
1767 4225 1931 4276 Incre-

366 4296 546 4364 ditate,
578 4301 677 4352 ltoc
698 4297 868 4366 ipsum
897 4296 1242 4363 devocemus,
1274 4308 1327 4351 et
1356 4299 1509 4350 nobis
1534 4296 1926 4359 consociemus,

365 4377 422 4418 ιιι
453 4365 932 4422 όοειιυιιιιεηοειιὶε
967 4379 1218 4438 tanquam
1248 4384 1370 4423 eum
1399 4368 1705 4420 excolamus
1739 4383 1750 4416 :
1788 4365 1924 4438 illos,

361 4438 602 4506 inquam,
630 4452 836 4502 omnes,
873 4438 1009 4494 Deus
1038 4436 1206 4502 nieus,
1235 4455 1368 4508 pone
1410 4447 1462 4490 ut
1493 4449 1679 4501 rotam,
1710 4447 1755 4490 et
1798 4436 1928 4488 sicut

358 4509 602 4576 stipulam
639 4519 752 4561 ante
783 4511 967 4577 facient
998 4513 1148 4562 venti.
1182 4511 1314 4562 llota
1341 4525 1368 4560 a
1397 4509 1783 4577 posterioribus
1813 4521 1930 4560 sur-

359 4580 459 4646 git,
492 4590 545 4630 et
590 4580 639 4630 itt
672 4583 943 4632 anteriora
991 4581 1325 4648 deprimitur,
1361 4584 1439 4632 sic
1481 4588 1535 4632 et
1579 4578 1665 4631 liic
1693 4576 1926 4630 dicitur:

361 4648 510 4702 Pone
541 4649 657 4702 illos
697 4649 748 4702 itt
780 4660 966 4712 rotam,
993 4650 1045 4702 id
1089 4662 1188 4714 εει,
1218 4651 1288 4702 ita
1327 4657 1577 4702 crescant
1605 4651 1656 4699 itt
1686 4650 1932 4710 terrenis,

357 4736 479 4789 qua:
509 4721 806 4787 p0steriora
833 4719 1115 4783 dicuntur,
1151 4732 1206 4772 ιιι
1246 4721 1420 4788 ipsum
1451 4722 1836 4789 incrementum
1867 4717 1938 4769 sit

360 4788 438 4844 eis
469 4799 533 4842 ad
565 4791 944 4857 deiectionem,
974 4800 1025 4844 et
1071 4794 1135 4842 atl
1178 4794 1440 4844 delectum
1473 4790 1524 4841 in
1554 4788 1935 4849 anteritiribus,

359 4865 412 4913 id
443 4872 545 4922 est.
583 4862 634 4914 in
673 4863 930 4923 :eternis;
965 4865 1286 4929 prOSperitas
1325 4862 1466 4912 enim
1502 4861 1783 4929 stultorum
1820 4871 1939 4929 per-

356 4935 450 4986 det
481 4948 594 4985 eos.
629 4935 835 5001 Stipula
875 4923 1107 5000 quoque,
1152 4948 1268 5000 qua:
1297 4930 1426 4984 levis
1471 4937 1554 4983 est
1583 4939 1636 4980 et
1666 4926 1832 4990 arida,
1862 4923 1940 5001 ia-

357 5007 462 5057 etle
491 4998 751 5056 ttollitur'a
785 4998 945 5056 vento
972 4998 1096 5067 [εις
1128 4998 1180 5056 et
1211 5005 1295 5056 ltic
1327 5003 1522 5055 dieitur
1551 5013 1652 5052 non
1683 4998 1938 5065 optando,

357 5078 452 5127 sed
505 5073 874 5142 pr0pltetando
907 5091 919 5125 :
957 5087 1010 5126 ut
1068 5075 1138 5127 illi
1191 5075 1317 5126 sicut
1347 5075 1537 5140 stipula
1591 5080 1710 5142 ante
1756 5068 1938 5137 facient

359 5139 518 5205 renti,
550 5139 730 5206 idest,
770 5144 929 5198 facile
969 5147 1112 5196 omni
1144 5158 1300 5197 vento
1346 5139 1602 5195 doctrina:
1651 5139 1939 5192 circumie-

362 5226 571 5275 rantur,
607 5225 660 5267 et
691 5215 755 5266 atl
785 5229 970 5268 omnes
1000 5217 1319 5268 tentatiunes
1349 5218 1455 5266 sint
1481 5213 1864 5264 inconstantes.

441 5285 587 5337 Sicut
637 5286 764 5354 ignis
793 5287 880 5353 qui
929 5287 1174 5338 comburit
1218 5286 1430 5352 sylvam,
1477 5290 1523 5335 et
1573 5282 1698 5334 sicut
1732 5281 1942 5348 ﬂamma

362 5355 663 5407 comburens
691 5367 925 5410 montes:
950 5358 1020 5408 ita
1064 5357 1376 5423 persequeris
1407 5354 1528 5406 illos
1558 5354 1610 5404 in
1651 5359 1943 5423 tempestate

356 5437 472 5487 tua,
509 5438 550 5477 et
583 5430 635 5479 in
670 5427 748 5479 ira
779 5437 866 5479 tua
894 5422 1124 5479 turbabis
1153 5422 1260 5479 eos.
1291 5425 1453 5490 Quasi
1498 5425 1641 5476 dicat
1667 5439 1678 5473 :
1709 5423 1831 5475 llaec
1865 5422 1943 5472 iii-

355 5513 516 5564 quatn
550 5497 714 5549 facias
757 5498 862 5550 illis
891 5500 944 5550 in
979 5500 1263 5563 praesenti;
1316 5498 1368 5547 iii
1415 5496 1588 5545 futuro
1617 5503 1792 5545 autem
1825 5507 1944 5557 per-

354 5568 577 5637 sequeris
607 5567 724 5620 illos
755 5568 806 5619 in
831 5579 1122 5632 tempestate
1159 5576 1268 5633 tua,
1311 5574 1356 5617 et
1389 5565 1615 5637 turbabis
1655 5579 1740 5637 eos
1786 5565 1835 5613 in
1869 5577 1944 5612 ira

358 5633 468 5691 tua.
499 5634 902 5707 Tettipestatem
929 5639 998 5690 tlit
1021 5644 1058 5691 it
1092 5640 1191 5691 villi
1224 5651 1466 5703 ttiagnam
1492 5633 1642 5707 illam
1667 5633 1943 5686 αἰδοιειιυα

360 5723 466 5773 ius,
506 5705 704 5777 q'tte‘iti
732 5710 820 5761 illa
855 5724 1041 5774 magna
1075 5710 1259 5761 tritura
1294 5705 1564 5774 separabit
1604 5718 1824 5777 granaa
1857 5718 1946 5769 pa-

360 5781 480 5843 lets,
510 5773 678 5848 agnos
709 5781 775 5831 ab
800 5773 982 5832 haedis.
1013 5781 1092 5831 Ira
1122 5794 1250 5832 vero
1280 5788 1364 5832 est
1393 5777 1490 5828 ista
1519 5784 1652 5829 ratio
1676 5773 1940 5837 vindictar,

2049 527 2154 561 non
2199 515 2476 572 irascetur,
2506 513 2626 578 quia
2665 513 2732 565 de
2785 530 2849 564 eo
2877 511 3075 566 dictum
3118 525 3199 568 est
3229 529 3240 565 :
3273 515 3371 575 Tu,
3405 517 3620 574 Domine

2048 578 2299 658 Sabaoth,
2328 583 2496 633 omnia
2522 598 2655 658 cu_m_
2677 582 3041 658 tranquillitate
3072 583 3299 653 judicas.
3341 583 3626 658 Perseque-

2045 650 2137 725 ris,
2162 651 2396 725 inquam,
2421 662 2466 702 et
2491 653 2712 725 turbabis
2738 662 2825 713 ita,
2859 653 3034 725 idest.
3065 650 3182 725 cum
3219 665 3322 708 tam
3346 650 3520 712 valida
3547 665 3621 725 vi,

2049 720 2338 794 sicutgignis
2363 722 2458 794 ille
2479 722 2682 772 validus
2710 731 2813 794 est,
2844 723 2928 786 qui
2953 723 3200 776 comburit
3228 730 3444 794 sylvam,
3477 739 3524 782 et
3549 720 3624 783 si;

2048 791 2371 865 cutﬂamma
2401 791 2490 842 illa
2524 807 2644 865 qua:
2671 793 2914 865 comburit
2945 803 3157 865 montes.
3188 791 3283 847 Ubi
3307 791 3446 849 enim
3480 799 3618 865 ignis

2051 861 2304 932 majorem
2332 862 2624 932 materiam
2677 861 2835 914 liabet
2876 877 3035 925 quam
3069 864 3119 915 iti
3163 865 3330 932 sylva,
3380 867 3450 919 ibi
3491 861 3621 922 vali-

2048 931 2167 982 dior
2195 942 2295 981 εει.
2331 930 2456 983 Item
2501 931 2531 982 ll
2555 946 2711 982 mima
2743 933 2795 982 in
2843 932 3154 986 editioribus
3186 930 3338 999 locis,
3371 934 3458 990 ubi
3490 954 3618 992 veti-

2048 1005 2133 1050 tus
2167 1002 2440 1068 pratvalut,
2472 999 2705 1068 majores
2733 1001 2870 1053 vires
2908 1000 3086 1054 habet.
3125 1002 3212 1055 Vel
3257 1007 3450 1060 aliter:
3485 1005 3613 1060 Per-

2048 1067 2273 1136 sequeris
2323 1067 2463 1130 illos,
2507 1067 2567 1122 et,
2602 1069 2826 1121 turbabis
2875 1069 2940 1122 ita
2991 1072 3215 1128 fortiter.
3258 1077 3386 1127 sicut
3432 1082 3622 1132 merito

2046 1153 2157 1212 eos,
2179 1141 2330 1192 debet
2363 1140 2577 1212 turbare
2607 1141 2755 1210 ignis.
2791 1140 2838 1191 id
2885 1149 2966 1212 est
2997 1141 3142 1194 l'ttr-ir
3183 1156 3322 1207 tuus,
3355 1146 3441 1212 qui
3480 1162 3620 1201 eam.

2047 1210 2202 1282 burit,
2241 1212 2291 1282 iu
2316 1221 2416 1272 est,
2452 1211 2601 1278 punit
2622 1227 2678 1282 in
2712 1214 2788 1262 eis
2818 1210 3030 1279 sylvam,
3064 1213 3110 1264 id
3140 1221 3220 1266 et
3249 1210 3619 1282 sterilitatem;

2051 1279 2160 1352 loca
2193 1281 2336 1352 enim
2381 1281 2687 1352 sylvestriztg
2709 1292 2831 1332 sunt
2861 1282 3083 1334 sterilia.
3117 1282 3182 1334 Et
3221 1293 3348 1336 sicut
3376 1279 3609 1352 finitima,

2048 1349 2222 1414 ἰιΙιοεῐ,
2269 1350 2345 1404 ira
2392 1349 2509 1414 tua,
2556 1350 2854 1403 comburens
2903 1353 2952 1402 iii
3002 1352 3077 1404 eis
3117 1365 3308 1407 montes
3355 1349 3617 1410 elationis.

2047 1420 2196 1482 Quod
2228 1431 2309 1470 est
2342 1421 2521 1474 dicere
2555 1437 2568 1472 :
2615 1424 2683 1471 ita
2714 1424 2943 1486 graviter-
2978 1439 3160 1488 pontes
3191 1441 3300 1488 eos,
3335 1426 3470 1478 sicut
3503 1444 3614 1480 tne-

2045 1502 2149 1540 rito
2183 1491 2432 1556 puniendi
2464 1499 2587 1542 sunt
2618 1491 2713 1551 illi,
2745 1491 2834 1560 qui
2869 1491 2934 1544 ab
2974 1496 3117 1545 otttni
3147 1495 3348 1561 justitia
3378 1505 3502 1548 sunt
3531 1514 3621 1548 va-

2045 1561 2150 1622 cui,
2186 1561 2325 1634 quod
2359 1576 2453 1634 per
2479 1561 2686 1629 sylvatn
2715 1571 2928 1614 notatur
2957 1580 2971 1634 ξ
3003 1571 3057 1614 ει
3084 1567 3171 1630 qui
3202 1569 3344 1618 omni
3368 1569 3618 1634 superbia

2045 1639 2168 1701 sunt
2198 1631 2408 1696 repleti,
2437 1633 2575 1697 quod
2607 1646 2699 1697 per
2731 1640 2936 1684 montes
2965 1633 3290 1701 intelligitur.

2118 1695 2284 1772 Imple
2327 1695 2485 1768 [aries
2518 1695 2706 1772 eorum
2744 1701 3032 1772 ignominia
3058 1718 3077 1756 .'
3108 1695 3159 1756 εἷ
3180 1715 3406 1772 quwreitt
3437 1725 3619 1763 nomen

2045 1775 2205 1833 tuum,
2240 1768 2473 1822 Domme.
2517 1769 2646 1822 Dico
2667 1768 2786 1837 quia
2819 1777 3152 1839 persequeris
3172 1768 3224 1828 et
3257 1778 3494 1832 turbabis
3525 1796 3618 1833 eos

2047 1839 2096 1912 in
2128 1840 2327 1912 luturo.
2361 1841 2720 1905 Quorumdam
2757 1854 2935 1912 autem
2966 1841 3052 1907 qui
3098 1846 3364 1912 respicere
3413 1859 3615 1912 volunt,

2043 1905 2204 1980 imple
2235 1909 2392 1964 facies
2417 1927 2601 1963 eorum
2636 1911 2942 1979 ignominia,
2979 1905 3078 1965 IIOC
3107 1905 3434 1969 est'infamia
3463 1934 3478 1980 ;
3510 1905 3611 1972 huc

2041 1989 2143 2040 est,
2167 1977 2267 2049 fac
2295 1994 2384 2033 eos
2417 1995 2806 2049 recognoscere
2835 1977 2990 2048 quam
3022 1983 3246 2038 infames
3271 1977 3492 2041 fecerint
3521 2006 3617 2041 eos

2041 2047 2180 2124 apud
2211 2058 2261 2124 te
2289 2060 2526 2116 peccata,
2556 2047 2617 2124 ut
2647 2047 2957 2124 pteniteant.
2993 2052 3212 2124 Et_vere
3253 2056 3435 2124 facies,
3467 2064 3613 2124 quia,

2041 2134 2075 2168 υ
2107 2117 2345 2184 Domine,
2373 2119 2619 2172 conversi
2649 2123 2712 2172 ad
2748 2128 2818 2182 te,
2863 2123 2950 2189 qui
2995 2121 3143 2190 prius
3171 2117 3497 2192 quzereba'nt'
3524 2117 3618 2181 no-

2043 2202 2164 2240 men
2193 2202 2370 2252 suum,
2410 2200 2634 2261 quwrent
2664 2206 2844 2242 nomen
2875 2203 3017 2244 tuum
3060 2205 3277 2259 protiter
3305 2211 3363 2248 se
3392 2207 3617 2261 tantum,

2043 2272 2147 2310 non
2178 2270 2391 2325 pr0pter
2411 2260 2572 2331 aliud.
2601 2262 2700 2326 Qui
2725 2269 2901 2331 autem
2928 2263 3104 2331 (quasi
3131 2264 3295 2331 dicat}
3326 2266 3375 2318 id
3409 2260 3615 2330 nolunt,

2041 2331 2362 2382 erubescant
2385 2329 2602 2383 tandem
2630 2345 2754 2384 vere
2781 2329 3023 2385 dicentes
3049 2350 3062 2384 ε
3093 2331 3201 2385 Nos
3224 2329 3466 2390 insensati
3487 2329 3620 2391 asti-

2041 2398 2305 2451 mabamus
2343 2401 2496 2452 vitam
2527 2400 2736 2452 illorum
2766 2400 3040 2465 insaniam,
3069 2414 3173 2456 etc.
3219 2403 3282 2456 Et
3315 2408 3620 2461 contui-bono

2043 2477 2126 2518 tur
2158 2484 2251 2533 per
2297 2470 2589 2522 districtum
2637 2473 2956 2524 sententiam
3001 2474 3407 2530 conturbatitine
3457 2491 3618 2533 eunte

2040 2536 2094 2588 in
2124 2539 2372 2608 stet-tilum
2390 2539 2589 2602 siccati,
2623 2539 2671 2591 id
2704 2550 2808 2600 est,
2837 2545 3180 2608 teternttliter,
3215 2557 3266 2597 et
3297 2547 3346 2598 iit
3383 2547 3472 2600 illa
3507 2558 3619 2601 tur-

2040 2607 2254 2662 batione
2299 2611 2704 2674 confundantur,
2761 2611 2812 2662 id
2842 2620 2945 2679 est,
2989 2607 3234 2666 confustb
3259 2615 3336 2668 les
3379 2632 3437 2670 se
3469 2633 3620 2670 reco-

2041 2688 2324 2753 gnoscant,
2375 2689 2423 2732 et
2473 2691 2648 2753 tamen
2704 2681 2982 2753 ineadem
3029 2683 3343 2738 confusione
3389 2697 3616 2753 pereant.

2043 2747 2380 2826 inminebant
2427 2751 2593 2812 enim,
2627 2749 2724 2826 sed
2771 2749 3137 2818 infructuose;
3188 2766 3242 2807 et
3293 2747 3411 2809 ideo
3442 2757 3620 2826 (quasi

2039 2817 2208 2894 dicat)
2239 2820 2358 2894 huic
2383 2825 2459 2874 eis
2505 2819 2834 2887 contingant,
2884 2832 2940 2875 ut
2979 2827 3067 2891 qui
3116 2817 3254 2878 nunc
3284 2817 3614 2894 cognoscere

2043 2889 2248 2962 nolunt,
2282 2890 2472 2962 saltem
2503 2898 2627 2944 tunc
2655 2903 2960 2959 cognoscant
2988 2889 3110 2962 quia
3149 2897 3248 2948 ltoc
3278 2889 3460 2949 nomen
3503 2897 3614 2950 Do-

2039 2959 2206 3010 minus
2253 2960 2344 3012 tibi
2377 2961 2484 3029 stili
2526 2963 2740 3029 pr0prie
2789 2959 3058 3017 convenit.
3105 2963 3158 3017 lti
3204 2976 3256 3019 te
3304 2967 3448 3020 enim
3497 2971 3614 3021 solo

2039 3042 2229 3103 verum
2247 3042 2330 3084 est
2356 3028 2674 3097 dominium,
2707 3032 2832 3100 quia
2861 3042 2921 3103 tu
2953 3050 3055 3088 non
3091 3037 3294 3103 indiges
3334 3049 3510 3103 servo,
3557 3047 3616 3092 ut

2040 3097 2315 3154 Psalmista
2347 3110 2572 3159 testatur
2601 3097 2784 3156 dicens
2810 3120 2823 3154 :
2849 3102 3110 3158 Bonorum
3141 3097 3364 3158 meorum
3406 3097 3508 3160 non
3537 3111 3618 3160 in-

1961 3142 2004 3202 c
2037 3169 2198 3237 diges.
2244 3175 2305 3223 lit
2351 3181 2677 3240 ctignoscant
2701 3174 2862 3226 etiam
2895 3177 3018 3242 quia
3049 3187 3102 3227 tti
3155 3176 3299 3226 solus
3329 3192 3387 3229 es
3418 3179 3617 3232 altissi-

2036 3254 2174 3302 tuus,
2203 3243 2253 3293 id
2283 3253 2385 3306 est,
2427 3243 2829 3308 potentissimus
2872 3246 2924 3296 in
2965 3248 3102 3296 omni
3133 3253 3269 3296 terra
3315 3255 3421 3298 tant
3463 3249 3614 3300 dam-

2036 3314 2214 3379 nando
2255 3327 2415 3376 quiti
2445 3313 2722 3366 salvando.
2758 3313 2872 3367 Non
2905 3315 3048 3367 enim
3090 3315 3431 3379 impotentior
3456 3330 3514 3369 es
3557 3321 3610 3371 in

2035 3377 2380 3434 diuinatione
2409 3383 2672 3436 malorum
2716 3397 2878 3450 quam
2907 3387 2958 3435 in
2990 3377 3421 3442 rettiutieratione
3448 3387 3619 3441 bono-

2036 3462 2174 3502 1⁸11111.

2445 3541 2512 3597 1N
2553 3541 2876 3599 PSALMUM
2920 3542 3207 3600 LXXXIII.

2132 3630 2188 3684 ln
2221 3631 2380 3686 linem
2413 3647 2508 3702 pro
2540 3636 2888 3689 torcularibus
2920 3636 3040 3688 liliis
3069 3634 3227 3702 Coie,
3258 3634 3511 3704 psalmus.

2631 3740 3013 3794 assensurum.

2105 3815 2378 3870 Reversos
2404 3815 2472 3870 de
2502 3816 2775 3882 Babylone
2806 3819 3044 3886 praedicit
3082 3819 3232 3888 quasi
3268 3818 3381 3874 loca
3427 3821 3607 3874 omnia

2032 3888 2284 3949 circuire,
2318 3900 2381 3940 ac
2430 3891 2702 3940 recordari
2753 3889 2941 3956 prisca:
2970 3890 3349 3956 soletnmtatis,
3390 3891 3604 3944 deside-

2034 3966 2386 4030 ratorumque_
2406 3971 2499 4030 per
2526 3965 2723 4030 multos
2745 3973 2916 4012 annos
2944 3964 3180 4014 locorum
3207 3963 3291 4014 vix
3319 3963 3607 4030 aliquando

2034 4041 2190 4092 posse
2238 4028 2668 4083 consideratione
2717 4030 2920 4083 satiari.
2956 4031 3124 4084 Aliter
3162 4046 3264 4085 vox
3300 4028 3498 4086 Christi
3542 4038 3609 4087 de

2036 4097 2293 4152 Ecclesia.

2643 4207 2996 4246 EXPLANATIO.

2103 4289 2235 4344 Tres
2283 4303 2379 4358 pro
2419 4287 2792 4358 torcularibus,
2845 4285 2895 4340 id
2939 4298 3049 4352 est,
3108 4295 3308 4341 sanctae
3354 4286 3606 4341 Eccles’ae

2035 4360 2371 4429 passionibus
2423 4359 2612 4425 psalmi
2663 4357 2959 4429 titulautur,
2998 4367 3247 4429 octavus,
3302 4365 3604 4425 octuageSi-

2035 4427 2173 4494 inus,
2205 4441 2258 4484 et
2287 4429 2648 4499 octogesimus
2681 4428 2893 4490 tertius,
2924 4427 3009 4479 tibi
3041 4429 3343 4479 octonartus
3375 4435 3428 4478 et
3455 4437 3604 4480 ueto-

2035 4505 2284 4565 genarius
2333 4513 2584 4552 numerus
2614 4513 2762 4563 spem
2816 4501 3006 4550 futurae
3052 4499 3458 4549 resurrectionis
3486 4513 3606 4551 cum

2037 4573 2258 4625 uenatio
2283 4570 2408 4622 vita:
2429 4580 2644 4621 aeterna:
2669 4567 2994 4636 sigtiilicant,
3019 4581 3135 4634 qua:
3164 4567 3458 4619 Ecclesiatn
3489 4580 3609 4635 post

2038 4655 2314 4706 pressuras
2353 4655 2457 4708 qua
2485 4639 2619 4691 cella
2658 4636 2857 4690 vinaria
2891 4645 3010 4703 post
3054 4636 3283 4689 torcular
3321 4651 3605 4703 exceptura

2038 4722 2150 4775 est;
2180 4721 2234 4764 et
2266 4711 2348 4762 ltic
2378 4719 2460 4762 est
2490 4709 2610 4761 linis
2645 4709 2734 4760 ille
2761 4709 3116 4770 beatzssitnus,
3140 4708 3229 4774 qui
3258 4709 3469 4760 cunetis
3489 4725 3607 4774 qua:

2042 4797 2136 4850 pro
2184 4780 2541 4834 torcularibus
2587 4787 2712 4850 sunt
2771 4777 3263 4850 praescriptionibus
3313 4777 3606 4840 inseritur;

2040 4847 2178 4918 quod
2225 4863 2400 4903 autem
2431 4847 2788 4916 octogesimus
2821 4847 3010 4900 tertius
3047 4857 3318 4901 extremus
3348 4861 3431 4902 εει
3465 4854 3597 4916 psal-

2042 4938 2178 4984 mus,
2212 4923 2297 4989 qui
2331 4937 2425 4988 pro
2451 4919 2802 4974 torcularibus
2843 4926 3188 4984 praenotatur,
3236 4923 3338 4972 ltoe
3367 4921 3601 4973 ostendit

2044 4998 2094 5045 iti
2126 4992 2330 5044 visione
2375 4999 2573 5043 sanctae
2614 4990 2884 5041 Trinitatis
2924 4989 3368 5042 resurrectionem
3423 4992 3605 5043 Eccle-

2043 5066 2136 5115 sia:
2181 5063 2504 5121 consecrari,
2532 5057 2748 5127 quando
2789 5059 3066 5112 videbatur
3111 5063 3245 5114 Deus
3289 5062 3508 5114 deorum
3555 5061 3606 5112 itt

2043 5135 2193 5187 Sion.
2247 5133 2360 5183 Filii
2392 5133 2550 5194 (lore,
2586 5131 2677 5180 lilii
2711 5134 2884 5184 crucis
2932 5143 3076 5194 sunt,
3111 5140 3166 5182 ut
3203 5146 3358 5196 supra
3409 5131 3479 5182 dit
3499 5141 3605 5181 tum

2047 5213 2158 5266 est;
2193 5202 2298 5266 vel,
2327 5201 2464 5255 sicut
2493 5201 2758 5254 Arnobius
2783 5202 3021 5267 exponit,
3046 5216 3163 5252 cum
3193 5201 3244 5252 itt
3278 5203 3448 5266 priore
3479 5203 3612 5265 psil-

2047 5289 2135 5326 mo
2163 5273 2372 5327 contusi
2403 5276 2506 5323 iuet
2526 5276 2619 5334 int,
2650 5282 2705 5323 et
2735 5273 3058 5338 espet-ieritii
3090 5271 3200 5336 qui,
3229 5285 3490 5335 occupare
3522 5287 3613 5324 ιυ-

2049 5345 2215 5398 leutes
2245 5345 2600 5396 sanctuariutn
2636 5341 2748 5403 Dei,
2782 5345 2980 5392 dabant
3011 5340 3278 5393 fastidium
3309 5341 3609 5407 etiaritatis,

2046 5425 2469 5481 escit-rarumque
2497 5423 2746 5465 Virtutum
2777 5413 3155 5478 impedimenta
3188 5410 3492 5481 gignebant,
3528 5425 3613 5465 re-

2049 5497 2244 5552 gnante
2285 5486 2334 5537 in
2366 5480 2520 5535 nubis
2554 5481 2797 5542 Domino,
2828 5481 2918 5549 qui
2947 5496 3158 5534 eramus
3189 5484 3279 5533 litit
3319 5480 3456 5552 Core
3483 5496 3619 5547 pra:-

2053 5551 2386 5618 varicatoris,
2418 5559 2517 5606 hoc
2547 5554 2688 5604 ttian
2718 5562 2871 5618 patre
2897 5566 2924 5602 a
2958 5561 3097 5604 terra
3120 5555 3372 5604 devorato
3399 5551 3493 5604 Dei
3522 5552 3610 5605 li;ii

2050 5628 2376 5690 el'liciatnur;
2401 5636 2454 5679 et
2475 5640 2560 5693 qut
2593 5632 2715 5676 ante
2747 5623 2922 5691 ignem
2945 5624 3171 5675 alietium
3197 5638 3225 5673 a
3252 5623 3358 5674 Deo
3385 5624 3622 5675 libidinis

2051 5715 2104 5752 et
2136 5698 2373 5750 avaritiae
2414 5697 2553 5750 ferre
2582 5695 2946 5762 cogitavimus,
2980 5708 3119 5744 nunc
3159 5697 3278 5761 igne
3308 5697 3506 5745 amoris
3535 5698 3586 5742 tlt

2057 5773 2159 5821 \‘iitt
2191 5781 2428 5821 SUCCL‘IISI
2460 5765 2684 5821 dicimus
2711 5783 2722 5818 :
2750 5768 2918 5830 Quiut
2949 5763 3198 5818 amabilia
3231 5773 3355 5818 sunt
3383 5771 3627 5819 taberna-
