4010 6190
488 335 586 391 951

991 328 1191 383 ΒΕΙΗΕ
1231 324 1682 379 ΥΙέΝΕῐῖᾹΒΙΙΛδ
1719 322 1867 376 OPP.
1911 318 2053 374 PAl‘tl

2155 318 2185 373 Ι.
2227 315 2421 373 SECT.
2463 316 2527 371 11.
2565 344 2635 356 --
2673 314 2872 372 DUDIA
2917 312 3003 367 ET
3043 309 3307 367 SPURIA.

3628 308 3739 366 s32

492 451 609 503 cuia
638 456 748 510 tua,
780 442 1007 498 Domine
1058 436 1342 510 virtutum?
1395 435 1547 510 hunc
1575 434 1793 487 Arnnhii
1835 448 2052 510 sensum
2089 437 2134 495 Α
2235 428 2297 481 Et
2318 428 2468 510 “sicut
2496 427 2836 510 metuendum
2865 433 2969 489 est,
2993 424 3240 510 domum
3265 432 3344 503 est
3456 426 3733 510 torculari,

494 520 699 572 videtur
724 503 928 582 juvnre,
961 510 1096 575 quod
1133 507 1320 582 primo,
1351 503 1586 582 secundo
1630 513 1686 558 et
1728 506 2050 582 tertio-Ioco,

495 589 584 643 ubi
625 575 899 640 ﬁlii'Core
946 578 1384 646 prtcseribuntur,
1419 575 1719 646 intellectus
1755 576 1911 646 simul
1958 575 2055 646 ad-_

498 667 754 712 nectitur;
798 651 891 704 sed
934 643 988 703 et
1027 649 1143 712 ipso
1192 646 1350 699 tertio
1397 646 1511 697 loco
1544 645 1692 710 quasi
1736 643 2054 709 diligentiori

494 724 885 782 examinatione
914 717 1175 783 correptis
1197 715 1334 768 Core
1362 714 1504 778 ﬁliis,
1537 714 1607 766 ita
1638 714 1884 765 scribitur
1912 732 1923 767 :
1957 714 2057 766 Pro

497 798 576 849 his
614 800 701 860 qui
746 790 1211 860 commutahuntur
1243 784 1364 837 ﬁliis
1408 783 1657 860 Caread
1706 784 2054 860 intellectum,

492 865 607 918 Filii
634 852 773 916 Core
806 862 856 913 iii
898 858 1064 926 prima
1112 856 1286 907 fronte
1325 853 1513 926 psalmi
1558 852 1925 926 inaestimabile
1955 854 2054 926 sibi

492 931 814 987 desiderium
861 921 1227 981 deinonstrant
1281 922 1552 977 Ecclesiae.
1605 921 1852 975 Secundo
1902 924 2058 975 modo

493 1005 703 1057 beatum
745 1014 864 1055 esse
900 996 1230 1065 proﬁtentur,
1262 994 1346 1047 cui
1381 991 1632 1065 Dominus
1666 1000 1881 1065 praestat
1911 996 2060 1045 auxi-

492 1074 641 1136 lium,
672 1061 913 1133 eumque—
942 1066 1009 1119 ad
1048 1065 1399 1119 confessionis
1443 1061 1563 1136 facit
1606 1063 1827 1136 gratiam
1874 1077 2058 1136 perve-

494 1131 639 1195 nire;
661 1131 838 1194 Tertio
868 1139 1033 1191 multo
1062 1135 1399 1201 praestantius
1432 1131 1612 1185 dicunt
1643 1147 1782 1195 esse,
1814 1133 1865 1184 in
1900 1133 2059 1184 domo

497 1211 702 1265 Domini
743 1211 1011 1275 abiectum
1069 1204 1326 1275 habitare,
1374 1213 1921 1275 quam__pet-eatorutu
1977 1214 2059 1254 ta-

491 1283 771 1335 bernacula
812 1272 944 1332 cum
998 1274 1323 1343 quibuslibet
1379 1272 1562 1325 mundi
1629 1272 1921 1325 honoribus
1974 1276 2054 1325 in-

491 1352 674 1406 troire.

1063 1426 1484 1468 COMMENTARIUS.

566 1514 727 1575 Quam
758 1510 940 1562 dilecta
971 1504 1296 1559 tabernacula
1325 1514 1434 1557 tuo.
1468 1501 1575 1575 Pro
1615 1503 1953 1555 torcularibus
1991 1505 2057 1569 ﬁ-

497 1574 733 1634 liis’Core
765 1579 1012 1647 psalmus.
1051 1576 1347 1647 lntitulatur
1385 1574 1619 1647 psalmus
1664 1576 1762 1647 iste
1809 1589 1902 1647 pro
1948 1583 2057 1626 tor—

493 1644 786 1714 cularibus;
820 1649 911 1701 sed
943 1648 1066 1715 quia
1101 1644 1229 1698 nihil
1263 1646 1503 1715 sequitur
1534 1644 1583 1715 in
1618 1645 1821 1708 psalmo
1850 1644 1918 1697 de
1949 1654 2058 1696 tor-

505 1722 667 1774 eulari
700 1712 782 1772 vel
812 1721 876 1771 de
906 1712 1043 1779 lacu,
1076 1728 1165 1767 aut
1206 1715 1271 1765 de
1302 1712 1510 1766 caeteris
1549 1714 1914 1766 instrumentis
1943 1715 2061 1765 visi-

503 1792 681 1843 bilium
734 1787 1097 1851 torculariarn,
1131 1785 1244 1835 vult
1283 1796 1378 1835 nos
1407 1782 1635 1845 Spiritus
1678 1782 1770 1833 Dei
1812 1796 2055 1848 qua-rere
2094 1795 2132 1851 Β

498 1872 552 1913 et
582 1861 875 1927 intelligere
898 1857 1000 1927 alia
1035 1854 1341 1927 toreularia.
1368 1851 1501 1917 Quid
1525 1866 1652 1918 ergo
1678 1852 1728 1927 in
1759 1852 2051 1927 visibililius

496 1921 842 1983 torcularibus
886 1926 976 1978 ﬁat
1020 1924 1379 1984 recordemur,
1413 1932 1470 1975 ut
1496 1921 1763 1986 quomodo
1794 1922 1932 1975 idem
1968 1925 2056 1975 ﬁat

499 2004 550 2051 in
600 1997 982 2065 spiritualibus,
1013 1994 1062 2065 id
1106 2001 1203 2065 est,
1243 1993 1292 2065 in
1338 1991 2055 2065 Ecclesiis‘Dei,_reeogno-

496 2060 725 2122 seatnus.
758 2066 863 2121 Uva
900 2062 1095 2133 pendet
1132 2062 1181 2114 in
1215 2062 1343 2133 vite,
1370 2072 1422 2113 et
1452 2062 1586 2111 oliva
1618 2061 1667 2112 iu
1703 2060 1913 2125 arbore,
1963 2078 2055 2127 pro

496 2140 686 2204 quibus
716 2137 920 2189 duobus
950 2134 1204 2186 fructibus
1231 2132 1407 2204 solent
1448 2133 1727 2204 toreularia
1760 2134 1958 2204 parari.
1996 2134 2055 2184 Et

495 2202 619 2260 dum
647 2222 742 2259 uva
770 2206 963 2272 pendet
998 2205 1046 2255 in
1077 2206 1203 2263 vite,
1234 2210 1289 2254 et
1318 2202 1457 2252 oliva
1490 2202 1541 2253 in
1572 2202 1783 2265 arbore,
1813 2202 2056 2254 fruuntur

493 2278 662 2331 libero
689 2291 830 2330 aere.
864 2274 969 2328 Nec
1000 2283 1121 2325 ante
1162 2272 1558 2336 expressimem
1602 2279 1685 2323 est
1717 2285 1820 2323 uva
1853 2274 2053 2333 vinum,

496 2360 578 2397 ani
615 2347 752 2399 oliva
784 2347 983 2398 oleum.
1028 2343 1114 2398 Sic
1159 2349 1282 2394 sunt
1310 2341 1569 2400 homines,
1602 2354 1734 2405 quos
1763 2339 1899 2393 Deus
1926 2357 2057 2408 prir-

491 2418 757 2469 destinattit
790 2415 1074 2484 conformes
1104 2412 1215 2479 ﬁeri
1249 2412 1480 2484 imaginis
1519 2408 1646 2463 Filii
1675 2411 1774 2472 sui,
1802 2415 1888 2478 qui
1923 2427 2056 2484 praef

494 2502 647 2554 cipue
677 2489 727 2539 in
758 2479 1002 2553 passione
1027 2496 1245 2549 magnus
1286 2479 1467 2533 botrus
1499 2493 1579 2554 est
1613 2482 2053 2554 expressus.‘|~_ti

492 2546 619 2622 ergo
648 2546 889 2608 homines
916 2546 1197 2620 antequam
1221 2553 1471 2622 accedant
1502 2550 1565 2622 ad
1596 2546 1903 2603 servitutem
1936 2550 2051 2615 Dei,

493 2620 742 2677 fruuntur
778 2625 828 2676 in
867 2623 967 2675 hoc
1006 2624 1197 2674 ειη-ιλιι)
1226 2620 1477 2672 deliciosa
1511 2620 1773 2681 libertate,
1802 2629 2047 2688 tauquam

498 2709 595 2747 uva
629 2695 798 2749 libero
824 2707 947 2746 aere
976 2691 1102 2743 dum
1133 2693 1329 2757 pendet
1368 2691 1418 2741 in
1464 2692 1588 2741 vite.
1618 2690 1720 2742 Sed
1763 2690 1885 2757 quia
1913 2694 2052 2744 seri-

495 2775 637 2831 ptum
680 2774 796 2817 est:
832 2760 959 2822 Fili,
1003 2760 1247 2814 acredcns
1286 2760 1354 2811 ad
1395 2762 1681 2812 servitutem
1723 2757 1847 2823 Dei,
1879 2772 1957 2813 sta
2003 2763 2054 2813 in

490 2834 705 2900 iustitia,
729 2844 775 2886 et
797 2843 1029 2894 tremore,
1052 2840 1097 2884 et
1120 2831 1317 2893 timore,
1338 2844 1386 2884 et
1416 2846 1648 2898 prwpara
1670 2831 1891 2900 animum
1908 2839 2054 2884 tuam

494 2898 561 2954 ad
600 2906 952 2964 teulaliouem,
984 2902 1223 2970 quisquis
1248 2902 1311 2952 ad
1342 2902 1652 2953 servitutem
1692 2898 1782 2952 Dei
1812 2915 2053 2955 accesse-

496 2972 584 3036 rit,
617 2982 963 3041 recognoscat
1002 2985 1059 3024 se
1090 2972 1153 3023 ad
1195 2971 1477 3023 toreularia
1509 2970 1741 3041 venisse.
1771 2970 2051 3024 Coutribu-

492 3041 627 3097 lator
654 3038 814 3106 enim,
850 3046 1162 3103 conteritur,
1193 3042 1582 3106 comprimitur,
1616 3038 1830 3092 exuitur
1858 3054 2052 3094 carna-

492 3111 619 3165 lium
664 3112 1044 3165 desideriorum
1076 3108 1451 3177 integumentis
1501 3117 1751 3173 tauquam
1796 3111 1975 3163 viuum
2018 3126 2045 3164 a

493 3181 747 3235 vinaceis.
778 3181 882 3235 Sed
916 3182 1036 3247 quia
1062 3181 1161 3233 hoc
1191 3194 1295 3232 non
1325 3178 1382 3231 ﬁt
1417 3178 1516 3231 nisi
1549 3178 1893 3245 depressura,
1927 3182 2047 3234 ideo

494 3250 728 3305 Ecclesia
762 3252 1035 3315 prmsentis
1074 3249 1327 3317 temporis
1356 3249 1603 3301 dicuntur
1636 3251 1917 3314 totculari;
1957 3253 2054 3303 ad-

490 3322 633 3374 ditur
662 3322 716 3374 iu
748 3322 896 3374 titulo
924 3318 1080 3373 Filiis
1110 3316 1256 3384 Core,
1281 3320 1402 3388 quia
1434 3321 1521 3384 qui
1560 3329 1683 3371 sunt
1726 3316 1778 3370 in
1822 3324 2053 3374 toreula-

494 3390 659 3453 ribus,
687 3390 777 3444 ﬁlii
807 3401 928 3445 sunt
953 3390 1112 3444 Core.
1136 3390 1271 3444 Core
1298 3391 1439 3443 enim
1464 3389 1840 3456 interpretatur
1857 3392 2050 3444 calvus.

492 3461 683 3513 Calvus
710 3461 851 3514 enim
894 3461 1085 3513 dicitur
1116 3459 1377 3524 Christus,
1412 3461 1462 3511 in
1498 3462 1613 3511 loco
1644 3458 1903 3512 Calvaria:
1930 3477 2053 3513 cru-

491 3532 710 3593 ciﬁxus;
738 3541 790 3583 et
819 3531 906 3584 ﬁlii
932 3529 1128 3583 Christi
1154 3530 1403 3582 dicuntur
1432 3528 1725 3582 imitatores
1768 3531 2050 3595 passionis,

490 3616 617 3669 ergo
646 3602 920 3653 toreularia
952 3611 1074 3652 sunt
1102 3598 1543 3652 Christianorum.
1593 3598 1649 3669 lu
1700 3602 2053 3654 torcularibus

493 3682 692 3735 autem,
735 3673 783 3722 id
814 3680 914 3731 est,
945 3670 997 3723 in
1040 3670 1308 3739 pressaris
1335 3668 1726 3739 constituti,ad
1759 3670 1857 3722 hoc
1890 3672 2055 3723 tribu-

497 3741 685 3804 lautur,
718 3747 770 3793 et
798 3741 861 3793 ad
893 3740 993 3793 hoc
1023 3738 1374 3801 eotiterimur,
1408 3748 1462 3789 ut
1492 3738 1872 3792 obliviscamur
1906 3754 2054 3793 amo-

496 3826 608 3863 rem
656 3810 1067 3872 mundanorum,
1109 3818 1164 3861 et
1208 3808 1539 3876 deponamus
1587 3822 1827 3862 amorem
1875 3822 2052 3863 rerum

493 3889 851 3943 terrenarum,
881 3888 936 3934 et
980 3879 1316 3934 attendamus
1350 3877 1850 3946 peregrinationem,
1886 3880 2054 3933 tribu-

494 3951 765 4013 lationem,
798 3949 1141 4003 tentati0uem
1190 3958 1244 4003 et
1296 3949 1643 4015 multiplicem
1692 3950 1950 4011 laboretn.
2000 3960 2055 4005 et

494 4018 802 4084 incipiamus
823 4034 1058 4087 quaarere
1078 4020 1314 4086 requiem
1336 4032 1453 4085 quae
1476 4034 1579 4071 non
1607 4027 1689 4073 est
1729 4018 1885 4087 hujus
1909 4019 2049 4083 vitm,

498 4090 546 4140 id
574 4098 677 4151 est,
708 4092 938 4155 requiem
970 4090 1083 4141 sine
1111 4092 1215 4141 line
1240 4098 1295 4142 et
1323 4088 1441 4141 sine
1473 4089 1671 4141 labore.
1702 4087 1757 4140 lu
1791 4104 2054 4153 pressurts

494 4173 619 4225 ergo
650 4157 923 4209 constituti
972 4158 1108 4211 hanc
1154 4172 1336 4210 vocem
1366 4160 1610 4222 edamus,
1642 4168 1694 4211 et
1733 4160 2050 4213 desiderium

498 4237 731 4280 nostrum
764 4228 1162 4294 przeniittamus,
1192 4228 1462 4279 dicentes:

573 4297 734 4361 Quam
769 4297 953 4348 dilecta
992 4297 1316 4348 tabernacula
1365 4296 1487 4349 tua!
1530 4295 1744 4349 Domine
1784 4298 2053 4365 virtutum;

495 4366 803 4434 concupiscit
832 4377 880 4418 et
909 4367 1077 4433 deﬁcit
1106 4366 1280 4417 anima
1315 4381 1424 4419 mea
1454 4372 1507 4419 in
1533 4368 1666 4418 atria
1696 4366 1923 4420 Domini.
1954 4369 2054 4424 Cor

492 4453 656 4489 meum
684 4449 729 4489 et
760 4451 879 4489 raro
904 4452 1015 4489 mea
1040 4438 1415 4488 exsultaverunt
1458 4437 1511 4488 in
1543 4434 1707 4489 Deum
1732 4440 1920 4491 vivum.
1951 4442 2052 4492 'l'a-

498 4507 837 4560 bernaculum
865 4506 1159 4574 aliquando
1201 4505 1393 4559 dicitur
1439 4522 1674 4576 pra-setis
1708 4506 1963 4571 Ecclesia,
1994 4520 2049 4564 et

497 4584 731 4645 proprie,
764 4577 885 4645 quia
919 4582 970 4629 in
999 4592 1059 4629 ea
1089 4576 1155 4629 ad
1200 4585 1403 4642 tempus
1436 4576 1719 4640 militatur;
1760 4578 2048 4646 aliquando

495 4651 653 4700 etiam
680 4657 887 4714 ponitur
912 4662 1009 4714 pro
1027 4647 1228 4700 emlesti
1250 4648 1386 4713 aula,
1414 4648 1498 4701 tibi
1525 4646 1639 4699 sine
1665 4648 1770 4700 ﬁne
1795 4649 2048 4703 tnilitatur

495 4726 549 4770 et
572 4716 858 4781 habitatur,
892 4718 1035 4771 velut
1066 4718 1170 4769 hic.
1200 4715 1267 4770 Et
1295 4727 1376 4769 est
1402 4719 1580 4770 dicere
1605 4733 1617 4769 :
1650 4716 1865 4770 Domine
1888 4722 2047 4773 etiam

496 4789 735 4839 virtutum
758 4785 1237 4856 superctelestium,
1270 4797 1361 4856 aut
1398 4787 1657 4851 uirtutum,
1691 4790 1740 4838 id
1769 4799 1871 4851 est,
1896 4804 2049 4843 exer-

495 4860 691 4908 cituum
725 4854 947 4922 per‘vtm
977 4857 1265 4924 agentium.
1300 4854 1648 4910 Tabernacula
1693 4867 1780 4909 tua
1819 4873 2048 4923 superna

494 4940 647 4991 quam
672 4925 890 4979 dilecta!
920 4927 969 4979 id
997 4937 1095 4988 est,
1124 4942 1281 4993 quam
1312 4927 1482 4980 dulcia
1526 4936 1668 4989 sunt,
1701 4936 1752 4979 et
1783 4944 1939 4993 quam
1967 4931 2050 4995 ju-

494 4996 693 5048 cunda!
729 4997 829 5048 Iste
857 4997 947 5063 qui
981 4998 1065 5049 hic
1092 4997 1327 5064 loquitur
1352 4996 1463 5063 jam
1492 5006 1607 5050 erat
1652 4999 1701 5049 in
1732 4997 2046 5063 quibusdam

496 5065 850 5119 tabernaculis
880 5066 1112 5129 Domini,
1141 5066 1229 5119 ubi
1255 5078 1369 5119 erat
1400 5067 1689 5128 tribulatio.
1723 5069 1962 5134 angustia
1994 5078 2050 5121 et

495 5149 777 5201 pressura;
816 5143 871 5187 et
916 5137 1287 5201 desiderabat,
1332 5138 1653 5204 suspirabat,
1688 5144 1743 5189 et
1790 5139 2050 5203 quodam-

494 5206 652 5259 modo
696 5220 791 5274 per
818 5206 1031 5258 carnale
1078 5206 1398 5258 desiderium
1442 5205 1719 5259 dilliuebat
1762 5206 1813 5258 in
1845 5207 1933 5259 illa
1972 5218 2052 5261 ta-

496 5276 804 5339 bernacula,
840 5274 925 5328 ubi
958 5275 1100 5328 nulla
1127 5285 1211 5327 est
1240 5289 1506 5343 pressura.
1542 5276 1606 5328 Et
1635 5277 1752 5328 ideo
1775 5288 2045 5342 sequitur:

492 5348 676 5399 Anima
703 5361 814 5399 mea
841 5346 1169 5410 concupiscit,
1199 5355 1244 5396 et
1272 5345 1690 5408 Concupiscendo
1714 5345 1882 5411 tle/icit
1910 5361 1938 5398 a
1969 5362 2045 5409 se,

496 5425 556 5469 ut
585 5417 823 5482 proﬁciat
844 5417 895 5470 in
927 5426 978 5470 te
1006 5418 1098 5478 ita,
1126 5417 1263 5483 quod
1297 5420 1559 5483 pertingat
1584 5416 1636 5467 in
1670 5415 1757 5467 illa
1786 5418 1918 5467 atria
1947 5415 2049 5469 Ησ-

493 5486 650 5548 ntini;
681 5489 811 5538 atria
836 5487 924 5542 ubi
953 5488 1094 5541 nulla
1117 5495 1198 5538 est
1226 5498 1492 5553 pressura.
1519 5484 1646 5537 Nam
1669 5496 1722 5538 et
1746 5500 1847 5537 uva
1875 5487 2053 5539 deﬁcit

492 5569 521 5607 a
549 5570 604 5608 se
634 5558 684 5607 in
717 5557 968 5609 toreulari
997 5560 1047 5609 iu
1078 5560 1280 5615 vinum,
1307 5556 1373 5606 de
1402 5555 1645 5608 torculari
1680 5557 1731 5606 in
1760 5557 1953 5620 lacum,
1984 5558 2051 5610 de

496 5627 608 5675 lacu
640 5625 691 5676 in
722 5626 1016 5689 cellarium,
1053 5627 1139 5679 ubi
1172 5626 1221 5678 in
1262 5640 1451 5691 magna
1482 5628 1659 5692 quiete
1687 5637 1949 5678 servatur.
1986 5627 2052 5679 Et

497 5692 581 5744 hic
605 5693 952 5763 desideratur,
982 5698 1051 5748 ibi
1077 5696 1312 5760 capitur;
1347 5698 1432 5748 lite
1452 5697 1772 5763 SuSpiratur,
1805 5697 1874 5748 tbi
1906 5696 2049 5749 Ixta-

499 5774 608 5825 tur;
638 5762 720 5815 hic
744 5763 989 5831 gemitur,
1015 5766 1119 5819 illic
1139 5768 1412 5832 gaudetur.

2162 512 2227 551 ne
2255 513 2282 550 a
2316 497 2441 550 feris
2471 502 2549 550 vel
2595 497 2661 550 ab
2690 496 2875 549 avibus
2906 500 3233 555 eomedatur,
3264 495 3343 547 sic
3371 494 3471 550 iste
3512 497 3602 556 qui
3647 496 3739 550 hic

2160 569 2389 636 loquitur
2419 570 2467 618 in
2501 568 2711 620 tristitia
2757 576 2869 619 erat
2915 578 2963 616 et
3012 578 3217 636 magno
3252 566 3465 628 timore,
3498 564 3686 636 dicens
3714 583 3732 620 :

2160 633 2479 707 Concupisrit
2512 648 2560 690 et
2591 638 2779 707 deﬁcit
2804 636 3146 707 anima_mea.
3177 633 3419 707 Nondum
3451 635 3596 688 enim
3629 636 3738 689 ha-

2160 703 2484 774 bebat'quod
2516 705 2876 769 desiderabat,
2912 703 3004 756 sed
3039 715 3221 775 tamen
3244 718 3346 755 n0n
3377 704 3492 756 sine
3533 708 3733 775 gaudio

2160 788 2295 830 erat.
2350 771 2626 832 Gaudebat
2672 777 2813 829 enim
2863 775 2913 826 in
2969 786 3083 841 Spe,
3125 771 3225 826 etsi
3276 776 3510 826 nondum
3538 771 3606 825 'm
3654 790 3736 829 re.

2160 848 2310 901 Sicut
2350 849 2422 899 ait
2454 847 2776 912 Apostolus:
2821 844 2928 907 Spe
2974 843 3271 912 gaudentis,
3316 844 3369 894 in
3413 844 3742 897 tribulatione

2161 919 2430 984 patientes,
2463 932 2579 969 cum
2611 918 2748 967 omni
2780 917 3024 982 patientia
3056 922 3425 982 exspectantes.
3453 913 3737 969 Tolcretur

2163 1003 2392 1054 namque
2436 987 2573 1055 quod
2607 985 2868 1049 ditfertur,
2897 984 3015 1050 quia
3063 997 3183 1037 cum
3236 985 3459 1051 venerit,
3495 1000 3602 1038 non
3634 1000 3735 1038 au-

2163 1056 2347 1109 fertur.

2236 1129 2287 1179 In
2316 1141 2421 1193 quo
2445 1136 2619 1179 autem
2659 1123 2852 1193 gaudio
2882 1133 3044 1187 esset,
3076 1123 3467 1193 subsequentcr
3507 1124 3741 1178 ostendit

2160 1192 2383 1250 dreeus:
2418 1195 2516 1248 Car
2546 1211 2730 1258 nicum,
2763 1196 2810 1247 id
2843 1203 2947 1257 est,
2976 1194 3151 1247 anima
3185 1208 3324 1258 mea,
3364 1192 3486 1260 quia
3526 1194 3636 1261 jam
3682 1195 3735 1247 in

2162 1269 2391 1319 vanitate
2424 1281 2538 1319 eam
2566 1280 2669 1316 non
2697 1265 2920 1332 accipio,
2947 1275 2994 1317 et
3028 1280 3148 1316 caro
3173 1261 3281 1331 jam
3314 1279 3445 1323 mea,
3476 1268 3603 1331 quia
3633 1280 3738 1317 non

2162 1336 2490 1400 concupiscit
2512 1335 2765 1389 adversus
2785 1334 3081 1397 Christum,
3111 1334 3445 1386 attendentes
3473 1336 3734 1399 multipli-

2161 1422 2275 1458 cem
2299 1406 2559 1461 defectum
2583 1420 2755 1466 suum,
2787 1406 3189 1467 exsultaverunt,
3215 1404 3265 1455 id
3294 1413 3395 1465 est,
3416 1404 3738 1456 exsultando

2166 1492 2259 1541 per
2286 1492 2436 1544 spem
2486 1479 2695 1529 iverunt
2736 1475 2787 1526 in
2817 1474 2983 1527 Deum
3026 1476 3210 1535 vivum,
3256 1472 3308 1525 id
3351 1473 3540 1544 est,
3590 1476 3737 1527 illutn

2163 1542 2402 1598 divinum
2450 1545 2687 1598 habitum
2731 1544 3147 1596 immortalitatis
3176 1552 3230 1596 et
3270 1542 3736 1610 impassibilitatis,

2166 1616 2252 1667 ubi
2289 1616 2427 1669 nulla
2460 1616 2695 1676 miseria,
2729 1613 2905 1666 nullus
2934 1615 3198 1675 defectus,
3228 1620 3282 1665 et
3308 1616 3394 1665 ubi
3420 1628 3543 1666 vere
3581 1615 3736 1676 vivit;

2167 1685 2249 1737 hic
2279 1688 2417 1738 enim
2454 1701 2557 1737 non
2605 1699 2727 1737 vere
2770 1682 2919 1747 vivit,
2954 1685 3041 1736 ubi
3074 1698 3173 1736 una
3220 1691 3420 1736 tantum
3466 1682 3597 1735 bora
3641 1700 3737 1737 na-

2161 1756 2365 1818 scendi,
2393 1767 2598 1808 cratera;
2627 1753 2911 1807 moriendi.

2229 1820 2433 1878 Etenim
2473 1841 2647 1894 passer
2674 1825 2856 1876 invenit
2876 1823 2982 1894 sibi
3006 1823 3236 1882 domum,
3266 1833 3309 1873 et
3340 1832 3507 1874 turtur
3534 1823 3729 1885 nidum,

2160 1894 2244 1946 ubi
2276 1906 2430 1963 ponat
2475 1893 2651 1963 pullos
2702 1909 2839 1947 suos.
2875 1893 3088 1946 Duobus
3132 1896 3441 1961 prauitissis,
3487 1894 3592 1946 duo
3630 1897 3732 1947 alia

2161 1966 2335 2018 reddit
2386 1967 2436 2017 iu
2477 1963 2920 2017 similitudinibus
2966 1966 3161 2015 avium.
3210 1965 3272 2014 Et
3328 1964 3562 2015 animam
3608 1966 3737 2017 dicit

2160 2049 2455 2101 passerem,
2488 2046 2787 2100 prapterea,
2813 2034 2934 2100 quia
2964 2049 3146 2102 passer
3168 2034 3388 2101 querula
3420 2034 3535 2086 avis
3556 2043 3660 2099 est,
3687 2048 3736 2089 ct

2159 2119 2309 2157 cauta
2342 2124 2368 2156 a
2402 2103 2625 2172 laqueis,
2657 2114 2710 2157 et
2754 2115 2973 2157 exercet
3002 2119 3058 2155 se
3097 2104 3147 2156 in
3203 2105 3410 2172 pennis.
3441 2102 3505 2155 Et
3549 2107 3725 2156 anima

2158 2190 2276 2241 qua:
2309 2175 2394 2228 liic
2426 2171 2742 2242 ingemiscit,
2769 2174 3092 2227 attendcndo
3119 2171 3382 2225 tristitiam
3408 2184 3459 2227 et
3492 2175 3731 2229 laborem

2162 2247 2626 2313 peregrinationis,
2657 2254 2710 2297 et
2749 2252 2903 2297 cavet
2943 2245 3040 2296 sibi
3081 2258 3111 2296 a
3161 2243 3568 2310 deceptiOuibus
3612 2246 3729 2297 dia-

2156 2315 2293 2379 boli,
2340 2332 2443 2367 non
2489 2314 2877 2381 acquieseeudo
2927 2314 3375 2380 concupiscentiis
3421 2315 3619 2380 carnis,
3673 2326 3730 2369 et

2154 2399 2271 2452 qua:
2296 2397 2509 2440 exercet
2537 2399 2594 2437 se
2624 2384 2674 2437 in
2706 2384 2918 2451 pennis,
2951 2386 3141 2451 quibus
3174 2384 3238 2434 ad
3267 2384 3374 2435 alta
3410 2383 3646 2447 tollatur,
3682 2386 3731 2439 id

2155 2465 2258 2517 est,
2294 2455 2345 2508 in
2396 2453 2678 2507 virtutibus
2727 2454 2882 2522 hujus
2923 2455 3068 2517 vitae,
3097 2453 3323 2520 scilicet,
3357 2452 3408 2506 in
3462 2455 3584 2513 lide,
3613 2469 3725 2521 spe,

2156 2524 2452 2589 charitate;
2505 2524 2833 2591 bujusmodi,
2880 2525 3115 2592 inquam,
3158 2526 3332 2576 anima
3377 2525 3637 2577 avolando
3665 2526 3732 2577 de

2157 2602 2320 2659 terra,
2349 2604 2405 2649 et
2434 2597 2486 2648 in
2516 2595 2830 2648 etnlestibus
2860 2595 3252 2656 conversaudo,
3288 2594 3478 2645 invenit
3518 2594 3615 2645 sibi
3661 2595 3729 2647 ibi

2154 2664 2386 2728 domum,
2417 2665 2468 2717 in
2501 2680 2602 2732 qua
2631 2679 2844 2733 semper
2871 2675 3104 2729 maneat,
3135 2674 3189 2718 et
3211 2677 3424 2717 omnem
3458 2664 3731 2718 miseriam

2155 2747 2307 2787 suam
2340 2734 2506 2786 ﬁniat.

2224 2804 2503 2857 Turturem
2535 2818 2661 2856 vero
2700 2814 2975 2871 comparat
3017 2804 3185 2867 carni,
3214 2805 3338 2873 quia
3381 2804 3518 2858 sicut
3552 2812 3726 2859 turtur

2154 2888 2251 2942 pro
2280 2884 2436 2928 cantu
2485 2878 2742 2941 gemitum
2794 2877 2968 2935 habet.
3013 2877 3082 2927 ita
3130 2876 3195 2926 ad
3244 2888 3457 2927 carnem
3511 2887 3731 2941 propter

2155 2945 2500 3011 multiplicem
2547 2954 2600 2997 et
2650 2944 2913 2997 inﬁnitum
2969 2945 3235 2998 defectum
3284 2960 3438 2996 suum
3492 2947 3721 3010 pertinet

2155 3027 2370 3083 seraper
2419 3015 2789 3085 ingemiscere.
2839 3016 2935 3067 Cui
2982 3025 3171 3085 turturt
3220 3014 3312 3066 dat
3365 3016 3559 3083 pullos,
3606 3019 3729 3084 quia

2154 3090 2329 3137 carnis
2356 3094 2436 3137 est
2465 3084 2625 3153 Opera
2667 3084 3050 3137 misericordia:
3085 3087 3285 3145 facere,
3320 3096 3374 3136 ut
3408 3085 3605 3137 nudum
3640 3103 3731 3138 ve-

2076 3141 2123 3204 C
2156 3156 2305 3217 stire,
2336 3141 2659 3208 esurientem
2701 3168 2942 3222 pascere,
2974 3154 3238 3207 inﬁrmant
3273 3141 3511 3218 visitare,
3541 3165 3595 3208 et
3624 3170 3731 3209 e1:-

2156 3234 2267 3276 tera
2297 3225 2419 3278 talia
2452 3225 2649 3278 facere.
2683 3226 2769 3277 Isti
2809 3237 2987 3277 autem
3037 3224 3165 3293 pulli
3212 3240 3316 3276 non
3348 3240 3729 3294 uSquequaque

2153 3302 2277 3346 sunt
2330 3294 2585 3363 ponendi,
2632 3310 2698 3347 ne
2742 3297 3123 3348 conculeentur
3168 3303 3222 3347 et
3266 3306 3503 3361 pereant,
3535 3296 3631 3348 sed
3674 3300 3729 3349 in

2155 3363 2302 3427 nido,
2334 3364 2382 3416 id
2413 3374 2514 3429 est,
2549 3367 2600 3417 in
2634 3364 2735 3418 ﬁde
2766 3374 2820 3417 et
2857 3365 3111 3419 societate
3140 3365 3418 3417 catholica:
3450 3365 3724 3418 Ecclesize.

2154 3429 2309 3486 Extra
2341 3450 2498 3502 quam
2532 3436 2640 3487 veri
2670 3434 2915 3488 sacriﬁcii
2950 3439 3096 3487 locus
3126 3449 3230 3486 non
3256 3442 3358 3497 est,
3391 3435 3514 3502 quia
3545 3446 3599 3487 et
3629 3450 3721 3502 pa-

2154 3503 2275 3568 gani
2309 3519 2452 3571 sa'pe
2485 3504 2685 3557 l'aciuut
2708 3518 2871 3572 opera
2904 3505 3315 3568 misericordia;
3342 3508 3434 3557 sed
3463 3508 3586 3572 quia
3619 3522 3723 3558 non

2157 3574 2353 3626 habent
2384 3574 2585 3639 nidum,
2618 3574 2736 3628 ideo
2766 3581 3150 3628 concuteautur
3192 3582 3246 3628 et
3284 3586 3512 3641 pereunt
3555 3589 3717 3641 opera

2155 3655 2363 3697 eorum.
2412 3642 2468 3697 In
2518 3644 2677 3712 hujus
2719 3644 2895 3697 carnis
2933 3643 3246 3712 operatricis
3304 3658 3529 3712 persona
3580 3656 3730 3710 ponit

2155 3712 2444 3777 Apostolus
2487 3716 2764 3769 mulierem
2810 3718 3129 3782 quamdam,
3179 3728 3301 3766 cum
3344 3716 3473 3767 dicit
3509 3730 3522 3765 :
3561 3715 3729 3766 Adam

2153 3793 2348 3834 nonest
2374 3785 2632 3849 seductus,
2656 3782 2841 3837 mulier
2865 3794 3033 3835 autem
3063 3801 3095 3836 a
3124 3795 3355 3852 serpente
3382 3785 3591 3836 seducta
3621 3795 3725 3846 est;

2156 3860 2336 3919 postea
2367 3868 2496 3907 vero
2525 3855 2799 3907 consensit
2832 3854 2881 3907 ei
2910 3853 3103 3919 Adam,
3135 3866 3186 3906 et
3216 3854 3467 3907 seductus
3498 3864 3601 3907 est.
3634 3857 3725 3908 Sic

2154 3928 2209 3974 et
2252 3921 2441 3976 mulier
2490 3935 2690 3987 nostra,
2724 3923 2772 3975 id
2806 3935 2911 3985 est,
2966 3938 3092 3976 caro
3142 3932 3344 3985 nostra,
3393 3923 3651 3989 decipitur
3689 3940 3719 3975 a

2154 4002 2423 4059 serpente,
2447 3997 2658 4061 quando
2689 4008 2782 4061 per
2809 3996 3133 4046 incentorcm
3162 3994 3430 4046 diabolum
3454 4007 3718 4046 commota

2157 4062 2483 4127 titillatione,
2526 4080 2644 4131 quae
2676 4068 2725 4116 in
2761 4066 2913 4117 nobis
2942 4073 3045 4128 est,
3074 4064 3307 4116 carnalia
3356 4063 3617 4117 desideria
3664 4076 3716 4117 et

2156 4132 2191 4183 il
2219 4132 2330 4184 ieiti
2380 4142 2555 4187 motus
2602 4136 2900 4202 insurgunt.
2948 4136 3150 4199 Qunbus
3197 4134 3242 4186 si
3288 4149 3438 4187 mens
3483 4142 3539 4187 et
3587 4134 3723 4186 ratio

2153 4206 2505 4266 consenserit,
2531 4217 2659 4257 ecce
2691 4208 2767 4256 vir
2796 4205 2953 4257 etiam
2985 4205 3285 4266 seducitur;
3312 4204 3557 4257 siautem
3590 4206 3723 4255 ratio

2153 4272 2386 4323 carnalia
2436 4275 2701 4328 desideria
2752 4276 3127 4337 refrenaverit,
3179 4281 3233 4326 et
3281 4275 3499 4327 illicitos
3547 4283 3721 4326 motus

2158 4344 2293 4395 bene
2335 4345 2561 4405 rexerit,
2589 4354 2643 4396 et
2672 4359 2891 4397 uxorem
2919 4360 3069 4397 suam
3112 4346 3213 4395 sub
3235 4341 3357 4408 jure
3384 4358 3483 4395 suo
3512 4346 3712 4407 habuit,

2156 4411 2279 4479 quia
2326 4421 2476 4481 caput
2518 4414 2744 4466 mulieris
2787 4416 2883 4475 vir,
2912 4413 3005 4465 viri
3034 4429 3147 4466 vero
3192 4426 3344 4481 caput
3384 4412 3638 4477 Christus,
3666 4425 3721 4465 ut

2082 4490 2129 4551 υ
2155 4481 2229 4533 ait
2258 4483 2565 4547 ApOStolus.
2604 4483 2741 4536 Ecce
2772 4486 2981 4547 mulier,
3009 4484 3058 4536 id
3090 4492 3191 4544 est,
3221 4498 3367 4547 caro,
3402 4485 3584 4548 incipit
3613 4486 3719 4551 pul-

2155 4553 2234 4603 los
2284 4552 2502 4617 habere,
2539 4552 2589 4604 id
2652 4564 2753 4619 est,
2797 4568 2956 4620 Opera
3007 4555 3387 4606 misericordias
3434 4553 3627 4617 facere,
3664 4565 3716 4606 et

2153 4625 2233 4672 sic
2281 4623 2538 4676 salvatur.
2569 4626 2717 4686 Quod
2748 4624 3036 4691 Apostolus
3086 4625 3404 4675 subsecutus
3447 4627 3708 4686 ostendit,

2154 4705 2273 4743 cum
2316 4693 2479 4745 dicit:
2515 4695 2808 4764 Saluabitur
2842 4704 3011 4745 autent
3039 4708 3130 4764 per
3175 4694 3396 4760 ﬁliorum
3438 4696 3720 4761 generatio-

2155 4776 2286 4813 ncm.
2320 4764 2468 4827 Quod
2499 4772 2674 4816 autem
2706 4763 2834 4831 pulli
2869 4764 2941 4815 illi
2971 4763 3075 4815 non
3109 4779 3502 4831 usquequaque,
3532 4765 3627 4815 sed
3665 4765 3715 4815 in

2156 4832 2261 4883 ﬁde
2292 4843 2340 4882 et
2388 4835 2642 4886 societate
2680 4835 2958 4885 catholica:
3004 4838 3253 4885 Eceesuc
3303 4845 3408 4884 sint
3454 4833 3713 4898 ponendi,

2153 4900 2381 4953 ostendit
2412 4916 2533 4955 cum
2565 4902 2697 4954 dicit
2724 4920 2735 4952 :
2766 4903 2827 4955 Si
2863 4902 3245 4965 perseveraverit
3273 4904 3323 4953 in
3358 4902 3459 4966 [ide
3494 4912 3539 4953 et
3585 4905 3716 4953 dile-

2153 4973 2318 5021 ctione
2361 4986 2477 5022 cuin
2536 4972 2824 5025 sobrietate.
2874 4972 2939 5025 Ut
2982 4986 3160 5023 autem
3208 4974 3520 5024 habebimus
3581 4972 3716 5023 unde

2155 5040 2312 5107 pullis
2358 5041 2552 5093 nostris
2601 5043 2779 5094 nidunt
2816 5045 3205 5111 colligercmus,
3255 5043 3509 5093 Dominus
3539 5055 3716 5094 noster

2157 5114 2278 5160 leno
2307 5112 2479 5163 carnis
2522 5111 2737 5164 indutus
2763 5113 2825 5163 ad
2855 5126 2952 5164 nos
2980 5112 3307 5163 descendere
3332 5112 3579 5178 dignatus
3606 5124 3707 5175 est,

2152 5179 2272 5247 quia
2320 5178 2433 5232 lia-c
2468 5189 2549 5233 est
2585 5180 2716 5234 ﬁdes
2746 5196 2891 5245 vera,
2934 5183 3158 5244 scdicet,
3196 5180 3424 5233 Verbum
3472 5182 3713 5235 incarna-

2155 5259 2284 5310 tum,
2319 5264 2554 5315 passum,
2589 5261 2880 5315 mortuum,
2921 5261 2975 5303 et
3015 5252 3407 5313 resuscitatum,
3441 5262 3491 5303 et
3523 5263 3710 5305 czetera

2155 5320 2299 5370 talia.
2330 5318 2387 5371 lu
2419 5335 2517 5387 qua
2554 5320 2653 5372 ﬁde
2687 5321 2814 5388 pulli
2854 5321 3019 5372 nostri
3061 5334 3164 5372 non
3198 5331 3441 5387 pereunt,
3474 5326 3567 5374 sed
3597 5336 3713 5385 pro-

2153 5388 2355 5440 liciuut.
2392 5390 2454 5441 Et
2485 5389 2772 5443 notandum
2820 5391 2958 5458 quiid
3007 5391 3200 5442 auiiute
3249 5401 3463 5459 propter
3496 5404 3709 5442 mancu-

2154 5466 2257 5509 tem
2306 5460 2631 5512 mansionem
2681 5460 2732 5511 in
2773 5464 2911 5512 creto
2958 5463 3170 5511 domum
3220 5467 3341 5522 dat,
3389 5466 3534 5512 carni
3586 5475 3709 5512 vero

2153 5530 2243 5579 dat
2269 5532 2469 5591 nidum,
2497 5530 2585 5597 qui
2613 5530 2676 5581 ad
2710 5541 2915 5595 tempus
2944 5541 3116 5581 tamen
3152 5530 3497 5594 inhabitatur,
3525 5531 3711 5582 deinde

2152 5597 2431 5661 deseritur,
2465 5602 2586 5667 quia
2625 5611 2678 5652 et
2710 5601 2842 5653 ﬁdes
2871 5609 2922 5651 et
2951 5614 3109 5666 opera
3153 5600 3532 5654 misericordia:
3557 5616 3711 5667 quam

2152 5682 2276 5719 caro
2323 5670 2444 5719 facit
2478 5671 2787 5736 temporalia
2820 5676 2961 5722 sunt.
3004 5670 3136 5720 Cum
3167 5671 3309 5721 enim
3348 5672 3557 5722 venerit
3596 5686 3712 5735 διευς

2152 5739 2281 5802 cies,
2323 5740 2513 5805 peribit
2554 5742 2705 5804 ttdcs,
2736 5754 2832 5792 nec
2862 5754 2995 5806 opus
3041 5742 3143 5792 erit
3189 5742 3579 5807 misericordia,
3625 5738 3715 5792 ubi
