4010 6190
270 380 378 434 033

955 382 1019 436 IN
1062 381 1479 438 I‘SALMORl'M
1526 380 1773 435 LIBRUM
1816 381 2175 438 EXEGESIS.
2212 414 2279 424 -—
2320 384 2559 441 PSAIAI.
2607 384 2885 439 LXXXIII.

3426 391 3491 443 93
3506 389 3527 440 ι

270 495 415 547 nulla
444 492 543 566 erit
572 491 807 547 miseria.
844 494 1039 549 Littera
1085 507 1263 549 autem
1313 498 1391 547 sic
1433 496 1637 566 legitur.
1684 495 1844 560 Quasi
1879 500 1923 555 Α
1956 497 2037 547 lex
2070 506 2341 560 peccatum
2386 499 2772 565 demonstrare,
2824 501 2915 555 sed
2964 516 3067 553 non
3098 502 3264 566 potuit
3293 500 3526 566 auferre.

270 566 460 617 dicat:
506 562 640 617 Vere
705 566 879 616 anima
934 580 1050 618 mea
1095 577 1139 618 et
1186 582 1303 617 caro
1355 565 1730 617 exsultaverunt
1794 570 1848 615 in

280 636 445 687 Deum
469 636 653 695 virum,
681 636 803 703 quia
832 637 1009 688 anima
1039 652 1153 688 mea
1186 651 1279 687 eus
1310 652 1502 703 passer,
1535 636 1727 685 invenit
1755 634 1847 686 sibi

273 705 505 770 domum,
539 713 588 757 et
619 718 745 757 caro
783 719 899 757 mea
929 720 1027 759 eus
1070 716 1236 758 turtur
1269 706 1464 757 invenit
1506 704 1601 756 sibi
1651 705 1850 766 nidum,

276 776 364 827 ubi
394 782 602 843 reponat
634 776 801 841 pullos
830 791 965 829 suos.
1004 776 1069 829 Et
1115 776 1287 844 (quasi
1319 773 1483 839 dicat)
1525 789 1855 840 qumcunque

276 861 403 898 caro
432 846 551 897 talis
600 858 703 906 est,
755 846 1082 900 exsultanler
1114 844 1321 898 transiit
1351 847 1400 897 in
1446 845 1611 897 Deum
1652 845 1850 900 vivum.

278 914 378 1039 31ιί
418 915 486 967 sit
532 924 707 968 autem
741 915 899 968 nidus
936 916 1047 981 ille,
1089 917 1157 969 de
1199 931 1306 984 quo
1334 915 1481 978 dicit,
1516 916 1856 984 prosequitur

321 1000 463 1039 nens
495 1001 508 1035 ε

321 1000 463 1039 nens
495 1001 508 1035 Σ

355 1056 551 1107 Altaria
585 1064 692 1114 tua,
731 1055 963 1108 Domine.
1010 1056 1191 1109 Altare
1238 1056 1385 1108 locus
1416 1063 1495 1107 est
1528 1053 1614 1107 ubi
1664 1069 1856 1123 super-

284 1136 552 1191 ponuntur
576 1136 696 1176 vota
731 1138 932 1188 nostra,
987 1136 1041 1177 ut
1074 1125 1181 1177 Deo
1225 1126 1331 1177 sint
1370 1125 1741 1193 acceptabilia.
1796 1126 1859 1178 Et

284 1194 405 1246 ideo
435 1196 616 1247 altaria
648 1207 912 1263 ponuntur
953 1210 1047 1261 pro
1096 1196 1219 1256 lide,
1269 1210 1387 1262 qua:
1418 1197 1466 1247 in
1514 1196 1666 1249 nobis
1700 1195 1861 1251 debet

286 1266 589 1329 przecedere
618 1304 632 1325 ,
697 1274 752 1316 et
798 1279 976 1330 postea
1020 1265 1432 1334 superasdilicari
1485 1266 1616 1317 bona
1673 1280 1856 1330 Opera,

284 1336 520 1398 alioquin
554 1338 752 1403 ingrata
784 1346 837 1388 et
868 1334 1085 1387 inutilia.
1128 1336 1322 1387 Littera
1355 1336 1433 1388 sic
1464 1336 1694 1405 legitur:
1731 1334 1859 1387 Tur-

284 1415 390 1467 tiir,
424 1409 658 1472 inquam,
711 1405 911 1458 invenit
948 1406 1145 1469 nidum,
1201 1406 1400 1459 scilicet
1438 1406 1631 1458 invenit
1672 1406 1860 1459 altaiia

286 1486 400 1540 tua,
437 1476 486 1528 id
512 1485 612 1534 est,
651 1475 807 1528 [idem
841 1485 981 1528 tuam
1007 1485 1058 1529 et
1091 1488 1281 1527 caetera
1312 1476 1668 1528 ecclesiastica
1702 1476 1859 1527 iusti-

292 1556 426 1599 tuta.
471 1549 515 1597 υ
548 1544 784 1608 Domine,
826 1548 983 1597 etiam
1011 1547 1270 1607 virtutum,
1316 1545 1424 1597 Rea:
1470 1561 1609 1597 meus
1635 1556 1679 1595 et
1726 1545 1863 1599 Deus

294 1633 458 1677 meus,
502 1616 549 1668 id
580 1624 682 1677 est,
734 1617 822 1683 qui
874 1631 957 1668 me
990 1616 1149 1682 regis,
1200 1616 1265 1668 ad
1312 1618 1425 1668 lucc
1471 1614 1658 1667 altaria
1708 1616 1860 1671 inve—

294 1688 511 1747 menda,
540 1690 675 1737 sicut
704 1695 756 1738 ει
784 1700 936 1737 creas
965 1702 1069 1737 me.

362 1755 510 1809 Beati
530 1757 616 1823 qui
638 1756 862 1807 habitant
886 1757 935 1806 in
964 1758 1112 1807 domo
1134 1763 1243 1808 tua.
1270 1754 1373 1809 Iste
1402 1754 1488 1821 qui
1519 1752 1603 1805 hic
1632 1753 1865 1823 loquitur

1961 568 2097 632 quod
2134 568 2269 620 idem
2288 570 2570 636 Apostolus
2593 570 2822 623 ostendit
2848 572 3028 624 dicens
3056 589 3065 623 :
3101 571 3374 627 Occasione
3396 576 3526 627 enim

1961 647 2186 705 accepta,
2218 650 2473 706 peccatum
2508 655 2595 710 per
2622 641 2919 693 mandatum
2949 652 3213 710 aperatum
3250 652 3321 695 est
3359 644 3410 697 in
3452 659 3530 696 me

1959 720 2158 778 omnem
2188 708 2669 775 concupiscentiam,
2721 720 2776 764 et
2826 708 3047 778 reliqua.
3096 714 3157 765 Et
3188 713 3255 765 ita
3284 714 3364 767 lex
3416 715 3530 778 qui-

1959 776 2079 826 dem
2111 778 2429 841 producehat
2460 778 2716 840 inﬁrmos,
2772 782 2863 832 sed
2892 776 2997 834 non
3050 784 3273 835 sanabat
3298 796 3412 837 eos.
3435 776 3530 837 'Si-

1961 857 2050 897 cut
2085 856 2138 921 et
2166 847 2399 921 quinque
2430 849 2663 921 porticus
2713 849 2815 901 ill-.e
2846 853 2983 904 circa
3020 853 3340 919 probaticam
3372 852 3531 921 pisci-

1964 932 2085 967 nam
2121 918 2361 971 inliruios
2390 919 2602 985 quidem
2650 918 3029 985 producebant,
3076 922 3165 975 sed
3200 918 3400 975 nullum
3444 936 3532 973 sa-

1964 990 2183 1061 nabant.
2236 988 2383 1061 Aqua
2439 991 2669 1061 quinque
2720 991 3009 1056 porticibus
3052 991 3223 1044 cincta
3274 1001 3357 1045 est
3405 1006 3534 1061 gens

1962 1055 2144 1109 .Iudtea
2197 1060 2429 1126 quinque
2482 1055 2735 1127 legalibus
2779 1060 2926 1112 Iihris
2973 1064 3243 1114 conclusa.
3301 1061 3357 1114 In
3400 1055 3535 1114 hanc

1961 1140 2153 1191 aquam
2186 1128 2541 1180 descendebat
2568 1129 2788 1195 angelus
2821 1131 3023 1183 Domini
3053 1129 3121 1184 de
3150 1132 3307 1195 coelo,
3337 1141 3392 1184 et
3421 1142 3536 1186 tur-

1964 1198 2279 1267 habatcam.
2330 1199 2393 1251 Et
2420 1200 2661 1267 quisquis
2693 1215 2828 1252 unus
2877 1204 3022 1267 prior
3071 1202 3432 1255 descendebat
3480 1202 3533 1254 in

1965 1266 2226 1339 turbatam
2255 1266 2467 1337 aquam,
2493 1266 2796 1323 sanabatur.
2838 1266 3095 1324 Similiter
3124 1272 3325 1338 Angelo
3358 1268 3534 1339 magni

1961 1338 2167 1409 consilii
2200 1340 2555 1392 descendente
2604 1340 2668 1391 de
2711 1340 2892 1406 ccclo,
2940 1355 3105 1405 aqua,
3154 1340 3203 1393 id
3253 1349 3335 1392 est
3384 1338 3531 1409 gens,

1964 1407 2169 1458 turbata
2209 1418 2291 1460 est
2332 1409 2383 1460 in
2417 1418 2642 1470 tantum,
2672 1412 2812 1477 quod
2842 1411 2998 1462 etiam
3043 1410 3330 1476 phrenetici
3362 1407 3533 1465 medi-

1962 1490 2082 1549 Cllttl
2114 1479 2448 1549 occiderunt.
2498 1479 2810 1545 Intelligitur
2835 1490 3009 1532 autent
3045 1497 3136 1548 per
3157 1496 3347 1549 aquam
3391 1484 3535 1534 illam

1967 1547 2227 1618 turbatam
2254 1548 2429 1615 passio
2456 1549 2674 1612 Christi,
2718 1549 3007 1618 quaal‘acta
3038 1547 3115 1603 est
3145 1547 3219 1603 exi
3240 1551 3537 1603 turbatione

1967 1615 2074 1689 illa.
2113 1617 2166 1669 In
2194 1619 2349 1689 cujus
2373 1621 2634 1687 passionis
2674 1615 3023 1673 humilitatem
3054 1624 3096 1672 si
3128 1622 3247 1689 quis
3268 1619 3538 1674 credenda

1973 1685 2316 1760 descenderit
2342 1685 2460 1753 ,‘et
2491 1704 2625 1740 unus
2666 1690 2823 1760 luerit
2865 1704 2967 1741 non
3010 1685 3234 1753 divisus,
3276 1692 3397 1760 quia
3440 1692 3539 1743 Ec-

1973 1757 2135 1809 clesia
2166 1773 2268 1810 non
2302 1759 2456 1810 habet
2479 1760 2733 1820 sclnsma,
2760 1759 2848 1813 ille
2870 1774 2992 1812 vere
3019 1775 3113 1824 per
3146 1757 3321 1825 lilcm‘,
3357 1761 3404 1812 id
3435 1769 3536 1821 est,

290 1828 510 1907 positus
537 1832 584 1879 in
610 1825 892 1907 pressuris,
930 1838 980 1878 et
1004 1828 1279 1907 StiSpirans
1303 1827 1353 1877 in
1387 1825 1475 1876 illa
1500 1825 1861 1907 tabernacula,
1908 1848 1950 1907 Β
1980 1840 2071 1893 per
2091 1828 2311 1907 gratiam
2342 1828 2634 1889 sanabitur,
2661 1830 2809 1907 .quia
2855 1842 2957 1907 non
2988 1841 3189 1907 potest
3220 1830 3393 1907 sanari
3444 1845 3538 1898 per

295 1898 382 1949 ubi
406 1898 544 1949 nulla
563 1898 659 1949 erit
682 1910 944 1962 pressura,
965 1911 1084 1947 cum
1104 1896 1331 1960 quodam
1354 1904 1567 1961 stupore
1581 1896 1875 1948 ctadmira-

299 1968 442 2020 tione
459 1966 614 2020 dicit;
641 1965 782 2018 Beati
806 1982 952 2031 vere,
969 1975 1021 2018 ct
1038 1964 1370 2018 inellabilitcr
1390 1964 1550 2026 beati,
1573 1978 1605 2015 ο
1637 1964 1873 2028 Domine,

300 2048 445 2099 sunt,
466 2052 545 2103 pet
563 2040 822 2103 tingentes
841 2039 890 2089 iu
906 2038 1036 2088 atria
1058 2046 1168 2102 tua,
1188 2036 1275 2088 ubi
1296 2036 1435 2087 nulla
1452 2048 1718 2099 pressura,
1736 2036 1871 2087 nulla

304 2111 541 2160 miseria.
595 2107 659 2160 Et
710 2116 857 2159 notat
905 2108 1167 2175 duplicem
1217 2104 1594 2159 beatitudinem
1639 2105 1870 2170 illorum,

298 2178 522 2243 scilicet,
555 2188 607 2233 ει
632 2180 681 2232 iti
709 2177 952 2233 habendo
977 2176 1106 2233 etin
1139 2175 1364 2242 agendo.
1397 2175 1452 2232 lu
1489 2175 1734 2232 habendo
1757 2176 1874 2247 qui-

300 2250 445 2312 dem,
502 2267 620 2304 cum
653 2252 816 2304 dicit:
852 2251 955 2317 Qui
1004 2250 1232 2303 habitant
1263 2250 1313 2301 in
1359 2250 1511 2301 domo
1557 2260 1643 2300 tua
1682 2262 1871 2318 super-

300 2321 530 2383 cwlrsli,
568 2323 617 2391 in
646 2337 771 2391 qua,
805 2324 1032 2383 sculicet,
1066 2329 1119 2374 et
1149 2322 1355 2373 mansio
1379 2333 1576 2391 interna
1609 2328 1661 2372 et
1692 2320 1872 2372 laetitia

300 2392 421 2443 sine
449 2389 686 2444 tristitia.
738 2393 872 2458 Quia
914 2391 1089 2445 nullus
1117 2390 1187 2443 ibi
1216 2404 1435 2459 pauper,
1485 2389 1658 2442 nullus
1689 2395 1868 2453 miser,

299 2464 475 2514 nullus
502 2468 551 2514 in
580 2477 763 2527 :rmns,
818 2462 993 2515 nullus
1035 2475 1257 2528 egenus,
1306 2461 1539 2529 denique
1573 2461 1744 2513 nullus
1773 2462 1870 2512 nisi

300 2547 507 2584 sinuiua
541 2532 791 2586 felicitate
813 2532 1066 2598 repletus.
1100 2531 1301 2597 Agendi
1336 2545 1463 2583 vero
1490 2530 1870 2583 beatitudinem

297 2614 448 2655 notat
475 2618 595 2656 cum
613 2605 764 2655 dicit:
792 2601 1097 2655 Laudabunt
1118 2609 1163 2653 te
1184 2602 1234 2653 in
1260 2600 1787 2665 sa’culastrculorum,
1820 2601 1870 2654 id

299 2682 403 2734 est.
433 2673 781 2727 :eternalher.
814 2674 891 2726 Ne
916 2673 1129 2725 dubites
1156 2686 1224 2725 ne
1247 2671 1598 2741 possisillum
1632 2670 1868 2735 laudare,

300 2759 457 2802 quem
503 2758 606 2797 non
654 2743 855 2811 poteris
885 2758 987 2795 non
1028 2740 1603 2794 amare.’lnsatiabilis
1633 2752 1715 2793 est
1750 2742 1870 2809 pul-

305 2812 575 2881 chritudo,
606 2823 659 2867 et
690 2816 811 2869 ideo
838 2828 989 2866 amor
1010 2812 1124 2865 sine
1154 2812 1327 2864 tmilio.

383 2879 570 2935 Beatus
591 2886 684 2937 vir.
720 2884 877 2949 Quasi
900 2884 1037 2937 dicat
1064 2898 1077 2933 :
1107 2882 1218 2934 Non
1248 2882 1417 2935 solum
1442 2880 1577 2934 beati
1611 2880 1659 2933 in
1680 2879 1868 2945 patria,

307 2953 402 3007 sed
429 2957 588 3007 etiam
613 2956 749 3007 beati
781 2958 831 3007 in
861 2954 940 3006 via
967 2962 1022 3007 et
1053 2956 1104 3006 in
1136 2952 1338 3004 militia.
1392 2951 1519 3003 Nam
1560 2952 1736 3004 omnis
1785 2949 1871 3002 ille

306 3033 389 3077 est
426 3024 617 3087 beatus,
648 3032 701 3077 et
731 3035 932 3076 tantum
963 3024 1059 3088 vir,
1094 3023 1141 3075 id
1174 3033 1274 3086 est,
1309 3022 1532 3074 viriliter
1555 3034 1737 3089 agi-us,
1769 3018 1869 3072 nisi

304 3095 525 3159 l‘einiua,‘
568 3096 714 3163 cujus
764 3094 1016 3145 auxilium
1045 3103 1118 3145 est
1162 3091 1249 3143 abs
1289 3102 1357 3153 te,
1399 3091 1447 3144 id
1494 3104 1595 3154 εει,
1628 3100 1869 3163 quemtu

304 3166 549 3232 sdjnvas.
590 3162 721 3216 Nam
754 3178 845 3230 per
876 3162 1132 3215 auxilium
1158 3172 1301 3213 tuum
1345 3163 1591 3229 disposuit
1612 3162 1868 3232 ascensio-

302 3250 413 3295 nes,
449 3236 498 3285 id
528 3242 629 3293 est,
660 3235 856 3301 gradus
885 3247 987 3286 non
1011 3235 1342 3300 corporales,
1370 3235 1461 3284 sed
1493 3233 1543 3283 in
1575 3231 1727 3283 corde
1754 3246 1868 3295 suo,

302 3311 352 3357 id
387 3312 487 3367 cst,
513 3302 811 3372 spirituales
838 3319 852 3368 ;
881 3311 934 3356 et
963 3302 1063 3355 hoc
1088 3304 1137 3353 in
1154 3304 1284 3353 valle
1303 3302 1664 3372 lacrymarum,
1692 3302 1742 3354 id
1773 3309 1876 3372 est.

303 3378 359 3427 in
396 3371 640 3440 praesenti
672 3373 796 3437 vita,
844 3387 964 3440 quae
992 3372 1285 3440 lacrymosa
1328 3380 1410 3423 est
1448 3384 1501 3424 et
1543 3371 1756 3424 mis-ra.
1808 3371 1878 3423 lbi

302 3445 447 3497 enim
478 3444 819 3513 lacrymatur,
868 3441 958 3495 ubi
1003 3444 1341 3513 seminatur;
1393 3441 1745 3513 ibiqlaztatur,
1793 3441 1879 3493 ubi

309 3510 605 3582 Colligitur;
642 3514 996 3582 Ascensiones
1023 3512 1140 3564 dico
1179 3511 1228 3562 in
1275 3512 1421 3564 illum
1468 3510 1640 3582 locum
1688 3513 1882 3582 perdu-

311 3581 518 3645 centes,
562 3600 710 3654 quem
744 3585 856 3650 ipse
903 3581 1042 3654 Deus
1084 3582 1275 3654 posuit,
1321 3581 1589 3654 proposuit
1637 3581 1882 3654 omnibus

313 3650 620 3723 petendum.
650 3661 839 3718 Quem,
868 3651 1094 3723 scilicet,
1115 3652 1285 3723 locum
1310 3651 1609 3723 oculusjnon
1630 3650 1773 3723 vidit,
1794 3664 1882 3700 nec

317 3720 460 3776 auras
489 3724 701 3789 audivit,
735 3738 823 3775 nec
842 3726 891 3773 in
920 3737 1008 3774 cor
1035 3722 1254 3773 liomiiiis
1295 3721 1540 3773 ascendit.
1578 3720 1664 3772 Vel
1692 3720 1841 3773 aliter
1865 3735 1880 3773 :

316 3792 581 3862 Disposuit
604 3794 918 3846 assensiones
942 3793 992 3844 in
1009 3793 1160 3862 ualle
1179 3790 1519 3858 larrymarum
1544 3792 1596 3843 in
1617 3790 1750 3862 loco,
1776 3790 1882 3862 sci:

314 3859 456 3925 licet,
488 3865 577 3917 illo
604 3879 753 3933 quem
800 3864 913 3929 ipse
950 3860 1111 3933 lltlser
1152 3861 1310 3913 homo
1357 3859 1756 3933 praevaricando
1785 3859 1882 3933 sibi

307 3936 502 4000 posuit,
557 3930 738 3997 iu'est,
791 3936 931 3986 lecit.
988 3931 1082 3985 Vel
1132 3933 1295 3983 etiam
1340 3946 1486 3997 quem
1537 3930 1676 3984 Deus
1718 3932 1885 3999 posuit

306 4004 463 4069 quasi
493 4004 557 4055 ad
588 4006 815 4057 stadium
845 4002 1113 4067 omnibus,
1138 4002 1361 4064 scnlicet,
1411 4008 1468 4054 tit
1490 4002 1540 4053 in
1569 4015 1634 4054 eo
1662 4014 1782 4069 cum
1814 4000 1885 4051 vi-

308 4068 400 4125 tns
450 4085 502 4127 et
546 4075 912 4141 spiritualibus
955 4072 1183 4124 inimicis
1211 4071 1643 4141 coulligeremus.
1689 4068 1885 4141 Militia

307 4146 446 4195 enim
468 4145 566 4196 vita
584 4140 808 4196 hominis
827 4157 979 4210 super
1002 4154 1207 4193 terram.
1238 4140 1579 4195 Aswnsionis
1599 4149 1752 4194 vocat
1780 4140 1885 4192 vir-

312 4224 455 4266 tutes
485 4217 701 4283 agendae
730 4216 849 4265 vitae
872 4213 1222 4277 necessarias,
1255 4211 1479 4283 scilicet,
1513 4210 1689 4283 (idem,
1709 4223 1883 4283 spem,

310 4280 648 4337 charitaiem.
689 4288 752 4336 lat
783 4286 877 4337 ltus
918 4285 1077 4336 etiam
1107 4294 1333 4348 quatuor
1366 4280 1688 4349 principales
1721 4282 1886 4332 virtu-

312 4366 416 4418 tes,
450 4356 675 4417 scilicet,
727 4354 1083 4422 prudentiam,
1124 4352 1409 4421 justitiam,
1453 4351 1883 4422 temperantiam,

314 4427 705 4489 toi‘iiiudiuem,
730 4421 805 4478 et
848 4439 965 4491 qua:
994 4423 1096 4475 sub
1144 4423 1246 4476 illis
1270 4431 1413 4475 sunt.
1466 4421 1750 4475 Prudentia
1780 4428 1883 4486 εει,

313 4510 418 4562 qua
450 4495 801 4549 discernimus
827 4490 962 4547 inter
984 4493 1178 4547 bonum
1210 4502 1263 4546 et
1290 4490 1486 4545 malum
1511 4509 1524 4557 ;
1550 4492 1755 4560 justitia
1777 4504 1878 4559 εει,

1897 3204 1944 3266 C

1982 1898 2262 1968 porticum,
2298 1899 2401 1951 ide
2436 1910 2475 1961 t,
2527 1913 2620 1965 per
2661 1898 2849 1967 legem.
2898 1899 2960 1951 Et
2987 1898 3105 1952 ideo
3142 1900 3333 1952 dicitur
3373 1905 3540 1968 gratia

1976 1967 2279 2038 sublevaiis,
2319 1983 2476 2034 quam
2518 1968 2739 2035 gratiam
2769 1980 2917 2021 vocat
2954 1967 3394 2035 benedictionem,
3420 1973 3540 2038 quia

1975 2037 2198 2087 Contulit
2241 2040 2433 2089 multas
2463 2039 2711 2089 virtutes.
2766 2040 2868 2089 Alii
2896 2042 3029 2089 enim
3069 2041 3221 2091 datus
3262 2048 3336 2093 est
3380 2037 3543 2092 sermo

1975 2106 2217 2181 siieiiii‘a‘,
2259 2106 2348 2162 alii
2386 2108 2687 2179 praphetiie,
2716 2110 2807 2163 alii
2847 2108 3141 2179 linguarum
3182 2126 3388 2181 genere,
3437 2120 3540 2162 etc.

1978 2175 2051 2230 Iit
2083 2181 2232 2247 (ευ.ιεί
2274 2175 2451 2234 dicat:
2483 2175 2631 2246 Quid
2674 2195 2851 2234 autem
2891 2175 2967 2235 eis
3010 2199 3100 2248 per
3146 2175 3283 2235 illam
3329 2175 3545 2236 lieno-di-

1978 2250 2258 2322 ctioneiu‘l
2308 2252 2660 2322 Alit-spondet:
2715 2251 2935 2305 Multum
2985 2254 3236 2319 quidem,
3277 2254 3398 2322 quia
3451 2268 3545 2322 per

1974 2334 2090 2371 eam
2122 2320 2261 2371 ibunt
2283 2320 2343 2372 de
2372 2324 2555 2373 virtute
2573 2323 2818 2385 actionis,
2852 2337 2970 2389 qua!
3011 2339 3112 2374 non
3158 2334 3239 2374 est
3278 2320 3414 2384 una,
3448 2320 3541 2377 Sed

1977 2392 2273 2455 multiplex,
2309 2400 2363 2443 ut
2392 2408 2546 2457 supra
2588 2392 2783 2445 dictum
2816 2404 2917 2459 ert,
2951 2396 3000 2445 in
3046 2396 3275 2444 virtutem
3303 2404 3544 2446 contem-

1978 2461 2249 2526 plitionts,
2292 2462 2340 2512 id
2388 2471 2506 2525 est,
2553 2477 2719 2530 usque
2767 2461 2833 2514 ad
2878 2462 3341 2529 contemplandum
3381 2464 3541 2516 Chri-

1978 2539 2140 2593 stum,
2178 2530 2266 2598 qui
2291 2542 2372 2583 est
2412 2531 2502 2584 Dei
2533 2531 2697 2583 virtus
2721 2543 2772 2584 ει
2817 2531 2905 2583 Dei
2941 2530 3236 2598 sapientia;
3273 2548 3543 2601 perquam

1975 2615 2131 2669 unam
2164 2609 2437 2661 virtutem,
2477 2602 2607 2653 alias
2649 2603 2790 2654 enim
2833 2601 3053 2654 virtutes
3082 2604 3547 2669 contemplationis

1976 2668 2284 2733 habebunt,
2336 2671 2571 2740 scilicet,
2621 2671 2936 2724 charitatem
2980 2668 3445 2740 perfectissimam,
3491 2683 3549 2725 ut

1976 2740 2299 2793 :rterttalitcr
2359 2739 2524 2793 Deum
2583 2740 2819 2807 laudent,
2880 2750 2932 2794 ct
2973 2739 3442 2805 immortalitatem,
3495 2754 3550 2796 et

1977 2809 2474 2880 impassibilitatem,
2517 2821 2570 2861 et
2612 2811 2803 2865 similia
2831 2854 2844 2874 ,
2893 2822 2945 2865 et
2991 2814 3040 2863 iu
3092 2826 3248 2880 quam
3298 2812 3547 2866 virtutem

1976 2878 2145 2941 ibunt,
2178 2880 2494 2933 determinat
2526 2880 2746 2934 dicens:
2778 2884 2899 2949 quia
2928 2878 3176 2934 videbitur
3205 2882 3258 2933 in
3295 2881 3425 2935 Sion
3456 2899 3547 2935 su-

1980 2949 2283 3016 perctelesti
2325 2950 2459 3003 Deus
2488 2953 2718 3017 deorum,
2761 2953 2811 3005 id
2841 2960 2941 3014 est,
2968 2955 3209 3005 Christus
3230 2952 3552 3005 Christiano-

1973 3033 2113 3074 rum.
2140 3019 2239 3091 Qui
2280 3021 2413 3072 dedit
2436 3024 2507 3074 eis
2529 3031 2824 3083 potestatem
2858 3021 2994 3091 ﬁlios
3034 3020 3127 3075 Dei
3168 3021 3281 3090 ﬁeri
3304 3061 3320 3090 ,
3347 3023 3424 3075 liis
3466 3023 3553 3089 qui

1975 3092 2183 3160 credunt
2211 3090 2262 3141 in
2288 3094 2486 3160 nomine
2502 3093 2632 3160 ejus.

2047 3159 2263 3212 Damiiie
2286 3159 2418 3212 Deus
2446 3159 2703 3215 virtutum.
2734 3160 2839 3215 Iste
2868 3162 2952 3230 qui
2989 3159 3073 3213 hic
3104 3161 3332 3229 loquitur
3365 3176 3429 3214 ex
3471 3176 3555 3216 re-

1978 3231 2288 3284 cordatiOue
2314 3231 2627 3299 gaudiorum
2659 3232 2869 3284 rediens
2890 3230 2956 3283 ad
2982 3246 3073 3282 sua
3103 3234 3402 3295 superiora,
3445 3232 3552 3283 sci-

1982 3300 2105 3353 licet
2143 3303 2207 3351 ad
2241 3302 2547 3370 toreularia,
2592 3304 2717 3370 quia
2770 3300 2902 3354 vidit
2936 3300 3076 3367 quod
3114 3300 3223 3368 jam
3265 3315 3557 3369 praicesse-

1979 3373 2047 3423 rit
2077 3384 2193 3437 spe,
2233 3380 2286 3423 et
2316 3370 2400 3439 ubi
2448 3369 2622 3423 adhuc
2667 3370 2738 3423 sit
2777 3370 2829 3423 in
2857 3385 2945 3439 re,
2993 3378 3048 3422 et
3092 3371 3213 3439 quia
3251 3372 3426 3426 adhuc
3474 3381 3555 3424 est

1982 3448 2192 3508 tempus
2240 3438 2446 3503 orandi,
2489 3439 2721 3492 nonduin
2771 3438 3056 3504 laudandi,
3114 3438 3172 3493 et
3217 3451 3424 3508 tempus
3464 3456 3556 3507 ge-

1982 3510 2180 3569 mendi.
2225 3509 2456 3562 nondum
2504 3508 2790 3578 gaudendi,
2838 3510 2956 3562 ideo
2999 3520 3117 3563 orat
3156 3520 3210 3563 et
3246 3511 3412 3565 dicit:
3444 3509 3557 3564 Do-

1981 3580 2118 3632 mine
2147 3579 2285 3631 Deus
2311 3582 2468 3634 etiam
2501 3591 2765 3644 virtutum,
2798 3580 2983 3632 eraudi
3025 3583 3308 3633 orationem
3355 3596 3556 3644 meam;

1982 3652 2207 3717 jeicipe,
2242 3648 2384 3716 dico,
2415 3649 2573 3702 etiam
2614 3649 2844 3713 auribus,
2878 3651 2927 3703 id
2959 3659 3060 3713 cst,
3096 3653 3163 3703 ita
3203 3666 3319 3704 eam
3350 3650 3557 3715 audias,

1984 3730 2040 3772 ut
2098 3735 2196 3787 per
2244 3718 2490 3773 allectum
2553 3730 2604 3774 te
2662 3720 3143 3788 eamiperccpisse
3202 3722 3560 3775 attentissime

1983 3792 2256 3855 ostendas,
2288 3799 2342 3841 tu
2372 3790 2461 3858 qui
2500 3803 2559 3843 es
2600 3789 2733 3842 Deus
2776 3787 2959 3860 Iacob,
3002 3787 3202 3844 lactens
3239 3790 3307 3845 de
3349 3793 3560 3860 prolici-

1984 3861 2251 3913 scentibus
2296 3861 2688 3925 perVenieutes.
2729 3859 2891 3925 Quasi
2939 3860 3119 3913 dicat:
3150 3860 3268 3924 Tu,
3310 3859 3557 3922 Dmnine,

1984 3934 2072 3997 qui
2102 3930 2276 4000 fecisti
2301 3930 2368 4000 de
2391 3928 2555 3984 Jacob
2601 3928 2783 3993 Israel,
2816 3930 2897 3984 l‘ac
2921 3929 2987 3983 de
3009 3944 3094 3985 me
3134 3932 3560 4000 proﬁciscentem

1988 4008 2046 4051 ut
2075 3999 2280 4053 videam
2308 3998 2470 4053 Deum
2499 4000 2719 4053 deorum
2751 4001 2803 4053 in
2834 4000 2983 4054 Sion.

2058 4069 2327 4139 Protector
2348 4080 2533 4122 noster.
2560 4067 2786 4139 Exaudi,
2811 4071 3046 4139 inquam,
3069 4073 3349 4126 orationem
3373 4086 3558 4135 meam,

1987 4138 2124 4191 Deus
2152 4138 2334 4203 Iacob,
2369 4149 2446 4205 tu,
2489 4139 2634 4205 dico,
2665 4138 2804 4211 Deus
2847 4150 3098 4209 protector
3138 4154 3329 4211 noster,
3363 4146 3413 4196 id
3450 4152 3557 4206 est,

1986 4216 2201 4277 quinos
2246 4214 2298 4263 in
2343 4212 2425 4265 via
2476 4209 2709 4279 protegis
2751 4226 2857 4264 non
2902 4222 3007 4264 tam
3057 4213 3256 4267 lumine
3299 4209 3563 4266 nocturno

1986 4295 2144 4349 quam
2188 4281 2344 4334 etiam
2391 4282 2772 4335 obumhraculo
2814 4281 3029 4337 diurno.
3077 4283 3259 4349 Aspice
3308 4299 3404 4334 nos
3461 4298 3558 4345 per

1989 4351 2428 4417 misericordiam,
2482 4360 2536 4405 et
2579 4353 2667 4420 qui
2704 4353 2850 4419 prius
2878 4353 3174 4419 despexisti
3207 4366 3306 4405 nos
3336 4354 3387 4404 in
3419 4351 3557 4406 facie

1988 4433 2193 4486 nostra,
2222 4423 2416 4491 respice
2446 4421 2497 4473 in
2526 4424 2707 4491 faciem
2739 4421 2927 4475 Curisti
2976 4423 3071 4483 tui,
3122 4422 3173 4473 id
3216 4431 3319 4483 est,
3350 4423 3563 4488 respice

1991 4492 2043 4546 in
2072 4508 2191 4557 nos,
2236 4495 2288 4545 in
2318 4492 2510 4558 quibus
2545 4491 2658 4559 jam
2701 4505 2925 4559 apparet
2955 4492 3117 4545 iacies
3148 4491 3343 4543 Christi
3376 4494 3473 4555 tui,
3506 4502 3565 4544 ut

312 4580 418 4630 qua
448 4567 639 4632 cuique
688 4565 967 4617 tribuimus
996 4563 1133 4630 quod
1164 4562 1444 4628 debemus,
1495 4570 1551 4615 ut
1570 4602 1585 4625 ,
1632 4564 1770 4616 sicut
1807 4564 1881 4614 ait
1908 4565 1959 4624 D
1988 4562 2151 4617 facias
2176 4577 2270 4615 nos
2300 4562 2367 4616 de
2394 4562 2557 4615 Jacob
2587 4562 2769 4627 Israel,
2805 4562 2855 4614 id
2883 4569 2984 4627 est,
3034 4572 3090 4615 ut
3116 4566 3285 4615 simus
3315 4562 3558 4616 videntes

310 4638 602 4702 Apostolus
624 4653 635 4686 :
673 4633 881 4687 Nemini
905 4636 1179 4702 quidquam
1201 4634 1419 4685 debeatis
1442 4633 1542 4684 nisi
1567 4648 1651 4684 vos
1672 4633 1882 4684 invicem

310 4708 576 4773 diligatis;
627 4707 975 4774 temperantia
1005 4714 1105 4769 est,
1157 4718 1257 4771 qua
1293 4702 1883 4774 libidinemet’oinnes

311 4772 557 4828 carnales
583 4772 1040 4843 concupiscendus
1064 4774 1430 4843 relreuamus;
1466 4772 1722 4824 fortitudo
1752 4785 1882 4824 vero

310 4858 415 4909 cst,
449 4862 550 4913 qua
573 4842 801 4899 ads‘eisa
848 4848 1160 4898 tolerantur.
1191 4842 1255 4894 Et
1288 4842 1366 4895 ha:
1385 4846 1616 4913 virtutes
1647 4855 1883 4907 prasen-

310 4919 380 4969 tis
413 4912 614 4969 tantum
647 4926 769 4969 sunt
798 4916 939 4977 vitas,
991 4931 1092 4967 non
1125 4917 1334 4965 loturae.
1380 4912 1494 4966 Non
1527 4912 1885 4978 iudigebimus

313 4989 617 5054 prudentia,
670 4987 757 5040 ubi
811 4986 955 5037 nulla
1003 4986 1337 5037 incurrerunt
1385 4986 1560 5043 mala;
1610 4998 1779 5049 neque
1804 4980 1889 5054 jus

310 5053 499 5123 stitia,
551 5058 637 5111 ubi
689 5054 815 5109 nihil
867 5060 921 5107 lit
963 5054 1197 5123 injuste;
1258 5068 1357 5105 nec
1409 5062 1761 5123 temperantia
1808 5053 1890 5104 vel

312 5122 671 5193 turtiiudiue,
730 5127 818 5180 ubi
868 5122 1300 5193 concupiscentia
1351 5126 1535 5187 nulla,
1583 5122 1886 5177 adversus

313 5200 481 5249 nulla.

385 5265 593 5319 Etenim
618 5266 1031 5319 benedictionem.
1078 5265 1321 5320 Ostendit
1342 5261 1610 5333 quomodo
1632 5263 1721 5318 ille
1740 5263 1894 5332 cujus

316 5350 401 5389 νει
439 5338 697 5389 auxilium
724 5354 751 5389 a
784 5337 1006 5389 Domino
1034 5337 1318 5405 disponere
1338 5335 1590 5404 potuerit,
1620 5348 1895 5389 asceusro-

317 5423 414 5460 ncs
444 5408 665 5471 scilicet,
721 5410 841 5476 quia
890 5408 1101 5473 adjutus
1130 5418 1211 5461 est
1260 5422 1290 5459 a
1333 5406 1652 5460 sublevante
1699 5414 1890 5476 grata.

315 5480 554 5547 Namque
586 5480 718 5531 lator
744 5475 871 5548 legis
898 5479 1036 5531 dabit
1066 5476 1482 5542 benedictionem,
1518 5476 1752 5548 hocest,
1791 5475 1865 5526 Do

318 5546 519 5614 "unus,
552 5565 638 5616 qui
671 5546 818 5602 dedit
858 5552 1026 5617 legem
1060 5550 1469 5617 deprimeiitem,
1522 5546 1668 5599 dabit
1697 5558 1747 5599 et
1771 5560 1893 5617 gra-

317 5620 448 5672 tiam
476 5621 860 5672 sublevantcm.
898 5616 1004 5672 Lex
1042 5616 1159 5672 ideo
1189 5618 1385 5672 dicitur
1412 5617 1741 5683 deprimens,
1773 5616 1892 5682 quia

318 5705 424 5742 non
455 5694 623 5756 potuit
672 5694 896 5753 salvare,
946 5692 1036 5741 sed
1070 5701 1281 5757 peccata
1337 5696 1539 5739 tantum
1591 5687 1898 5738 ostendere.

318 5758 474 5815 Unde
501 5762 572 5812 ait
605 5763 919 5828 Apostolus:
962 5759 1020 5813 Si
1048 5762 1181 5810 enim
1217 5761 1339 5810 data
1361 5766 1489 5809 esset
1520 5758 1623 5822 lex,
1652 5770 1763 5821 qua:
1783 5772 1896 5822 pos-

318 5843 391 5884 set
428 5832 703 5898 viri/icore,
729 5846 839 5884 vere
868 5846 927 5883 ex
958 5832 1064 5899 lege
1093 5839 1218 5884 esset
1251 5829 1478 5898 justitia.
1538 5828 1713 5881 Potuit
1742 5828 1900 5879 etiam

1987 4633 2155 4686 Deum
2186 4635 2406 4686 deorum
2434 4632 2485 4685 in
2516 4632 2664 4687 Sion.

2058 4703 2190 4767 Quia
2230 4704 2409 4755 melior
2436 4713 2506 4755 est
2552 4705 2660 4755 dies
2703 4716 2857 4755 unus.
2904 4700 3028 4755 Ideo
3070 4716 3168 4755 oro
3201 4710 3260 4755 ut
3301 4700 3463 4755 iacias
3494 4701 3565 4755 de

1986 4772 2150 4827 Jacoh
2173 4774 2371 4836 Israel;
2419 4775 2537 4840 quia
2574 4775 2683 4826 dies
2724 4787 2841 4839 quae
2862 4785 3079 4840 semper
3106 4785 3187 4826 est
3212 4787 3318 4825 una
3340 4772 3394 4823 in
3418 4775 3566 4825 atriis

1988 4844 2093 4895 tuis
2148 4842 2643 4909 superccelestibus,
2690 4843 2826 4908 dies,
2870 4842 3091 4908 scilicet,
3138 4843 3253 4897 sine
3294 4844 3418 4906 line,
3441 4846 3565 4910 quia

1989 4916 2104 4966 sine
2151 4923 2270 4968 ortu
2303 4924 2356 4967 et
2382 4928 2603 4976 occasu,
2651 4928 2768 4981 qua:
2801 4928 2898 4967 nec
2928 4915 3242 4981 prteceditur
3291 4915 3563 4973 hesterna,

1991 4994 2211 5053 urgetur
2254 4985 2508 5050 crastina,
2551 4991 2625 5036 est
2680 4983 2856 5035 melior
2898 4999 3051 5051 super
3100 4984 3286 5046 millia,
3345 4983 3399 5037 id
3447 4996 3566 5047 est,

1993 5054 2151 5121 longe
2197 5054 2315 5120 plus
2353 5067 2510 5121 quam
2552 5053 2713 5105 multa
2768 5053 2927 5106 millia
2976 5056 3182 5108 dierum
3234 5063 3562 5108 nostrorum.

1996 5129 2267 5192 Appetuut
2299 5124 2476 5176 miseri
2504 5123 2748 5175 homines
2772 5125 2937 5177 millia
2965 5124 3563 5179 dierum:contemnant

1995 5195 2156 5246 millia
2178 5195 2408 5255 dierum,
2434 5201 2489 5245 et
2515 5202 2768 5259 appetant
2792 5209 2948 5247 unam
2980 5196 3142 5259 diem,
3174 5198 3295 5263 quia
3325 5208 3430 5245 una
3459 5195 3567 5246 dies

2000 5264 2181 5317 melior
2204 5273 2275 5315 est
2304 5266 2481 5316 multis
2502 5263 2732 5316 millibus
2752 5265 2979 5317 dierum.

2070 5333 2216 5404 Etegi
2239 5334 2461 5401 abjectus
2484 5349 2610 5386 esse.
2638 5336 2697 5386 Et
2721 5339 2836 5403 quia
2866 5334 3099 5404 unardies
3124 5332 3302 5386 melior
3322 5341 3421 5397 est,
3450 5331 3572 5386 ideo

2001 5414 2057 5456 ut
2088 5403 2442 5473 pertingerem
2484 5407 2548 5457 ad
2586 5404 2729 5456 illam
2768 5419 2924 5456 unam
2956 5403 3122 5465 diem,
3164 5404 3292 5472 elegi
3320 5404 3570 5471 abjectut,

2001 5477 2051 5527 id
2082 5485 2183 5539 est,
2216 5475 2428 5527 Inimtlis
2456 5482 2511 5527 et
2540 5474 2819 5542 despectus
2842 5488 2948 5526 esse
2974 5476 3027 5525 in
3058 5476 3209 5526 domo
3250 5475 3345 5526 Dei
3372 5475 3489 5540 mei,
3522 5474 3571 5527 id

2001 5554 2102 5607 est,
2152 5546 2202 5597 in
2253 5545 2498 5612 praisenti
2552 5546 2804 5605 Ecclesia,
2857 5558 2974 5611 quin
3017 5544 3212 5597 dicitur
3265 5546 3427 5598 etiam
3479 5560 3570 5611 per

2002 5616 2177 5669 simile
2208 5619 2345 5669 sicut
2371 5626 2423 5667 et
2452 5613 2872 5685 tabernaculum,
2920 5616 3081 5685 magis
3126 5630 3280 5683 quam
3320 5616 3570 5678 habitare,

2006 5688 2053 5736 id
2088 5696 2187 5743 est.
2222 5701 2381 5753 quam
2428 5685 2627 5739 divitiis
2665 5684 2958 5748 abundare,
2988 5684 3042 5738 et
3069 5702 3295 5754 regnare
3323 5688 3374 5738 in
3407 5686 3574 5737 taber-

2004 5757 2226 5819 naculis,
2264 5758 2310 5808 id
2341 5766 2443 5818 est,
2474 5756 2526 5808 in
2556 5754 2798 5809 satietate
2833 5765 3172 5821 peccatorum,
3215 5758 3374 5810 etiam
3415 5757 3457 5808 si
3506 5755 3573 5806 ihi

2008 5841 2216 5893 possem
2250 5825 2512 5894 habitare,
2545 5825 2593 5879 id
2622 5836 2725 5891 est,
2758 5836 3016 5894 perpetuo
3046 5843 3281 5881 manere.
3315 5826 3577 5881 Ιιιιε-Ιιελιι
