4010 6190
483 377 586 432 9-55

933 374 1131 429 ΒΕΟΑΞ
1178 370 1621 426 VENI‘LRABILIS
1660 368 1807 422 Ol‘P.
1857 365 2029 420 PAllS
2070 365 2130 416 ll.
2173 363 2363 417 SEtL'l‘.
2409 362 2470 416 ll.
2512 392 2581 402 —
2623 361 2820 415 DUBIA
2869 360 2952 412 ΕΤ
2992 359 3259 412 SPURIA.

3618 361 3728 412 936

485 486 584 538 ista
611 485 698 552 qni
725 482 811 535 hic
836 483 1067 544 loquitur
1100 479 1236 553 istud
1268 479 1487 553 quodin
1507 477 1800 553 _Evangclio
1829 475 2045 553 legitiir,
2078 477 2123 533 Α
2154 482 2430 553 seruiium
2470 473 2759 553 phrenetici
2785 471 2951 553 Judaei
2985 472 3130 524 illum
3161 471 3369 552 calvum
3389 474 3490 553 _qui
3521 475 3570 528 in
3601 475 3730 528 loco

485 555 606 622 quia
630 543 802 622 omnis
837 557 921 622 qui
950 566 1002 602 se
1027 543 1624 622 caditatIi'umiliabitur,
1667 543 1713 599 et
1750 551 1837 614 qui
1866 563 1918 622 se
1952 543 2046 594 ltit-

488 615 648 676 miliat
674 620 998 675 exaltabitur.
1054 619 1117 670 Et
1158 618 1288 670 vidit
1331 619 1678 671 humilitatem
1722 615 2045 683 pra'cipiiuin

487 702 544 747 et
571 692 880 745 altissimum
920 691 1138 756 gradum
1170 688 1486 741 ascendendi
1509 687 1573 740 ad
1602 701 1807 740 summa
1837 684 2038 756 divina,

485 761 774 832 quiaalitei
813 760 862 811 in
893 755 1192 832 diviiiiscst
1224 773 1379 832 quani
1427 759 1478 810 in
1519 755 1784 832 humanis.
1831 755 1885 808 lu
1935 755 2041 804 hu-

488 825 656 884 manis
685 831 880 897 quippe
908 828 1146 894 quisquis
1179 829 1287 880 vult
1317 829 1380 878 ad
1415 831 1516 878 alta
1547 825 1854 887 ascendere,
1887 839 2048 889 opor-

490 910 566 956 tet
591 908 646 952 iit.
674 913 777 952 non
804 899 1080 966 deprimat,
1107 901 1197 950 sed
1227 897 1450 950 extollat
1479 911 1536 950 se
1561 905 1812 964 quantum
1845 902 2044 966 potest;

486 971 539 1022 in
567 968 760 1023 divinis
783 962 908 1021 vero
930 979 1180 1036 quantum
1204 981 1424 1036 quisque
1453 962 1784 1036 humiliorem
1813 979 1872 1017 se
1898 962 2043 1036 facit,

489 1050 635 1092 tanto
665 1038 830 1106 magis
859 1037 924 1090 ad
949 1031 1058 1089 alta
1092 1031 1316 1099 prolicit.
1340 1031 1432 1088 ⁷Ει
1469 1040 1592 1103 quia
1626 1036 1724 1088 hoc
1761 1035 1860 1086 iste
1881 1031 2043 1106 vidit,

488 1110 606 1162 ideo
639 1103 926 1171 humiliari,
958 1117 1009 1158 et
1039 1105 1191 1174 abjici
1221 1107 1378 1174 elegit
1429 1117 1600 1170 potius
1638 1120 1814 1174 quani
1847 1103 2044 1174 aliquid

489 1179 809 1232 mundanum
839 1193 856 1240 ;
886 1172 1115 1228 liuinilia'
1129 1178 1267 1227 enim
1301 1172 1350 1227 iii
1381 1185 1451 1232 te.
1478 1187 1528 1226 et
1557 1172 1696 1228 dicet
1727 1172 1816 1226 tibi
1846 1173 1932 1225 ille
1959 1172 2045 1239 qui

489 1258 538 1302 te
570 1248 800 1301 invitavit
830 1263 843 1298 :
868 1247 1060 1308 Amice,
1099 1246 1312 1298 ascende
1340 1247 1590 1313 superius.

561 1318 692 1381 Quia
717 1317 1109 1368 misericordiam
1134 1327 1180 1367 et
1209 1316 1486 1368 raritatem.
1519 1315 1636 1368 Ideo
1670 1314 1799 1382 elegi
1821 1327 1919 1381 ego
1943 1328 2048 1365 esse

484 1388 731 1467 abjrctus,
763 1387 880 1467 quia
906 1387 1037 1467 Deus
1065 1386 1231 1467 diligit
1260 1387 1385 1467 dare
1414 1385 1632 1464 alijvctis
1751 1385 2043 1463 linniilihiis

489 1451 886 1510 misericordiam
915 1465 958 1507 et
987 1451 1264 1507 veritatem.
1308 1455 1371 1507 Et
1402 1457 1570 1520 primo
1601 1455 1810 1523 quidem
1843 1451 2047 1504 misi-ri-

491 1528 726 1580 coultarn
775 1527 864 1577 dat
917 1537 1127 1593 peceata
1180 1525 1531 1586 remittendo,
1589 1525 1862 1577 veritatem
1923 1536 2047 1574 vero

488 1597 633 1648 dabit
655 1597 704 1648 iii
729 1598 1173 1658 remuneratione,
1193 1596 1424 1663 quando,
1446 1596 1670 1660 scilicet,
1695 1593 2044 1663 credentibus

491 1681 608 1732 qua:
638 1665 876 1730 ιιΓΟιιτῘδὶῑ
903 1667 1101 1718 reddet.
1132 1661 1280 1729 Quod
1314 1673 1488 1716 autem
1537 1664 1635 1717 hoc
1674 1665 1861 1716 ordine
1891 1661 2046 1732 inise-

491 1731 719 1788 ricordia
757 1744 809 1788 et
847 1739 1036 1787 veritas
1082 1735 1384 1799 accipienda
1425 1745 1514 1794 sit,
1559 1733 1844 1800 Apostolus
1891 1731 1942 1782 iii
1987 1747 2045 1784 se

493 1807 606 1871 ipso
636 1806 865 1858 ostendit
906 1805 1129 1882 dicens:
1164 1802 1272 1872 Ego
1301 1804 1384 1882 qui
1417 1804 1557 1882 prius
1584 1804 1679 1882 “fui
1725 1802 2043 1882 blasphemus
2082 1825 2122 1881 Β

489 1887 534 1927 et
587 1885 891 1942 persecutor,
945 1875 1246 1940 injuriosus,
1302 1873 1697 1924 misericordiam
1731 1880 2044 1942 _rousecutits

492 1939 640 1997 sum:
667 1954 719 1996 ut
743 1946 790 1995 in
816 1960 893 1994 me
928 1939 1091 2010 primo
1128 1946 1403 1995 ostenderet
1445 1943 1693 1994 Dominus
1715 1940 1863 1994 Iesus
1899 1939 2047 1994 C/iri-

491 2024 598 2066 stus
629 2031 823 2068 omnem
856 2013 1286 2081 longanimitatem
1327 2013 1380 2064 in
1427 2029 1511 2064 eos
1549 2015 1633 2079 qui
1664 2013 1904 2062 credituri
1935 2022 2050 2062 sunt

491 2085 538 2136 ei
564 2085 614 2135 in
643 2086 797 2136 vitam
842 2092 1096 2135 aeternam.
1144 2081 1270 2145 Quis
1311 2097 1436 2152 ergo
1479 2081 1683 2134 dubitet
1722 2097 2050 2149 qiiiecunquc

495 2168 705 2222 peccata
747 2154 845 2207 sibi
900 2167 1054 2219 posse
1095 2152 1311 2222 remitti,
1334 2169 1470 2222 cum
1503 2161 1645 2204 tanta
1678 2157 1878 2205 scelera
1909 2157 2050 2218 Apo-

489 2221 628 2276 Stolo
667 2225 839 2275 videat
880 2236 1000 2277 esse
1045 2221 1299 2275 remissa?
1329 2221 1513 2276 Postea
1545 2236 1670 2273 vero
1700 2227 1799 2281 "iam
1826 2222 2047 2288 propiu-

492 2307 628 2362 quiis
656 2292 887 2361 passioni
913 2293 1045 2345 dixit
1071 2313 1081 2344 ι
1108 2291 1308 2344 Bonum
1334 2301 1585 2346 certamen
1616 2292 1820 2356 certavi,
1843 2307 2050 2343 cursum

493 2367 856 2427 consummari,
900 2363 1053 2429 ﬁdem
1108 2363 1318 2415 servavi.
1370 2362 1436 2414 In
1482 2365 1673 2432 reliquo
1721 2378 1809 2432 rep
1828 2363 1937 2413 .sita
1977 2371 2051 2413 est

495 2435 617 2485 milii
658 2450 843 2486 corona
864 2434 1099 2502 juistitice,
1130 2449 1283 2499 quam
1328 2433 1504 2484 reddet
1546 2431 1667 2483 milii
1711 2431 1954 2483 Dominus
1999 2433 2052 2483 in

497 2503 588 2555 illa
612 2504 693 2556 die
708 2501 874 2572 justus
903 2501 1091 2554 Iudex.
1127 2502 1286 2565 Quasi
1313 2502 1455 2555 dicat
1484 2521 1494 2552 :
1525 2503 1672 2555 Dedit
1697 2502 1805 2570 jam
1840 2502 2048 2552 miscri-

498 2574 758 2635 cordiaiu,
807 2573 992 2625 reddet
1018 2581 1070 2624 et
1096 2586 1369 2636 coionain,
1415 2572 1536 2638 quia
1579 2577 1728 2622 dator
1764 2580 1846 2623 est
1877 2573 2046 2622 indul-

534 2644 716 2706 entiai,
747 2642 956 2694 debitor
988 2656 1113 2694 vero
1136 2656 1366 2694 Cornum.
1411 2641 1524 2693 Non
1554 2640 1693 2708 quod
1736 2641 1928 2707 aliquid
1960 2643 2053 2692 de-

541 2721 642 2772 eat,
686 2711 778 2764 sed
811 2709 928 2778 quia
961 2711 1072 2778 ipse
1101 2712 1457 2777 promittendo
1487 2710 1781 2764 debitorem
1813 2727 1870 2762 sc
1903 2712 2047 2762 fecit.

498 2782 560 2832 Et
588 2796 712 2834 vere
741 2780 914 2849 (quasi
940 2780 1102 2848 dicat)
1132 2780 1298 2849 diligit
1328 2780 1462 2833 Deus
1493 2784 1748 2832 veritatem
1779 2780 1906 2833 dare
1932 2789 2050 2831 tan-

495 2855 640 2911 dem,
671 2850 790 2918 quia
824 2861 940 2918 post
977 2851 1152 2903 datam
1187 2850 1603 2904 misericordiam
1637 2851 1775 2902 dabit
1809 2855 2047 2919 gratiam,

493 2920 549 2972 id
578 2928 682 2983 est,
719 2922 1163 2988 perseverantiam
1188 2937 1202 2983 ;
1231 2929 1286 2974 et
1307 2923 1382 2974 sic
1405 2929 1614 2973 tandem
1643 2920 1787 2973 dabit
1810 2923 2050 2988 gloriam,

496 3003 772 3054 coronam,
806 2990 1254 3042 immortalitatem
1283 3000 1337 3042 et
1361 2989 1858 3058 inipassibilitatein.

571 3058 691 3112 Non
730 3059 942 3125 privabit
979 3059 1122 3112 bonis
1161 3073 1265 3112 eos.
1301 3059 1433 3113 Vere
1477 3059 1615 3112 dabit
1653 3058 1887 3128 gloriam,
1930 3061 2051 3127 quia

496 3143 598 3181 non
629 3130 842 3194 privabit
881 3145 908 3180 a
955 3132 1094 3181 veris
1123 3129 1284 3193 bonis,
1315 3131 1422 3182 imo
1451 3130 1814 3198 multipliciter
1864 3131 2054 3182 ditahit

495 3213 579 3269 eos
617 3199 778 3261 Drus,
819 3199 904 3268 qui
934 3199 1215 3264 ambulant,
1258 3201 1309 3254 id
1351 3209 1451 3265 est,
1484 3201 1570 3266 qui
1604 3202 1654 3253 in
1687 3202 1928 3269 piicseuti
1957 3201 2049 3254 dc-

498 3268 781 3328 lectantiir,
835 3279 887 3322 et
938 3279 1129 3336 sponte
1168 3283 1262 3324 sua
1292 3281 1415 3323 sunt
1463 3271 1514 3322 in
1560 3268 1862 3323 innocentia.
1921 3270 2053 3323 Vera

500 3338 638 3391 cnim
667 3339 964 3393 innocentia
997 3349 1099 3403 est,
1130 3353 1246 3408 qua!
1278 3354 1375 3392 nec
1405 3339 1504 3392 sibi
1540 3350 1712 3403 nocct,
1747 3355 1843 3392 nec
1875 3341 2049 3392 alteri.

498 3408 562 3478 _Et
593 3411 711 3478 quia
745 3413 875 3462 bona
910 3410 995 3462 illa
1029 3409 1414 3477 inexplicabilia
1445 3420 1638 3463 suntet
1659 3411 2052 3474 inenarrahiha,

495 3476 620 3531 ideo
646 3494 762 3531 cum
792 3492 1009 3546 stUpore
1043 3492 1094 3531 et
1136 3476 1483 3533 admiratione
1509 3482 1808 3533 exclamat:
1844 3481 2057 3532 Domine

496 3550 756 3612 virtutum,
788 3550 962 3602 beatus
991 3564 1110 3602 tere
1135 3560 1188 3604 et
1215 3551 1656 3617 iiiexplicabiliter
1685 3560 1768 3603 est
1793 3550 1941 3601 homo
1967 3552 2059 3603 ille

489 3619 575 3682 qui
604 3630 768 3687 sperat
795 3621 846 3671 in
883 3630 947 3682 te,
1000 3618 1048 3672 id
1079 3630 1180 3682 est,
1228 3620 1318 3688 qui
1375 3621 1553 3686 abjicit
1595 3629 1648 3674 et
1689 3621 1930 3672 humiliat
1976 3636 2055 3680 se,

496 3699 660 3739 tciaiii
691 3703 839 3757 spem
865 3704 1012 3741 suam
1045 3700 1098 3743 et
1128 3702 1339 3742 omnem
1369 3689 1603 3742 laborem
1627 3706 1779 3744 suum
1813 3691 2058 3758 ponendo

493 3771 544 3810 η’
573 3766 643 3812 ιδ’
899 3827 963 3882 IN
1005 3827 1327 3884 PSALMUM
1365 3827 1646 3883 Lxxxw.

752 3915 804 3969 lii
835 3917 994 3972 linem
1033 3919 1154 3972 liliis
1184 3917 1318 3971 Core
1347 3920 1580 3983 psalmus
1615 3919 1795 3974 David.

1118 4004 1489 4043 ARGUHENTIIM.

564 4076 644 4148 Et»
680 4077 762 4130 hic
813 4093 1025 4145 quoque
1078 4080 1279 4132 reditus
1319 4079 1469 4147 quasi
1512 4094 1576 4133 ex
1627 4094 1848 4147 persona
1899 4080 2062 4148 ipsius

490 4146 691 4213 pepuli,
739 4162 932 4212 rogans
957 4157 1014 4200 ut
1039 4149 1211 4201 edicta
1249 4146 1448 4217 regalia
1490 4150 1558 4202 de
1609 4146 2062 4216 γένυι-διωκάθειν-

494 4217 717 4269 tivoruni
766 4217 959 4279 divina:
1003 4217 1186 4285 gratia:
1217 4223 1532 4270 accensioue
1565 4222 1861 4273 liruieiitur.
1895 4224 2063 4274 Aliter

489 4301 589 4338 vos
618 4286 913 4353 apostolica
945 4293 1010 4338 ad
1037 4289 1304 4339 novellum
1339 4300 1608 4352 popinam.

1112 4380 1455 4419 εκΡιΑΝΛτιυ.

564 4443 661 4495 llic
708 4447 932 4512 psalmus
973 4445 1034 4497 de
1071 4445 1236 4511 primo
1280 4445 1563 4499 Saluatoris
1595 4448 1809 4502 adventu
1833 4448 2057 4512 locutus,

2079 3173 2126 3233 C

2153 542 2411 595 Calvariai
2450 543 2736 596 crucilisiis
2764 551 2863 595 est.
2890 540 2997 596 Nos
3021 555 3195 595 autem
3227 545 3269 594 si
3304 542 3354 593 in
3388 545 3560 610 ipsum
3604 562 3729 597 cre-

2151 612 2347 677 dimus,
2381 613 2469 664 lilii
2511 615 2626 679 ejus
2673 626 2875 665 sumtis.
2907 611 3067 665 Nobis
3113 622 3290 663 autem
3337 612 3580 666 Psalinus
3622 614 3730 670 i~tc

2150 691 2414 752 cantatur,
2451 683 2538 749 qui
2573 683 2969 752 inseriturﬁliliis
3000 682 3158 735 Core.
3192 681 3309 734 Filii
3341 684 3483 752 enim
3517 689 3727 752 sponsi,

2152 751 2202 804 id
2241 760 2343 813 est,
2383 753 2517 805 calvi
2559 765 2760 806 sumus.
2816 751 2914 804 Ille
2941 753 3138 819 quippe
3184 768 3411 819 sponsus
3436 751 3729 820 jam’dedit

2153 835 2366 888 Sponsa:
2396 836 2504 874 sua:
2536 821 2770 881 arrliam,
2806 822 3031 883 scilicet,
3060 821 3372 889 sanguinein
3405 837 3580 883 suum,
3614 840 3728 890 quo

2151 905 2248 942 nos
2272 891 2519 956 redemit,
2540 901 2592 943 et
2628 890 2878 956 Spiritum
2899 901 3164 957 sanctum,
3188 908 3292 959 quo
3312 907 3408 945 nos
3430 894 3693 960 Iocupleta
3709 924 3727 934 -

2149 963 2242 1025 vit,
2283 963 2492 1013 interim
2532 962 2582 1012 in
2619 961 2715 1013 hac
2755 961 3176 1028 peregrinatione
3222 963 3394 1015 adhuc
3437 977 3729 1016 reservans

2151 1030 2306 1083 nobis
2333 1031 2570 1084 occultas
2598 1031 2809 1102 divitias
2832 1046 2979 1086 suas.
3023 1029 3214 1084 (laniat
3239 1042 3418 1085 autem
3459 1031 3725 1102 Pi-Oplieta

2151 1109 2400 1168 tanquam
2449 1100 2811 1168 praeteritum,
2857 1102 2997 1168 quod
3049 1116 3141 1165 per
3180 1101 3436 1167 Spiritum
3480 1100 3727 1156 sanctum

2149 1171 2475 1238 prtevidebat
2513 1171 2778 1234 futurum,
2812 1172 2932 1237 quia
2974 1180 3027 1223 et
3069 1175 3207 1238 quod
3258 1171 3492 1225 futurum
3533 1186 3638 1235 cst,
3671 1177 3726 1227 iii

2152 1237 2241 1290 Dei
2274 1240 2617 1306 diSpOSllltltlc
2648 1239 2755 1308 jam
2803 1240 2994 1292 factum
3026 1237 3125 1293 est.
3175 1245 3234 1293 lit
3262 1251 3439 1295 cantat
3463 1243 3532 1295 de
3556 1246 3729 1309 primo

2151 1309 2377 1360 adventu
2414 1310 2541 1361 Doni
2572 1310 2620 1361 ni
2672 1311 2835 1362 nostri
2866 1311 2990 1363 Jesu
3021 1309 3251 1379 Christi,
3299 1314 3726 1368 commendando

2150 1381 2302 1430 nobis
2353 1381 2523 1445 illitiii,
2556 1389 2611 1431 iit
2634 1381 2972 1433 attendamus
3021 1396 3179 1447 quam
3235 1386 3512 1436 innumera
3557 1385 3726 1438 bene-

2150 1450 2266 1500 licia
2299 1458 2352 1502 et
2381 1449 2550 1512 dona,
2589 1459 2641 1502 et
2667 1463 2915 1516 quautam
2951 1450 3173 1518 gloriam
3221 1453 3355 1505 lleus
3387 1453 3544 1505 Pater
3573 1455 3728 1507 nobis

2149 1519 2454 1578 Contulerit,
2488 1519 2634 1570 illum
2667 1518 2946 1590 mittendo,
2989 1531 3041 1573 et
3074 1536 3166 1586 pro
3200 1522 3353 1574 nobis
3377 1523 3726 1590 victimando,

2152 1596 2206 1638 ut
2248 1604 2350 1641 neu
2401 1604 2567 1640 sanus
2608 1589 2830 1657 ingrati.
2872 1600 2925 1642 et
2961 1590 3180 1644 idoneos
3225 1607 3322 1644 nos
3364 1606 3728 1659 przeparenius

2151 1661 2307 1710 tantis
2341 1658 2630 1721 beneﬁciis,
2681 1668 2735 1711 et
2779 1660 2905 1711 dicit
2953 1660 3060 1712 ita:
3105 1658 3728 1724 Domine,’maledixisti

2151 1739 2354 1788 terram,
2393 1730 2441 1779 id
2466 1737 2570 1793 est,
2603 1729 2886 1781 humanam
2934 1738 3179 1784 naturam
3227 1738 3279 1784 in
3329 1737 3530 1798 primo:
3571 1734 3728 1786 bene-

2152 1799 2326 1850 dixisti
2357 1809 2529 1850 autem
2563 1813 2676 1850 cani
2705 1799 2757 1851 in
2787 1801 3042 1861 secundo,
3084 1804 3272 1854 iactam
3321 1813 3482 1867 tuam,
3538 1802 3588 1855 id
3619 1817 3722 1864 est,

2153 1881 2182 1918 a
2215 1868 2386 1919 Verbo
2438 1878 2526 1920 tuo
2569 1878 2914 1937 assumptam.
2980 1869 3043 1923 Et
3095 1870 3455 1924 benedicendo
3499 1876 3728 1926 avertisti

2152 1940 2493 2003 captivitatem
2530 1937 2764 2010 alacob.
2818 1941 3128 2006 Quanquam
3161 1957 3253 2007 per
3271 1941 3436 1995 laeui)
3457 1941 3717 2010 signitice-

2155 2018 2238 2059 tur
2267 2012 2494 2075 populus
2525 2009 2612 2059 ille
2641 2013 2725 2076 qui
2753 2009 2801 2060 in
2827 2021 3020 2062 terram
3075 2012 3440 2076 promisdonis
3479 2009 3726 2068 inductus

2152 2086 2249 2141 est,
2283 2093 2333 2130 et
2375 2077 2460 2145 qui
2492 2092 2633 2142 Stupe
2665 2078 2808 2144 prius
2850 2088 3066 2146 prepter
3114 2091 3329 2147 peccata
3363 2097 3456 2135 sua
3487 2085 3724 2147 captiva-

2156 2155 2348 2221 tusest
2399 2159 2451 2199 et
2491 2148 2777 2221 liberatus;
2829 2156 3040 2201 tandem
3089 2165 3214 2204 vero
3259 2153 3380 2220 quia
3431 2155 3726 2221 phrenetici

2155 2217 2415 2290 medicum
2442 2232 2593 2290 suum
2625 2218 2957 2290 occiderunt,
2999 2217 3290 2285 captivati,'
3323 2231 3378 2275 et
3430 2217 3521 2290 per
3553 2233 3721 2278 totum

2156 2289 2409 2339 iuuiiduiii
2440 2287 2663 2353 dispersi
2697 2298 2860 2351 sunt;
2913 2289 3222 2356 plerumque
3256 2287 3443 2344 tamen
3476 2303 3533 2345 et
3572 2308 3724 2348 serus

2156 2361 2423 2423 posterior
2455 2358 2696 2424 ιιομιιιιιε.
2729 2359 2904 2423 idest,
2934 2359 3158 2427 populus
3183 2365 3396 2427 gratae,
3443 2377 3538 2427 per
3562 2363 3722 2416 Jacob

2151 2428 2480 2498 designatur,
2505 2429 2627 2494 quia
2671 2427 2834 2482 Jacob
2867 2431 3011 2498 dedit
3063 2433 3339 2498 praesentia
3391 2449 3486 2498 pro
3509 2432 3719 2486 futuris.

2159 2501 2220 2567 lj.'t
2241 2500 2362 2564 quia
2385 2497 2584 2550 dictum
2614 2509 2692 2549 est
2714 2499 2855 2564 quod
2883 2497 3055 2567 Major
3071 2497 3250 2552 serviet
3273 2497 3476 2558 minori.
3492 2512 3548 2555 et
3572 2504 3716 2556 item:

2158 2565 2277 2619 Non
2306 2569 2434 2619 enim
2462 2569 2547 2634 qui
2575 2569 2854 2620 secundum
2881 2565 3106 2640 carnem,
3154 2573 3241 2622 sed
3263 2574 3348 2640 qui
3370 2573 3468 2640 ﬁlii
3508 2583 3724 2639 promis-

2153 2640 2310 2690 sionis
2335 2648 2474 2700 sunt,
2506 2647 2809 2711 reputantur
2835 2640 2889 2690 in
2915 2639 3117 2692 semine.
3147 2639 3282 2706 Quae
3302 2644 3476 2694 omnia
3509 2647 3718 2711 proprie

2157 2712 2422 2780 pertinent
2468 2709 2533 2758 ad
2572 2710 2922 2780 posteriorem
2973 2713 3244 2777 populum.
3299 2711 3353 2764 ln
3398 2713 3556 2779 hujus
3597 2709 3722 2780 ergo

2156 2778 2521 2848 designatione
2561 2777 2726 2829 .lacoli
2754 2778 2838 2832 hic
2883 2783 3110 2846 ponitur,
3153 2791 3205 2833 et
3230 2777 3487 2848 accipitur
3517 2784 3605 2835 hic
3631 2777 3721 2835 is.

2157 2847 2589 2920 ptiViias._Nulla,
2625 2850 2862 2920 inquam,
2915 2849 3004 2901 ille
3036 2859 3234 2902 tantum
3283 2847 3509 2920 populus
3556 2855 3720 2920 capti-

2156 2931 2252 2969 vus
2279 2917 2574 2980 tenebatur,
2625 2925 2717 2970 sed
2763 2919 2880 2982 illa,
2930 2921 3165 2986 inquam,
3215 2917 3380 2974 totum
3434 2917 3722 2976 humanum

2154 3001 2447 3058 geiiusipcr
2470 2988 2957 3053 prievaricationem
3006 2991 3157 3057 primi
3189 2993 3421 3058 parentis
3451 2993 3552 3044 sub
3578 2996 3716 3058 prin-

2157 3059 2270 3125 cipe
2315 3057 2528 3111 diabolo
2578 3060 2842 3124 tapiivum
2885 3057 3202 3126 tenebatur,
3229 3057 3586 3115 venundatum
3624 3064 3724 3116 Sub

2159 3137 2416 3200 peccato;
2469 3143 2644 3200 aqua
2688 3130 2988 3200 captivitate
3039 3129 3280 3183 liberavit
3327 3130 3436 3200 jani
3471 3132 3723 3186 Dominus

2158 3197 2548 3268 quodaminodo
2577 3199 2762 3263 Jacob,
2807 3199 3124 3252 remittendo
3172 3197 3406 3268 peccata,
3434 3213 3486 3255 et
3515 3205 3724 3256 tandem

2163 3283 2282 3321 vere
2315 3267 2579 3320 liberabit.
2613 3271 2762 3332 Quod
2795 3281 2969 3322 autem
3018 3267 3189 3322 adhuc
3222 3274 3273 3323 in
3302 3273 3607 3338 captivitate
3653 3278 3726 3324 si-

2161 3353 2298 3401 inus,
2328 3338 2620 3412 Apostolus
2649 3340 2881 3412 ostendit
2907 3340 3086 3412 dicens
3112 3358 3123 3391 :
3152 3341 3483 3393 Condetector
3509 3343 3607 3412 legi
3631 3343 3728 3396 Dei

2158 3409 2435 3460 secundum
2463 3408 2750 3460 interiorem
2788 3409 3057 3474 hominem,
3091 3411 3232 3464 video
3261 3423 3428 3463 autem
3455 3408 3609 3464 aliain
3647 3415 3722 3465 le-

2158 3493 2270 3548 gem
2297 3479 2352 3530 in
2381 3479 2616 3530 membris
2663 3493 2784 3530 meis
2833 3491 3195 3547 repugnantem
3233 3481 3333 3547 legi
3363 3484 3540 3534 mentis
3581 3499 3724 3548 metr,

2159 3559 2206 3620 et
2241 3548 2494 3616 captivum
2535 3549 2907 3620 incipducentem
2936 3551 2987 3600 in
3017 3552 3174 3620 legem
3205 3551 3400 3618 pea‘att'
3446 3562 3496 3604 et
3525 3555 3723 3605 mortis.

2161 3619 2290 3684 Quis
2311 3627 2485 3671 autem
2513 3620 2581 3668 sit
2608 3618 2857 3671 liberator
2879 3621 2945 3670 ab
2974 3618 3394 3686 liac'captivitate
3422 3625 3727 3676 exclamans

2160 3691 2391 3740 ostendit
2418 3705 2430 3740 :
2456 3686 2651 3754 Infelix
2679 3704 2768 3754 ego
2794 3688 2965 3752 homo,
2995 3691 3106 3754 quis
3151 3706 3227 3741 me
3262 3691 3500 3745 liberabit
3522 3692 3585 3744 de
3611 3709 3726 3743 cor-

2163 3773 2283 3823 pore
2326 3763 2500 3809 mortis
2528 3759 2717 3826 hujus?
2744 3757 2925 3829 Gratia
2949 3759 3040 3810 Dei
3069 3769 3114 3812 et
3137 3761 3231 3811 hoc
3258 3778 3346 3829 per
3374 3761 3553 3814 Jesum
3583 3763 3729 3816 Chri-

2162 3839 2316 3880 stum.
2338 3829 2435 3880 l’cr
2455 3830 2594 3881 hunc
2617 3830 2758 3880 enim
2790 3828 3129 3899 Mediatorem
3159 3828 3364 3884 aversio
3385 3833 3481 3884 ista
3503 3833 3725 3899 Captivi-

2170 3901 2311 3959 tatis,
2345 3899 2409 3949 de
2437 3914 2538 3966 qua
2573 3899 2655 3951 hic
2684 3899 2896 3960 dicitur,
2920 3897 3057 3951 facta
3086 3909 3188 3953 est.
3221 3897 3582 3969 Agnoscamus
3601 3918 3728 3971 ergo

2163 3979 2515 4036 Captivrtateiii
2554 3979 2807 4032 nostrain,
2841 3972 3191 4023 conﬁteantur
3229 3981 3590 4037 caputntatem
3629 3991 3724 4025 no-

2163 4047 2347 4101 strain,
2395 4049 2447 4090 et
2482 4039 2852 4112 liberabiniur.
2886 4041 2983 4104 Qui
3022 4043 3163 4093 enim
3203 4056 3307 4094 non
3347 4041 3596 4112 intelligit
3638 4044 3727 4095 lio-

2163 4120 2318 4171 srem,
2347 4124 2448 4160 non
2479 4110 2690 4161 invocat
2722 4111 3040 4173 libertatein,
3071 4125 3122 4162 et
3151 4113 3228 4164 sic
3255 4127 3359 4164 non
3391 4110 3721 4166 liberabitur.

2166 4177 2420 4251 lieniisisti
2458 4179 2794 4246 iniquitatem,
2823 4181 3078 4251 pavet-iisti,
3117 4179 3351 4249 inquam,
3391 4186 3726 4251 captivitatem

2166 4254 2266 4299 hoc
2291 4250 2468 4309 modo,
2494 4252 2717 4310 scilicet,
2745 4249 2865 4317 quia
2895 4251 3232 4318 iniquitatem,
3256 4251 3309 4304 id
3328 4262 3432 4314 est,
3456 4249 3725 4318 peccatum

2166 4318 2324 4384 plebis
2362 4324 2484 4382 tate,
2533 4320 2674 4384 quod
2721 4335 2879 4371 causa
2932 4321 3028 4372 luit
3075 4323 3417 4386 captivitatis,
3469 4326 3726 4375 remisisti.

2163 4389 2324 4452 Quasi
2365 4391 2504 4440 enini
2552 4398 2812 4440 intensuiii
2858 4403 2970 4461 erat
3021 4406 3326 4456 peceatum,
3377 4407 3499 4445 cum
3530 4405 3583 4446 et
3613 4395 3728 4461 ipso

2170 4470 2384 4526 peccato
2410 4468 2462 4511 et
2491 4462 2658 4524 pinnis
2692 4458 2891 4525 peccati
2932 4464 3402 4526 oppiiincbainur;
3441 4458 3723 4514 remissum

481 4515 693 4598 ειιοτωζι
720 4529 944 4594 imam
973 4516 1317 4598 congruunt?
1347 4519 1537 4598 δίπυιῖνα
1567 4519 1810 4598 εξμηιεξιιε
1837 4519 2061 4598 (ξι-εαίάο-
2092 4533 2138 4590 ι)
2165 4515 2292 4581 iero
2320 4539 2422 4592 est,
2467 4515 2890 4596 quatioti'ipsum
2941 4515 3213 4598 νέὶοοιιιιιι
3247 4547 3339 4598 per
3366 4515 3520 4584 iidem
3551 4545 3603 4585 et
3631 4534 3727 4584 do-

485 4595 624 4636 rmit.
652 4585 713 4636 In
746 4587 912 4653 prima
943 4596 1086 4653 parte
1118 4587 1301 4649 Psalmi
1326 4589 1568 4651 prop/tela
1595 4589 1811 4640 Domino
1843 4589 2056 4639 breviter

485 4655 680 4723 gratias
709 4657 835 4722 agit,
868 4657 1109 4721 quoniam
1137 4658 1196 4706 de
1227 4656 1317 4708 izla
1352 4658 1650 4718 antiquitate
1682 4656 1923 4710 Judaij
1963 4673 2055 4708 na-

485 4724 641 4776 tionis
667 4727 889 4791 pervenit
911 4726 1128 4793 populus
1151 4726 1219 4776 ad
1241 4731 1496 4778 ruituram
1523 4725 1728 4779 Domini
1753 4730 2055 4780 Saluatoris.

488 4794 726 4846 Secunda
777 4798 932 4862 refert
981 4797 1411 4862 quemadmodum
1452 4813 1580 4849 iram
1623 4813 1768 4849 suam
1810 4798 2058 4849 Dominus

486 4865 538 4912 in
568 4863 762 4926 populo
787 4861 1092 4934 Judworum
1131 4869 1366 4932 mitigare
1406 4869 1645 4934 dignatas
1684 4879 1776 4929 est,
1823 4879 2058 4934 expetens

484 4934 770 5004 adventum
791 4933 999 4997 Christi,
1042 4938 1092 4984 in
1130 4951 1230 5003 quo
1262 4933 1481 4988 humana
1512 4939 1713 4988 cwcitas
1741 4937 1862 5004 ﬁdei
1888 4933 2057 4988 lumen

481 5001 692 5070 actepit.
747 5002 909 5055 'I'ertia
961 5016 1105 5067 parte
1142 5001 1212 5054 ad
1254 5007 1476 5066 seipsum
1517 5006 1662 5057 rerba
1705 5001 1963 5066 convertit,
2012 5018 2057 5056 ιι

486 5074 767 5136 pi-Oplietia:
835 5074 1016 5139 ipiritu
1083 5078 1332 5126 incantati
1409 5075 1559 5127 Verbi
1639 5079 1882 5142 prtrtlicat
1956 5079 2053 5126 cll-

483 5155 705 5195 ventum.

1067 5226 1487 5267 (ςιιιιιιεκτλιιιυδ.

553 5305 887 5368 Beuedixisti,
921 5305 1156 5367 Domine,
1189 5316 1374 5359 terram
1406 5317 1564 5361 tuam.
1618 5306 1684 5362 In
1729 5308 1884 5375 finem
1933 5309 2056 5374 ﬁliis

482 5374 628 5428 Core.
683 5378 804 5429 "th
855 5380 1013 5428 verba
1057 5379 1359 5430 referuntur
1401 5379 1454 5430 in
1501 5381 1696 5441 linem,
1730 5374 1798 5430 id
1851 5392 1951 5439 est,
2001 5380 2053 5432 in

481 5448 774 5510 Christum,
813 5448 879 5499 ad
921 5463 1076 5513 quin
1119 5451 1162 5501 si
1199 5451 1483 5512 tendimus,
1516 5465 1619 5501 non
1669 5449 2054 5510 aberrabimus,

481 5519 601 5582 quia
654 5517 767 5583 ipse
813 5521 1010 5570 veritas
1059 5527 1160 5581 est,
1213 5523 1276 5569 ad
1328 5532 1484 5586 quam
1539 5520 1889 5582 festinamus;
1942 5519 2055 5586 ipse

486 5588 566 5658 via
600 5597 700 5649 est,
746 5603 839 5652 per
877 5602 1032 5658 quam
1064 5590 1347 5658 currimus.
1386 5588 1697 5658 Proponuiit
1726 5600 1898 5642 autem
1932 5589 2054 5641 liliis

481 5655 617 5707 Core
639 5696 652 5718 ,
686 5657 736 5708 id
767 5666 869 5716 est,
906 5657 1024 5708 liliis
1054 5657 1199 5709 Caim
1221 5699 1236 5721 ,
1279 5673 1381 5710 ii0n
1430 5655 1508 5712 ιιι⁷
1537 5675 1657 5712 eum
1709 5659 2048 5718 irrideamus,

482 5724 573 5774 sed
608 5735 661 5777 ut
694 5735 816 5777 ante
847 5739 966 5777 cuin
1002 5727 1292 5794 ploreiiiiis.
1346 5730 1602 5781 liiseiisati
1648 5731 1864 5794 quidam
1899 5729 2048 5794 pueri

482 5799 686 5844 cantum
733 5795 1032 5858 ll‘t'lSCl‘ltlll,
1086 5807 1139 5848 et
1167 5813 1195 5848 ιι
1226 5798 1408 5850 θροιίιε
1451 5799 1688 5852 daverati
1723 5809 1874 5864 sunt;
1921 5796 2041 5851 irri-

2163 4608 2343 4650 natuin
2388 4599 2507 4662 luit,
2554 4607 2610 4651 et
2652 4601 2762 4652 sola
2812 4615 2962 4666 poma
3005 4605 3205 4667 peccati
3253 4608 3526 4655 remansit.
3565 4606 3626 4654 Et
3656 4612 3724 4654 ita

2159 4667 2278 4720 dico
2307 4669 2578 4732 remisisti,
2603 4672 2724 4735 quia
2751 4670 2989 4738 aperuisti
3023 4686 3114 4735 per
3145 4670 3302 4723 tidem
3333 4675 3502 4724 omnia
3525 4685 3725 4738 peccata

2159 4753 2354 4801 eorum,
2391 4751 2443 4790 et
2472 4742 2720 4800 actoatia,
2749 4753 2800 4790 et
2829 4740 3124 4807 origiiiatia.
3158 4743 3270 4793 t\oii
3300 4755 3354 4793 ut
3384 4759 3488 4794 non
3523 4747 3724 4796 videres

2159 4823 2241 4870 ea,
2269 4810 2356 4876 qui
2405 4807 2551 4860 vides
2573 4812 2773 4872 omnia,
2806 4811 2898 4862 sed
2933 4821 2986 4862 ut
3017 4827 3119 4862 non
3153 4815 3364 4878 punires
3388 4827 3471 4864 ea.
3516 4814 3578 4866 Et
3609 4817 3723 4864 ideo

2158 4883 2277 4929 dico
2304 4879 2544 4941 aperuisti
2576 4890 2800 4943 peccata,
2834 4882 2954 4948 quia
2983 4896 3182 4932 onmem
3223 4884 3353 4933 iram
3384 4892 3545 4948 tuam,
3584 4887 3724 4935 setti-

2159 4958 2264 5010 cet,
2305 4958 2358 5000 et
2400 4954 2530 5020 iram
2561 4951 2616 4999 in
2645 4951 2895 5012 actualia,
2936 4961 2988 5003 et
3020 4953 3150 5002 iraui
3182 4953 3232 5004 iii
3260 4953 3563 5020 originalia,
3595 4954 3727 5004 miti-

2156 5021 2308 5087 gasti,
2354 5032 2446 5085 per
2494 5019 2616 5083 hoc,
2645 5022 2864 5083 scilicet,
2904 5021 3023 5086 quia
3073 5037 3177 5072 non
3224 5022 3277 5074 in
3317 5019 3576 5076 aeternum
3628 5039 3720 5088 pu-

2160 5089 2292 5140 uies.
2343 5091 2515 5139 Manet
2541 5100 2714 5141 autem
2750 5091 2855 5151 ira,
2895 5104 3014 5157 quia
3045 5091 3276 5158 ﬂagellas
3314 5109 3527 5146 omnem
3563 5094 3722 5145 tilium

2157 5173 2330 5230 queui
2353 5158 2548 5226 recipis
2574 5175 2589 5222 ;
2630 5168 2683 5210 et
2710 5161 2778 5210 ita
2808 5162 2928 5212 dico
2960 5162 3231 5230 mitigasti,
3266 5164 3403 5230 quod
3434 5163 3724 5215 cuiivertisti

2157 5237 2205 5279 te
2227 5226 2288 5279 ab
2318 5229 2396 5278 ira
2426 5238 2763 5281 consecutiva
2803 5226 3170 5298 indignationis
3217 5226 3335 5285 tutis.
3382 5233 3545 5298 Quasi
3587 5233 3720 5284 indi-

2155 5300 2335 5365 gnatio
2381 5300 2471 5350 Ι)θί
2521 5302 2637 5363 Ιιιιι,
2687 5305 2898 5366 quando
2947 5303 3120 5353 Adam
3163 5317 3379 5356 manum
3429 5305 3496 5356 ad
3549 5305 3719 5357 llltCllJ

2156 5369 2412 5420 extendit.
2443 5372 2610 5432 Quam
2644 5370 3059 5436 indignationem
3088 5386 3271 5424 secuta
3299 5385 3380 5426 est
3408 5377 3506 5438 ira,
3540 5378 3587 5426 id
3621 5384 3717 5435 est,

2158 5440 2399 5490 multatio
2431 5453 2620 5505 poetae.
2653 5441 2715 5492 Et
2743 5443 2877 5493 sicut
2911 5450 3015 5492 vita
3061 5445 3204 5508 prior
3242 5445 3371 5496 Athe
3406 5455 3603 5497 adenis
3634 5446 3722 5495 t'uit

2158 5513 2482 5582 conditione,
2531 5511 2751 5582 scilicet,
2791 5513 2834 5562 si
2868 5525 2971 5563 non
3015 5523 3280 5578 pem-aret,
3333 5526 3400 5566 tta
3449 5527 3722 5582 postquam

2160 5587 2417 5647 peccavit,
2447 5581 2524 5631 ira
2553 5579 2645 5632 Dei
2677 5580 2771 5632 l'uit
2798 5594 2955 5647 super
2995 5597 3114 5634 eum
3159 5598 3357 5635 interna
3399 5579 3718 5644 conditione.

2158 5648 2379 5710 scilicet,
2413 5651 2456 5702 si
2485 5665 2588 5701 non
2636 5656 2968 5717 resipiscerei
2994 5669 3008 5715 ;
3051 5656 3118 5703 ab
3149 5653 3246 5706 hac
3274 5669 3403 5719 ergo
3432 5657 3508 5707 ira
3539 5661 3725 5707 avertit

2160 5736 2217 5773 se
2245 5721 2516 5790 Dominus,
2552 5722 2770 5783 scilicet,
2807 5722 2856 5772 in
2889 5734 3168 5780 aeternum.
3201 5727 3244 5774 si
3277 5727 3577 5790 ptBllltcrct.

2231 5787 2469 5843 Converte
2516 5805 2629 5858 nos,
2683 5791 2838 5844 Deus.
2888 5795 3002 5856 Quo
3049 5793 3206 5847 modo
3249 5787 3339 5862 qui
3387 5797 3540 5863 prius
3591 5795 3726 5852 dixit
