4010 6190
295 365 390 422 9'57

963 363 1024 417 lN
1068 345 1482 418 PSALMURUSI
1527 364 1782 420 manus!
1825 364 1862 417 ε

1977 362 2186 416 ιιιῑειιε.
2209 392 2278 402 -—
2295 361 2534 416 PSALM.
2581 361 2860 415 LXXXIV.

3443 362 3549 417 938

294 481 531 540 avertisti,
563 475 689 531 dicit
712 491 849 529 nunc
878 474 1117 528 Converte
1144 492 1253 533 nos.
1285 475 1437 534 Deus,
1471 484 1517 526 et
1539 484 1707 528 averte
1736 476 1864 527 iram
1896 479 1940 532 Α
1972 473 2117 526 nobis
2154 474 2436 527 videndum
2478 474 2723 534 salutare,
2775 473 2824 526 id
2871 483 2971 536 est,
3016 473 3545 541 Salvatorcmtuum,

291 551 470 605 tuam?
493 550 597 604 Sed
629 547 754 599 nulli
780 546 879 598 huc
909 547 1286 600 inconveniens
1316 546 1542 607 videtur,
1574 544 1693 611 quia
1719 550 1859 598 enim

291 639 386 690 per
417 620 658 689 spiritum
695 616 824 669 vidit
856 616 1109 690 futurum,
1146 617 1264 669 ideo
1308 616 1684 690 praiuuutiavit
1724 616 1864 668 l'ulu-

291 686 406 747 runt
435 686 461 754 ;’
501 691 620 758 quia
653 702 777 740 vero
807 687 981 741 adhuc
1013 689 1204 758 factum
1253 704 1356 738 ιιυιι
1388 697 1522 750 erat,
1557 686 1677 739 ideo
1721 701 1865 758 nunc

288 774 406 818 orat
430 773 480 814 ιιι
513 756 619 825 liat,
650 758 833 811 dicens
857 760 924 809 ita
953 775 966 810 :
999 758 1041 810 0
1073 756 1229 822 Deus,
1266 767 1316 808 tu
1345 771 1638 810 conversus
1669 756 1733 809 ad
1767 771 1864 810 nos

289 842 522 887 converte
563 845 676 890 nos,
710 829 831 896 quia
864 843 921 881 es
949 828 1187 881 salutaris
1217 837 1403 888 noster,
1443 827 1594 896 cujus
1625 829 1732 879 sola
1762 827 1864 880 sal-

290 919 480 956 vamur
527 901 718 970 gratia,
762 914 863 970 non
911 913 1004 966 per
1041 901 1232 951 merita
1265 906 1484 970 nostra;
1533 905 1588 952 et
1630 912 1862 951 coaver-

292 976 450 1027 tendo
476 968 572 1024 niis
600 979 769 1022 averte
797 969 927 1020 iram
949 978 1094 1021 tuam
1119 985 1149 1019 a
1179 968 1342 1020 nobis.

362 1043 614 1111 Nunquid
657 1041 708 1092 iu
754 1049 1019 1092 mlt’rnttnt.
1072 1039 1206 1111 Vere
1250 1046 1462 1111 avertes
1514 1039 1644 1091 iram
1688 1047 1862 1111 tuam.

288 1115 416 1169 Nam
447 1109 509 1164 in
529 1125 772 1166 teternum
801 1124 904 1162 non
935 1110 1182 1163 irasceris
1211 1109 1386 1174 nobis,
1419 1118 1472 1162 et
1499 1110 1732 1176 nunquid
1762 1109 1865 1160 ira-

285 1186 476 1240 sceris?
510 1185 698 1249 ttiq'te
730 1196 856 1232 non.
894 1181 969 1233 Ex
1011 1181 1090 1233 ira
1127 1180 1214 1234 Dei
1266 1180 1519 1232 mortales
1565 1196 1773 1242 sumus,
1811 1190 1866 1233 et

285 1271 351 1308 ex
387 1257 464 1308 ira
509 1254 598 1307 ιιει
649 1251 700 1304 iu
751 1261 890 1304 terra
943 1252 995 1304 in
1046 1260 1284 1318 egestate
1334 1259 1388 1303 et
1443 1250 1627 1303 labore
1676 1265 1863 1318 ριιιιιιιι

279 1339 534 1380 ιιίιειτιιιιι
560 1320 942 1376 manducamus
983 1336 998 1386 ;
1045 1320 1148 1373 hoc
1200 1320 1339 1374 cnim
1392 1321 1612 1379 audivd,
1652 1322 1864 1388 quando

295 1397 533 1464 peCCaVit
555 1409 569 1457 ;
595 1407 726 1460 quia
755 1393 804 1444 in
835 1393 1004 1464 Adam
1029 1404 1217 1464 omnes
1239 1391 1554 1443 morientur.
1582 1390 1671 1442 Ille
1697 1393 1862 1444 Adam

291 1461 390 1520 nos
413 1480 646 1525 eramus,
676 1473 728 1516 et
751 1463 892 1528 quod
921 1463 1011 1516 ille
1033 1461 1254 1521 audivit,
1277 1470 1517 1514 secutum
1546 1471 1627 1514 est
1653 1470 1707 1514 et
1730 1476 1862 1526 nos;

289 1553 396 1590 non
426 1535 567 1589 cnim
597 1546 811 1585 eramus
840 1534 1013 1586 adhuc
1045 1547 1162 1595 nos,
1195 1531 1288 1586 sed
1321 1531 1372 1584 iu
1406 1531 1497 1585 illo
1528 1546 1759 1586 eramus.
1800 1533 1864 1585 Et

285 1609 408 1661 ideo
436 1603 702 1676 quidquid
728 1603 1052 1676 illiucveuit,
1105 1603 1207 1656 hoc
1249 1611 1490 1676 secutum
1532 1610 1759 1676 est_uos
1794 1612 1865 1676 Διιι

287 1670 643 1738 morerentur,
693 1673 743 1726 iu
792 1674 885 1728 illo
915 1673 1109 1742 quippe
1150 1686 1336 1726 omnes
1368 1670 1586 1742 luimus.
1617 1670 1691 1724 Ea
1722 1673 1861 1725 enim

282 1755 507 1813 peccata
555 1753 834 1812 parentum
879 1741 984 1798 nun
1030 1747 1297 1810 pertinent
1340 1741 1406 1795 ad
1445 1742 1606 1804 lilios,
1638 1756 1757 1808 quae
1787 1746 1863 1797 ιιι-

1971 543 2130 606 Quasi
2184 543 2324 598 dicat
2369 561 2380 596 :
2426 544 2682 598 Novimus
2732 543 3000 596 Christum
3053 554 3242 606 tuum,
3304 546 3550 609 videmus

1973 613 2237 666 Christum
2267 623 2433 675 tuutn,
2467 631 2570 667 nou
2600 616 2737 668 sicut
2768 615 2839 665 illi
2875 615 3130 670 viderunt
3149 618 3236 680 qui
3269 633 3390 670 eum
3419 637 3544 676 cru-

1969 685 2377 761 ciliseruut,sed
2403 686 2539 736 sicut
2562 685 2734 761 angeli
2758 685 2940 761 vident
2961 694 3012 737 et
3032 688 3285 761 gaudent.
3316 688 3394 761 Da
3419 709 3548 761 ergo

1968 755 2112 833 nobis
2131 755 2358 833 salutare
2384 767 2542 833 tuum.
2575 756 2767 808 Dedisti
2796 757 2903 833 jam
2931 757 3197 833 hominem
3222 755 3549 833 hominibiis,

1968 826 2031 876 da
2081 826 2242 877 Deum
2287 827 2406 880 diis.
2444 829 2768 895 Arroganler
2794 828 3033 878 viderunt
3067 828 3264 880 dictum
3298 835 3364 885 de
3396 826 3548 888 nobis;

1968 896 2109 968 quod
2133 897 2296 948 simus
2325 897 2495 968 dii,_si
2532 899 2783 963 propheta
2819 911 2922 968 non
2955 898 3178 951 dixisset
3205 917 3216 950 :
3255 898 3365 968 Ego
3394 905 3503 960 dixi
3529 925 3546 960 ,-

1970 963 2057 1018 Dii
2077 968 2215 1032 estis,
2236 977 2280 1018 et
2302 967 2401 1034 ﬁlii
2425 966 2624 1020 Επειδὶ
2649 983 2840 1020 omnes.
2868 967 2982 1039 lf‘ilii
3007 969 3200 1035 quippe
3227 963 3321 1024 Dei
3343 990 3547 1039 sanius.

1969 1044 2024 1088 et
2052 1039 2094 1089 si
2132 1041 2367 1109 npndum
2402 1053 2480 1100 re,
2512 1050 2684 1090 tamen
2713 1053 2829 1101 spe.
2862 1038 2965 1099 Spe
2991 1039 3126 1089 enim
3156 1043 3280 1091 salvi
3309 1047 3431 1109 facti
3463 1064 3552 1099 su-

1969 1122 2100 1180 mus.
2153 1107 2283 1180 Spes
2331 1119 2498 1161 autem
2542 1124 2655 1176 qua:
2705 1111 2921 1180 videtur,
2965 1124 3063 1160 non
3103 1119 3173 1161 est
3213 1107 3345 1175 spes.
3401 1118 3551 1180 Quod

1969 1178 2101 1229 enim
2130 1179 2262 1231 videt
2286 1183 2420 1246 quis,
2451 1181 2573 1247 quid
2595 1179 2802 1246 sperat?
2848 1177 2908 1232 Si
2937 1189 3108 1230 autem
3133 1188 3267 1247 quod
3291 1201 3388 1237 non
3416 1177 3551 1240 intle-

1970 1263 2081 1300 mus
2112 1265 2150 1312 s1
2173 1266 2398 1316 eramus,
2429 1267 2516 1315 per
2546 1250 2842 1316 patientiam
2871 1260 3240 1315 exspectamus.
3293 1257 3426 1318 Quid
3461 1276 3554 1313 ex-

1970 1322 2296 1386 spectamus?
2317 1331 2372 1372 ut
2397 1321 2822 1385 pertttattendoin
2843 1320 2944 1372 lide
2967 1320 3240 1374 videamus
3263 1329 3404 1384 quod
3437 1346 3549 1383 crc-

1969 1391 2160 1442 dimus.
2197 1390 2352 1444 Juxta
2379 1392 2517 1454 quod
2546 1389 2779 1444 Joannes
2810 1391 3138 1459 evangelista
3169 1394 3350 1446 dicens
3377 1415 3389 1450 :
3413 1399 3546 1451 Claa-

1967 1460 2173 1536 rissimi,
2225 1461 2321 1536 filii
2376 1461 2466 1513 Dei
2510 1477 2708 1524 smnus,
2760 1461 2861 1536 sed
2900 1461 3131 1536 nondum
3177 1479 3387 1531 apparet
3416 1475 3553 1536 quod

1967 1533 2170 1601 erimus.
2214 1533 2341 1584 Cum
2375 1541 2544 1584 autent
2590 1533 2904 1601 apparuerit,
2952 1533 3143 1586 similes
3174 1535 3219 1587 ei
3257 1533 3466 1600 erimus,
3508 1553 3555 1593 et

1965 1599 2242 1679 pidebiptus
2271 1618 2386 1679 eum
2415 1599 2687 1679 sirutiest.
2723 1602 2786 1655 Et
2813 1605 2923 1667 ipse
2951 1603 3204 1656 Dominus
3231 1607 3278 1658 ιιι
3313 1609 3548 1679 Evange-

1967 1670 2039 1723 lio
2068 1687 2081 1722 :
2116 1671 2176 1724 Si
2204 1673 2316 1740 quis
2342 1689 2419 1725 me
2446 1673 2634 1741 diligit,
2676 1689 2957 1726 sermonem
3007 1690 3169 1726 tntum
3219 1670 3553 1739 servabitiet

1967 1756 2058 1813 ego
2087 1742 2301 1809 diligam
2338 1759 2477 1810 eum,
2509 1755 2554 1796 et
2583 1744 2918 1813 manifestabo
2955 1745 3000 1795 ei
3044 1760 3123 1798 me
3163 1747 3352 1812 ipsum.
3383 1753 3550 1806 Mani-

285 1812 432 1870 ciuut
462 1816 568 1884 jam
607 1819 745 1867 uatis
778 1817 919 1868 liliis.
947 1814 1064 1868 Jaut
1095 1816 1242 1887 enim
1273 1813 1548 1887 liliiadmse
1576 1813 1861 1887 pertinent,
1897 1829 1941 1887 Β
1971 1812 2185 1887 lestavit
2213 1814 2322 1887 jam
2352 1815 2567 1879 quidem
2597 1828 2814 1887 carnem
2845 1816 3016 1887 Curtii,
3047 1817 3138 1866 scd
3172 1834 3272 1868 u-m
3302 1821 3550 1874 divinita—

285 1898 340 1941 et
371 1883 617 1955 parentes
669 1887 731 1936 ad
783 1901 875 1950 se;
937 1888 1162 1951 ide-ique
1203 1884 1247 1937 si
1291 1883 1398 1936 nati
1452 1883 1544 1936 lilii
1592 1884 1860 1938 tenuerint

279 1959 458 2011 malas
489 1958 601 2008 vias
632 1966 907 2023 parentum
937 1970 1175 2016 suorum,
1206 1967 1426 2007 necesse
1449 1961 1533 2007 est
1559 1960 1616 2004 ιιι
1646 1963 1864 2020 portent

285 2039 341 2081 et
393 2027 578 2081 merita
631 2040 836 2079 eorum.
885 2027 942 2081 Si
993 2037 1169 2078 autem
1200 2039 1259 2078 se
1289 2023 1633 2088 mutaverint,
1679 2033 1731 2076 et
1761 2039 1860 2090 pa-

291 2112 474 2152 rentes
525 2095 692 2150 malos
736 2096 922 2150 imitati
955 2113 1060 2169 npn
1091 2095 1306 2169 iuerint,
1336 2093 1600 2160 incipiunt
1624 2091 1734 2169 jatu
1769 2095 1865 2146 ha-

289 2169 416 2222 bere
435 2185 587 2219 suum
609 2168 947 2224 meritum.et
970 2162 1072 2219 non
1095 2165 1340 2220 meritum
1362 2173 1659 2231 parentum.
1687 2162 1864 2232 Usque

283 2239 424 2292 adeo
448 2251 623 2291 autem
655 2237 698 2288 si
734 2247 785 2290 te
815 2237 1120 2300 mutaveris,
1155 2251 1260 2288 non
1286 2234 1439 2288 obest
1483 2234 1574 2286 tibi
1615 2236 1864 2302 iniquitas

287 2309 478 2376 patris,
529 2318 585 2361 ut
628 2322 724 2360 nec
773 2309 820 2361 ei
865 2309 1024 2372 obsit,
1071 2309 1115 2360 si
1151 2316 1200 2376 te
1231 2306 1615 2376 immutaveris.
1648 2306 1715 2376 ,Et
1741 2307 1864 2372 quia

287 2374 476 2432 omnes
508 2379 560 2431 in
592 2378 755 2430 Adam
783 2379 997 2442 luimus,
1029 2386 1084 2432 et
1110 2374 1368 2444 quidquid
1402 2375 1474 2428 illi
1507 2375 1685 2444 evenit
1712 2389 1863 2428 secu-

288 2459 400 2502 tttm
431 2461 511 2502 est
543 2457 596 2500 et
635 2463 730 2499 nos
763 2457 818 2500 ut
858 2443 1215 2510 moreremur,
1262 2443 1381 2500 ideo
1428 2443 1684 2513 quidquid
1735 2460 1865 2498 caro

289 2529 472 2574 nostra
511 2519 575 2570 ad
622 2519 757 2571 hanc
787 2518 1164 2571 mortalitatem
1203 2518 1440 2583 accepit,
1472 2516 1540 2568 ab
1569 2516 1660 2567 illo
1689 2514 1859 2568 dedu-

289 2591 390 2653 xit,
422 2589 779 2656 fragilitatem,
806 2588 1030 2652 scilicet,
1056 2588 1258 2651 carnis,
1285 2597 1609 2639 tormentum
1641 2584 1863 2649 laboris,

287 2660 559 2715 vinculum
611 2661 818 2722 mortis,
875 2659 1092 2728 laqueus
1152 2657 1499 2728 tentatiuuis;
1558 2658 1672 2708 hate
1716 2659 1857 2728 enim

289 2734 470 2784 omnia
499 2732 549 2782 in
579 2743 740 2783 carne
772 2726 954 2782 nostra
983 2739 1278 2797 portamus.
1318 2727 1381 2779 lit
1405 2727 1516 2779 hinc
1538 2738 1618 2779 εει
1647 2730 1721 2779 ira
1749 2726 1864 2791 Dei,

286 2803 414 2868 quia
446 2811 526 2852 est
563 2800 791 2853 vindicta
825 2799 935 2852 Dei.
966 2800 1226 2864 Quoniam
1267 2807 1441 2850 autem
1483 2798 1717 2868 futurum
1746 2809 1868 2850 erat

295 2866 359 2925 nt
387 2870 506 2924 novi
531 2870 864 2923 elﬁceremur
886 2871 1177 2934 medendo,
1203 2877 1256 2921 et
1281 2866 1654 2920 immortalitas
1681 2877 1864 2920 nostra

289 2943 345 2993 in
367 2943 762 2994 resurrectione
807 2941 1198 3003 absumeretur,
1243 2948 1297 2991 et
1336 2938 1542 2990 novitas
1583 2940 1742 2989 totius
1773 2939 1869 2989 ho-

293 3012 456 3064 miuis
508 3027 596 3076 per
649 3011 918 3063 Christum
962 3009 1368 3070 reformaretur,
1416 3007 1862 3076 ideoﬂpropbcta,

288 3083 380 3149 qui
432 3074 523 3146 per
570 3081 826 3146 διιτιιιιιιι
877 3087 976 3132 hoc
1018 3080 1281 3146 prtevidit,
1329 3074 1769 3149 dicit:_Nunquid
1813 3081 1868 3130 in

235 3195 239 3200 .
288 3147 537 3204 teter-nam
585 3151 816 3202 irasceris
863 3150 1040 3203 nobis?
1072 3149 1262 3218 Utique
1307 3163 1432 3200 non.
1482 3147 1580 3198 Aut
1626 3149 1863 3200 extendes

289 3224 417 3274 iram
452 3236 610 3283 tuum,
639 3221 862 3282 scilicet,
895 3231 948 3271 ut
977 3237 1083 3272 nutt
1117 3218 1442 3273 aaterualiter
1477 3218 1682 3285 punias,
1710 3234 1754 3288 ra
1780 3236 1865 3288 ge-

289 3295 556 3344 neratione
581 3291 780 3342 carnali
805 3290 854 3341 in
878 3289 1209 3358 spiritualetn
1238 3289 1647 3358 generationem?
1679 3287 1873 3355 Utique

291 3378 424 3416 non.
476 3360 720 3412 tim-nalis
761 3366 903 3412 enim
949 3361 1224 3429 generatio
1255 3360 1496 3413 mortalis
1527 3358 1625 3411 l‘uit
1655 3373 1875 3427 propter

293 3435 452 3485 iram.
491 3433 588 3483 Ista
623 3445 768 3495 vero,
809 3430 860 3483 id
888 3438 994 3496 est,
1026 3432 1340 3500 spiritualis,
1373 3429 1688 3500 immortalis
1709 3441 1790 3483 εει
1821 3429 1872 3482 iu

292 3517 452 3571 spem
487 3516 576 3568 per
605 3498 1071 3555 inriserit-ordiamf
1096 3502 1162 3554 Et
1200 3500 1321 3568 quia
1353 3513 1448 3571 nos
1480 3498 1610 3551 nihil
1638 3499 1873 3554 habeba-

297 3570 417 3625 mus
446 3588 538 3640 per
567 3571 706 3639 quod
754 3571 906 3625 nobis
951 3586 1230 3640 possemus
1274 3570 1520 3623 conferre
1567 3571 1874 3622 conversio-

295 3658 443 3706 nem,
472 3643 560 3695 ubi
605 3643 720 3708 ipse
763 3651 1042 3694 revocaret
1074 3657 1171 3694 nos
1205 3655 1445 3702 aversos,
1478 3653 1576 3692 nos
1603 3640 1877 3709 lugitivos,

297 3711 420 3766 ideo
467 3714 720 3780 propheta
771 3714 1058 3764 ostendens
1108 3726 1213 3764 non
1253 3710 1427 3764 aulum
1470 3711 1876 3764 vivil‘tcationem

305 3793 567 3847 nostrain,
617 3781 708 3834 sed
756 3785 915 3834 etiam
967 3782 1281 3836 beneliciutn
1319 3781 1685 3834 conversionis
1725 3785 1877 3833 attri-

301 3855 565 3905 tiueudum
617 3854 665 3904 ei
710 3866 853 3916 esse,
900 3851 1068 3905 dicit:
1103 3852 1260 3915 Deus,
1312 3861 1365 3903 tu
1411 3866 1696 3904 conversus.
1728 3850 1878 3916 Quod

295 3930 376 3975 sic
443 3922 825 3974 continuatur;
871 3923 1003 3977 Vere
1057 3937 1160 3976 nou
1226 3922 1463 3976 extendes
1543 3922 1672 3973 iram
1742 3931 1879 3972 luant

300 4011 352 4044 in
413 3993 548 4045 hanc
595 3993 1006 4060 generationem,
1064 3996 1187 4060 quia
1239 4003 1334 4057 tu,
1390 3992 1566 4055 Deus,
1611 4006 1880 4043 conversus

298 4063 367 4114 ad
400 4078 516 4128 uos,
546 4077 652 4114 non
697 4078 794 4114 uvs
821 4065 885 4114 ad
910 4075 980 4126 te,
1011 4073 1289 4117 convertes
1321 4077 1440 4128 nos,
1471 4071 1523 4114 et
1552 4063 1629 4114 sic
1657 4062 1880 4128 vivifica-

300 4134 379 4185 bis
409 4148 499 4185 nos
531 4134 755 4186 interius
786 4144 837 4186 et
865 4135 1021 4186 etiam
1051 4135 1285 4186 exterius
1317 4147 1408 4200 per
1435 4147 1606 4200 spem.
1651 4129 1712 4182 Et
1759 4131 1881 4184 ideo

301 4203 440 4273 plebs
464 4203 570 4270 jam
603 4218 705 4255 non
738 4213 845 4269 tua,
877 4205 971 4258 sed
1002 4219 1117 4266 sua,
1148 4203 1340 4257 merito
1370 4202 1622 4255 la'tabitur
1651 4217 1703 4253 tn
1731 4211 1799 4262 te,
1828 4213 1881 4254 et

300 4278 442 4325 bono
473 4290 568 4326 suo
599 4273 856 4327 (celabitur
885 4274 937 4325 in
964 4284 1030 4337 te,
1079 4289 1199 4343 quae
1246 4274 1391 4342 prius
1440 4274 1581 4343 malo
1607 4288 1703 4324 suo
1734 4273 1882 4324 laeta-

299 4345 454 4397 batur
491 4343 544 4396 iu
593 4359 672 4398 se.
714 4343 1013 4410 Quatreudu
1062 4342 1199 4396 cnim
1249 4343 1439 4411 gaudia
1468 4342 1522 4395 in
1553 4357 1634 4406 se,
1666 4356 1880 4395 omnem

299 4414 498 4465 luctum
543 4414 738 4466 invenit
770 4421 835 4467 de
880 4431 958 4467 se.
992 4416 1241 4482 Quisquis
1281 4428 1410 4483 ergo
1451 4427 1639 4466 secure
1677 4415 1770 4483 vis
1795 4412 1887 4464 Ia:-

300 4484 420 4546 tari,
456 4499 558 4537 non
591 4484 786 4538 laateris
814 4489 864 4537 in
888 4501 1016 4538 attro
1048 4485 1128 4536 vel
1161 4482 1402 4552 argento,
1433 4485 1514 4537 vel
1551 4483 1601 4535 in
1637 4482 1872 4550 praediis,

303 4541 580 4607 autetiam
623 4571 674 4608 ιιι
709 4557 950 4608 claritate
983 4554 1139 4623 hujus
1187 4541 1341 4615 tricis.
1385 4541 1480 4608 sed
1531 4554 1583 4606 in
1633 4541 1716 4605 illa
1761 4541 1878 4608 luce
1909 4541 1960 4602 D

302 4624 482 4678 lauare
533 4640 651 4693 qua:
697 4627 765 4679 de
810 4641 867 4678 se
913 4626 1076 4679 dicit:
1110 4623 1220 4694 Ego
1249 4641 1358 4678 sum
1407 4625 1496 4676 lux
1532 4625 1749 4687 mundi;
1781 4625 1878 4677 huc

301 4696 440 4746 enim
495 4694 677 4748 dicens
730 4707 888 4749 vocat
937 4706 1027 4759 te,
1086 4705 1328 4748 vocatum
1387 4704 1693 4760 convertit,
1753 4709 1883 4746 con-

301 4780 512 4818 versum
562 4775 736 4830 sanat,
792 4767 888 4819 tibi
939 4776 1125 4820 sanato
1180 4765 1540 4819 Liberatorem
1596 4773 1742 4815 tttutu
1794 4779 1882 4816 os-

299 4836 483 4890 tendit.

376 4906 599 4958 Ostende
644 4907 812 4973 nobis,
866 4907 1096 4958 Domine.
1132 4907 1196 4959 Et
1219 4914 1276 4956 ut
1305 4904 1547 4956 laetentur
1574 4905 1626 4956 in
1655 4915 1726 4966 te,
1760 4903 1879 4958 ideo

300 4978 524 5038 ostende,
553 4977 604 5029 id
637 4987 736 5038 cst,
768 4978 979 5030 notilica
1025 4977 1188 5039 nobis,
1232 4973 1470 5034 Domine.
1522 4974 1574 5026 itt
1631 4975 1877 5042 priesenti

302 5048 451 5097 idum
500 5049 588 5113 qui
618 5065 720 5098 nun
749 5049 919 5100 solum
952 5048 1277 5111 misericms,
1304 5045 1398 5097 sed
1428 5049 1538 5113 ipsa
1567 5047 1876 5098 misericor-

298 5119 386 5167 dia
413 5117 712 5184 ctupliatice
739 5127 822 5170 est
845 5119 1121 5181 dicendus,
1156 5115 1279 5186 quia
1307 5118 1473 5186 multa
1508 5131 1601 5181 per
1629 5132 1751 5186 eum
1783 5131 1878 5168 ex-

301 5188 465 5238 hibita
513 5199 596 5240 est
642 5191 837 5240 mundo
869 5192 1253 5241 misericordia.
1301 5185 1443 5238 Felix
1477 5188 1562 5239 ille
1583 5187 1666 5239 cui
1696 5185 1878 5238 Domi-

301 5271 399 5308 nus
449 5259 682 5311 ostendit
725 5260 1148 5312 misericordiam
1179 5271 1346 5310 suam.
1396 5259 1509 5309 Non
1538 5258 1677 5310 enim
1711 5268 1881 5324 potest

301 5330 532 5396 atnplius
577 5334 875 5397 superbire,
909 5332 1029 5398 quia
1072 5330 1197 5382 dum
1243 5330 1540 5380 ostenditur
1583 5329 1630 5398 ei
1675 5328 1880 5379 miseri-

301 5403 531 5466 cordia,
585 5405 805 5454 dotetur
847 5397 1142 5467 intelligere
1192 5399 1319 5450 nihil
1369 5413 1428 5450 se
1477 5397 1598 5450 boni
1651 5401 1876 5460 habere,

304 5471 409 5522 nisi
449 5471 516 5522 ab
559 5472 648 5523 illo
677 5472 817 5540 quod
864 5481 946 5524 est
990 5486 1147 5523 omne
1194 5472 1388 5521 bonum
1439 5478 1675 5540 nostrum
1711 5486 1722 5519 :
1755 5470 1878 5520 illud

303 5552 489 5608 utique
532 5539 748 5606 bonum,
789 5545 926 5610 quod
961 5557 1116 5594 nemo
1141 5540 1352 5592 auferre
1399 5550 1593 5607 potest,
1623 5539 1669 5591 si
1699 5548 1752 5592 tu
1787 5540 1879 5592 tibi

305 5629 413 5663 non
441 5619 638 5666 aulcrs.
673 5613 934 5680 ριιιιιιιιιιιι
977 5614 1117 5664 enim
1152 5628 1375 5677 corpore
1415 5614 1676 5678 possides,
1714 5620 1882 5678 potest

306 5685 402 5734 tbi
449 5683 638 5752 aliquis
687 5689 937 5746 aulerre;
988 5685 1154 5734 Urunt
1203 5692 1406 5746 autem,
1450 5699 1608 5748 quctn
1657 5696 1882 5748 corpore

306 5756 568 5820 possides,
623 5771 780 5808 nemo
829 5763 998 5822 potest
1044 5754 1136 5806 tibi
1181 5752 1409 5805 auferre.
1469 5753 1691 5804 Ostende
1740 5767 1882 5805 nunc

308 5832 574 5896 linquam)
623 5826 764 5876 nobis
817 5825 1215 5876 misericordiam
1267 5832 1439 5888 tuam;
1479 5833 1528 5877 et
1573 5823 1782 5879 tandem
1814 5826 1880 5877 da

713 5921 976 5978 l’att:ul..
1031 5914 1248 5976 XClll.

1970 1889 2098 1936 tem.
2137 1882 2198 1935 Et
2227 1884 2349 1936 ideo
2375 1897 2589 1937 carnem
2640 1885 2785 1936 carni
2832 1886 3208 1948 mauil'estavit,
3243 1897 3300 1940 ut
3329 1905 3419 1942 cur
3448 1893 3553 1944 [ide

1967 1955 2332 2027 tttunilaretttr,
2363 1963 2416 2027 et
2444 1954 2569 2005 illud
2596 1953 2906 2027 impleretur
2938 1971 2948 2005 :
2984 1954 3126 2008 Beati
3159 1962 3345 2012 mundo
3369 1966 3546 2027 corde,

1963 2024 2207 2090 quoniam
2233 2023 2331 2091 ipsi
2365 2022 2527 2075 Drum
2557 2025 2817 2076 videbunt.

2035 2100 2261 2153 Audiam
2307 2102 2429 2169 quid
2461 2103 2718 2172 loquatur.
2782 2102 3022 2168 Ostende,
3070 2107 3308 2171 inquam,
3355 2112 3556 2164 miseri-

1967 2172 2194 2243 cordiam
2227 2183 2388 2235 tuam,
2422 2184 2473 2226 ει
2503 2190 2626 2240 ego,
2672 2174 2722 2226 iu
2755 2185 3008 2243 quantum
3045 2188 3248 2242 potero,
3304 2180 3550 2236 idoneum

1969 2257 2054 2294 me
2077 2241 2369 2319 esttibebo,
2407 2246 2583 2319 idest,
2619 2241 2918 2319 cohibendo
2951 2241 3131 2319 meab
3158 2249 3300 2300 omni
3325 2255 3552 2319 strepitu

1967 2314 2232 2386 είεειιιεινι,
2268 2324 2322 2366 ιιι
2353 2315 2559 2367 audiant
2593 2356 2606 2376 ,
2641 2315 2689 2368 id
2722 2324 2826 2379 est,
2871 2325 2924 2367 ιιι
2964 2314 3256 2386 intelligam
3286 2322 3408 2386 quid
3441 2314 3550 2375 Do-

1967 2383 2134 2436 minus
2182 2384 2420 2459 loquatur
2449 2386 2499 2459 in
2529 2401 2609 2459 nte
2653 2400 2742 2459 per
2769 2386 3083 2459 veritatem,
3132 2383 3312 2459 idest,
3349 2406 3442 2459 per
3469 2411 3556 2447 ra-

1975 2459 2171 2526 tionem
2222 2456 2361 2526 intus
2412 2455 2539 2508 mihi
2591 2457 2984 2522 praesidentem.
3041 2461 3103 2511 lit
3151 2458 3271 2512 ideo
3302 2455 3463 2526 died,
3497 2477 3555 2517 ttt

1966 2524 2170 2603 audzam
2199 2525 2323 2603 quid
2364 2526 2417 2577 in
2450 2541 2542 2603 me
2569 2527 2823 2603 loquatur,
2867 2529 3112 2603 quoniam
3157 2545 3280 2584 vere
3318 2524 3555 2603 loquetur

1968 2595 2097 2647 mihi
2131 2608 2226 2663 per
2253 2597 2418 2669 ipsam
2447 2595 2728 2660 rationem,
2763 2595 2885 2661 hoc,
2909 2613 2968 2653 sc
2993 2599 3137 2661 licet,
3171 2616 3350 2668 pacem
3373 2595 3475 2669 t'iic,
3501 2620 3556 2658 et

1971 2681 2152 2730 pacem
2199 2667 2410 2718 tandem
2459 2682 2620 2732 super
2675 2681 2854 2732 pacem
2905 2667 3181 2723 venturam
3225 2687 3317 2736 per
3345 2667 3554 2728 misert-

1969 2736 2096 2788 cord
2122 2751 2205 2788 am
2237 2751 2387 2789 suam
2418 2753 2569 2806 super
2594 2737 2788 2803 plebem
2815 2754 2982 2791 suam.
3026 2741 3101 2791 Ad
3142 2740 3244 2795 hoc
3281 2750 3424 2797 venit
3447 2747 3552 2799 mi—

1968 2809 2195 2859 sericors
2226 2809 2334 2879 ille,
2373 2817 2430 2860 ut
2455 2812 2734 2861 credentes
2779 2808 2853 2879 in,
2882 2823 3028 2874 eum,
3072 2820 3127 2864 et
3155 2813 3239 2865 hic
3286 2829 3467 2879 pacem
3500 2817 3554 2871 in

1970 2878 2294 2950 conscientia
2321 2894 2412 2929 sua
2442 2879 2719 2941 haberent,
2744 2878 2968 2945 scilicet,
2998 2881 3219 2949 litigium
3245 2878 3364 2936 cum
3392 2888 3554 2950 vitiis,

1967 2948 2308 3000 concordiam
2341 2962 2459 3000 cum
2495 2951 2731 3002 moribus
2763 2951 3001 3016 cptimis,
3045 2948 3096 3003 et
3138 2955 3349 3008 laudent
3393 2948 3555 3011 habe;

1973 3028 2090 3096 rcut
2113 3033 2295 3086 pacem
2339 3033 2743 3096 snperpacem,
2789 3021 2837 3096 id
2879 3030 2992 3096 est,_
3019 3023 3306 3089 perlectam
3347 3043 3554 3095 pacem,

1973 3091 2024 3161 in
2055 3104 2213 3156 quam
2239 3105 2348 3161 tum
2383 3091 2582 3142 valebit
2620 3091 2947 3161 oppositum.
2977 3093 3049 3144 De
3081 3110 3181 3159 qua
3223 3110 3317 3161 per
3348 3091 3554 3150 ’lsaiatn

1894 3182 1938 3243 Ο
1971 3158 2197 3243 dicitur‘:
2228 3158 2367 3243 Dabo
2395 3161 2528 3243 vobis
2558 3160 2792 3212 solatium
2842 3177 2910 3240 ue:
2930 3178 3032 3224 um,
3065 3158 3260 3243 paeni
3284 3182 3436 3235 super
3465 3186 3558 3233 pu-

1975 3245 2100 3300 rem.
2137 3231 2285 3295 Quod
2331 3230 2584 3297 propiteta
2634 3247 2726 3298 per
2774 3232 3030 3284 rationem
3065 3248 3092 3283 a
3123 3230 3558 3300 Spiritu-sancto

1976 3299 2330 3352 illutuinatatn
2371 3300 2500 3352 vidit
2539 3300 2794 3364 futurum,
2828 3314 2878 3354 et
2912 3302 3028 3353 ideo
3055 3303 3180 3354 dicit
3212 3307 3276 3356 ad
3311 3318 3545 3362 nostram

1974 3369 2396 3440 exhortationem
2422 3387 2435 3422 :
2467 3371 2685 3421 Audiam
2708 3371 2830 3440 quid
2856 3370 3094 3438 loquatur
3118 3389 3168 3425 tn
3193 3391 3270 3426 me
3302 3376 3550 3431 Dominus

1978 3437 2140 3516 Deus,
2185 3450 2240 3492 ιιι
2272 3451 2444 3516 et__ttos
2474 3437 2816 3495 cohibeamus
2847 3437 2945 3495 nos
2970 3459 2998 3494 tt
3021 3445 3246 3512 strepitu
3280 3453 3551 3516 saeculari,

1979 3521 2034 3562 ut
2065 3510 2201 3564 idem
2233 3512 2527 3564 audiamur.

2050 3589 2117 3643 Et
2138 3607 2297 3666 super
2316 3602 2728 3666 sanctosisnosd
2761 3591 2853 3646 llic
2881 3591 3062 3646 dividit
3112 3593 3318 3661 plebem
3371 3599 3557 3666 praedi-

1979 3675 2141 3734 ctam,
2185 3663 2405 3726 scilicet,
2439 3674 2493 3716 ει
2533 3665 2584 3715 ιιι
2629 3662 2844 3734 Judazos
2871 3676 2923 3715 et
2965 3665 3263 3734 ingentes;
3312 3662 3382 3722 et'
3408 3683 3558 3723 vocat

1979 3732 2192 3808 ἶΙιιςιιιεοε
2239 3734 2573 3808 sanetos,_id
2613 3743 2715 3798 εει,
2753 3732 3092 3808 juslilicatos,
3141 3739 3290 3804 qttasi
3337 3752 3558 3808 propter

1980 3804 2152 3871 legem
2179 3814 2231 3856 et
2266 3803 2573 3870 prophetica
2601 3818 2821 3871 scr-ipa,
2862 3818 2916 3857 et
2961 3803 3220 3858 culturam
3266 3803 3373 3863 veri
3430 3803 3548 3866 Dei.

1985 3875 2047 3926 Et
2095 3883 2179 3928 est
2203 3875 2404 3947 _t_licere
2444 3891 2455 3925 :
2504 3873 2622 3927 Dixi
2651 3890 2860 3947 pacem
2913 3887 3186 3928 venturam
3241 3881 3292 3931 itt
3343 3881 3553 3947 plebem

1981 3959 2152 3996 suam.
2203 3942 2392 4015 Yeniet
2436 3957 2612 3997 autem
2649 3945 2758 3996 haec
2792 3961 2917 4011 pax,
2949 3956 2994 3997 et
3023 3961 3172 4012 super
3191 3942 3389 4002 sanctos
3415 3968 3552 4015 suos,

1984 4015 2032 4088 id
2066 4026 2168 4079 est,
2200 4013 2435 4078 Juda-os,
2467 4015 2510 4068 si
2541 4025 2920 4067 convertantur
2950 4017 3012 4067 ad
3047 4030 3174 4088 cur;
3219 4029 3265 4072 et
3299 4013 3556 4088 printerca

1982 4086 2037 4161 in
2063 4100 2247 4161 omnes
2275 4101 2360 4138 eos
2376 4092 2463 4161 qui
2492 4099 2727 4161 convertu
2746 4096 2849 4161 itur
2869 4088 2936 4138 ut!
2959 4102 3061 4161 cor,
3093 4086 3192 4142 hoc
3219 4086 3322 4157 est,
3355 4092 3407 4145 itt
3431 4111 3556 4161 geu-

1986 4156 2422 4228 tilc_s._Quamvis
2465 4158 2606 4210 enim
2658 4155 2827 4208 Judan
2872 4156 3043 4210 aversi
3089 4155 3331 4214 essenta
3372 4155 3554 4228 corde,

1984 4226 2106 4295 quia
2131 4225 2411 4280 Dominum
2443 4242 2548 4280 non
2580 4237 2800 4294 promer
2827 4241 2917 4290 se,
2949 4231 3043 4280 sed
3085 4241 3299 4296 promer
3350 4225 3556 4286 terrena

1984 4298 2252 4362 colebant,
2279 4307 2466 4366 gentes
2497 4307 2672 4352 tamen
2707 4300 2873 4366 magis
2895 4313 3099 4352 aversa:
3127 4317 3155 4351 a
3181 4303 3343 4356 corde
3383 4316 3557 4363 erant.

1985 4375 2107 4435 quia
2137 4370 2296 4422 etiam
2329 4380 2624 4422 creaturam
2659 4384 2754 4436 pro
2784 4377 3024 4422 creature
3053 4372 3319 4436 eulebant,
3353 4385 3404 4425 et
3438 4375 3560 4428 idr'.)

1986 4439 2135 4506 qttasi
2171 4439 2334 4507 magis
2363 4455 2719 4492 necessarium
2753 4447 2867 4490 erat
2898 4441 3141 4505 gentibus
3172 4455 3326 4507 quau
3355 4442 3558 4498 διιιΙίυιδ

1986 4511 2223 4563 Conveni
2263 4510 2326 4562 ad
2357 4525 2467 4562 cor.
2503 4513 2564 4561 tit
2603 4519 2686 4561 est
2713 4509 2764 4561 iu
2796 4508 2992 4560 ,ιιιειωις
3031 4515 3270 4564 converti
3319 4528 3432 4574 cor,
3463 4534 3558 4568 eo-

1981 4593 2241 4652 gnoscere
2289 4579 2453 4652 Deum
2501 4590 2720 4646 propter
2763 4592 2822 4631 se
2861 4579 3166 4644 colendum,
3201 4596 3305 4636 non
3339 4599 3559 4652 propter

1978 4651 2122 4704 aliud
2153 4667 2166 4702 :
2199 4653 2251 4702 ιιι
2299 4649 2543 4718 gentibus
2573 4662 2702 4702 vero
2742 4661 2823 4702 est
2866 4653 3103 4702 converti
3137 4655 3205 4703 ad
3233 4649 3353 4717 Cor,
3385 4649 3454 4706 ut
3477 4673 3562 4707 re.-

1979 4723 2274 4784 sculpeudo
2316 4722 2465 4786 quasi
2505 4735 2598 4772 cor
2629 4733 2783 4771 suum
2834 4731 3218 4786 recognoscant
3257 4736 3559 4778 creaturam

1983 4792 2287 4844 interiorem
2316 4797 2579 4863 creatore,
2610 4804 2706 4842 nec
2727 4789 3059 4863 adorandum
3095 4792 3210 4845 loco
3238 4793 3380 4863 ejus.
3416 4799 3480 4850 Et
3505 4815 3566 4849 ut

1985 4877 2078 4927 per
2108 4860 2508 4932 rbwcvisibilia
2546 4858 2799 4932 ascendat
2839 4860 2907 4912 ad
2958 4858 3367 4932 contemplanda
3429 4869 3581 4923 inii-

1981 4931 2151 4983 sibilia
2178 4931 2362 5000 ipsius,
2396 4931 2534 4985 sicut
2565 4928 2984 5000 aitApostolus:
3064 4968 3078 4984 .
3162 4928 3192 4986 .’
3259 4975 3273 4989 .
3354 4976 3369 4991 .
3451 4977 3466 4992 .

2061 5104 2415 5158 Verumtamen
2444 5122 2599 5174 prope
2644 5106 2873 5176 timentes
2901 5125 3032 5162 eum.
3061 5109 3219 5176 Quasi
3251 5110 3390 5164 dicat
3424 5127 3434 5162 :
3460 5109 3563 5163 Pax

1981 5177 2193 5245 quidem
2224 5177 2659 5248 coiutnuuiserat
2680 5175 2876 5231 Judceis
2897 5191 2950 5232 et
2971 5175 3236 5248 genuinis,
3264 5181 3354 5233 sed
3382 5189 3556 5232 tamen

1984 5251 2069 5300 ille
2099 5263 2190 5312 per
2217 5262 2372 5314 quem
2416 5246 2647 5310 dabitur,
2677 5246 3018 5318 pr0pinquior
3057 5253 3159 5304 erit
3179 5252 3420 5312 Judxis;
3452 5265 3557 5302 nou

1981 5321 2119 5386 quod
2145 5321 2315 5386 gratia
2361 5319 2439 5370 cis
2464 5318 2687 5372 vicinior
2718 5321 2807 5383 sit,
2853 5322 2945 5374 sed
2977 5324 3099 5388 quia
3140 5334 3358 5373 carnem
3389 5335 3452 5372 ex
3483 5320 3560 5372 eis

1981 5401 2204 5453 act-epit.
2234 5390 2297 5441 lit
2326 5393 2424 5440 hoc
2453 5403 2535 5442 est
2556 5390 2697 5456 quod
2725 5389 2850 5442 dicit
2880 5410 2891 5442 :
2936 5391 3287 5444 Verumtamen
3308 5389 3559 5450 salutare,

1983 5463 2031 5514 id
2061 5476 2160 5521 εει,
2196 5460 2428 5512 salvator
2472 5462 2669 5526 ipsius,
2727 5461 2936 5515 scilicet
2982 5465 3210 5526 Domini,
3257 5476 3350 5525 per
3397 5477 3558 5528 quem

1982 5535 2313 5583 baiuloretn
2346 5545 2445 5596 pax
2474 5531 2706 5594 dabitur,
2739 5533 2838 5583 crit
2869 5547 3026 5601 prope
3048 5535 3272 5584 timentes
3301 5547 3437 5584 eum.
3475 5533 3559 5585 Ti-

1983 5613 2190 5655 mentes
2222 5603 2500 5652 Uontinum
2533 5613 2684 5653 vocat
2713 5601 2945 5665 Judtcos,
2973 5618 3095 5669 quia
3140 5612 3194 5656 et
3224 5607 3266 5654 si
3315 5615 3559 5659 timerent

1980 5689 2100 5726 eum
2135 5689 2236 5724 non
2287 5683 2504 5740 propter
2548 5685 2626 5729 se.
2662 5671 2752 5724 sed
2805 5683 3018 5740 propter
3070 5683 3329 5728 terrena:
3387 5685 3558 5730 tamen

1983 5745 2098 5797 haec
2129 5759 2230 5796 non
2260 5760 2287 5794 a
2319 5744 2598 5796 daemoniis
2631 5753 2685 5793 ut
2709 5755 2913 5812 gentes,
2942 5745 3034 5798 sed
3060 5747 3127 5797 ab
3169 5745 3284 5812 ipso
3327 5747 3442 5799 solo
3473 5761 3559 5813 pe-

1984 5819 2182 5871 tebant.
2222 5817 2391 5870 l’autte
2419 5827 2594 5868 autem
2622 5830 2713 5869 eos
2746 5814 2863 5868 Ideo
2889 5814 3005 5884 luit,
3033 5816 3150 5886 quia
3187 5815 3310 5870 inde
3337 5821 3565 5889 patriar-

3135 5906 3211 5968 30
