4010 6190
297 338 397 409 9M

969 329 1037 400 iiv
1075 332 1495 401 PSALMORUM
1537 340 1793 399 LIBRUM
1838 327 2200 397 excessis.
2241 371 2310 383 —
2348 332 2591 397 PSALM.
2633 342 2898 397 Lxxxv.

3454 348 3558 403 942

294 461 435 518 [ilius
461 455 944 531 Davidsecilltdlltil
974 456 1380 531 humanitatem,
1416 456 1668 509 Dominus
1693 466 1871 531 autem
1902 462 1951 521 Α
2050 456 2521 531 Auribusperc'ipe.
2553 451 2617 507 Et
2646 454 2768 531 quia
2819 455 3000 531 multae
3049 456 3377 531 misericordi
3397 478 3426 531 ιτ
3475 479 3559 530 es,

294 542 351 587 et
374 541 584 587 creator
621 529 786 583 David
831 528 1121 581 secundum
1166 526 1498 581 divinitatem
1534 540 1649 579 orat
1692 528 1741 578 in
1771 528 1874 580 hoc

295 603 502 671 psalmo
524 602 575 653 in
609 614 833 671 persona
875 598 1039 671 David
1082 599 1248 671 servi,
1282 605 1337 651 et
1365 613 1428 651 ex
1463 610 1681 665 persona
1710 597 1871 671 servi.

294 665 428 727 Cum
452 672 594 725 enim
611 665 761 723 'tinus
776 668 1021 722 Christus
1050 668 1118 720 sit
1145 677 1302 733 caput
1322 675 1378 720 et
1395 682 1610 733 corpus,
1635 665 1876 732 quisquis

297 744 350 796 in
389 756 613 809 corpore
634 738 831 793 Christi
857 747 1003 803 orat,
1052 739 1175 807 quia
1226 753 1387 790 unum
1433 736 1571 809 quod
1611 751 1728 809 ciiiii
1761 737 1877 809 ipso

292 822 402 874 est.
432 806 497 865 inv
518 826 743 879 persona
768 810 882 877 ejus
908 818 1041 861 orat.
1069 806 1194 861 Urat
1215 818 1391 861 autem
1426 806 1678 874 praelatus
1711 807 1873 859 David

290 897 393 952 pro
416 884 806 952 resurrectione
831 893 925 932 sua
945 879 1239 952 exteriori,
1269 889 1321 932 et
1350 893 1444 952 pro
1489 889 1705 952 suorum
1736 892 1877 952 nunc

295 948 507 1008 interim
542 950 803 1012 interiori,
836 949 1046 1003 tandem
1093 964 1219 1001 vero
1266 949 1551 1012 exteriori;
1586 961 1688 999 non
1734 948 1875 1015 quod

293 1027 411 1093 ipse
444 1036 664 1077 necesse
694 1021 884 1073 habeat
910 1034 1084 1093 orare,
1117 1021 1298 1093 sedat
1330 1018 1875 1093 nobis_det__fontium

289 1086 504 1157 orandi,
558 1092 697 1145 sicut
734 1098 789 1144 et
836 1086 1140 1157 exemplum
1190 1089 1421 1141 vivendi.
1476 1087 1539 1140 Et
1590 1089 1718 1140 dicit
1765 1088 1872 1140 ita:

292 1168 339 1217 υ
371 1164 607 1227 Domine,
636 1159 829 1214 inclina
871 1174 1048 1212 aurem
1076 1168 1215 1211 tuam
1252 1161 1316 1211 ad
1366 1174 1451 1211 me
1474 1198 1489 1223 ,
1514 1166 1762 1226 tanquam
1811 1158 1878 1211 ad

292 1237 576 1297 humilem,
629 1243 876 1297 tanquam
936 1231 1005 1281 ad
1048 1228 1409 1283 misericordia
1524 1229 1872 1297 indigentem.

295 1305 457 1371 Quasi
486 1306 627 1355 dicat
658 1320 670 1354 :
702 1302 815 1354 Non
839 1301 981 1368 erigo
1010 1313 1109 1366 ego
1154 1298 1659 1371 cervicem,inclina
1693 1307 1747 1351 tu
1787 1312 1879 1371 au-

297 1369 435 1428 rem.
470 1374 711 1443 Intelligo
740 1372 883 1424 enim
938 1384 995 1443 te
1040 1370 1708 1443 sursum,_nie_deorsmii;
1753 1377 1802 1423 te
1827 1369 1877 1422 iii

290 1446 593 1509 altitudine,
622 1438 706 1495 uie
734 1443 784 1493 in
819 1440 1128 1494 humilitate.
1155 1438 1378 1501 Inclina,
1409 1440 1619 1507 inquam
1638 1480 1651 1504 ,
1681 1455 1878 1503 aurem,

295 1525 341 1567 et
372 1518 561 1568 exaudi
585 1529 681 1577 me,
714 1513 763 1565 id
795 1519 898 1575 est,
948 1525 1041 1576 per
1067 1510 1313 1563 elfectuiii
1352 1512 1573 1563 ostende
1618 1511 1757 1577 quod
1788 1526 1881 1563 ex-

298 1586 533 1638 audieris
566 1599 670 1637 me.
718 1583 784 1634 Et
833 1584 998 1635 debes
1046 1582 1317 1642 exaudire,
1348 1581 1589 1647 quoniam
1628 1596 1721 1648 ego
1768 1596 1882 1631 sum

294 1659 445 1723 inaps
472 1657 523 1707 in
549 1669 632 1707 me
663 1652 797 1723 etin
831 1652 986 1717 meis,
1013 1651 1061 1703 id
1091 1660 1195 1715 est,
1227 1658 1417 1718 reputo
1445 1649 1879 1723 insulliciciitem,

296 1738 353 1779 ct
388 1720 764 1777 'iiiiSericordia
797 1723 1140 1788 indigentem,
1172 1730 1218 1773 et
1262 1735 1377 1773 sum
1431 1735 1642 1788 pauper,
1676 1720 1728 1773 id
1776 1730 1881 1785 est,

301 1797 541 1847 humilis.
577 1794 801 1847 Divitem
833 1807 975 1844 enim
1007 1803 1061 1844 et
1097 1793 1381 1857 superbum
1417 1790 1553 1843 Deus
1584 1807 1689 1843 non
1722 1805 1885 1843 exau-

296 1870 397 1918 dit.
445 1864 522 1919 Ne
569 1876 740 1918 tamen
786 1871 931 1929 putet
980 1864 1173 1930 aliquis
1213 1864 1349 1929 quod
1398 1862 1515 1913 illos
1544 1860 1635 1929 qui
1688 1864 1888 1914 habent

292 1952 489 1989 aurum
521 1946 573 1989 et
616 1945 924 2002 argentum,
959 1948 1062 1984 non
1115 1933 1361 1985 exaudiat
1413 1931 1571 1982 Deus.
1616 1932 1884 1984 Abraham

297 2008 441 2059 mini
472 2016 521 2057 et
563 2004 727 2058 Jacob
752 2011 805 2056 et
843 2002 1007 2055 David
1036 2005 1203 2054 multa
1236 2002 1608 2070 possederunt,
1639 2016 1773 2069 quos
1801 2012 1876 2053 ta-

296 2092 422 2129 men
484 2076 621 2128 Deus
670 2073 985 2136 exaudivit,
1035 2073 1156 2140 quia
1220 2086 1478 2141 pauperes
1544 2071 1660 2140 ejus
1712 2080 1885 2125 erant.

298 2148 485 2198 Uiiiiiis
528 2146 669 2199 enim
726 2144 814 2196 ille
846 2143 938 2211 qui
968 2144 1145 2210 objicit
1191 2142 1355 2204 illud,
1399 2141 1541 2194 unde
1583 2155 1761 2209 posset
1788 2155 1889 2207 su-

298 2219 536 2284 perbire,
555 2216 713 2281 etqiii
746 2217 871 2266 illud
903 2212 1199 2284 eonteiiinit
1230 2215 1281 2265 in
1313 2226 1371 2266 se
1394 2215 1532 2277 quod
1560 2220 1741 2280 posset
1766 2226 1887 2284 eum

301 2282 509 2350 inilare,
542 2301 665 2338 vere
697 2294 778 2338 est
803 2297 1021 2352 pauper.
1048 2283 1123 2336 De
1163 2284 1354 2336 talibus
1397 2284 1538 2335 enim
1573 2282 1890 2349 pauperibus

294 2362 430 2410 ilicit
478 2356 788 2424 Apostolus,
821 2356 1062 2407 scribens
1109 2354 1175 2405 ad
1224 2353 1608 2405 Timotheum:
1658 2352 1890 2420 Praecipe

296 2428 540 2480 ‘rtivitibus
570 2426 725 2493 huius
753 2426 928 2479 steculi
954 2440 1058 2476 non
1085 2424 1298 2493 sublime
1327 2438 1522 2492 sapere,
1555 2437 1644 2473 nec
1685 2437 1892 2487 sperare

301 2516 355 2552 in
384 2500 575 2550 incerto
602 2492 919 2559 divtiaruni,
948 2497 1033 2546 sed
1060 2494 1113 2545 in
1136 2492 1245 2545 Deo
1276 2494 1385 2545 vivo
1415 2506 1456 2546 et
1480 2507 1618 2559 vero,
1644 2494 1731 2559 qui
1757 2508 1894 2562 prte-

296 2580 402 2622 ‘stat
436 2569 576 2621 nobis
597 2568 895 2634 su/ﬁcienter
923 2565 1093 2617 omnia
1121 2566 1187 2614 ad
1215 2565 1509 2634 fruendum.

374 2638 587 2693 Custodi
634 2631 859 2689 animum
904 2651 1090 2688 meam.
1124 2631 1285 2698 Quasi
1325 2633 1505 2687 diC‘dlZ
1538 2631 1611 2686 lla
1640 2631 1757 2686 dico
1805 2648 1893 2686 ea:-

297 2710 429 2762 audi
457 2725 556 2772 me,
577 2719 632 2761 ut
662 2708 933 2760 custodias
962 2706 1195 2759 animam
1227 2718 1422 2770 meam,
1455 2717 1523 2758 ne
1546 2704 1614 2755 ab
1636 2702 1893 2757 obedien-

304 2781 378 2834 tia
403 2783 635 2833 recedat.
690 2776 933 2830 Animam
988 2780 1129 2830 enim
1167 2775 1297 2829 Adae
1346 2789 1452 2828 non
1502 2773 1807 2840 custodisd,
1839 2784 1894 2828 et

309 2852 436 2905 ideo
460 2850 515 2902 in
541 2849 846 2902 oliedentia
871 2861 977 2900 non
1012 2849 1325 2914 perminsit.
1344 2844 1408 2897 Et
1438 2843 1557 2898 ideo
1587 2843 1709 2914 dico
1725 2854 1780 2896 ut
1800 2859 1891 2896 cu-

304 2921 502 2974 stodias
523 2923 753 2972 animam
782 2932 966 2977 meam,
984 2912 1228 2986 quoniam
1248 2924 1457 2968 sanctus
1485 2928 1618 2986 sum.
1648 2912 1891 2967 Forsitan

305 2992 516 3045 videtur
543 2991 697 3042 alicui
730 2990 831 3041 hoc
861 2988 935 3041 iiIi
981 2985 1081 3040 sali
1111 2987 1438 3048 convenire,
1471 2985 1560 3052 qui
1612 2997 1889 3051 peccatum

307 3076 415 3115 non
447 3062 591 3125 fecit,
625 3071 680 3112 ct
707 3058 790 3123 qui
814 3060 962 3111 solus
982 3057 1221 3110 omnium
1268 3064 1609 3122 peccatorum
1654 3066 1734 3125 est
1786 3070 1892 3108 non

300 3123 656 3193 couiiiiissor,
689 3130 783 3182 sed
814 3130 1098 3189 dimissor;
1135 3126 1228 3179 sed
1275 3134 1422 3179 certe
1451 3123 1701 3178 convenit
1731 3126 1892 3179 etiam

306 3176 1227 3265 ἷιῖὲῖιῖὑῖῗέὲιίίξξῙιιᾶἰέιίἱιίιῖἑηῖιὶἶ
1250 3176 1712 3264 estimatio
1736 3176 1895 3265 sint;
1925 3176 1968 3236 C

310 3272 556 3326 membra
586 3270 688 3323 nisi
722 3278 902 3322 sancta
926 3268 1183 3336 cooptari.
1227 3266 1397 3321 Aliter
1426 3278 1603 3319 autem
1637 3268 1749 3334 ipse
1775 3280 1897 3319 san-

309 3356 432 3396 ctus
464 3352 566 3404 est,
590 3341 746 3392 aliter
775 3352 891 3391 nos.
925 3340 1039 3406 Ipse
1080 3340 1221 3392 enim
1270 3346 1485 3390 sanctus
1536 3338 1897 3401 sanctilicaiis,

315 3428 417 3466 nos
447 3423 624 3464 autem
657 3409 828 3464 sancti
874 3408 1227 3470 sanctiﬁcati,
1268 3418 1406 3460 Slcul
1452 3406 1525 3458 ait
1570 3408 1895 3472 Apostolus:

308 3483 419 3538 Sed
450 3486 558 3536 hinc
586 3482 777 3551 fuistis,
808 3482 894 3533 sed
916 3478 1073 3551 abluti
1115 3479 1252 3541 estis,
1291 3477 1381 3530 sed
1409 3477 1712 3551 sanctiﬁcati
1738 3477 1859 3530 estis
1880 3492 1899 3530 :
1938 3498 1941 3503 ·

309 3565 368 3607 ει
392 3554 436 3606 si
459 3548 963 3621 quis'inembrorum
1007 3548 1154 3621 dese
1190 3551 1362 3621 dicat,
1408 3548 1649 3621 quoniam
1697 3557 1901 3621 sanctus

309 3639 449 3689 sum,
476 3616 588 3675 iit-ii
621 3624 718 3673 hoc
746 3624 848 3674 erit
879 3620 1123 3686 superbia
1153 3619 1314 3682 elati,
1343 3620 1436 3671 sed
1482 3616 1749 3672 confessio
1793 3631 1899 3672 non

313 3697 527 3764 ingrati.
561 3692 793 3764 Custodi,
828 3694 1066 3759 inquam,
1088 3693 1314 3741 animam
1334 3702 1517 3764 meum,
1548 3699 1599 3742 et
1633 3698 1688 3742 ut
1715 3696 1899 3741 custo-

311 3759 431 3817 dias
454 3804 469 3829 ,
508 3765 701 3815 saltum
731 3762 815 3830 [ac
848 3770 1061 3829 propter
1089 3759 1533 3827 perseverantiam
1578 3774 1657 3812 me
1701 3773 1900 3830 servum

315 3844 484 3899 tuum,
508 3829 794 3900 sperantem
832 3833 887 3884 in
917 3841 986 3895 te,
1013 3845 1116 3884 non
1149 3838 1556 3898 praesumentem
1575 3832 1643 3882 de
1664 3829 1901 3900 se,quod

316 3906 495 3958 facere
517 3898 704 3967 debes,
734 3904 856 3971 quia
879 3916 938 3956 es
964 3901 1103 3953 Deus
1145 3915 1283 3951 meus
1310 3915 1329 3952 :
1355 3914 1461 3951 ιιοιι
1500 3914 1600 3967 ego
1628 3916 1747 3953 sum
1768 3898 1899 3953 mihi

315 3975 482 4040 Deus,
513 3975 562 4027 id
595 3986 779 4037 est,ex
815 3987 905 4026 tuo
936 3980 1063 4024 nutu
1098 3972 1332 4040 pendere
1364 3974 1509 4034 volo,
1529 3984 1634 4022 non
1660 3985 1725 4023 ex
1755 3985 1899 4036 meo,

314 4039 652 4097 διευινυιιιιι
690 4058 852 4097 miser
893 4039 1109 4096 Adam.’
1138 4039 1379 4093 Miserere
1403 4054 1533 4109 ergo
1562 4042 1682 4103 mei,
1713 4039 1764 4093 id
1795 4047 1899 4104 est,

316 4130 583 4175 nieorum,
619 4114 862 4179 Domine,
905 4112 1268 4167 resuscitando
1321 4126 1415 4165 cos
1465 4128 1604 4165 nunc
1655 4112 1900 4176 interius,

315 4188 534 4238 tandem
578 4200 702 4237 vero
744 4186 997 4237 exterius.
1033 4185 1093 4234 Et
1124 4184 1289 4236 debes
1338 4181 1612 4251 misereri,
1661 4182 1902 4250 quoniam

312 4271 419 4324 ego
446 4257 681 4322 clamavi,
712 4254 763 4307 id
804 4267 905 4319 εει,
954 4253 1225 4306 irremisse
1269 4262 1519 4320 Operatus
1559 4268 1675 4306 sum
1719 4254 1770 4304 iii
1802 4253 1898 4324 eis,

317 4322 549 4379 tetideos
576 4329 642 4377 ad
672 4338 720 4377 te
747 4340 853 4377 non
880 4325 945 4376 ad
975 4327 1119 4375 aliud
1151 4338 1448 4390 praemium,
1467 4334 1521 4376 et
1548 4325 1649 4377 hoc
1669 4332 1774 4375 tota
1795 4322 1898 4387 die,

318 4401 376 4452 sd
407 4406 511 4459 est,
543 4397 773 4448 assidue.
808 4399 875 4448 ιι
930 4407 985 4447 ιιι
1034 4395 1373 4457 miserearis,
1424 4395 1627 4462 lwti/ica
1674 4396 1901 4445 animam

314 4469 574 4530 seruiiui,
625 4481 743 4534 qua:
782 4466 991 4519 videtur
1020 4465 1330 4517 contristata
1383 4466 1449 4517 ab
1494 4466 1763 4526 inimicis,
1816 4478 1899 4515 re-

1979 541 2106 596 ergo
2131 526 2346 579 Domine
2374 528 2575 594 percipe
2590 527 2819 591 auribus,
2842 526 2890 577 id
2914 534 3013 587 est,
3044 530 3265 583 ostende
3289 532 3338 582 in
3367 526 3560 592 ell'ectti

1981 607 2031 650 te
2074 598 2374 669 percepisse
2415 598 2635 650 auribus
2687 599 2967 650 orationem
3013 614 3169 650 meam
3223 600 3410 655 iactam
3469 622 3565 669 pro

1981 668 2375 734 perseverantia
2406 681 2668 735 meorum,
2716 679 2763 721 et
2807 668 3011 721 intende
3055 671 3162 720 voci
3190 668 3562 734 deprecationis

1978 753 2143 799 mete.
2202 740 2352 793 iactze
2403 751 2500 805 pro
2558 739 2786 805 peccatis
2853 752 3091 791 meorum
3135 755 3147 790 :
3199 739 3284 795 liic
3340 736 3562 801 alicuius

1980 821 2203 877 magnus
2247 808 2451 862 orantis
2492 818 2723 860 notatur.
2769 808 2897 861 T-ale
2927 810 3071 863 enim
3110 819 3191 862 est
3236 824 3358 866 cum
3409 816 3557 877 dicit.

1981 875 2437 948 Percipeauribus.
2470 881 2544 931 Ac
2570 880 2613 931 si
2645 879 2786 933 diezit
2824 897 2835 931 :
2873 878 3033 947 lnlige
3083 880 3303 935 auribus
3350 886 3471 948 litis,
3504 875 3561 946 iii,

1983 948 2106 1003 inde
2138 965 2240 1003 non
2268 950 2499 1011 recedat,
2533 950 2829 1003 orationem
2857 963 3053 1003 meam.
3086 950 3146 1002 Et
3180 965 3358 1006 revera
3391 954 3561 1016 inﬂuit,

1980 1018 2096 1086 ipse
2140 1022 2190 1072 in
2247 1021 2462 1073 auribus
2502 1020 2613 1072 suis
2642 1019 2937 1073 Orationem
2987 1032 3244 1083 nostram,
3275 1027 3318 1075 si
3361 1040 3460 1078 nos
3506 1031 3562 1087 in

1980 1088 2232 1143 cordibus
2258 1091 2451 1142 nostris
2481 1089 2762 1158 inligamus
2788 1090 2956 1158 legem
2989 1104 3159 1144 suam.

2052 1158 2118 1212 In
2140 1162 2221 1213 die
2239 1160 2600 1213 tribulationis.
2632 1160 2695 1213 Et
2726 1160 2845 1213 ideo
2870 1161 3032 1212 debes
3066 1162 3336 1229 percipere
3358 1167 3559 1223 oratio-

1983 1245 2103 1303 nem
2128 1247 2323 1303 meam,
2346 1244 2394 1284 et
2424 1230 2700 1303 intendere
2725 1229 3085 1303 deprecationi
3113 1247 3245 1286 mete
3270 1249 3364 1299 pro
3388 1242 3521 1291 meis
3540 1282 3554 1303 ,

1981 1302 2101 1366 quia
2133 1315 2231 1371 ego
2252 1301 2467 1355 clamavi
2491 1301 2541 1353 in
2571 1302 2648 1355 eis
2669 1301 2738 1353 ad
2757 1310 2803 1353 te
2822 1302 2874 1354 in
2899 1300 2982 1353 die
3002 1302 3362 1371 tribulationis,
3384 1306 3432 1359 id
3463 1300 3564 1371 est,

1983 1381 2096 1424 toto
2127 1382 2368 1440 tempore
2415 1373 2877 1437 peregrinationis.
2912 1373 3157 1437 Qitandiu
3205 1375 3333 1426 enim
3377 1377 3428 1430 in
3473 1378 3570 1432 hoc

1984 1455 2193 1520 oorpore
2220 1458 2413 1505 sumus,
2439 1458 2469 1493 a
2497 1440 2714 1520 Domino
2758 1444 3153 1520 peregrinamur.
3204 1442 3391 1499 Nullus
3439 1458 3570 1520 ergo

1985 1512 2321 1584 Christianus
2354 1520 2499 1584 putet
2522 1522 2581 1566 se
2610 1514 2724 1566 sine
2755 1513 3097 1566 tribulatione
3126 1529 3265 1581 esse,
3298 1518 3417 1584 quia
3443 1512 3568 1573 et'sl

1987 1583 2360 1637 circumlitiant
2380 1583 2430 1637 ei
2452 1584 2627 1635 omnia
2648 1584 2957 1648 temporalia
2984 1584 3141 1646 bona,
3171 1583 3347 1640 tamen
3374 1593 3571 1643 acriter

1989 1652 2289 1726 tiibulatur,
2322 1654 2443 1721 quia
2474 1653 2973 1726 ipsatiieregrinatio
3008 1663 3090 1706 est
3116 1670 3303 1726 magna
3349 1659 3542 1711 trihiila

1988 1725 2079 1776 tio.
2110 1725 2169 1778 Et
2192 1725 2492 1795 cuiciinqiie
2525 1724 2793 1777 tribulatio
2824 1738 2927 1777 non
2958 1734 3043 1777 est
3077 1724 3272 1792 gravis,
3305 1727 3376 1781 illi
3404 1734 3571 1795 patria

1915 1802 1963 1862 Β
1993 1808 2097 1847 non
2128 1793 2320 1847 dulcis.
2353 1793 2407 1846 Si
2448 1804 2623 1846 autem
2669 1797 3005 1847 attendamus
3058 1811 3215 1863 quam
3260 1798 3329 1850 sit
3379 1793 3569 1853 misera

1990 1864 2369 1934 peregrinatio,
2387 1871 2494 1916 tota
2510 1863 2594 1917 die
2619 1867 2721 1918 erit
2744 1865 3013 1934 tribulatio
3032 1883 3043 1917 :
3065 1867 3206 1929 quod
3240 1868 3420 1921 tandiii
3443 1871 3568 1933 erit,

1988 1933 2158 1989 donec
2183 1939 2233 1988 in
2263 1936 2426 1998 patria
2453 1937 2522 1987 sit
2546 1936 2848 1987 exsultatio.
2872 1933 3122 1999 Glamavi,
3154 1950 3390 2004 inquam,
3413 1943 3481 1991 ad
3501 1949 3570 2004 te,

1992 2004 2236 2065 Domine.
2259 2006 2310 2057 in
2335 2014 2558 2077 tempore
2587 2005 2956 2077 tribulationis;
2971 2013 3039 2077 “et
3064 2013 3160 2059 hoc
3177 2008 3300 2061 inde
3329 2022 3570 2077 apparet,

1988 2077 2110 2141 quia
2136 2086 2190 2129 tu
2221 2075 2473 2130 exaudisti
2499 2091 2608 2140 me;
2642 2076 2725 2129 hic
2754 2076 2894 2129 enim
2921 2075 3141 2130 enectus
3176 2075 3455 2134 manifeste
3483 2075 3574 2135 de-

1990 2146 2157 2199 clarat
2179 2162 2263 2200 ine
2302 2149 2564 2199 clamasse
2587 2147 2650 2199 ad
2682 2154 2751 2200 te.

2064 2214 2184 2270 Non
2204 2227 2274 2269 est
2296 2216 2478 2288 similis
2497 2216 2570 2268 tui
2606 2215 2675 2288 Et
2694 2215 2882 2288 tiierito
2908 2216 2972 2269 ad
2994 2225 3043 2270 te
3059 2214 3440 2288 clamavi,quia
3467 2236 3572 2275 non

1991 2286 2163 2340 solum
2190 2288 2240 2339 in
2262 2286 2561 2341 simulacris
2584 2287 2990 2347 daemoniorum,
3014 2301 3129 2354 quse
3157 2286 3399 2344 homines
3422 2294 3570 2345 Stiilti

1992 2356 2192 2410 faciunt
2215 2366 2268 2409 et
2297 2366 2620 2410 venerantur
2662 2370 2756 2425 pro
2785 2357 2908 2420 diis,
2942 2358 3034 2409 sed
3068 2372 3159 2410 nec
3179 2357 3336 2413 etiam
3374 2362 3425 2413 in
3473 2362 3573 2415 diis

1992 2428 2194 2497 (gratia
2216 2436 2300 2480 tua
2330 2428 2617 2499 deiﬁcatis)
2645 2436 2718 2499 est
2741 2426 2934 2495 aliquis
2953 2426 3135 2499 similis
3155 2428 3247 2499 tibi
3268 2431 3317 2483 iii
3344 2428 3577 2499 poles“-

1994 2509 2075 2562 te;
2098 2507 2153 2552 et
2175 2511 2286 2570 non
2315 2497 2507 2565 aliquis
2544 2497 2850 2570 angelorum
2895 2498 2974 2570 vel
3028 2498 3299 2570 hominum
3322 2497 3357 2563 ,“
3385 2504 3473 2570 qui
3504 2504 3576 2557 sit

1996 2568 2270 2622 secundum
2295 2580 2455 2633 'opera
2486 2575 2596 2632 tua,
2623 2567 2744 2634 quia
2778 2576 2829 2620 lu
2854 2568 2999 2620 solus
3027 2566 3172 2621 nullo
3204 2566 3416 2636 adjutus
3448 2568 3574 2627 facis

1992 2638 2247 2713 quidquid
2278 2638 2560 2713 @cis;_alii
2606 2650 2735 2713 vero
2765 2651 2951 2713 olunt-3
2980 2638 3233 2705 quidquid
3264 2652 3446 2707 agunt,
3482 2658 3576 2711 per

1990 2707 2046 2762 te
2072 2716 2254 2779 agunt.
2276 2709 2340 2761 Et
2366 2708 2487 2777 quia
2518 2720 2574 2761 ιιι
2608 2709 2724 2761 talis
2752 2723 2830 2779 es,
2867 2707 2984 2761 ideo
3013 2721 3184 2761 omnes
3213 2718 3382 2777 gentes
3423 2707 3577 2778 quas-

1995 2777 2191 2846 cunque
2205 2779 2393 2848 fecisti,
2415 2779 2462 2831 id
2490 2788 2593 2837 est,
2617 2777 2807 2831 creasti
2831 2782 2880 2829 iii
2909 2779 3160 2845 operibus
3184 2780 3355 2843 bonis,
3381 2777 3577 2835 venient

1994 2854 2059 2902 ad
2087 2860 2137 2905 te
2162 2850 2404 2916 paSsibiis
2424 2850 2570 2903 ﬂdei.
2595 2848 2657 2901 Et
2683 2849 2769 2915 qui
2795 2850 2940 2915 prius
2969 2848 3249 2902 veniebant
3277 2849 3572 2908 Jerusalem

1996 2919 2062 2973 ad
2088 2921 2369 2984 orandum,
2414 2920 2574 2973 modo
2601 2918 2890 2992 adorabunt
2911 2933 3080 2971 raram
3111 2929 3176 2977 te.
3213 2922 3578 2992 unusquisque

1998 2992 2048 3044 in
2098 2992 2426 3045 conscientia
2474 3004 2591 3053 sua,
2625 2990 2710 3042 tibi
2766 3000 2814 3043 te
2846 3000 3162 3055 praisenti-m
3214 2989 3389 3044 habet.
3420 2989 3576 3048 Ouini

1997 3061 2141 3115 enim
2166 3061 2503 3115 conscientiae
2522 3062 2675 3114 bona:
2699 3072 2931 3127 praesens
2946 3069 3025 3113 est
3052 3059 3212 3131 Dens.
3231 3059 3295 3112 Et
3319 3062 3407 3131 qui
3433 3065 3579 3131 prius

2000 3132 2433 3201 glorificaverunt
2461 3146 2654 3183 nomen
2683 3144 2859 3201 stium,
2892 3131 3049 3182 modo
3094 3129 3452 3197 gloriﬁcabunt
3486 3148 3578 3199 per

2003 3198 2139 3256 bona
2175 3216 2333 3269 opera
2362 3216 2540 3253 nomen
2563 3212 2722 3252 tuum.
2756 3198 2823 3252 Et
2848 3202 3058 3263 meri-tn,
3088 3204 3326 3266 quoniam
3354 3214 3406 3253 tu
3434 3198 3577 3257 solus

2002 3289 2053 3325 ei
2080 3287 2318 3342 magnus,
2345 3272 2570 3337 impletis
2586 3271 2801 3342 scilicet
2830 3284 3041 3323 omnem
3073 3272 3268 3342 locum;
3303 3275 3421 3337 q'iizl
3440 3274 3576 3342 trhi-

2002 3358 2103 3410 qiie
2136 3339 2372 3409 praesens
2403 3355 2460 3393 es
2481 3380 2497 3406 ,
2530 3340 2615 3393 alii
2651 3354 2777 3410 vero
2807 3352 2992 3410 omnes
3041 3339 3187 3407 parvi
3236 3349 3382 3393 sunt.
3430 3340 3499 3394 Et
3522 3353 3575 3396 tit

2001 3407 2148 3465 solus
2173 3426 2232 3466 es
2260 3410 2450 3480 faciens
2487 3408 2767 3473 mirabilia,
2801 3407 2977 3469 idest,
3023 3414 3467 3480 resurrectionem
3500 3416 3580 3466 iii-

2004 3483 2169 3537 ierius
2208 3477 2567 3543 mortuorum,
2598 3489 2652 3533 et
2682 3480 2893 3530 humani
2924 3477 3134 3545 generis
3164 3481 3574 3547 reparationem.

2001 3552 2072 3675 5t
2100 3554 2287 3607 ideOtu
2304 3554 2451 3604 solus
2478 3552 2591 3604 haec
2623 3552 2797 3603 facere
2829 3551 3132 3617 potes,quia
3156 3558 3211 3601 tu
3231 3552 3371 3604 solus
3384 3567 3504 3608 vere
3526 3570 3579 3608 es

2053 3638 2163 3675 eus.

2053 3638 2142 3676 eus
2150 3665 2163 3677 .

2071 3692 2251 3747 Deduc
2277 3708 2374 3758 me,
2401 3688 2634 3745 Domine.
2666 3689 2732 3744 Et
2751 3688 2872 3759 quia
2903 3698 2957 3742 tu
2991 3690 3200 3761 solrusres
3228 3704 3383 3745 verus
3418 3690 3578 3761 Deus,

2001 3766 2091 3833 qui
2145 3764 2273 3818 iacis
2317 3761 2603 3827 mirabilisi,
2635 3776 2763 3828 ergo
2797 3761 3010 3833 Domine
3043 3760 3230 3823 deduc,
3282 3762 3332 3814 id
3377 3772 3480 3833 est,
3511 3760 3579 3818 de

2007 3830 2194 3888 virtute
2220 3836 2270 3887 in
2300 3834 2549 3887 virtutem
2588 3833 2689 3885 duc
2718 3847 2814 3894 me,
2843 3830 2892 3883 id
2933 3842 3049 3895 est,
3102 3845 3252 3885 meos
3283 3832 3483 3897 positos
3524 3836 3579 3888 in

2005 3905 2087 3957 via
2111 3916 2221 3969 tua,
2254 3904 2305 3956 id
2336 3912 2437 3961 est.
2489 3903 2684 3969 positos
2728 3903 2777 3954 iii
2811 3915 3034 3967 corpore
3059 3915 3202 3964 meo,
3231 3902 3322 3968 qui
3349 3917 3467 3957 sum
3495 3906 3575 3958 via

2004 3983 2113 4040 tua,
2145 3976 2197 4028 id
2227 3981 2327 4039 est,
2351 3976 2415 4026 ad
2441 3983 2489 4028 te
2511 3973 2826 4041 perducens.
2856 3970 2919 4023 Et
2939 3969 3198 4042 ingrediar
3225 3986 3323 4041 ego
3343 3972 3395 4026 in
3423 3972 3573 4042 meis,

2004 4044 2054 4098 id
2090 4055 2191 4105 est,
2228 4044 2406 4097 vivant
2434 4040 2537 4096 mei
2579 4043 2628 4096 in
2662 4042 2760 4095 hac
2790 4042 2916 4103 vita,
2958 4057 3075 4108 qua:
3104 4040 3375 4108 ingreSsus
3403 4040 3575 4099 estad

2006 4117 2255 4179 futuram,
2285 4115 2341 4168 in
2373 4115 2580 4167 veritate
2604 4124 2712 4177 tua,
2743 4112 2793 4165 id
2823 4121 2925 4179 est,
2947 4112 2998 4163 iii
3032 4112 3255 4165 veritate
3287 4125 3579 4181 praecepto-

2005 4201 2119 4239 rum
2174 4196 2402 4239 tuorum.
2460 4185 2750 4239 Possumus
2795 4182 2955 4252 etiam
3006 4196 3104 4250 per
3139 4182 3274 4235 viam
3330 4185 3574 4252 accipere

2004 4266 2290 4325 pra-cepta,
2325 4266 2379 4307 ut
2400 4256 2540 4323 quod
2564 4266 2802 4321 sequitur
2830 4251 3059 4325 (scilicet
3106 4252 3369 4325 ingrediar
3398 4253 3450 4306 iii
3480 4270 3575 4308 ves-

2004 4320 2162 4381 ritaie
2185 4320 2295 4394 tua)
2341 4320 2970 4379 sit'deterniinatioviaa.
3006 4320 3301 4390 Ingrediar,
3339 4323 3574 4394 inquam.

2003 4402 2055 4450 in
2086 4393 2288 4450 veritate
2308 4405 2415 4461 tua,
2443 4406 2496 4449 et
2522 4400 2715 4447 lwtetur
2747 4410 2839 4461 per
2871 4407 3020 4460 spem
3061 4408 3147 4444 cor
3176 4408 3359 4452 meum,
3399 4393 3465 4445 ita
3500 4405 3576 4445 ta-

2005 4484 2125 4520 men
2157 4479 2207 4519 ιιι
2238 4467 2406 4520 timeat
2439 4481 2615 4518 nomen
2655 4475 2820 4517 tuum.
2840 4464 3081 4515 Nondum
3113 4476 3254 4514 eum
3281 4474 3360 4514 est
3392 4464 3575 4515 iacula

313 4526 657 4592 suscitaiido'
680 4551 765 4589 me
793 4538 1046 4590 exterius.
1092 4536 1159 4589 Et
1198 4540 1319 4587 ideo
1349 4536 1471 4588 dico
1501 4535 1731 4599 laitilica,
1761 4549 1894 4603 quo-
1930 4526 1981 4584 D
2006 4540 2122 4591 sine
2150 4537 2379 4597 tristitia,
2407 4552 2524 4588 cum
2557 4545 2733 4587 autem
2760 4534 2860 4586 hoc
2885 4534 3109 4585 mortale
3138 4533 3320 4585 induet
3361 4534 3579 4603 immor-

314 4610 481 4671 etiam,
510 4622 543 4659 ο
574 4606 654 4659 Do
677 4614 812 4670 nine,
855 4621 953 4673 ego
1004 4621 1107 4658 iion
1136 4607 1371 4671 depressi
1418 4606 1482 4656 ad
1526 4616 1767 4668 terrena,
1799 4608 1892 4657 sed

316 4682 479 4731 levavi
506 4679 730 4729 animam
756 4693 1039 4730 meamiioii
1056 4691 1237 4728 contra
1257 4678 1477 4739 te,sicut
1498 4674 1687 4738 Adam,
1710 4674 1803 4727 θεά
1830 4676 1898 4726 ad

316 4760 370 4802 te
397 4763 514 4802 eam
546 4754 712 4801 levari
746 4752 901 4816 :quia
928 4762 1138 4799 omnem
1172 4755 1517 4816 intentionem
1552 4761 1723 4797 meam
1752 4750 1815 4796 ad
1846 4754 1898 4798 te

314 4818 512 4872 direxi.
548 4818 613 4870 Et
641 4814 834 4873 merito
876 4822 940 4871 ad
983 4830 1055 4881 te,
1077 4820 1315 4884 quoniam
1357 4830 1430 4879 tu,
1463 4814 1699 4876 Domine,
1730 4819 1901 4868 suavis

316 4904 415 4943 es:
442 4904 564 4956 qnia
590 4901 728 4956 apud
761 4902 810 4943 te
834 4891 1014 4942 laititia
1043 4892 1157 4941 sine
1184 4888 1415 4948 tristitia,
1436 4897 1490 4939 et
1518 4888 1689 4956 omnis
1717 4886 1900 4939 suavi-

320 4972 404 5015 tas
425 4977 440 5025 ;
460 4955 523 5013 in
550 4955 688 5013 terra
731 4976 857 5014 vero
886 4965 1057 5011 omnis
1085 4959 1359 5011 acerbitas.
1406 4959 1467 5010 Et
1495 4970 1552 5009 es
1583 4955 1746 5020 initis,
1777 4956 1901 5024 quia

320 5040 505 5099 portas
538 5047 655 5097 nos,
690 5036 812 5084 dum
855 5031 1094 5097 pellicias
1144 5046 1277 5094 nos,
1328 5028 1540 5099 scilicet
1591 5031 1761 5079 donec
1810 5040 1904 5079 cor

322 5098 565 5155 iiostruin
602 5104 933 5154 inveniamus
964 5113 1019 5153 ut
1057 5114 1292 5152 oremus.
1326 5098 1610 5167 Insurgunt
1632 5098 1772 5149 enim
1797 5110 1899 5149 tio-

320 5175 407 5226 liis
439 5188 597 5225 variae
646 5174 919 5225 illusioiics
969 5182 1025 5225 et
1076 5174 1478 5237 phantasmata,
1514 5183 1631 5235 qua:
1661 5183 1754 5220 cor
1802 5182 1902 5219 no-

322 5257 495 5297 srrum
550 5242 860 5309 impediunt,
896 5256 963 5295 ne
1012 5242 1170 5310 digne
1195 5242 1262 5293 de
1313 5250 1362 5292 te
1411 5238 1607 5308 cogitet
1635 5242 1715 5292 vel
1746 5246 1901 5290 oret:

324 5316 420 5367 sed
445 5316 697 5382 patientia
731 5324 815 5364 tua
846 5313 1027 5365 tatidiu
1068 5326 1165 5365 nos
1196 5314 1458 5375 sustinet,
1499 5323 1778 5382 quousque
1808 5322 1907 5361 nos

324 5380 723 5452 resipiscainus,
750 5397 803 5435 et
831 5387 897 5435 ad
927 5399 1019 5435 cor
1047 5385 1349 5448 redeamus,
1393 5393 1446 5433 et
1471 5380 1549 5432 sic
1581 5391 1631 5433 te
1667 5392 1903 5431 oremus.

330 5461 393 5507 tt
424 5472 483 5508 es
510 5458 683 5507 multa:
728 5454 1109 5519 misericorditv,
1153 5456 1273 5520 quia
1329 5452 1415 5505 ubi
1451 5460 1629 5503 nostra
1675 5452 1909 5502 abundat

327 5527 601 5595 iniquitas,
628 5529 1024 5592 supertiouiidat
1045 5533 1209 5587 gratia
1237 5534 1341 5595 tua.
1381 5524 1445 5574 lit
1474 5523 1605 5595 quia
1629 5521 1791 5595 etiam
1822 5529 1909 5573 tua

327 5592 467 5650 dona
507 5602 559 5651 in
591 5600 745 5650 nobis
774 5610 1081 5648 reumueras
1101 5634 1116 5657 ,
1166 5594 1289 5663 quia
1338 5595 1431 5646 das
1482 5592 1638 5645 nobis
1665 5592 1827 5654 velle,
1857 5600 1912 5644 et

328 5680 428 5735 pro
459 5671 591 5722 bona
632 5669 902 5720 voluntate
931 5666 1207 5733 perlicere,
1237 5678 1292 5719 et
1318 5667 1396 5716 sic
1424 5663 1750 5735 :cternaliter
1776 5676 1909 5735 gau-_

329 5730 455 5791 nere
484 5759 493 5791 :
520 5754 573 5793 ei
593 5740 698 5794 hoc
729 5737 859 5790 lacis
884 5730 1110 5792 omnibus
1144 5735 1489 5791 invocantibus
1510 5742 1577 5803 te,
1608 5733 1662 5788 id
1691 5741 1794 5799 est,
1822 5730 1911 5801 qui

329 5822 405 5878 te,
439 5825 540 5865 non
564 5810 707 5868 aliud
739 5820 932 5863 vocant
958 5808 1009 5860 iii
1034 5828 1111 5864 se.

2003 4611 2282 4669 talitateni,
2306 4617 2360 4661 et
2385 4622 2528 4658 mors
2559 4604 2843 4657 novissima
2873 4604 3195 4668 destruetur,
3215 4614 3336 4655 tunc
3357 4602 3573 4656 demum

2003 4691 2104 4731 erit
2147 4677 2345 4730 ltetitia.
2380 4675 2620 4728 Nondum
2652 4684 2733 4726 est
2760 4674 2913 4739 plena
2952 4674 3231 4733 securitas,
3273 4671 3395 4739 quia
3444 4687 3579 4726 nona

2002 4748 2127 4800 diiiii
2161 4757 2241 4800 est
2270 4743 2501 4814 perfecta
2525 4744 2851 4813 jucunditas.
2880 4742 2937 4814 Si
2961 4752 3136 4814 autem
3160 4740 3304 4814 nulla
3331 4743 3577 4809 jucundia

2006 4828 2085 4870 tas
2105 4812 2651 4879 esset,‘deliceremiis
2681 4830 2693 4864 :
2726 4823 2815 4864 aut
2847 4812 2891 4864 si
2934 4812 3088 4879 plena
3116 4813 3375 4866 securitas
3404 4826 3569 4874 esset,

2007 4890 2143 4940 male
2163 4890 2573 4941 exsultaremus.
2617 4884 2681 4936 Et
2728 4883 2849 4936 ideo
2878 4896 2997 4935 cum
3029 4881 3159 4934 dicit
3187 4898 3198 4934 :
3230 4881 3449 4936 Lattetur
3490 4898 3579 4936 cor

2006 4973 2192 5021 meum,
2232 4966 2284 5008 ut
2327 4958 2531 5019 timeat;
2563 4966 2710 5022 rogat
2738 4963 2795 5007 ut
2816 4953 3044 5005 laetitiam
3073 4951 3328 5006 Dominus
3358 4954 3578 5017 tribuat,

2006 5036 2060 5080 ei.
2088 5027 2247 5080 etiam
2278 5026 2520 5081 timorem
2555 5024 2793 5078 incutiat.
2821 5025 3078 5089 Quoniam
3110 5034 3161 5075 et
3188 5024 3309 5076 alibi
3337 5025 3528 5078 dicitur
3560 5040 3573 5074 :

2010 5098 2202 5152 Servite
2231 5094 2453 5149 Domino
2480 5098 2530 5146 in
2554 5096 2750 5157 timore,
2778 5104 2823 5147 et
2854 5094 3098 5146 exsultate
3123 5093 3171 5146 ei
3200 5109 3313 5145 cum
3341 5106 3575 5148 tremore.

2014 5177 2076 5221 [Α
2103 5168 2388 5235 Apostolus
2408 5170 2481 5217 ait
2504 5182 2516 5216 :
2541 5165 2666 5218 Cum
2690 5168 2869 5218 timore
2894 5175 2939 5216 et
2967 5174 3180 5217 tremore
3203 5174 3415 5217 restrain
3440 5166 3578 5233 ipso:

2008 5255 2123 5291 rum
2160 5239 2372 5290 salutem
2418 5247 2697 5304 operantes.

2082 5307 2389 5376 Con/itebor.
2424 5301 2491 5360 Et
2538 5322 2659 5359 vere
2708 5303 2939 5358 dedat-es
2968 5318 3136 5376 meos,
3174 5301 3488 5376 quia_etiam

2012 5372 2257 5448 praesenti
2282 5377 2556 5446 conﬁtebor
2581 5375 2667 5428 tibi
2696 5376 2748 5448 iri
2790 5388 2942 5438 meis,
2975 5374 3026 5448 in
3060 5383 3162 5427 toto
3191 5374 3342 5448 corde
3367 5387 3494 5435 meo,
3529 5372 3579 5423 id

2011 5444 2112 5512 est,
2145 5450 2217 5503 ita
2256 5460 2311 5502 ut
2342 5444 2540 5500 nullum
2586 5446 2831 5514 angulum
2868 5446 3053 5514 cordis
3099 5444 3380 5506 excipiam,
3431 5450 3477 5493 et
3506 5457 3581 5514 _in

2012 5510 2278 5581 attentum,
2312 5518 2362 5571 id
2391 5528 2493 5583 est,
2533 5519 2584 5569 in
2610 5510 2808 5567 :i-ierna
2835 5512 2957 5576 vita,
2982 5528 3101 5581 qua:
3140 5516 3311 5564 luttira
3333 5521 3433 5583 est,
3465 5510 3577 5577 glo—

2014 5592 2224 5658 ri/icabo
2246 5596 2425 5643 nomen
2447 5582 2609 5639 tuum.
2642 5583 2787 5637 Beati
2827 5583 2959 5658 enim
2988 5584 3073 5658 qui
3103 5582 3328 5658 habitant
3357 5582 3410 5633 in
3432 5583 3581 5634 domo

2015 5654 2118 5725 tua,
2150 5660 2390 5723 Domine,
2419 5662 2473 5711 in
2499 5664 2684 5709 swcuta
2710 5654 3010 5707 swculorum
3036 5654 3316 5706 laudabunt
3343 5661 3407 5725 te.

2090 5722 2225 5797 Quia
2254 5722 2599 5783 misericordia
2638 5738 2724 5779 tua
2756 5734 3036 5797 magnaest
3060 5740 3213 5797 super
3237 5740 3334 5779 me.
3380 5724 3441 5777 Et
3468 5722 3590 5776 ideo

2019 5795 2212 5860 merito
2235 5800 2509 5854 conﬁtebor
2531 5798 2621 5851 tibi
2642 5811 2804 5864 niiiic,
2832 5802 2878 5849 et
2901 5795 3198 5865 gloriﬁcabo
3239 5811 3419 5851 nomen
3448 5804 3585 5848 tuitui
