4010 6190
486 357 589 413 947

932 359 1135 416 ΒΕυιΕ
1180 358 1627 415 VENERABILIS
1663 360 1814 416 OPP.
1858 359 2036 422 PARS
2075 359 2140 414 ll.
2181 361 2380 417 SECT.
2423 361 2486 417 ll.
2528 390 2581 402 --
2641 361 2845 418 DUBIA
2891 363 2978 419 ET
3018 366 3291 423 SPURIA.

3643 372 3760 431 958

485 491 609 559 pugn
639 492 725 547 qui
763 474 963 555 scilicet
1010 474 1214 559 [uerunt
1258 474 1311 527 in
1357 490 1416 527 ea
1445 473 1658 559 civitate
1684 472 2062 559 construenda,
2094 478 2140 535 Α
2168 472 2324 559 lecfus
2363 472 2534 559 .liman
2585 472 2857 559 lsruelitaa,
2890 476 2973 531 vel
3013 478 3407 559 lliezrahelitte,
3440 483 3523 537 vel
3566 492 3758 559 tamen

485 544 753 617 principes
784 546 993 617 accepit
1017 544 1103 599 hic
1132 556 1344 617 sanctos
1381 544 1650 612 apostolos
1680 553 1734 597 et
1757 544 1890 617 alios
1933 560 2063 599 con-

483 614 755 672 stituttires
796 616 1067 681 Ecclesizr,
1116 614 1204 683 qui
1235 616 1331 668 etsi
1386 629 1643 679 pauperes
1690 623 1745 667 et
1776 614 2062 682 piscatores

486 689 736 750 fuissent.
792 688 1070 751 primatum
1128 696 1300 739 tamen
1353 700 1513 752 super
1557 700 1745 739 omnes
1794 685 2060 755 principes

482 759 658 814 δεξοιηί
682 757 939 818 obtinent,
971 756 1112 825 quod
1148 770 1234 814 res
1267 758 1377 822 ipsa
1406 758 1580 810 docet.
1919 804 1925 811 ,

556 828 803 896 Quisquis
835 828 976 880 enim
1014 828 1233 880 liomani
1258 828 1683 881 Christianorum
1714 826 1905 889 tendit,
1937 842 2053 879 ma-

479 900 558 963 gis
591 900 777 969 gaudet
814 897 1007 969 habere
1033 899 1342 969 itietnoriam
1374 898 1511 951 Petri
1546 898 1851 969 piscatoris,
1892 912 2052 965 quam

479 968 818 1023 curetVisere
843 968 1088 1035 palatium
1118 968 1342 1021 Neronis
1372 969 1731 1035 imperatoris.
1764 968 2053 1021 Sciendum

479 1042 618 1107 quod
651 1039 834 1093 beatus
872 1040 1195 1106 Augustinus
1227 1040 1471 1104 superius
1519 1040 1657 1091 hanc
1700 1038 1927 1098 litteram
1962 1053 2056 1106 po-

480 1112 593 1165 nit:
631 1109 796 1167 Mater
829 1110 959 1164 Sion
984 1111 1133 1172 dicet,
1165 1109 1333 1172 homo.
1377 1110 1437 1162 Et
1462 1118 1543 1164 est
1571 1109 1670 1161 alia
1700 1109 2052 1175 continuatio,

478 1182 631 1247 quasi
660 1186 738 1235 sic
767 1182 1073 1234 diceretur:
1128 1179 1406 1246 Quomodo
1460 1182 1559 1232 hoc
1607 1180 1729 1241 erit,
1766 1190 1821 1231 ut
1869 1180 2055 1234 alieni-

477 1269 639 1322 genis,
673 1261 719 1304 et
751 1251 933 1320 Tyrus,
958 1260 1003 1303 et
1031 1252 1245 1320 papulas
1272 1248 1587 1322 ίΕιΙιὶοριιηι
1630 1250 1683 1304 in
1709 1249 1797 1322 illa
1824 1258 1948 1303 sunt
1973 1252 2051 1305 ci-

479 1319 679 1377 vitate?
713 1319 822 1376 lloc
845 1319 1037 1386 modo,
1069 1322 1293 1385 scilicet,
1326 1322 1446 1387 quia
1468 1321 1678 1388 quidam
1711 1319 1830 1373 talis
1870 1336 2053 1375 nasce-

480 1404 585 1456 tur,
627 1395 717 1462 qui
746 1402 800 1446 et
827 1401 1015 1459 potens
1058 1395 1180 1452 erit,
1213 1402 1265 1444 et
1307 1393 1530 1445 idoneus
1560 1391 1626 1445 ad
1661 1392 1779 1443 illos
1811 1392 2050 1445 introdu-

476 1461 724 1520 cendu’m.
755 1466 883 1521 Nam
915 1462 1126 1529 quidam
1167 1461 1328 1520 dicet.
1358 1478 1390 1515 0
1422 1474 1592 1520 mater
1625 1461 1775 1528 Sion,
1809 1473 1864 1514 ut
1893 1463 2052 1531 quili-

480 1536 567 1587 liet
591 1535 727 1589 alios
756 1535 935 1587 hoino.
972 1534 1033 1586 Et
1064 1534 1149 1585 hic
1172 1543 1253 1587 est
1285 1532 1406 1585 talis
1427 1533 1514 1601 qui
1542 1542 1596 1585 et
1616 1543 1765 1585 natus
1791 1543 1863 1584 est
1885 1535 1937 1586 in
1964 1550 2046 1601 ea,

392 1622 398 1627 ’
478 1604 629 1658 homo
659 1616 874 1673 propter
901 1620 994 1657 nos
1023 1613 1069 1657 et
1100 1607 1206 1673 ipse
1227 1614 1352 1659 ante
1372 1619 1467 1657 nos
1496 1604 1727 1673 fundavit
1755 1619 1889 1656 eam.
1913 1605 2048 1659 Sen.

481 1677 644 1737 tentia
674 1692 775 1729 non
808 1684 1062 1736 mutatur.
1111 1675 1172 1727 Et
1218 1685 1321 1738 est,
1371 1676 1519 1741 quasi
1572 1675 1751 1728 dicat:
1807 1675 1905 1727 Per
1948 1676 2050 1729 hoc

476 1748 643 1800 scitur
668 1757 721 1799 et
761 1756 929 1799 ratum
965 1745 1187 1797 halzetur
1218 1746 1339 1811 quia
1377 1744 1622 1796 Dominus
1652 1754 1703 1797 et
1736 1746 1969 1800 narravit
1989 1755 2045 1801 et

476 1817 705 1873 narrabit
742 1817 917 1869 hocin
943 1816 1223 1885 Scripturis
1260 1816 1584 1885 papillarum,
1620 1827 1724 1869 etc.

549 1887 695 1941 Sicut
717 1888 1021 1941 lwtantium.
1064 1884 1527 1953 Quandoquidem,
1554 1900 1586 1936 0
1612 1885 1786 1942 ciritas
1829 1884 1944 1950 Dei,
1976 1896 2053 1940 tot

476 1968 533 2017 et
579 1966 683 2009 tam
716 1959 941 2027 gloriosa
984 1957 1121 2009 dicta
1166 1966 1284 2008 sunt
1331 1954 1393 2013 de
1442 1964 1594 2027 te,e_t
1627 1967 1836 2027 montes
1883 1957 2053 2011 sancti

474 2036 599 2082 sunt
628 2024 969 2081 fundamenta
996 2036 1108 2093 tua,
1132 2035 1185 2081 et
1219 2027 1472 2080 Dominus
1500 2024 1669 2094 diligit
1696 2036 1874 2095 portas
1903 2038 2051 2092 tuas;

476 2114 603 2165 ergo
633 2098 884 2152 habitatio
916 2100 1140 2151 omnium
1186 2097 1537 2157 habitantium
1585 2098 1639 2156 in
1690 2108 1736 2149 te
1781 2108 1875 2157 est,
1926 2100 2056 2151 sicut

478 2168 780 2222 betantt'um.
829 2170 989 2234 Quasi
1031 2169 1208 2220 dicat:
1265 2167 1530 2221 llabitatio
1577 2167 1790 2234 quidem
1832 2178 2057 2228 terrena:

475 2240 713 2295 civitatis
742 2251 846 2303 est,
899 2238 1037 2292 sicut
1091 2237 1411 2306 plorantium
1463 2249 1514 2290 et
1566 2238 1933 2304 tristantium;
1968 2247 2054 2293 tua

474 2318 655 2373 autem
686 2310 942 2373 habitatio
974 2319 1057 2365 est
1089 2310 1405 2370 laetantium,
1441 2309 1492 2361 id
1539 2317 1643 2375 est,
1698 2310 1880 2363 ltetitia
1933 2324 2056 2377 per-

475 2380 781 2435 truentium.
818 2381 1079 2437 Pereunte
1109 2379 1250 2436 enim
1286 2381 1601 2433 necessitate
1627 2422 1641 2445 ,
1677 2379 1923 2447 peribunt
1948 2394 2058 2433 om-

477 2454 560 2508 nia
592 2468 754 2518 opera
790 2452 1145 2513 necessitatis,
1180 2461 1234 2504 et
1277 2452 1388 2503 sola
1439 2450 1622 2503 hetitia
1671 2460 1943 2518 sequetur.
1995 2450 2056 2503 Et

476 2522 597 2579 ideo
640 2523 772 2579 dicit
810 2522 933 2590 quia
965 2523 1064 2574 erit
1098 2520 1390 2575 laetantium
1432 2520 1707 2575 habitatio.
1738 2521 1803 2572 Et
1835 2537 1900 2573 ne
1933 2535 2055 2574 cur-

477 2607 656 2655 ramus
687 2593 752 2645 ad
787 2602 1053 2648 terrenam
1085 2592 1316 2658 aliquam
1344 2592 1602 2652 lauitiam,
1638 2601 1884 2659 putantes
1916 2592 2054 2643 hanc

477 2677 597 2715 esse
638 2663 801 2728 ill.un,
854 2662 974 2715 ideo
1021 2661 1156 2715 sicut
1186 2662 1452 2728 apposuit,
1506 2672 1561 2712 ut
1602 2662 1861 2716 sciret-ius
1914 2662 2055 2729 quod

477 2732 609 2795 nillil
640 2732 755 2797 hinc
783 2732 849 2787 ad
881 2732 1049 2799 illam,
1083 2733 1183 2786 nisi
1214 2747 1311 2801 per
1339 2730 1742 2786 similitudinem
1789 2732 1980 2787 solam.

856 2844 925 2899 1N
984 2844 1305 2913 l‘SALMUll
1357 2845 1664 2900 Lxxxvu.

474 2934 751 3001 Cauticum
784 2938 972 3003 psalmi
1025 2940 1145 2994 (iliis
1189 2939 1351 3003 Core,
1388 2940 1438 2993 in
1473 2940 1630 2993 tinem
1664 2955 1759 3003 pro
1791 2940 2055 3007 Maheleth

546 3007 613 3069 ad
641 3010 1097 3078 respondendum,
1150 3010 1451 3065 intellectus
1485 3011 1651 3081 Einau
1691 3010 1978 3065 Ezrahitae.

1071 3116 1452 3165 ARGUNENTUM.

545 3193 713 3263 Aliter
739 3209 836 3249 vos
869 3193 1067 3255 Christi
1098 3194 1165 3249 de
1196 3197 1445 3263 passione
1483 3212 1579 3250 sua
1610 3196 1675 3263 ad
1708 3197 1941 3252 Patrem.

1086 3303 1439 3351 EXPLANA'I'IO.

545 3380 740 3435 Melecli
759 3382 969 3446 interim
985 3388 1124 3433 tatur
1141 3380 1358 3444 chorus,
1383 3382 1555 3437 divina
1579 3382 1724 3435 verba
1747 3385 2047 3449 decantuns,

472 3454 678 3526 etquod
707 3452 939 3526 additur,
971 3453 1049 3509 Ad
1095 3453 1532 3526 respondendum,
1574 3455 1828 3521 signiﬁcat
1857 3472 2051 3526 organa

471 3524 667 3586 musica
697 3523 1017 3591 preuenisse.
1066 3533 1111 3574 et
1138 3524 1349 3574 chorum
1384 3526 1707 3592 respondisse
1734 3523 2044 3587 solenin'iter,

471 3596 681 3662 mystice
721 3596 937 3662 innitens
984 3593 1191 3645 Domini
1234 3594 1542 3662 passionem,
1592 3611 1704 3662 qua:
1727 3600 1821 3651 hoc
1849 3599 2047 3661 psalmo

471 3660 729 3727 cantatur,
759 3660 1044 3717 Ecclesium
1081 3660 1400 3717 concorditer
1430 3660 1619 3727 imitari
1659 3660 1857 3721 debere.
1909 3667 2047 3720 Nam

472 3743 519 3785 ct
568 3732 736 3786 Eman
789 3731 1105 3797 Israelitani,
1157 3736 1243 3804 qui
1292 3736 1458 3787 frater
1502 3735 1637 3801 ejus,
1671 3746 1717 3788 et
1749 3736 1830 3787 vir
1861 3738 2047 3792 videns

476 3805 641 3858 Deum
686 3805 1071 3876 interpretatur,
1124 3805 1628 3876 eumdemrﬁdelium
1676 3807 1921 3876 populum
1954 3810 2045 3860 de-

471 3876 693 3946 nuntiat;
727 3873 802 3927 De
844 3874 1025 3946 quibus
1077 3875 1262 3927 dicitur
1290 3889 1310 3928 :
1348 3875 1465 3946 Alte,
1518 3873 1751 3929 nuntiate
1802 3878 2046 3946 fratribus

471 3947 615 4017 meis.
648 3943 740 4017 Est
766 3945 1129 4017 autemltiman
1157 3946 1294 4010 ﬁlius
1328 3944 1466 4002 Joel.
1499 3946 1595 4013 ﬁlii
1623 3943 1851 4011 Samuel,
1876 3943 1937 4000 de
1966 3954 2047 4017 fa-

473 4016 616 4079 milia
647 4014 830 4085 Caatlt,
857 4015 952 4083 ﬁlii
983 4014 1120 4078 Levi,
1160 4032 1291 4068 unus
1321 4019 1382 4069 de
1410 4019 1700 4071 cantoribus
1723 4034 1848 4085 quos
1878 4014 2045 4071 Dauid

470 4086 525 4155 in
556 4084 890 4137 collocatione
919 4100 1053 4139 arca:
1097 4090 1322 4155 prmjecit
1374 4088 1583 4154 reliquis
1630 4092 1693 4140 ad
1729 4091 2042 4144 canendum.

472 4153 823 4223 Hieronymus
849 4155 985 4206 lianc
1027 4153 1234 4207 titulum
1283 4159 1357 4209 ita
1400 4153 1609 4223 exponit
1636 4174 1654 4211 :
1684 4156 1921 4212 Psalmus
1952 4162 2044 4213 iste

470 4227 693 4294 refertur
715 4224 783 4276 ad
823 4224 996 4288 ﬁdem,
1030 4235 1079 4287 et
1107 4226 1228 4293 ﬁliis
1255 4226 1382 4278 Core
1421 4229 1835 4291 prominentibus,
1879 4232 2044 4284 omnis

470 4296 524 4348 in
569 4297 794 4348 eamdem
832 4310 1000 4346 vocem
1029 4298 1289 4360 respondit
1342 4296 1527 4349 chorus
1573 4297 1739 4351 Enian
1789 4296 2045 4354 Israelita:

469 4382 617 4440 sensu
651 4366 1021 4440 prudentiaque
1060 4367 1387 4440 compositus.
1432 4367 1683 4440 Arnobius
1715 4369 1864 4440 itain
1890 4372 2044 4440 hujus

472 4434 671 4501 psalmi
711 4434 858 4488 titulo
886 4450 904 4487 :
962 4434 1309 4497 Nominantur
1354 4438 1555 4503 quidem
1617 4438 1717 4505 lilii
1761 4438 1908 4504 Core,
1952 4434 2045 4495 sed

470 4510 701 4572 psalmus
724 4508 978 4576 ca_nticum_
999 4522 1149 4559 suum
1191 4524 1283 4576 pro
1318 4507 1515 4562 Melech
1537 4508 1734 4576 dirigit,
1765 4519 1811 4566 et
1841 4511 1931 4575 dat
1960 4512 2040 4564 in-

471 4578 723 4630 tellectum
754 4574 918 4627 Eman
952 4574 1221 4631 lsraelituh
1262 4576 1455 4631 Metecli
1505 4574 1706 4634 llebrtei
1746 4581 2037 4635 destitutum

470 4657 675 4712 uocant,
708 4645 872 4699 Eman
896 4647 1117 4722 inopem.
1167 4647 1303 4722 Ergo
1329 4652 1394 4699 ad
1443 4649 1741 4715 destitutum
1766 4660 1812 4703 et
1852 4668 2045 4722 paupe-

468 4731 774 4789 remsermo
802 4728 896 4781 est,
929 4718 1077 4769 illum
1106 4720 1281 4781 credo,
1327 4735 1473 4789 quem
1512 4718 1861 4783 relinquentes
1885 4718 2048 4776 solum

470 4788 709 4862 discipuli
752 4789 1031 4862 fugerunt;
1074 4790 1162 4855 qui
1212 4788 1345 4842 cum
1380 4790 1516 4841 dives
1564 4801 1708 4862 esset,
1741 4808 1937 4862 pauper
1956 4811 2048 4861 pro

472 4860 626 4929 nobis
646 4860 813 4926 factus
841 4868 934 4911 est.
966 4857 1067 4911 Per
1104 4868 1261 4911 totum
1310 4862 1560 4921 psalmum
1606 4857 1856 4915 Dominui
1883 4857 2049 4929 loqui-

469 4936 578 5001 tur.
601 4925 666 4979 In
710 4930 876 4994 prima
916 4932 1216 4995 deprecatur
1260 4931 1510 5001 auxilium
1551 4946 1641 5001 per
1687 4925 2047 4988 similitudines

468 4998 656 5055 varias.
684 5007 1024 5070 contemptum
1045 5015 1193 5055 suum
1214 5000 1456 5068 referens,
1486 4998 1633 5070 quem
1660 5019 1688 5053 a
1709 5001 1907 5057 Iudaeis
1937 5016 2048 5059 erat

472 5083 825 5138 perpessurus.
868 5068 1109 5121 Secunda
1143 5085 1255 5136 qua:
1283 5072 1347 5123 sit
1373 5068 1621 5139 passurus
1649 5085 1927 5139 enumerat,
1963 5092 2049 5129 as-

468 5154 637 5211 serens
664 5150 888 5211 ntortuos
913 5155 944 5189 a
968 5140 1179 5211 medicis
1210 5156 1311 5192 non
1340 5157 1448 5194 esse
1474 5144 1813 5206 suscitandas,
1848 5155 1901 5196 ut
1931 5163 2049 5211 pos-

468 5210 570 5262 sint
597 5209 819 5262 Domino
846 5209 1098 5275 conﬁteri.
1120 5206 1290 5261 Tertia
1318 5222 1465 5278 negat
1496 5214 1901 5266 misericordiam
1931 5206 2043 5267 Do-

468 5281 593 5340 mini
622 5281 848 5346 sepultos
875 5280 1090 5340 edicere,
1122 5289 1211 5331 aut
1238 5282 1463 5355 perditos
1494 5281 1675 5355 laudes
1707 5281 1912 5336 Domini
1938 5301 2050 5355 μιν.

467 5366 671 5415 sonare,
700 5363 969 5421 propterea
995 5353 1420 5417 resurrectiontm
1460 5352 1558 5404 sibi
1603 5352 2046 5409 celerrimum—ee-

469 5436 579 5473 nire
597 5419 911 5495 deprecatur.
947 5419 1010 5484 In
1037 5436 1135 5495 qua
1168 5422 1395 5473 oratione
1441 5438 1766 5489 perseverans
1794 5423 2042 5495 loquitur,

468 5507 499 5540 a
522 5501 665 5555 parte
689 5494 1028 5544 membrorum
1059 5492 1281 5565 diversas
1303 5507 1720 5565 commemorans
1762 5492 2043 5565 passiones,

469 5575 594 5631 quas
624 5570 729 5613 tam
751 5566 862 5631 ipse
890 5578 1041 5630 quant
1071 5563 1182 5631 ejus
1210 5562 1349 5631 plebs
1379 5564 1621 5617 sustinuit
1651 5564 1847 5631 deuota.

1039 5667 1467 5710 COHIIENTARIUS.

540 5740 773 5811 Domine,
811 5744 947 5797 Deus
990 5747 1172 5798 saluiis
1200 5763 1344 5800 mea.
1411 5748 1678 5802 Canticum
1720 5752 1904 5815 psalmi
1945 5751 2042 5814 ﬁlii

464 5808 591 5877 Core
615 5827 705 5879 pro
739 5808 787 5866 Μ
800 5815 995 5867 alieletlt
1026 5817 1092 5867 ad
1120 5820 1550 5883 respondendum,
1580 5820 1631 5872 in
1663 5808 1839 5886 ﬁnem.
1869 5808 2032 5875 Intel-

2079 3179 2126 3242 C

2168 544 2469 616 lliesraitie.
2503 545 2622 611 Agit
2655 544 2708 598 in
2761 545 2861 600 hoc
2913 549 3119 613 psalmo
3169 558 3331 616 caput
3389 565 3633 607 nostrum
3677 554 3758 611 de

2166 615 2411 679 passione
2454 623 2510 668 et
2540 618 2930 670 resurrectione
2972 633 3089 683 sua,
3137 615 3525 674 accumulaado
3573 624 3753 679 tribu-

2166 685 2392 737 lationes
2418 695 2476 759 et_
2501 686 2771 759 miserias,
2798 702 2943 759 quas
2990 704 3087 756 pro
3130 690 3284 745 nobis
3316 707 3504 759 passos
3534 704 3639 758 est,
3688 705 3755 757 ut

2164 762 2311 829 tanto
2342 756 2508 829 magis
2540 770 2651 829 nos
2683 756 2871 812 reddat
2902 761 3221 829 attctiliores
3285 756 3339 815 et
3386 756 3750 829 promptiores

2159 826 2224 876 ad
2252 826 2524 898 condigne
2556 826 2654 878 sibi
2706 828 3159 891 reSpoudendum.
3218 831 3280 884 Et
3326 826 3578 898 QUtllliatll
3612 836 3749 891 'ha'c

2160 896 2301 972 actio
2320 896 2383 948 ad
2414 896 2653 972 lietit'am
2684 908 2737 950 et
2766 899 3019 964 gaudium
3051 912 3290 954 nostrum
3315 896 3592 965 spirituale
3622 922 3724 972 per

2163 965 2318 1029 tinet,
2356 968 2474 1032 quia
2502 965 2618 1033 ejus
2648 982 2790 1018 mors
2818 979 2995 1021 nostra
3034 971 3160 1029 vita.
3189 974 3303 1035 ejus
3334 965 3745 1029 danttmtio‘nu—

2161 1046 2270 1088 stra
2317 1035 2666 1105 justilicatio;
2702 1038 2820 1090 ideo
2862 1042 3097 1106 psalmus
3128 1043 3227 1094 iste
3252 1042 3447 1096 dicitur
3475 1046 3748 1099 cantiCnm

2160 1106 2369 1180 psalmi,
2394 1116 2448 1161 et
2466 1107 2899 1180 proponitnrhoc
2924 1112 3187 1165 canticum
3217 1112 3335 1165 ﬁliis
3362 1112 3521 1175 Core,
3556 1116 3605 1167 id
3630 1130 3739 1180 εει,

2157 1176 2355 1248 _C_hristi
2400 1193 2516 1248 pro,
2548 1178 2811 1231 Maheleth
2859 1181 2924 1233 ad
2968 1182 3419 1248 respondendum.
3471 1176 3742 1239 Maheletli

2158 1245 2435 1319 Hebraice,
2470 1247 2653 1319 chorus
2686 1250 2876 1302 dicitur
2905 1245 3112 1319 Graece,
3145 1262 3201 1306 et
3227 1255 3422 1307 chorus
3445 1265 3527 1308 est
3561 1258 3743 1309 inulti-

2158 1317 2654 1391 t_udo_concordi_ter
2683 1324 3010 1383 canentium,
3043 1317 3104 1391 et
3130 1325 3344 1391 ponitur
3381 1339 3477 1390 pro
3506 1340 3743 1379 concor-

2154 1387 2264 1442 dia.
2301 1388 2364 1441 Et
2413 1398 2496 1442 est
2543 1389 2768 1443 dicere:
2827 1387 3149 1459 Proponitur
3205 1394 3305 1448 hoc
3356 1387 3562 1447 tantum
3620 1396 3747 1450 liliis

2154 1459 2365 1522 Charta,
2416 1474 2509 1525 pro
2537 1460 2696 1520 Core.
2742 1461 2808 1513 ad
2840 1462 3288 1528 respondendum,
3342 1477 3395 1518 ut
3426 1469 3495 1519 sit
3540 1467 3745 1521 chorus

2153 1528 2498 1583 concorditer
2527 1531 2863 1595 respondens
2893 1533 2963 1586 illi
3001 1535 3316 1598 pra'centori
3346 1551 3464 1589 suo.
3501 1536 3743 1601 Qualiter

2153 1610 2340 1672 autem
2370 1602 2438 1655 sit
2466 1601 2511 1654 ei
2544 1602 2995 1672 respondendum,
3051 1603 3241 1658 Petrus
3280 1608 3553 1672 apostolus
3600 1609 3736 1660 insi-

2153 1682 2285 1741 nuat
2315 1671 2500 1725 dicens
2527 1688 2540 1722 :
2591 1668 2822 1727 Christus
2854 1689 2945 1738 pro
2976 1674 3118 1726 nobis
3161 1668 3340 1741 passus
3370 1686 3463 1739 est,
3495 1677 3627 1729 robis
3653 1695 3741 1733 re-

2153 1740 2385 1809 linquens
2406 1743 2717 1817 _exemplum
2749 1752 2804 1795 ut
2831 1744 3131 1817 sequamini
3159 1740 3367 1817 uestigia
3408 1750 3540 1817 ejus.
3592 1749 3739 1801 idem

2081 1826 2130 1887 Β
2154 1825 2367 1887 quoque
2395 1810 2627 1887 Joannes
2657 1812 2884 1887 ostendit
2920 1813 3106 1887 dicens
3128 1831 3139 1867 :
3187 1810 3333 1869 Sicut
3362 1810 3469 1884 ipse
3508 1819 3739 1870 annnam.

2154 1886 2326 1945 posuit
2357 1898 2448 1957 pro
2471 1881 2635 1957 nobis,
2662 1884 2733 1957 ita
2758 1895 2802 1937 et
2828 1902 2918 1936 nos
2949 1900 3040 1951 pro
3081 1885 3324 1954 fratribus
3369 1881 3601 1940 debemus
3631 1905 3731 1957 po-

2157 1967 2276 2024 nere
2303 1954 2520 2008 auimas.
2543 1953 2629 2024 ΔΕι
2660 1954 2760 2007 hoc
2802 1964 3006 2014 tantum
3055 1953 3103 2009 in
3135 1959 3412 2019 cliaritate,
3443 1958 3564 2024 quia
3594 1953 3727 2015 dicit

2158 2022 2484 2089 Apostolus:
2536 2021 2671 2077 Etsi
2719 2025 2977 2083 tradidero
3017 2041 3201 2090 corpus
3226 2043 3385 2080 meum
3436 2021 3506 2081 ita
3550 2038 3605 2081 ut
3655 2045 3739 2081 ars

2158 2093 2652 2169 deum,_r_haritate_m
2682 2105 2851 2149 autem
2879 2112 2981 2149 non
3022 2096 3264 2169 habuero.
3296 2099 3425 2151 nihil
3466 2100 3589 2151 mihi
3617 2117 3737 2169 pro-

2156 2162 2309 2239 dest.
2340 2164 2473 2218 Huic
2518 2165 2715 2239 quippe
2746 2167 3061 2239 prteceotori
3092 2168 3267 2239 sancti
3306 2179 3565 2239 martyres
3594 2162 3737 2237 p'rinq

2157 2233 2398 2297 cipaliter
2445 2242 2499 2288 et
2546 2237 2706 2303 digne
2747 2233 3172 2304 responderunt.
3226 2237 3335 2292 Nec
3366 2233 3539 2294 tamen
3566 2233 3735 2295 denee

2155 2305 2387 2369 gandom
2418 2314 2521 2366 est,
2552 2321 2677 2373 quin
2709 2316 2763 2378 et
2792 2307 2863 2359 illi
2892 2309 3268 2373 respondeant,
3305 2310 3426 2378 quia
3450 2321 3503 2363 et
3532 2310 3578 2364 si
3612 2326 3737 2376 per-

2157 2386 2459 2448 secutorem
2505 2390 2608 2448 non
2650 2377 2921 2448 patiuntur
2975 2381 3231 2439 exterius.
3292 2377 3469 2434 tamen
3520 2381 3731 2448 seipsos

2157 2446 2478 2518 mortilicaut
2511 2445 2732 2500 interius
2761 2465 2774 2501 :
2802 2449 2925 2502 etin
2952 2463 3012 2502 ea
3036 2463 3245 2515 semper
3279 2457 3403 2503 sunt
3426 2445 3721 2518 volunt—ate,

2158 2523 2237 2585 ut,
2269 2516 2311 2569 si
2345 2531 2563 2579 necesse
2588 2518 2676 2582 sit,
2713 2532 2818 2570 non
2857 2518 3100 2575 dubitent
3126 2534 3220 2584 pro
3253 2520 3500 2574 fratribus
3525 2516 3732 2577 animos

2160 2599 2378 2657 ponere.
2410 2586 2750 2655 Proponitur,
2790 2588 3030 2656 inquam,
3076 2588 3215 2643 ﬁlius
3241 2588 3379 2644 Care
3406 2591 3469 2643 ad
3497 2605 3727 2657 respon-

2157 2655 2416 2730 dendum,
2456 2658 2585 2723 ipsis
2627 2658 2749 2710 dico
2796 2655 3131 2713 tendentibus
3180 2676 3273 2727 per
3321 2655 3728 2730 responsionem

2156 2723 2311 2778 istam
2361 2723 2416 2778 in
2460 2729 2621 2789 tinem
2668 2738 2988 2789 a:t_ernarum
3042 2723 3383 2795 coronarum,
3411 2723 3477 2784 id
3515 2740 3617 2796 est,
3664 2732 3734 2786 ad

2156 2796 2377 2864 gloriam
2410 2796 2825 2851 immortalitatis
2855 2808 2909 2852 et
2938 2800 3396 2865 iinpassibilimtis.
3428 2801 3494 2854 Et
3515 2812 3599 2855 est
3629 2803 3737 2857 hoc

2157 2870 2422 2920 canticum
2449 2869 2750 2921 intellectus
2775 2870 2941 2922 Emau
2967 2871 3247 2939 tiaraliitar.
3279 2871 3442 2925 Emam
3466 2874 3731 2939 interpres

2160 2942 2485 3011 taturfrater
2506 2943 2635 3007 ejus.
2668 2940 2747 2992 llli
2777 2954 2951 2993 aulem
2983 2948 3109 3011 sunt
3137 2938 3328 2995 fratres
3359 2942 3498 3009 ejus,
3529 2942 3620 3011 qui
3654 2943 3732 2999 ita

2158 3007 2455 3079 intelligunt
2498 3022 2889 3064 saerameututu
2940 3010 3113 3064 crucis
3142 3012 3280 3079 ejus,
3310 3007 3508 3065 ut‘non
3548 3007 3733 3071 solum

2160 3092 2263 3131 non
2296 3078 2635 3149 erubescant,
2664 3081 2757 3133 sed
2807 3093 2857 3133 ut
2895 3085 2944 3133 in
2993 3096 3053 3133 ca
3099 3078 3417 3149 glorientur,
3451 3082 3595 3136 velut
3638 3084 3735 3137 ille

2161 3149 2250 3222 qui
2278 3148 2411 3222 dixit
2435 3149 2615 3222 τηρηὴὶ
2639 3150 2767 3222 absit
2793 3152 3006 3222 gloriari
3037 3148 3134 3213 nisi
3152 3154 3204 3205 in
3230 3168 3377 3205 cruce
3405 3152 3608 3206 Domini
3636 3169 3734 3206 no—

2159 3221 2249 3271 stri
2277 3217 2401 3271 Jesu
2430 3218 2637 3274 Christi.
2676 3217 2825 3275 Unde
2855 3224 2955 3275 hoc
2992 3224 3254 3277 canticum
3300 3224 3491 3276 merito
3518 3223 3733 3277 intelle-

2160 3299 2274 3343 ctus
2323 3288 2488 3343 Eman
2531 3291 2747 3356 dicitur,
2798 3292 2988 3355 Eman,
3038 3293 3178 3357 dico,
3231 3292 3503 3347 Israelitae.
3542 3294 3735 3349 Omnis

2152 3363 2291 3431 enim
2314 3361 2401 3427 qui
2433 3361 2569 3431 sicut
2590 3360 2850 3431 int--lligit,
2881 3365 2998 3418 talis
3017 3372 3120 3427 est,
3145 3365 3211 3418 de
3236 3378 3353 3431 quo.
3375 3365 3676 3430 potestdici
3707 3383 3721 3418 :

2154 3428 2285 3502 Doce
2322 3446 2463 3483 urus
2491 3428 2833 3502 Israelitafin
2863 3449 2961 3502 quo
3007 3435 3152 3485 dolus
3182 3428 3291 3487 non
3311 3428 3404 3486 est.
3437 3434 3730 3494 llieuahe-

2155 3498 2239 3552 lita
2269 3514 2467 3562 autem,
2504 3503 2581 3553 vel
2614 3498 2902 3565 Hiezraita',
2933 3504 3206 3557 Orientalis
3228 3506 3425 3558 advena
3455 3506 3724 3570 interpre-

2154 3582 2315 3643 tatur.
2345 3571 2400 3625 ln
2426 3572 2642 3643 Oriente
2667 3574 2808 3626 enini
2844 3589 2941 3627 nos
2988 3575 3239 3633 Dominus
3272 3576 3466 3643 posoit,
3510 3578 3729 3643 quando

2150 3642 2320 3695 Adam
2373 3643 2423 3696 in
2468 3642 2788 3697 abundantia
2848 3649 3098 3698 virtutum
3143 3646 3413 3699 constituit
3434 3642 3459 3711 ;’
3491 3647 3583 3699 sed
3632 3661 3731 3712 per

2151 3713 2646 3778 praevaricationem
2684 3714 2751 3769 de
2789 3714 3006 3768 Oriente
3044 3715 3334 3770 cecidimus
3375 3716 3425 3768 in
3465 3717 3719 3771 Occiden-

2152 3790 2280 3853 tem,
2318 3783 2367 3836 id
2400 3792 2503 3851 est,
2555 3784 2606 3837 in
2639 3783 2776 3839 hanc
2807 3786 3158 3853 ignorantiam
3189 3796 3244 3839 et
3273 3785 3324 3837 in
3358 3785 3493 3840 hanc
3524 3795 3729 3839 morta-

2152 3852 2379 3907 litatem.
2412 3853 2469 3908 Si
2497 3864 2676 3908 autent
2704 3852 2999 3923 repairiare
3030 3858 3291 3917 volumus,
3326 3871 3544 3910 necesse
3562 3866 3642 3909 est
3670 3868 3737 3917 ut

2148 3924 2394 3977 exsilium
2427 3935 2662 3978 nostrum
2695 3926 3054 3993 attendamus,
3098 3936 3153 3980 et
3182 3928 3498 3995 praicentori
3546 3935 3730 3980 nostro

2149 3995 2476 4061 respondere
2515 3996 2854 4049 concorditer
2882 4007 3206 4063 satagamus,
3238 3997 3381 4064 quod
3423 3997 3600 4050 omnis
3637 3999 3727 4065 qui

2148 4079 2275 4119 vere
2316 4065 2477 4120 frater
2515 4075 2598 4119 est
2627 4066 2768 4119 facit.
2823 4068 3108 4121 Sciendum
3152 4076 3329 4120 autem
3363 4067 3507 4136 quod
3538 4069 3727 4121 beatus

2148 4136 2470 4203 Augustinus
2517 4136 2646 4192 dicit
2693 4139 2851 4189 istum
2898 4139 3156 4203 psalmum
3210 4138 3349 4194 inter
3394 4149 3618 4192 caeteros
3658 4138 3732 4191 de

2148 4206 2397 4274 passione
2431 4206 2808 4273 conscriptum,
2861 4224 2958 4262 nec
3007 4209 3181 4262 minus
3213 4223 3307 4274 pro
3339 4207 3601 4261 Maheleth
3651 4208 3721 4261 ad

2147 4278 2576 4345 reSpondendum
2628 4280 3012 4341 necessarium.
3065 4292 3167 4332 non
3197 4279 3267 4332 ob
3297 4281 3437 4333 aliud
3481 4280 3560 4331 sic
3599 4292 3719 4345 spe-

2147 4344 2355 4418 cialiter
2381 4346 2689 4418 intitulavit,
2718 4349 2817 4401 nisi
2848 4358 3063 4418 propter
3093 4349 3443 4403 variationem
3477 4358 3535 4403 et
3576 4347 3724 4401 fasti-

2146 4415 2221 4469 dii
2271 4416 2672 4473 revelationetn.
2722 4415 2919 4472 Aut'si
2948 4415 3049 4473 alia
3080 4433 3237 4473 causa
3268 4431 3353 4472 εει
3399 4436 3493 4473 cur
3544 4418 3728 4472 titulus

2146 4486 2369 4541 alterius
2382 4488 2571 4555 psalmi
2601 4488 2757 4542 alteri
2786 4504 2891 4543 non
2922 4491 3086 4556 possit
3104 4493 3413 4551 convenire,
3439 4505 3561 4543 cum
3587 4490 3725 4541 mul-

2069 4545 2120 4607 ο
2154 4565 2269 4610 tum
2294 4545 2638 4618 laboraverit.
2682 4559 2808 4612 dicit
2831 4574 2890 4614 se
2915 4545 3018 4614 non
3048 4564 3283 4628 potuisse
3309 4545 3567 4614 invenire.
3595 4559 3727 4612 Dicit

2151 4628 2310 4682 etiam
2362 4630 2480 4696 quia
2513 4630 2556 4683 si
2601 4630 2765 4697 aliqui
2811 4640 2934 4685 ante
2979 4645 3101 4688 eum
3147 4633 3394 4684 dixerunt
3445 4632 3592 4694 inde,
3644 4631 3724 4688 vel

2151 4699 2499 4770 scripserunt,
2537 4710 2626 4762 aut
2671 4716 2776 4753 non
2824 4704 3131 4768 proluerunt
3163 4704 3396 4753 tarditati
3427 4716 3565 4763 sua,
3595 4701 3720 4770 quia

2153 4784 2256 4821 non
2293 4769 2459 4836 potuit
2492 4770 2819 4837 intelligere;
2851 4783 2940 4824 aut
2969 4787 3072 4825 non
3103 4772 3234 4824 satis
3267 4774 3508 4826 let-erunt
3539 4769 3729 4838 ωερε-

2150 4839 2372 4911 ctationi
2402 4854 2534 4904 suae,
2569 4843 2689 4907 quia
2715 4841 2981 4895 inlirmum
3007 4842 3115 4895 fuit
3136 4845 3274 4911 quod
3307 4844 3579 4896 dixerunt.
3614 4848 3729 4896 Au-

2151 4909 2360 4963 diamus
2390 4925 2517 4976 ergo
2550 4912 2599 4963 in
2626 4911 2727 4967 hoc
2760 4914 2960 4978 psalmo
3011 4909 3289 4965 Dominum
3336 4927 3723 4981 praecentoretn

2152 4990 2413 5048 nostrum,
2446 4990 2500 5035 ct
2528 4982 2801 5034 audiamus
2830 4998 2935 5051 quo
2966 4983 3123 5036 modo
3153 4985 3351 5036 chorus
3377 4998 3508 5036 suus
3538 4986 3585 5036 ei
3614 4997 3727 5037 res-

2153 5054 2381 5121 pondeat
2409 5052 2703 5121 imitatione
2736 5054 2817 5106 vel
2848 5053 3136 5121 gratiarum
3160 5065 3389 5107 actione.
3420 5054 3477 5107 Ei
3502 5056 3627 5107 dico
3652 5055 3730 5106 sic

2151 5120 2342 5174 dicenti
2365 5139 2376 5173 ε
2409 5118 2625 5174 Domine
2647 5121 2783 5176 Deus
2809 5118 2992 5177 auctor
3017 5126 3197 5177 salutis
3223 5139 3351 5179 mete
3380 5135 3432 5178 et
3462 5140 3723 5178 meorum.

2154 5191 2217 5243 Et
2242 5192 2457 5254 merito,
2482 5193 2602 5257 quia
2628 5206 2726 5262 ego
2748 5194 2983 5256 clamavi,
3017 5195 3065 5246 id
3095 5206 3194 5256 est,
3221 5195 3493 5249 irremisse
3522 5195 3606 5262 egi
3637 5211 3728 5246 co-

2151 5275 2260 5313 ram
2292 5272 2360 5326 te,
2395 5278 2497 5314 non
2527 5262 2591 5315 ad
2625 5272 2898 5328 aspectum
2930 5265 3224 5317 hominum.
3259 5265 3326 5321 Et
3357 5268 3459 5318 hoc
3484 5270 3539 5317 in
3569 5264 3655 5317 die
3682 5274 3726 5315 at

2154 5332 2205 5401 in
2235 5341 2402 5394 nocte,
2434 5332 2484 5384 id
2515 5342 2597 5385 est
2616 5373 2632 5401 ,
2666 5338 2718 5386 et
2747 5334 2797 5386 in
2833 5335 3183 5401 pr03peritate
3213 5348 3266 5388 et
3296 5338 3348 5389 iu
3378 5335 3723 5388 aurei-sime.

2150 5400 2243 5454 llle
2269 5403 2409 5455 enim
2440 5417 2564 5456 vere
2587 5411 2645 5456 et
2667 5404 2757 5458 die
2779 5400 2843 5458 et
2872 5412 3029 5458 nocte
3057 5406 3272 5469 clamat,
3317 5421 3473 5472 quem
3507 5419 3606 5457 nec
3634 5418 3728 5457 ex-

2154 5472 2658 5543 tollitprosperitas,
2707 5486 2807 5530 nec
2853 5472 3045 5543 frangit
3095 5475 3410 5529 adversitas.
3464 5474 3718 5528 Dominus

2152 5540 2313 5607 Deus,
2344 5540 2583 5609 inquam,
2635 5543 2785 5595 intret
2828 5544 2893 5595 ad
2926 5540 3169 5605 te'oratio
3202 5561 3312 5597 mea
3365 5546 3500 5599 facta
3534 5558 3638 5596 non
3669 5543 3721 5599 in

2152 5610 2305 5683 labiis
2334 5616 2595 5675 exterius,
2623 5614 2718 5683 sed
2742 5614 2794 5683 in
2824 5624 2911 5683 tuo
2940 5625 3230 5683 conspectu,
3266 5616 3315 5668 id
3338 5624 3442 5683 est,
3467 5616 3517 5668 in
3539 5613 3719 5681 corde,

2150 5681 2239 5736 ubi
2269 5691 2325 5737 tu
2352 5683 2641 5750 conspicis.
2675 5682 2767 5737 Vel
2797 5684 2843 5736 si
2870 5682 2923 5736 in
2952 5681 3241 5752 conSpectu
3273 5696 3365 5740 tuo
3389 5681 3494 5739 non
3530 5683 3719 5743 habea-

2147 5761 2253 5816 tur,
2295 5762 2419 5807 tunc
2462 5754 2772 5822 simpliciter
2794 5754 2864 5806 ita
2903 5752 3151 5807 dicetur:
3198 5752 3361 5810 Intret
3414 5755 3578 5809 oratio
3613 5769 3720 5806 mea

2144 5823 2200 5876 in
2226 5831 2548 5893 conspectum
2579 5834 2741 5893 tuum,
2771 5822 2823 5877 id
2850 5833 2951 5887 est,
2979 5824 3318 5891 acceptabilis
3356 5827 3425 5882 sit
3455 5826 3548 5881 tibi
3592 5838 3715 5878 ora-
