4010 6190
438 393 539 452 θ’ἱί

906 394 1106 448 PEIUE
1153 394 1602 451 \‘ENERABILIS
1640 395 1788 451 OPP.
1836 392 2014 450 PARS
2057 392 2117 447 II.
2159 392 2355 449 SEC'I'.
2397 393 2461 451 II.
2502 425 2574 437 —
2614 393 2818 451 DUBIA
2860 393 2948 451 ΕΤ
2990 392 3261 452 SPURIA.

3601 398 3707 454 932

438 512 675 565 narrabit
722 512 909 581 aliquis
957 513 1210 565 veritatem
1265 522 1421 575 tuam,
1475 512 1573 564 hoc
1613 523 1713 573 est,
1765 513 1845 564 vel
1893 526 2014 566 vera
2046 511 2089 565 Α
2122 508 2262 563 tibus
2292 509 2343 564 in
2371 511 2626 578 operibus
2654 512 2924 565 mortuis:
2955 522 3001 564 et
3043 512 3299 566 veritatem
3350 520 3485 564 tuam
3512 516 3700 579 positis

439 590 700 653 praicepta
730 591 838 644 tua,
864 586 943 635 vel
970 584 1332 650 impletiouem
1364 584 1751 653 promissorum
1774 586 2015 637 tuorum?

436 650 624 706 Nullus
655 653 855 718 utique.

513 719 759 782 Nunquid
805 732 1174 789 cognoscentur
1230 725 1279 775 in
1328 724 1543 777 tenebris
1604 723 1860 776 mirabilia
1904 732 2011 778 tua.

442 790 567 842 Plus
592 792 718 844 dicit
748 807 901 855 quam
942 794 1108 857 prius.
1156 794 1286 859 Quia
1334 796 1457 848 dicit
1494 794 1631 861 quod
1660 805 1713 847 et
1758 796 1800 847 si
1833 796 1899 847 ah
1923 797 2017 848 ali-

437 876 541 932 quo
578 861 656 914 eis
678 861 882 915 narrari
910 875 1111 928 posset,
1148 865 1247 929 ipsi
1282 876 1458 917 tamen
1492 882 1595 917 nou
1631 865 2009 932 intelligerent,

438 930 814 999 interrogando
842 935 936 994 sic,
976 932 1229 1001 Nunquid
1256 934 1511 988 mirabilia
1543 945 1651 997 tua,
1698 935 1749 988 id
1781 930 1883 1001 est,
1926 930 2014 990 re-

438 1002 643 1074 paratio
675 1014 758 1053 tua
791 1005 987 1074 pulerit
1014 1006 1261 1072 cognosci
1296 1008 1359 1056 ab
1400 1006 1480 1057 his
1509 1006 1594 1074 qui
1627 1016 1751 1059 sunt
1789 1008 1840 1058 in
1882 1016 2018 1060 tene-

435 1072 558 1133 bris,
590 1072 638 1124 id
671 1082 770 1144 est,
804 1073 853 1125 in
890 1076 1185 1128 tenebrosis
1226 1077 1355 1127 locis
1388 1072 1598 1139 inferni,
1625 1086 1669 1128 ct
1705 1077 1932 1144 justitia,
1965 1077 2015 1130 id

434 1152 539 1216 est,
572 1143 741 1216 gratia
771 1152 859 1216 tua
901 1146 1198 1212 justilicans
1230 1148 1425 1215 poterit
1473 1143 1723 1216 cognosci
1773 1148 1826 1199 in
1880 1156 2017 1200 terra

436 1212 726 1283 oblivionis,
777 1215 827 1265 id
859 1227 962 1275 est,
1004 1216 1054 1267 in
1088 1212 1344 1268 terra‘illa
1395 1212 1632 1283 cujus'tu
1667 1218 1874 1283 penitus
1924 1234 2019 1281 per

434 1281 791 1353 visitationem
822 1286 1207 1339 misericordim
1252 1302 1310 1339 es
1350 1281 1585 1340 oblitus?
1629 1281 1789 1353 Quasi
1831 1288 2013 1342 d:cat:

438 1351 648 1418 Utique,
679 1363 733 1427 et
762 1356 804 1408 si
854 1365 996 1409 esset
1026 1358 1113 1421 qui
1147 1357 1262 1411 lucc
1302 1358 1377 1411 illi
1407 1368 1590 1427 posset
1636 1351 1878 1425 narrare,
1911 1374 2015 1413 non

435 1433 579 1476 esset
605 1425 693 1491 qui
726 1436 905 1488 posset
933 1440 1282 1493 cognoscere.

508 1494 573 1545 lt't
601 1510 689 1565 ego
712 1497 779 1548 ad
803 1507 868 1559 te,
902 1496 1138 1559 Domine,
1164 1499 1402 1551 clamavi.
1436 1497 1597 1565 Quasi
1620 1499 1760 1551 dicat
1792 1518 1802 1551 :
1833 1499 2016 1565 Quan-

434 1563 721 1631 doquidem
755 1583 847 1631 per
876 1584 957 1620 me
985 1580 1249 1621 mortuum
1285 1563 1542 1622 mirabilia
1584 1584 1686 1622 non
1720 1563 2019 1623 facisimor-

435 1634 558 1696 luis,
584 1650 730 1703 ergo,
755 1652 787 1688 o
822 1638 1062 1701 Domine,
1088 1638 1343 1693 resuscita
1376 1655 1480 1701 me,
1512 1649 1568 1691 ut
1602 1655 1692 1704 per
1722 1655 1806 1693 me
1844 1640 2017 1693 vivum

433 1704 689 1776 mirabilia
716 1708 879 1761 facias
907 1709 1152 1763 mortuis.
1182 1710 1271 1761 Vel
1304 1725 1650 1776 recompcusa
1674 1711 1801 1764 mihi
1826 1712 2016 1773 vicem,

431 1775 548 1838 quia
582 1791 680 1839 ego
709 1778 926 1831 clamavi
954 1781 1022 1830 ad
1068 1789 1132 1831 te.
1183 1778 1246 1832 Et
1280 1795 1405 1833 vere
1450 1778 1646 1843 facies,
1686 1782 1804 1845 quia
1855 1783 2017 1833 oratio

2120 581 2172 632 in
2214 582 2512 648 perditione,
2546 581 2596 635 id
2638 590 2742 651 est,
2792 582 2843 636 in
2888 593 3085 635 tetcrna
3115 581 3487 637 damnatione?
3518 585 3702 641 Nullus

2122 650 2318 719 utique.
2357 652 2420 706 Et
2451 654 2663 717 merito,
2695 654 2814 718 quia
2862 661 2917 706 et
2959 654 3001 706 si
3050 652 3129 707 eis
3166 662 3485 713 narraretur,
3531 657 3598 707 ab
3624 658 3703 711 eis

2120 736 2226 774 non
2254 735 2689 789 cognosceretur.
2713 721 2960 788 Nunquid
2990 724 3131 776 enim
3156 733 3518 791 cognoscentur
3543 727 3704 778 mira-

2120 792 2239 844 bilia
2269 802 2354 845 tua
2408 796 2458 845 in
2486 794 2718 856 tenebris,
2753 794 2801 846 i:l
2833 803 2935 859 est,
2987 794 3125 848 inter
3166 795 3282 845 illos
3311 808 3531 861 quorum
3565 796 3703 849 ratio

2121 870 2203 916 est
2243 864 2607 929 obtenebrata,
2640 866 2759 931 quia
2790 879 2817 916 a
2850 864 3093 917 veritatis
3126 863 3325 917 lumine
3367 865 3607 930 privata?
3634 864 3706 920 Et

2112 934 2320 1003 justitia
2349 943 2437 987 tua
2466 945 2818 1001 cognoscetur
2838 936 2890 986 in
2923 944 3059 986 terra
3088 933 3373 995 oblivionis,
3398 935 3447 989 id
3488 943 3592 1002 est,
3626 938 3702 990 ir-

2121 1005 2557 1071 reCuperabiliter
2583 1005 2880 1058 damnatis?
2909 1004 3098 1072 Utique
3130 1018 3256 1057 non.

2194 1072 2259 1125 Et
2289 1091 2401 1143 ego.
2444 1074 2603 1141 Quasi
2651 1075 2829 1129 dicat:
2873 1075 3001 1129 Dico
3038 1075 3157 1139 quia
3199 1090 3303 1128 non
3333 1086 3705 1144 cognoscentur

2122 1144 2380 1197 mirabilia
2409 1159 2494 1197 tua
2517 1146 2569 1197 in
2609 1146 2845 1209 tenebris,
2878 1145 3091 1212 etquod
3126 1160 3229 1199 non
3261 1146 3415 1213 facies
3442 1147 3702 1201 mirabilia

2122 1216 2332 1267 mortuis
2358 1233 2370 1268 :
2400 1225 2445 1268 et
2476 1231 2567 1285 ego
2595 1225 2769 1269 tamen
2801 1231 2896 1283 pro
2924 1216 3238 1284 quibusdam
3264 1231 3327 1269 ex
3359 1217 3459 1268 illis
3485 1216 3703 1271 clamavi

2121 1284 2187 1335 ad
2218 1296 2283 1349 te,
2330 1284 2573 1351 Domine,
2607 1295 2663 1339 ut
2693 1301 2813 1339 cum
2843 1286 3037 1341 dicitur
3076 1304 3087 1339 :
3142 1285 3314 1349 Pater,
3346 1287 3548 1353 ignosce
3576 1290 3701 1352 illis,

2120 1356 2239 1421 quia
2266 1359 2493 1408 nesciunt
2537 1356 2660 1425 quid
2691 1357 2904 1426 faciunt,
2941 1356 3136 1423 profuit
3180 1356 3322 1409 enim
3372 1358 3483 1410 haec
3531 1359 3705 1411 oratio

2124 1428 2322 1495 multis,
2350 1436 2406 1478 ιιι
2432 1427 2727 1480 centurioni
2770 1428 2843 1481 illi
2880 1428 2968 1495 qui
3000 1427 3126 1480 dixit
3161 1428 3211 1479 in
3245 1430 3488 1490 pa~sione
3520 1445 3532 1479 ε
3574 1427 3706 1481 Vere

2122 1494 2292 1548 Filius
2325 1495 2418 1548 Dei
2447 1506 2555 1551 erat
2584 1498 2721 1552 iste:
2752 1506 2805 1549 et
2835 1494 2937 1551 illis
2977 1499 3065 1565 qui
3108 1496 3424 1551 accedentes
3463 1499 3528 1550 ad
3572 1514 3704 1561 apo-

2122 1566 2564 1637 slttlosdixerttttt
2587 1584 2601 1621 :
2631 1568 2767 1634 Quid
2790 1569 3055 1637 faciemus,
3082 1570 3174 1620 viri
3200 1567 3417 1632 fratres?
3448 1578 3497 1621 et
3526 1571 3704 1621 multis

2123 1636 2260 1687 aliis.
2298 1636 2362 1688 Et
2394 1640 2496 1689 hoc
2538 1649 2618 1691 est
2641 1636 3050 1705 quod’seqttitur
3078 1655 3091 1691 :
3127 1638 3191 1691 Et
3222 1639 3559 1705 mane_oratio
3591 1656 3703 1691 mea

2125 1707 2391 1771 prwveniel
2420 1718 2484 1760 te.
2508 1699 2676 1773 Quasi
2698 1710 2841 1761 dicat
2871 1699 3167 1771 :L‘lamavi,
3202 1699 3437 1776 inqttat'n,
3474 1724 3569 1776 pro
3598 1711 3702 1762 illis

2124 1777 2188 1827 ad
2215 1788 2285 1832 ιν.
2318 1778 2380 1829 Et
2413 1778 2512 1831 hoc
2542 1794 2644 1830 non
2682 1779 2895 1839 frustra,
2926 1779 3045 1843 quia
3078 1780 3240 1831 oratio
3279 1794 3389 1831 mea
3433 1781 3701 1844 preveniet

430 1860 543 1919 mra
574 1850 842 1912 ρηευρηῑρι
874 1859 941 1911 ιε,
992 1849 1041 1901 id
1072 1861 1175 1913 est,
1205 1850 1481 1917 apparebit
1509 1858 1558 1903 te
1591 1854 1933 1919 praavenisse,
1963 1860 2017 1904 et
2049 1860 2091 1919 Β
2125 1856 2191 1911 te,
2241 1848 2291 1899 id
2322 1858 2422 1910 εει,
2454 1848 2888 1917 apparebitquod
2922 1851 3098 1917 rogavi
3127 1850 3426 1902 obtinuisse
3454 1850 3591 1913 apud
3624 1862 3700 1912 te,

430 1914 676 1988 ellectum
701 1920 836 1983 apud
864 1929 914 1973 te
943 1914 1352 1988 obtinuisseper
1379 1914 1821 1975 resurrectiOnem
1842 1914 2014 1976 meam

431 1983 624 2036 factam
657 1996 706 2039 tu
735 2005 898 2042 mane.

505 2054 573 2127 Ut
600 2058 745 2123 quid,
782 2059 1016 2121 Domine,
1048 2061 1254 2127 repellis
1297 2061 1581 2114 orationem
1610 2077 1797 2115 meam.
1830 2064 2018 2117 avertis

431 2125 613 2200 faciem
659 2140 795 2181 tuam
823 2146 853 2182 a
884 2132 1010 2184 me?
1036 2125 1193 2197 Quasi
1221 2132 1364 2186 dicat
1396 2150 1408 2185 :
1451 2133 1890 2200 Quandoquidem
1919 2148 2015 2186 ex-

429 2196 707 2270 auditurus
744 2216 802 2253 es
844 2218 948 2262 me,
981 2210 1035 2253 ut
1064 2196 1194 2269 quid
1220 2218 1365 2270 ergo,
1415 2201 1651 2263 Domine,
1696 2196 1921 2269 repellis,
1966 2204 2014 2257 id

429 2273 532 2327 est,
566 2267 695 2324 facis
721 2285 749 2323 a
782 2283 831 2324 te
862 2273 1026 2326 videri
1080 2267 1344 2336 repulsam
1394 2273 1677 2326 orationem
1708 2267 1909 2327 micam?
1953 2273 2016 2327 Et

430 2342 489 2389 ιιι
514 2338 635 2412 quid
666 2344 812 2408 quasi
841 2343 1024 2396 avertis
1046 2344 1229 2412 [aciem
1252 2350 1386 2395 tuam
1416 2360 1447 2396 a
1476 2359 1573 2408 me,
1596 2344 1722 2397 dum
1754 2346 2015 2410 permittis

428 2420 514 2477 me
561 2411 641 2463 sic
694 2414 982 2477 contemni,
1037 2411 1114 2467 siic
1170 2413 1408 2467 tribulari
1461 2413 1529 2467 ab
1582 2414 1809 2468 inimicis
1860 2416 2012 2468 meis.

427 2475 803 2597 Puasiwdicat:
838 2484 916 2537 'I‘u
946 2475 1072 2552 ergo
1120 2492 1265 2539 certe
1312 2486 1438 2551 scis,
1486 2494 1539 2538 et
1568 2499 1667 2554 ego
1709 2487 1822 2538 scio
1851 2500 2016 2554 quare

449 2562 531 2597 ioc
560 2562 602 2597 SI
634 2589 648 2597 .

449 2562 531 2601 ioc
560 2559 648 2603 stt.

501 2616 709 2696 Pauper
731 2640 843 2677 sum
882 2642 993 2696 ego,
1027 2636 1072 2679 et
1118 2626 1169 2679 in
1219 2624 1472 2696 laboribus
1517 2641 1547 2676 a
1586 2625 1853 2696 juventute
1881 2641 2011 2677 mea.

427 2684 572 2766 Ideo,
599 2684 834 2761 inquam,
860 2684 1055 2751 av'ertis
1080 2712 1107 2748 a
1141 2712 1225 2749 tne
1248 2697 1329 2766 (ut
1371 2684 1603 2761 videtur}
1632 2694 1817 2747 faciam
1847 2706 2010 2762 tuatn,

428 2758 549 2824 quia
580 2758 683 2829 ego
709 2766 851 2818 solus
878 2784 993 2820 sum
1027 2769 1092 2821 id.
1119 2758 1271 2824 nens,
1302 2780 1396 2832 per
1424 2758 1594 2833 quem
1616 2766 1690 2817 ira
1726 2773 1810 2817 tua
1844 2758 2015 2818 trans;

426 2837 619 2905 ξιιμ-ει
649 2833 727 2887 sic
755 2840 1018 2902 reparatio
1060 2837 1169 2891 llat.
1220 2835 1348 2890 Nam
1380 2850 1481 2905 eqo
1500 2851 1611 2887 sum
1641 2850 1765 2887 vere
1795 2852 2010 2905 pauper.

427 2896 564 2951 Nihil
596 2896 965 2969 prorsustnihi
1000 2905 1334 2961 ascribendo.
1373 2896 1439 2957 El
1483 2920 1599 2959 smn
1645 2910 1695 2957 in
1748 2896 2009 2958 laboribus

428 2970 640 3045 pondus
686 2987 1070 3041 pratceptorum
1121 2987 1331 3031 tuorttm
1380 2976 1640 3042 portando
1683 2990 1714 3026 a
1745 2978 2014 3045 juventute

427 3055 557 3114 mea,
592 3041 641 3094 id
689 3054 787 3109 est,
821 3048 886 3099 ab
914 3049 997 3100 illa
1028 3048 1187 3101 etiam
1231 3054 1386 3099 a-tate
1414 3060 1531 3114 qua:
1564 3041 1781 3110 pronior
1820 3055 1903 3099 est
1947 3045 2012 3100 ad

426 3110 654 3167 lapsum.
686 3114 835 3179 Quod
865 3129 1041 3173 autem
1070 3134 1185 3171 sum
1222 3110 1510 3181 pauper'et
1538 3115 1742 3179 laboro,
1796 3130 1899 3168 non
1931 3125 2015 3171 est

425 3195 486 3231 rx
524 3182 827 3251 impotentia
852 3203 991 3251 mea,
1020 3189 1136 3258 quia
1161 3188 1413 3258 excitatus
1440 3201 1553 3237 sum
1586 3200 1678 3251 per
1708 3186 2013 3258 immunita-

427 3259 530 3302 tem
562 3265 922 3327 peccatorum,
953 3271 1003 3313 et
1030 3256 1405 3327 p‘enitudinem
1431 3257 1709 3327 virtutum.
1739 3256 1802 3307 Et
1835 3265 2009 3312 tamen

423 3335 536 3398 sum
568 3323 869 3380 humiliatus
899 3344 925 3380 a
960 3323 1408 3398 persecutoribus,
1438 3336 1494 3380 et
1522 3326 1623 3378 hoc
1653 3340 1754 3377 non
1789 3337 2017 3398 aeterna-

425 3390 566 3454 liier,
595 3398 689 3448 sed
722 3405 923 3452 tantum
954 3390 1017 3454 ad
1049 3399 1257 3463 horam,
1287 3399 1407 3464 qttia
1453 3398 1806 3450 conturbatus.
1839 3397 2015 3464 Quare

424 3471 602 3537 autem
637 3465 969 3533 humiliatus,
1002 3484 1167 3537 quare
1196 3467 1580 3522 conturbatus?
1614 3467 1734 3521 Ideo
1784 3468 2008 3535 sc.licet,

424 3540 482 3582 ιιι
511 3533 601 3587 ire
630 3545 729 3590 tute
757 3533 1031 3593 venientes
1069 3542 1120 3593 in
1156 3556 1231 3593 me
1278 3539 1585 3597 transirent,
1640 3539 1774 3589 sicut
1825 3533 2008 3593 revera

422 3605 750 3674 transierunt.
789 3608 850 3661 Et
881 3619 938 3662 ut
982 3611 1265 3663 transirent
1296 3619 1513 3661 terrores
1543 3606 1639 3668 tui,
1671 3620 1698 3657 a
1747 3617 1796 3660 te
1827 3608 2007 3674 diSpo-

422 3672 508 3745 siti
537 3690 547 3725 :
588 3676 735 3744 juxta
769 3678 893 3732 illud
929 3697 940 3731 :
978 3680 1099 3734 Non
1142 3680 1347 3732 haberes
1376 3679 1428 3730 in
1453 3693 1530 3730 me
1560 3686 1876 3745 potestatem,
1910 3672 2009 3732 nisi

422 3742 640 3807 desuper
662 3748 781 3821 data
806 3750 893 3821 tibi
920 3752 1119 3821 fuisset,
1150 3752 1387 3821 inquam,
1421 3742 1661 3821 terrores
1678 3747 2009 3802 conturbave-

421 3824 542 3883 runt
574 3834 669 3871 nte.
698 3818 761 3872 Et
794 3816 1062 3874 ideo'dico
1093 3820 1530 3883 conturbaverunt,
1576 3816 1697 3883 quia
1745 3826 2008 3873 torrentes

422 3882 494 3934 illi
518 3887 957 3944 circumdederunt
979 3910 1074 3955 me,
1096 3893 1223 3945 sicut
1253 3905 1407 3955 aqua,
1441 3888 1491 3941 id
1520 3882 1625 3953 est,
1651 3896 1705 3939 ut
1732 3902 1816 3941 me
1840 3887 2007 3943 invol-

424 3966 611 4009 verent
641 3969 692 4011 et
720 3959 1088 4031 di'mcrgcrcnt
1112 3970 1213 4014 tota
1247 3961 1346 4018 die.
1380 3960 1429 4012 id
1461 3966 1563 4031 est,
1598 3957 1862 4031 passionis
1897 3969 2005 4015 ιοιο

422 4032 663 4095 tempore
681 4045 694 4080 :
718 4028 1159 4085 circumdederunt
1182 4048 1278 4095 me,
1296 4031 1434 4095 ἀίειν,
1460 4029 1711 4087 siuti/iter,
1731 4028 1931 4083 scilicet
1952 4041 2007 4085 et

420 4092 609 4157 Judaei,
629 4108 683 4151 et
705 4100 895 4153 milites
914 4102 1154 4154 Romani.
1182 4103 1243 4154 Et
1263 4092 1325 4153 ad
1342 4092 1608 4154 cumulum
1628 4098 1853 4151 miseria:
1872 4115 2003 4155 mete

420 4167 717 4238 augendum
746 4170 1010 4238 clongasti.
1031 4171 1079 4223 id
1102 4171 1451 4237 est,elongari
1476 4168 1756 4238 permisisli
1776 4185 1806 4220 α
1836 4185 1931 4233 me.
1957 4172 2000 4224 Si

422 4249 528 4287 non
569 4237 706 4300 loco,
751 4252 926 4294 tamen
958 4241 1253 4307 allectionc,
1303 4240 1520 4291 amicum
1560 4237 1686 4290 mihi
1730 4241 1909 4301 corde,
1956 4250 2001 4294 et

421 4307 708 4372 proximum
762 4323 941 4372 carne,
992 4322 1046 4363 ut
1100 4310 1393 4371 Jacobum;
1437 4320 1483 4361 et
1536 4311 1693 4360 etiam
1739 4308 1998 4379 elongasti

420 4390 606 4430 omnes
629 4392 771 4432 notos
793 4397 955 4443 meos,
980 4380 1184 4435 scilicet
1210 4380 1399 4444 quibus
1416 4383 1747 4430 innatuerunt
1769 4381 1914 4447 signa
1945 4390 2001 4433 et

421 4460 583 4518 opera
617 4458 704 4502 tua
735 4466 766 4501 a
796 4467 881 4506 me
912 4467 1015 4506 non
1045 4455 1261 4512 misero,
1292 4450 1383 4503 ειτιι
1412 4460 1660 4518 tauquam
1700 4448 1811 4515 ipsa
1842 4450 1995 4503 mise-

417 4516 601 4591 ria.__id
632 4529 731 4584 est,
766 4521 908 4589 lepra
936 4532 1198 4591 reputato.

492 4586 743 4655 Nunquid
772 4586 1172 4660 mortuis-{acies
1201 4590 1451 4644 mirabilia
1476 4605 1494 4642 :
1522 4599 1609 4641 aut
1634 4589 1811 4641 medici
1835 4591 1993 4642 susci-

418 4656 590 4710 tabunt
620 4670 664 4712 et
691 4656 1061 4729 conﬁtebuntur
1090 4662 1197 4714 tibi.
1238 4660 1436 4714 Taliter
1465 4675 1676 4729 quoque
1720 4663 1998 4729 continua—

420 4736 505 4800 tur
541 4738 594 4780 et
624 4728 831 4799 legitur.
863 4734 1021 4800 Quasi
1059 4733 1235 4785 dicat:
1273 4732 1379 4799 Ego
1419 4747 1486 4798 qu
1509 4728 1652 4794 dem,
1684 4746 1716 4780 o
1758 4728 1991 4797 Domine,

417 4796 629 4852 clamavi
654 4796 719 4852 ad
750 4812 816 4867 te,
843 4796 905 4855 et.
924 4811 1029 4856 tota
1060 4805 1140 4855 die
1178 4796 1357 4854 manus
1396 4796 1529 4853 meas
1552 4800 1802 4869 expandi;
1832 4796 1996 4869 quare

416 4882 546 4936 ergo
574 4873 798 4924 sa-viunt
825 4874 877 4926 in
908 4888 992 4927 me
1024 4873 1258 4926 inimici?
1287 4872 1410 4925 Ideo
1451 4871 1675 4933 scilicet,
1705 4872 1825 4939 quia
1855 4886 1996 4924 mor-

419 4942 491 4994 tui
524 4949 647 4992 sunt
676 4942 917 5007 interius,
942 4944 990 4996 id
1023 4952 1127 5008 est,
1158 4942 1404 4996 excmcati
1445 4951 1588 5004 sunt,
1618 4951 1673 4996 et
1693 4957 1853 5009 Opera
1876 4957 1991 4995 mea

417 5024 524 5065 non
554 5012 851 5066 attendunt.
887 5017 950 5068 lit
977 5015 1095 5068 ideo
1125 5013 1262 5067 nulla
1294 5013 1393 5067 erit
1415 5015 1702 5079 reparatio,
1733 5012 1868 5080 quod
1894 5013 1993 5065 sub

369 5113 377 5146 ε
419 5082 830 5150 interrogatione
857 5087 933 5138 sic
958 5085 1085 5138 dicit
1129 5101 1143 5135 :
1190 5083 1440 5152 Nunquid
1471 5084 1700 5145 mortuis,
1749 5097 1882 5149 quos
1915 5084 1993 5135 in-

418 5158 582 5203 terius
624 5153 827 5206 scilicet
858 5170 961 5207 non
1013 5156 1277 5207 illuminat
1324 5153 1491 5223 gratia
1532 5164 1640 5219 tua,
1672 5162 1989 5223 utcommo-

418 5231 579 5275 veant
606 5238 700 5276 eos
729 5224 965 5280 veritatis
1012 5240 1170 5295 opera
1221 5239 1247 5275 a
1303 5222 1389 5277 me
1428 5224 1683 5295 exhibita,
1717 5222 1873 5289 [acies
1898 5237 1992 5290 per

413 5307 500 5347 tne
522 5295 797 5361 mirabilia,
844 5296 892 5349 id
929 5307 1031 5358 est,
1052 5294 1485 5364 reparationem?
1515 5294 1704 5361 Utique
1734 5309 1872 5357 non;
1901 5302 1991 5346 aut

414 5364 594 5417 medici
635 5366 793 5419 futuri
845 5363 1156 5419 suscifabuut
1198 5366 1327 5418 tales
1356 5379 1382 5415 a
1412 5374 1581 5419 mmte
1628 5363 1885 5426 interiori,
1936 5372 1991 5415 ut

411 5436 749 5505 conﬁteantur
777 5438 903 5492 tibi?
931 5438 1121 5505 Utique
1170 5450 1296 5500 non,
1326 5436 1444 5502 quia
1478 5449 1574 5490 nec
1598 5438 1755 5487 etiam
1783 5434 1862 5487 eis
1890 5434 1989 5487 mi-

410 5503 594 5559 rabilia
649 5516 733 5558 tua
786 5503 1096 5572 narrabuut,
1146 5507 1299 5573 juxta
1347 5506 1522 5559 illud:
1567 5505 1718 5557 I'obis
1766 5506 1989 5572 primum

408 5577 667 5644 oportebat
697 5577 834 5644 loqui
862 5579 1059 5631 verbum
1099 5577 1189 5631 Dei
1212 5592 1232 5631 :
1260 5581 1348 5630 sed
1373 5577 1611 5639 quoniam
1638 5575 1895 5643 repulistis
1917 5575 1986 5626 il-

408 5643 522 5719 lud,
567 5655 612 5699 et
642 5643 878 5719 indignos
906 5665 991 5701 vos
1030 5664 1137 5702 esse
1169 5649 1467 5719 judicastis,
1495 5662 1612 5719 ecce
1649 5645 1986 5719 convertimur

410 5715 479 5786 ad
509 5727 697 5783 gentes.
746 5720 809 5769 Et
854 5718 951 5771 hoc
981 5728 1059 5771 est
1090 5715 1228 5786 quod
1257 5718 1387 5771 dicit
1435 5733 1448 5769 :
1483 5716 1730 5785 Nunquid
1756 5715 1983 5768 narrabit

407 5784 594 5849 aliquis
643 5786 971 5839 medicorum
1026 5784 1424 5839 misericordiam
1473 5784 1823 5853 reparationis
1878 5794 1982 5839 tua:

407 5854 593 5925 positis
622 5855 671 5905 in
702 5858 951 5919 Stptllt‘ro,
994 5856 1045 5908 id
1073 5868 1171 5921 est,
1206 5857 1606 5923 persistentibus
1636 5867 1688 5909 et
1714 5856 1982 5911 delectan-

2024 4564 2077 4623 D

2121 1918 2255 1969 sicut
2305 1923 2689 1983 prmvenientcs
2728 1920 2902 1973 solent
2954 1921 3194 1972 obtinere
3247 1919 3387 1971 factu
3424 1935 3595 1983 mane,
3649 1923 3698 1972 id

2118 1995 2220 2057 est,
2250 1987 2384 2041 facta
2414 1990 2464 2041 iu
2492 1990 2809 2057 quibusdam
2843 1990 3051 2042 illorum
3106 1989 3513 2053 illuminatione,
3560 1990 3701 2044 velut

2119 2056 2170 2109 in
2207 2059 2288 2111 his
2314 2074 2448 2126 quos
2493 2056 2854 2126 praediximus.
2894 2062 2958 2111 Et
2999 2060 3119 2127 quia
3153 2061 3561 2115 crebrescebant
3605 2062 3700 2114 lla-

2117 2128 2275 2201 gefla,
2308 2128 2428 2201 quia
2454 2130 2686 2201 ﬂagellat
2727 2129 2862 2182 Deus
2885 2145 3080 2182 omnem
3126 2130 3289 2201 [ilium
3314 2147 3462 2201 quem
3487 2132 3700 2201 recipit,-

2111 2197 2261 2264 juxta
2307 2197 2474 2252 illud:
2507 2199 2632 2264 Fili,
2665 2201 2903 2253 accedens
2949 2201 3016 2253 ad
3064 2200 3348 2254 servitutem
3394 2200 3507 2261 Dei,
3533 2197 3610 2255 sta
3641 2204 3695 2255 in

2117 2272 2297 2321 timore
2325 2280 2372 2341 et
2402 2280 2638 2334 tremore,
2672 2281 2719 2325 et
2748 2286 2982 2341 pra’para
3005 2271 3229 2341 animam
3275 2280 3414 2323 tuam
3442 2272 3509 2323 ad
3539 2281 3698 2323 tenta-

2118 2343 2309 2409 liones;
2343 2338 2463 2392 ideo
2487 2342 2699 2394 subdit:
2730 2338 2795 2395 Ut
2817 2338 2962 2409 quid,
2990 2340 3226 2406 Domine,
3254 2342 3492 2404 repellis?
3515 2343 3563 2394 id
3596 2352 3698 2403 est,

2118 2406 2245 2461 facis
2275 2410 2444 2464 videri
2474 2413 2612 2479 quod
2648 2406 2894 2480 repellas,
2929 2418 3007 2466 tot
3038 2411 3193 2464 malis
3235 2412 3699 2466 crebrescentibus

2118 2494 2278 2546 super
2306 2495 2420 2543 eos,
2457 2484 2739 2534 orationem
2770 2496 3031 2547 meorum,
3072 2497 3230 2549 quam
3280 2498 3442 2535 meam
3481 2497 3589 2547 pra:
3618 2484 3699 2535 ni-

2118 2552 2223 2602 mia
2253 2550 2534 2606 aﬂ‘ectione
2560 2551 2699 2605 d.co.
2740 2552 2803 2607 Et
2831 2566 2995 2619 quare
3019 2552 3233 2613 avertis,
3279 2562 3336 2606 ut
3366 2552 3581 2615 videris,
3618 2553 3697 2619 fa-

2116 2619 2243 2671 ciem
2295 2630 2436 2673 tuam
2465 2638 2496 2674 a
2526 2638 2632 2684 me,
2687 2622 2736 2675 id
2784 2630 2888 2686 est,
2920 2637 2947 2673 a
2980 2622 3145 2675 meis?
3172 2621 3332 2686 Quasi
3374 2623 3555 2676 dicat:
3588 2622 3697 2676 Uti-

2116 2704 2218 2761 que
2247 2690 2365 2761 ideo
2394 2690 2544 2756 lacis,
2575 2692 2695 2761 quia
2728 2694 2833 2746 scis
2857 2707 2951 2745 eos
2976 2706 3095 2746 esse
3122 2692 3363 2753 idoneos,
3386 2692 3578 2761 quibus
3604 2708 3697 2758 per

2117 2759 2242 2811 talia
2295 2759 2500 2828 ﬂagella
2532 2759 2790 2816 aeternam
2823 2776 2978 2831 pares
3030 2759 3415 2817 hacreditatemL
3461 2762 3699 2830 Namque

2115 2844 2208 2897 ego
2250 2845 2363 2883 sum
2390 2847 2583 2900 pauper
2618 2832 2669 2886 in
2712 2833 2837 2898 illis,
2864 2833 2985 2901 quia
3026 2832 3155 2885 nihil
3182 2832 3284 2901 ipsi
3323 2833 3391 2888 de
3418 2846 3477 2886 se
3500 2848 3698 2899 prman-

2118 2910 2287 2962 niunt,
2335 2902 2465 2955 nihil
2513 2901 2612 2956 sibi
2664 2903 2988 2965 attribuunt,
3052 2912 3098 2955 et
3153 2918 3272 2957 sum
3322 2903 3375 2957 in
3441 2904 3697 2956 laboribus

2119 2968 2168 3022 in
2199 2969 2276 3023 eis
2306 2988 2317 3020 :
2348 2972 2466 3034 quia
2518 2973 2784 3027 sustinent
2817 2972 3023 3040 pondus
3054 2983 3438 3041 praeceptorum
3485 2986 3696 3029 tuorum

2116 3056 2147 3091 a
2180 3041 2448 3109 juventute
2471 3058 2571 3095 non
2602 3059 2716 3108 sua,
2746 3044 2837 3097 sed
2864 3060 2998 3109 mea,
3030 3043 3080 3097 id
3110 3052 3212 3109 est,
3244 3045 3312 3098 ab
3358 3045 3697 3097 innovatione

2117 3125 2406 3183 quamnon
2438 3112 2558 3178 ipsi,
2590 3113 2682 3167 sed
2724 3129 2822 3181 ego
2848 3115 2900 3167 in
2930 3116 3007 3167 eis
3036 3129 3130 3181 per
3155 3115 3379 3183 gratiam
3422 3113 3543 3167 ieci.
3577 3117 3694 3166 Ali-

2117 3182 2325 3246 quando
2353 3196 2527 3236 autem
2554 3185 2813 3238 exaltatus
2856 3198 2974 3238 sum
3022 3184 3074 3237 in
3107 3182 3203 3246 eis,
3242 3185 3445 3239 scilicet
3484 3185 3693 3251 quando

2116 3251 2447 3322 subtrahitur
2485 3255 2771 3322 ﬂagellum,
2806 3264 2859 3308 et
2895 3255 3126 3319 parcitur
3152 3255 3251 3308 eis.
3303 3255 3435 3320 Quia
3491 3265 3546 3308 ut
3584 3253 3689 3322 jam

2116 3320 2425 3393 praedictum
2472 3320 2577 3387 est,
2616 3325 2659 3377 si
2693 3325 2832 3377 nulla
2879 3324 3188 3393 jucunditas
3241 3336 3407 3392 esset,
3438 3320 3693 3379 deiicere-

2116 3406 2255 3446 ntus.
2288 3393 2351 3445 Et
2389 3392 2579 3447 iterum
2608 3392 2902 3448 humiliatus
2929 3410 3042 3448 sum
3064 3395 3116 3448 in
3155 3396 3255 3457 eis,
3296 3395 3685 3449 revertentibus

2113 3470 2168 3514 et
2197 3463 2616 3518 increscentibus
2644 3464 2910 3531 ﬂagellis:
2961 3466 3082 3532 quia
3130 3462 3175 3517 si
3220 3464 3377 3533 plena
3429 3465 3687 3518 securitas

2112 3540 2274 3594 esset,
2309 3533 2447 3586 male
2487 3536 2896 3591 exsultaremus.
2950 3535 3015 3589 Et
3056 3535 3124 3587 ita
3175 3544 3349 3588 tamen
3395 3535 3690 3587 humiliatus

2109 3617 2246 3665 sum,
2278 3602 2418 3672 quod
2452 3606 2802 3665 conturbatus,
2833 3606 2881 3657 id
2913 3614 3017 3668 est,
3045 3605 3110 3657 ad
3139 3604 3323 3657 horam
3358 3614 3561 3658 tantum
3594 3606 3688 3657 bu-

2110 3674 2364 3744 miliatus.
2395 3674 2545 3738 Quod
2592 3677 2739 3744 ponit
2767 3675 2831 3728 ad
2862 3675 3280 3729 consolationem
3330 3685 3591 3738 nostram,
3624 3693 3687 3727 uc

2107 3740 2417 3813 deﬁciamus
2445 3745 2494 3798 in
2528 3740 2867 3799 tribulatione
2912 3762 2925 3798 :
2973 3748 3095 3813 quia
3136 3747 3199 3798 ad
3237 3755 3448 3811 tempus
3484 3753 3683 3798 tantum

2106 3813 2209 3865 erit
2249 3812 2537 3879 tribulatio,
2573 3817 2623 3868 in
2654 3826 2913 3869 aeternum
2942 3812 3072 3869 vero
3119 3816 3424 3869 exsultatio.
3463 3818 3525 3869 Et
3569 3817 3685 3868 ideo

2110 3880 2284 3951 (quasi
2304 3883 2465 3953 dicat)
2496 3885 2793 3939 humiliatus
2818 3903 2929 3939 sum
2958 3886 3007 3938 in
3045 3887 3165 3947 illis,
3200 3895 3256 3939 ut
3276 3887 3367 3939 ira:
3388 3896 3490 3937 tute
3520 3896 3685 3939 trans-

2107 3953 2247 4006 irent
2274 3955 2326 4006 in
2359 3971 2458 4017 me,
2493 3956 2540 4007 id
2570 3966 2671 4019 est,
2706 3957 2757 4009 in
2791 3957 2893 4009 illis
2922 3957 3079 4019 meis,
3120 3957 3257 4011 sicut
3301 3972 3485 4010 revera
3520 3967 3683 4009 trans-

2104 4023 2290 4096 ierunt.
2323 4025 2387 4078 Et
2417 4034 2590 4079 tamen
2620 4026 2721 4079 hoc
2749 4041 2851 4079 non
2877 4042 2971 4096 per
2998 4040 3109 4089 eos,
3140 4029 3231 4080 sed
3258 4042 3348 4093 per
3373 4042 3459 4081 me
3492 4028 3679 4079 Iactum

2104 4103 2203 4147 est.
2237 4094 2367 4148 Nam
2399 4105 2454 4148 ιιι
2500 4099 2785 4149 transirent
2816 4094 2904 4150 ira:
2950 4107 3053 4148 tua:
3101 4097 3152 4149 itt
3202 4096 3302 4157 eis,
3338 4106 3554 4149 terrores
3583 4096 3674 4157 tui,

2105 4164 2154 4215 id
2200 4173 2305 4228 est,
2344 4179 2374 4218 a
2421 4175 2472 4220 te
2517 4167 2759 4233 dispositi
2807 4166 3227 4221 conturbavertuu
3274 4184 3374 4220 me.
3430 4168 3559 4233 Qum
3600 4181 3681 4219 se-

2101 4244 2335 4304 quuntur
2363 4251 2466 4291 non
2500 4246 2794 4290 mutantur.

2483 4346 2545 4400 IN
2595 4347 2913 4404 I'SALMUM
2966 4347 3301 4403 LXXXVIII.

2479 4439 2777 4494 Intellectus
2812 4440 2979 4493 Ethan
3012 4440 3297 4493 Ezrahitan

2703 4545 3082 4585 ARGUMENTUI.

2178 4619 2423 4676 l’raetlicit
2451 4623 2688 4691 captivos
2748 4622 2800 4676 in
2859 4623 3144 4692 Babylone.
3178 4620 3305 4674 nihil
3350 4619 3561 4692 quidem
3610 4619 3675 4692 de

2104 4692 2307 4746 meritis
2362 4690 2606 4761 propriis,
2665 4694 2757 4746 sed
2782 4693 2848 4747 de
2907 4690 3347 4761 promissionibus
3398 4691 3462 4743 ad
3517 4690 3672 4744 David

2104 4761 2312 4816 Domini
2342 4765 2656 4830 convenire,
2713 4770 2770 4816 ut
2820 4765 2907 4832 qui
2947 4778 3114 4832 genus
3164 4777 3322 4815 omne
3368 4762 3670 4816 Jutltcorutu

2098 4832 2179 4886 vel
2214 4848 2361 4901 rcges
2410 4834 2548 4887 illius
2575 4849 2633 4888 se
2678 4836 2947 4887 cusmdire
3000 4834 3335 4901 promiserat,
3371 4832 3674 4897 εμυιιείοιιίε

2098 4903 2254 4955 tidem
2288 4904 2446 4959 rebus
2476 4904 2696 4969 implere
2723 4904 2989 4972 dignetur,
3016 4905 3066 4955 Ill
3090 4902 3344 4955 honorem
3372 4916 3553 4970 regum
3586 4917 3675 4966 po-

2098 4973 2247 5043 pulos
2278 4975 2637 5043 protegendo:
2672 4974 2753 5028 vel
2788 4990 2887 5027 vox
2913 4974 3108 5028 Christi
3137 4974 3199 5024 ad
3235 4973 3441 5027 Patrem
3483 4975 3549 5025 de
3575 4972 3670 5026 Ju-

2096 5042 2245 5095 dteis.
2280 5044 2448 5097 Aliter
2476 5046 2542 5098 de
2574 5054 2815 5111 tempore
2841 5046 2930 5097 illo
2956 5060 3059 5111 quo
3088 5053 3393 5095 uulneratus
3416 5053 3493 5096 est
3522 5057 3673 5109 popu-

2098 5112 2179 5166 lus
2212 5111 2450 5166 historia.-
2481 5116 2709 5167 canitur.

2711 5218 3038 5258 EXPLANATIO
3051 5242 3065 5257 .

2169 5293 2334 5347 Iit/tan
2381 5297 2740 5365 interpretatur
2790 5296 3039 5350 robustus
3068 5312 3081 5348 :
3109 5308 3155 5348 et
3183 5296 3305 5363 quia
3336 5294 3562 5361 psalmus
3586 5299 3671 5346 iste

2092 5366 2267 5418 laudes
2283 5376 2388 5418 erat
2404 5376 2448 5419 et
2466 5368 2820 5434 promissiones
2834 5367 3038 5419 Domini
3054 5377 3377 5424 narraturus,
3393 5366 3669 5417 incommu-

2092 5436 2258 5487 tabilis
2288 5436 2517 5502 ﬁdelium
2548 5437 2810 5490 verborum
2850 5438 3066 5504 ﬁrmitas
3097 5436 3287 5489 robusti
3310 5436 3515 5487 nomine
3540 5450 3667 5503 prie-

2090 5516 2419 5570 monstratur,
2450 5507 2534 5558 ubi
2573 5518 2620 5559 et
2648 5508 2930 5561 intellectus
2967 5507 3251 5559 necessario
3306 5506 3666 5574 prwscﬁbitstr,

2089 5586 2143 5629 ut
2170 5586 2284 5645 pote
2311 5578 2430 5645 quia
2478 5577 2689 5629 thronus
2724 5577 2885 5629 David
2934 5578 3242 5642 promittitur
3293 5584 3534 5637 teternus,
3586 5578 3667 5637 qui

2086 5647 2287 5716 interim
2326 5650 2478 5716 jmta
2516 5647 2779 5699 historiam
2812 5649 2929 5700 olim
2974 5649 3194 5700 cernitur
3236 5661 3344 5698 esse
3367 5645 3670 5716 destructus,

2089 5714 2260 5768 Ethan
2289 5714 2455 5770 autem
2501 5720 2617 5783 iste,
2648 5720 2777 5769 sicut
2808 5726 2851 5769 et
2906 5716 3093 5781 Eman,
3142 5718 3219 5768 vel
3271 5719 3335 5768 de
3383 5714 3669 5767 cantoribus

2087 5784 2254 5839 David
2283 5789 2414 5855 regis
2440 5800 2531 5849 est,
2565 5804 2686 5852 quos
2710 5788 2875 5841 Verba
2895 5788 3090 5840 dierum
3115 5794 3349 5849 narrant,
3380 5784 3674 5855 filiusvide-

2086 5856 2199 5909 licet
2228 5852 2405 5919 Cha-si,
2433 5858 2528 5926 lilii
2554 5859 2705 5925 Abdi,
2729 5861 2790 5911 de
2819 5858 3116 5929 cognatione
3150 5856 3362 5919 Merari,
3385 5856 3482 5919 [ibi
3506 5852 3625 5905 Levi
3650 5890 3663 5913 ,
