4010 6190
337 373 444 432 957

972 371 1036 428 ΙΝ
1074 370 1495 430 PSALMORUM
1536 370 1797 429 LIBRUM
1837 373 2287 434 EXEGESIS.‘—
2306 375 2550 433 PSALM.
2596 378 2923 434 LXXXVIII.

3479 382 3584 435 95R

339 489 485 556 prius
505 496 656 542 erant
677 495 935 547 amantes.
961 496 1043 541 est
1068 502 1181 541 cunt
1204 486 1450 556 pOtentia,
1472 485 1523 539 id
1546 492 1653 548 εει,
1684 494 1769 538 εει
1793 498 1917 538 vere
1944 484 1995 540 Δ
2024 483 2166 556 unde
2194 485 2355 556 etiam
2398 486 2494 555 ipsi
2526 487 2799 555 prophetae
2830 490 2955 543 olim
2989 490 3228 545 videntes
3256 492 3589 545 dicebantur.

340 569 552 628 potens,
582 558 670 611 alii
702 571 831 611 vero
856 571 1045 611 omnes
1076 558 1413 624 impotentes.

412 627 671 682 Firmetur
712 644 890 681 manus
938 638 1043 681 tua.
1077 627 1234 691 Quasi
1281 628 1419 679 dicat
1452 644 1463 678 :
1501 627 1561 677 Et
1600 634 1664 677 ut.
1709 638 1922 688 semper

337 700 610 754 exsultent
640 699 691 752 in
726 698 936 752 nomine
967 708 1075 761 luo,
1107 698 1249 758 ideo.
1293 698 1535 757 Domine.
1583 711 1767 747 manus
1810 704 1917 756 tua,

338 769 392 825 id
416 781 499 824 est
525 769 783 836 prolectio
810 780 919 833 tua,
950 770 1197 833 ﬁrmetur,
1231 767 1279 819 id
1304 776 1406 828 est,
1442 769 1589 819 lirma
1620 774 1673 816 et
1702 765 1919 836 stataria

340 840 413 895 sit
434 840 485 893 in
510 834 609 903 eis,
641 854 707 892 ne
731 838 1001 902 deﬁciant,
1024 838 1117 892 sed
1141 836 1448 905 pro"ciant;
1475 844 1527 888 et
1557 837 1625 887 ita
1664 849 1803 887 nunc
1832 834 1921 901 ﬁr-

342 920 503 965 metur
539 925 720 962 manus
748 918 858 967 tua.
899 918 958 961 ut
987 907 1196 962 tandem
1225 908 1470 961 excitetur
1499 906 1709 960 dextera
1736 914 1843 969 tua,
1869 905 1920 958 id

342 991 445 1045 est,
476 980 780 1035 exaltentur
818 978 890 1030 illi
922 979 987 1031 ad
1018 979 1289 1032 dexteram
1341 989 1481 1029 tuam
1522 974 1810 1029 statuendi.
1858 974 1923 1028 Et

340 1065 468 1105 vere
508 1051 577 1104 ita
608 1049 731 1111 erit,
776 1049 1003 1112 scilicet,
1051 1048 1365 1101 exaltabitur
1401 1046 1618 1100 dextera
1649 1056 1760 1107 tua,
1804 1061 1922 1113 qua:

342 1122 442 1174 erit
467 1120 772 1188 praeparatio
799 1119 931 1172 sedis
961 1127 1080 1173 tute.
1115 1118 1163 1170 id
1195 1127 1296 1179 εει,
1326 1118 1443 1182 quia
1478 1115 1798 1188 praeparabit
1827 1115 1921 1168 tibi

336 1186 670 1260 judiciariam
713 1189 891 1243 sedem
905 1190 978 1260 _in
1008 1190 1087 1260 eis
1116 1188 1310 1260 iustitia
1337 1197 1384 1240 et
1403 1187 1679 1260 judicium,
1714 1186 1770 1260 id
1814 1195 1915 1249 εει,

340 1255 484 1315 actio
512 1268 567 1314 et
595 1261 865 1313 discretio.
897 1258 1158 1314 iudicium
1186 1257 1327 1311 enim
1366 1255 1579 1325 proprio
1608 1265 1691 1309 est
1718 1255 1923 1309 discer-

341 1346 471 1385 nere
499 1332 635 1384 inter
664 1332 800 1383 bona
829 1340 883 1383 et
923 1330 1081 1393 mala,
1110 1329 1308 1395 iustitia
1343 1344 1469 1380 vero
1497 1336 1580 1382 est
1605 1326 1759 1380 bonis
1787 1325 1919 1379 iusi-

340 1410 508 1467 stere,
536 1400 670 1454 mala
692 1415 818 1454 vero
840 1399 1118 1466 repellere.
1145 1400 1208 1453 Et
1233 1398 1386 1451 aliter
1417 1416 1429 1450 :
1456 1396 1717 1450 Firmetur
1742 1412 1921 1450 manus

343 1480 437 1525 tua
477 1474 527 1525 in
558 1471 655 1533 eis,
700 1470 833 1524 sicut
876 1469 1041 1538 prius.
1076 1470 1127 1522 ltt
1171 1470 1362 1536 quibus
1392 1478 1566 1522 autem
1616 1482 1804 1520 manus
1834 1475 1920 1521 tua

343 1556 487 1596 nunc
515 1555 619 1594 non
649 1541 966 1601 ﬁrmabitur,
1010 1542 1060 1592 in
1091 1540 1172 1592 his
1199 1539 1443 1592 multetur
1472 1538 1682 1591 tandem
1713 1540 1923 1591 dextera

344 1622 455 1677 tua,
490 1612 540 1664 id
570 1622 673 1678 est,
706 1611 938 1679 potentia
970 1621 1078 1664 tua.
1107 1609 1236 1663 Tale
1264 1618 1345 1662 est
1376 1608 1501 1662 illttd
1535 1627 1546 1660 :
1583 1607 1805 1679 Dextera
1836 1616 1924 1661 tua

342 1682 565 1737 inveniat
606 1678 775 1735 omnes
804 1682 888 1747 qui
918 1692 966 1733 te
993 1681 1231 1733 oderunt.
1276 1680 1338 1732 Et
1374 1694 1499 1734 vere
1542 1682 1609 1731 ita
1641 1678 1762 1740 erit,
1800 1681 1921 1745 quia

340 1753 651 1823 prwparatio
671 1752 805 1805 sedis
826 1763 927 1804 tua:
947 1750 1065 1813 erit,
1091 1751 1140 1803 id
1168 1759 1270 1823 est,
1287 1764 1452 1823 quam
1479 1747 1829 1823 tujudicabis.
1860 1749 1925 1823 Et

340 1820 463 1902 qua:
491 1837 576 1902 re_s
613 1822 937 1902 judicabitttr
963 1836 993 1874 a
1042 1823 1131 1902 te?
1158 1820 1650 1902 Justitiamsciliect,
1693 1829 1741 1871 et
1780 1820 1922 1902 indi:
1954 1842 2000 1902 Β

341 1894 499 1947 cium.
528 1891 795 1946 Justitiam
839 1891 978 1945 refer
1008 1892 1072 1944 ad
1107 1893 1292 1951 honos,
1327 1890 1575 1955 judicium
1611 1905 1736 1943 vero
1778 1890 1918 1954 quod

344 1978 441 2031 pro
479 1964 821 2017 damnatione
864 1962 1097 2029 ponitur,
1144 1961 1209 2014 ad
1256 1962 1444 2013 malos.
1477 1960 1625 2013 Tune
1650 1960 1799 2031 enim,
1816 1963 1922 2031 erit

341 2029 565 2101 iustitia,
609 2032 824 2101 quando
850 2032 976 2087 boni
1023 2032 1500 2101 gandebunt,cutn
1534 2031 1763 2085 viderint
1792 2029 1920 2084 illud

342 2100 484 2171 quod
525 2100 635 2157 non
662 2102 903 2157 videntes
946 2102 1308 2156 crediderunt.
1339 2100 1606 2171 Judicium
1638 2114 1766 2171 vero
1796 2101 1920 2164 erit,

345 2169 560 2242 quando
592 2173 714 2226 mali
738 2173 1180 2237 contremiscent,
1214 2186 1333 2225 cum
1362 2169 1591 2225 viderint
1617 2169 1747 2224 illud
1782 2171 1918 2239 quod

344 2244 630 2299 irridentes
652 2244 873 2297 credere
902 2245 1203 2297 noluerunt.

420 2314 773 2369 Misericordia
802 2324 849 2367 ct
878 2314 1080 2366 veritas.
1110 2311 1269 2378 Quasi
1298 2311 1441 2365 dicat
1471 2329 1483 2364 :
1516 2309 1749 2364 Tandem
1777 2312 1923 2364 exal-

347 2385 545 2438 tabitur
571 2386 787 2438 dextera
824 2395 935 2449 tua,
974 2385 1187 2437 interim
1217 2394 1393 2437 autem
1426 2382 1709 2449 prwcedettt
1741 2382 1921 2449 {aciem

345 2470 510 2518 tuam,
540 2456 589 2507 id
618 2467 723 2518 εει,
749 2455 895 2508 illum
928 2452 1264 2506 manifestum
1294 2452 1576 2505 adventum
1607 2463 1750 2504 tuutn
1779 2453 1924 2503 mise-

344 2525 568 2578 ricordra
596 2534 642 2577 et
670 2525 874 2579 veritas.
899 2524 1255 2579 Misericordia
1279 2523 1490 2590 quidem
1515 2522 1564 2574 in
1591 2532 1922 2586 peccatorum

348 2596 723 2664 delectatione,
776 2597 971 2649 veritas
1002 2610 1128 2648 vero
1172 2594 1225 2647 itt
1276 2594 1657 2664 promissorum
1689 2593 1926 2664 comple-

350 2666 513 2723 tione.
540 2666 629 2720 Vel
649 2662 1010 2720 misericordia
1032 2666 1084 2718 itt
1103 2662 1517 2718 misericorditer
1542 2662 1921 2728 promittendo,

348 2737 545 2790 veritas
586 2751 714 2791 vero
746 2736 798 2789 itt
834 2734 1064 2791 lideliter
1094 2736 1353 2804 promissa
1403 2731 1743 2804 complendo.
1775 2732 1923 2804 Quod

348 2809 437 2873 qui
481 2806 787 2870 attenderit,
838 2807 891 2860 in
938 2806 1042 2861 illis
1075 2802 1284 2859 tandem
1322 2804 1425 2858 erit
1468 2805 1519 2856 in
1567 2802 1924 2873 justitiapqui

350 2891 479 2931 vero
507 2892 611 2931 non
638 2876 944 2942 attenderit,
999 2878 1049 2931 iit
1082 2877 1185 2930 illis
1212 2877 1315 2929 erit
1343 2876 1393 2926 in
1419 2873 1637 2940 judicio.
1674 2874 1729 2925 In
1763 2872 1925 2940 priori

352 2962 479 3001 vero
524 2948 751 3001 lectione
781 2948 858 3001 sic
900 2946 1298 3001 continuabitur
1330 2962 1343 2996 :
1376 2943 1585 2998 IuStitia
1616 2943 1829 3009 quidem
1874 2951 1927 2996 ct

350 3016 608 3086 judicium
655 3021 1027 3085 prcharabttnt
1058 3017 1149 3071 tibi
1182 3016 1362 3086 sedem
1408 3015 1458 3068 in
1490 3016 1590 3086 eis,
1622 3013 1727 3086 hoc
1748 3020 1926 3066 autem

352 3082 418 3141 ex
445 3103 503 3142 se
531 3102 634 3140 non
664 3082 957 3149 habebunt,
983 3086 1077 3140 sed
1105 3100 1135 3139 a
1166 3094 1241 3148 te,
1266 3085 1386 3153 quia
1417 3082 1760 3137 misericordia
1781 3092 1827 3136 et
1847 3099 1927 3135 ve-

351 3158 477 3210 ritas
508 3159 786 3225 prtecedent
814 3157 993 3225 facient
1018 3166 1176 3223 tuam,
1203 3155 1254 3209 id
1284 3164 1382 3219 est,
1414 3154 1749 3225 prmientiatn
1782 3162 1925 3208 tuam

358 3228 412 3282 in
442 3223 540 3290 eis,
573 3243 691 3293 qua:
723 3223 845 3281 illud
875 3228 1255 3294 Operabuntur.
1288 3225 1352 3279 Et
1377 3223 1800 3293 quandoquidem
1838 3240 1932 3291 per

355 3296 774 3352 misericordiam
802 3307 854 3352 et
885 3298 1158 3351 Veritatem
1190 3295 1507 3364 prmparatio
1536 3294 1682 3348 sedis
1712 3304 1814 3347 tute
1846 3295 1936 3347 lict

352 3376 411 3422 et
450 3369 534 3420 hic
563 3374 618 3420 et
649 3367 886 3429 tandem.
930 3382 1057 3436 ergo
1101 3368 1322 3437 populus
1355 3367 1443 3419 ille
1473 3379 1595 3437 vere
1625 3372 1708 3437 est
1735 3366 1931 3437 beatus,

357 3438 446 3505 qui
476 3438 634 3505 digne
663 3440 754 3490 scit
776 3434 1238 3506 jubi.'ationem,id
1264 3446 1368 3500 est,
1396 3436 1483 3503 qui
1529 3434 1767 3501 intelligit
1810 3448 1936 3506 cau-

359 3521 473 3561 sam
505 3507 648 3561 illam
682 3505 821 3561 unde
847 3509 924 3561 sic
952 3508 1144 3561 debeat
1174 3518 1225 3560 te
1248 3509 1482 3574 gratiore
1501 3547 1515 3571 ,
1540 3514 1596 3557 ut
1627 3520 1730 3557 non
1765 3505 1936 3570 possit

361 3579 539 3631 verbis
568 3579 857 3646 explicare,
885 3588 939 3631 et
960 3578 1080 3632 ideo
1105 3578 1319 3633 inchoet
1335 3575 1578 3643 jubilam

434 3644 666 3711 Domine,
697 3650 747 3701 in
777 3649 965 3702 lumine
994 3652 1158 3702 vultus
1183 3648 1257 3699 tui
1286 3646 1633 3699 ambulabunt.
1663 3644 1783 3698 Ideo
1811 3645 1937 3697 bea-

360 3728 467 3771 tum
499 3720 619 3772 dico
644 3720 892 3787 populum
923 3720 1091 3782 illum,
1116 3720 1204 3787 qui
1236 3717 1395 3785 digne
1418 3716 1521 3769 scit
1551 3714 1935 3787 undejuhilan-

358 3789 510 3851 dum,
539 3785 662 3854 quia
692 3785 838 3843 certe
870 3785 1145 3855 intelligit,
1170 3797 1335 3841 totum
1368 3786 1507 3856 quod
1560 3796 1706 3849 sunt,
1738 3785 1936 3856 estni-

358 3858 647 3911 sericordia
681 3868 790 3922 tua,
822 3854 1067 3921 Domine,
1096 3874 1237 3921 e-se,
1268 3854 1405 3911 sicui
1449 3870 1633 3909 revera
1665 3867 1765 3909 εει.
1806 3854 1936 3907 Nam

361 3929 693 3981 ambulabunt
742 3930 792 3982 in
840 3931 1091 3998 operibus
1135 3930 1289 3983 bonis
1330 3930 1381 3980 in
1414 3928 1601 3979 lumine
1651 3929 1816 3978 vultus
1844 3928 1934 3988 tui,

364 4015 468 4051 tton
499 4000 601 4063 sui,
637 4000 686 4053 id
713 4010 812 4062 est,
848 4000 900 4053 in
944 4000 1329 4053 illuminatame
1358 3998 1643 4051 voluntatis
1678 4005 1800 4056 luce.
1834 4010 1938 4049 non

364 4070 494 4122 meri
522 4084 676 4123 orum
737 4086 974 4124 suorum.
1025 4069 1089 4122 Et
1137 4068 1460 4122 exsultabant
1506 4068 1558 4119 in
1607 4076 1692 4119 tuo
1741 4068 1942 4120 nomine

362 4140 726 4207 glorilicattdo,
761 4155 865 4194 non
906 4156 1026 4203 suo,
1055 4150 1111 4193 et
1132 4139 1250 4206 quia
1282 4140 1331 4191 in
1361 4150 1451 4191 tuo
1480 4146 1583 4190 tota
1606 4137 1709 4196 die,
1755 4137 1805 4189 id
1836 4146 1937 4200 est,

364 4210 577 4265 assidue
602 4220 655 4264 et
681 4212 764 4263 hic
787 4212 913 4263 etin
938 4210 1113 4263 futuro
1137 4209 1492 4263 ρΧειιΙιειΙιυιιι.
1524 4209 1577 4262 Si
1603 4208 1744 4259 enim
1773 4208 1821 4258 in
1843 4221 1942 4260 suo

365 4281 580 4333 nomine
608 4281 957 4346 exsultareut,
986 4279 1092 4333 cito
1136 4281 1203 4332 ab
1244 4279 1597 4332 cx~ultatione
1626 4278 1939 4331 deﬂectent.

370 4348 437 4401 Et
481 4351 839 4403 exutiabuntur
892 4352 943 4403 in
983 4362 1072 4404 tua
1091 4350 1316 4419 justitia,
1347 4350 1465 4418 quia
1500 4349 1642 4418 prius
1670 4348 1937 4416 deprime-

367 4421 560 4475 bantur
586 4420 638 4474 itt
666 4437 780 4474 sua.

443 4490 575 4557 Quia
603 4492 766 4561 gloria
806 4492 1004 4545 virtutis
1034 4507 1226 4545 eorum.
1257 4491 1349 4545 Vel
1382 4490 1500 4544 ideo
1544 4490 1734 4544 merito
1762 4490 1812 4541 in
1855 4498 1941 4542 tuo

2026 553 2087 634 hit
2116 553 2428 634 ittltCILleO;
2454 553 2655 634 locutus
2676 576 2727 612 es
2746 562 2934 634 sanctis
2961 562 3339 634 tuis,quando,
3371 562 3594 634 scilicet,

2022 623 2199 676 dixiin
2231 624 2353 676 illttd
2385 628 2690 692 prmdictum
2726 647 2737 681 :
2768 623 3137 683 Misericordia
3167 623 3506 693 wdiﬁcabitur
3546 634 3596 685 in

2021 705 2284 746 internum.
2324 696 2387 748 Et
2416 697 2633 761 loquens
2666 701 2974 761 promisisti.
3018 701 3067 753 id
3100 710 3201 761 est.
3234 702 3411 755 dixiin
3440 703 3553 756 haec
3586 722 3595 753 :

2024 762 2139 843 Ego
2164 765 2251 832 qui
2279 766 2592 843 prius-posui
2614 770 2934 843 adjutorium
2964 771 3011 823 in
3029 772 3254 843 quodam
3286 772 3595 837 impotente,

2021 836 2108 901 qui
2142 851 2245 887 non
2273 836 2521 899 perstitit.
2552 839 2636 903 qtti
2664 836 2967 907 exemplum
2996 842 3313 895 obedietttitn
3341 836 3444 897 non
3478 843 3594 907 fuit,

2022 918 2241 979 ponam_
2262 921 2399 979 nunc
2442 909 2757 979 adiutorium
2787 927 2957 963 meum
3000 914 3051 965 itt
3082 912 3310 978 quodam
3342 928 3465 967 vere
3497 930 3592 979 p0-

2022 983 2173 1047 tente.
2205 974 2270 1027 Et
2290 977 2419 1047 quia
2438 977 2676 1047 dejecisti
2702 981 2852 1033 illum
2875 974 3162 1045 abjecmtn,
3188 984 3434 1037 exalmbo
3461 974 3600 1037 hunc

2022 1042 2240 1125 electum
2266 1049 2329 1126 de
2368 1042 2520 1126 ple-bi
2543 1066 2681 1126 mea.
2716 1051 2781 1104 Et
2806 1042 2998 1105 merito
3028 1042 3274 1106 ex:tllalto
3301 1069 3447 1118 eum,
3477 1058 3596 1122 quia

2021 1118 2187 1194 inveni
2214 1118 2262 1167 itt
2293 1118 2394 1170 isto
2428 1118 2589 1194 Dauid
2613 1134 2737 1194 vere
2765 1138 2961 1194 servum
2994 1138 3180 1194 meum.
3215 1125 3301 1194 uiti
3329 1139 3423 1178 nec
3453 1118 3595 1189 cogi-

2024 1188 2599 1261 tationeapnstatabit.
2628 1190 2782 1244 Juxta
2815 1191 2942 1244 illud
2980 1211 2991 1245 :
3026 1192 3205 1246 Inveni
3244 1193 3404 1246 David
3436 1188 3598 1261 ﬁlium

2020 1250 2183 1318 Iesse,
2205 1250 2366 1333 vit-tim
2389 1260 2661 1333 secundum
2690 1276 2776 1313 cor
2806 1279 2992 1315 meum.
3028 1264 3093 1316 Et
3121 1264 3239 1317 ideo
3262 1250 3453 1333 ungani
3480 1281 3598 1316 eum

2024 1339 2165 1406 nieo-
2192 1326 2324 1406 oleo
2341 1339 2550 1406 sonoro,
2595 1331 2707 1395 illo,
2750 1333 2973 1406 scilicet.
3004 1334 3146 1397 oleo,
3179 1336 3245 1385 de
3289 1326 3404 1406 quo,
3425 1335 3547 1406 alibi
3586 1356 3595 1385 :

2026 1393 2261 1475 Unxitfe
2285 1396 2441 1462 Deus,
2471 1400 2605 1475 Deus
2627 1393 2739 1454 tuus
2779 1402 2887 1456 oleo
2920 1405 3109 1457 lwtitite
3137 1393 3243 1473 pra:
3274 1393 3602 1475 participibus

2023 1466 2147 1541 tuis.
2169 1465 2281 1521 Hoc
2309 1479 2410 1541 εει,
2439 1472 2657 1536 replebo
2683 1488 2802 1525 eum
2833 1465 3193 1541 spiritualibus
3218 1465 3393 1527 donis.

2094 1535 2284 1591 Manus
2307 1540 2439 1616 enim
2464 1535 2593 1595 mea.
2629 1542 2765 1596 Vere
2792 1535 2983 1611 angam
3011 1561 3157 1606 cum,
3190 1545 3419 1616 quiasie
3452 1560 3601 1616 agant

2022 1620 2144 1660 cum
2171 1622 2257 1688 eo_,
2286 1610 2509 1671 scilicet.
2544 1630 2734 1688 manus
2765 1610 2896 1676 mea,
2941 1616 2990 1667 id
3021 1626 3103 1667 est
3160 1610 3522 1667 misericordia
3553 1627 3601 1669 et

2025 1682 2283 1751 protectio
2322 1694 2459 1745 mea,
2486 1682 2820 1751 auxiliabitnr
2848 1686 2895 1737 ei
2923 1694 3173 1751 quantum
3206 1687 3269 1737 ad
3304 1696 3601 1751 suscteptatn

2027 1747 2429 1803 humanitatem.
2486 1750 2553 1804 Et
2598 1752 2859 1805 brachium
2912 1747 3097 1817 meum,
3150 1755 3199 1808 id
3244 1766 3325 1808 est
3380 1747 3601 1807 Verbum

2025 1831 2201 1870 meum
2228 1820 2575 1892 personaliter
2597 1822 2670 1874 illi
2696 1823 2919 1881 unitum.
2944 1826 3265 1892 conﬁrmabit
3289 1842 3400 1878 eum
3421 1836 3603 1878 contra

2025 1900 2238 1967 onmem
2262 1888 2485 1967 lapsum.
2505 1891 2734 1967 _Et__ideo
2761 1894 2994 1967 inimicus
3020 1888 3259 1967 diabolus
3284 1896 3604 1967 nihitjproﬁ-

2025 1958 2203 2037 fietiin
2248 1974 2326 2011 eo.
2353 1958 2708 2037 _Qu_asi_di_cat
2741 1980 2752 2014 :
2786 1962 2863 2037 ln_
2884 1964 3080 2037 Adam!
3104 1966 3316 2037 quidem
3366 1958 3608 2018 inimicus

2023 2024 2150 2106 fecit
2172 2037 2227 2081 et
2253 2028 2503 2106 perfecit;
2535 2030 2585 2084 in
2614 2032 2716 2085 isto
2741 2033 2953 2106 quidem
2984 2024 3139 2089 faciei
3166 2034 3302 2102 quod
3325 2050 3477 2088 suum
3505 2045 3607 2097 est,

2025 2095 2077 2149 id
2103 2106 2205 2177 est,
2247 2097 2472 2178 tentabit
2500 2117 2650 2178 eum,
2676 2095 2769 2157 sed
2800 2104 2928 2156 nihil
2963 2095 3227 2178 proliciei,
3258 2120 3355 2178 nec
3387 2107 3437 2178 in
3472 2095 3607 2178 ipso,

2026 2168 2205 2248 nec
2233 2169 2365 2248 suis.
2399 2168 2680 2248 Euerccbit
2707 2188 2854 2235 eum,
2888 2168 2985 2248 sed
3016 2190 3117 2228 non
3145 2168 3373 2248 ηοεοηξῠίι.
3410 2168 3608 2229 Prode-

2026 2237 2210 2319 rit
2231 2238 2520 2319 saeviendo,
2556 2242 2608 2319 in
2636 2256 2744 2319 quo
2769 2244 3169 2319 coronabantur
3200 2247 3282 2299 isti
3308 2246 3565 2300 vincendo
3592 2264 3606 2309 ;

2025 2316 2073 2360 et
2096 2306 2561 2389 tiliusiniguitalis,
2597 2306 2774 2378 id'est,
2800 2315 3020 2379 angelus
3048 2325 3308 2389 apostata,
3335 2331 3492 2389 quem
3520 2306 3609 2384 ge;

2031 2388 2145 2431 nmt
2178 2386 2451 2459 iniquitas,
2481 2397 2581 2459 non
2602 2393 2821 2451 apponet
2842 2400 3019 2459 nocere
3040 2388 3106 2459 ei.
3138 2387 3300 2439 Ponet
3322 2386 3532 2459 quidem
3558 2395 3611 2459 ut

2026 2460 2214 2529 noceat
2242 2451 2313 2514 ei,
2342 2451 2555 2529 quando
2585 2468 2704 2505 eum
2736 2455 2968 2524 crucitigi
3001 2456 3153 2509 faciet
3178 2465 3231 2509 et
3269 2451 3468 2529 occidi;
3514 2458 3609 2510 sed

2030 2527 2305 2592 postquam
2340 2522 2531 2574 viderit
2559 2536 2681 2575 eunt
2715 2522 3077 2592 resurgentem
3111 2538 3164 2579 et
3206 2528 3607 2590 ascendentem.

2028 2602 2131 2641 non
2151 2589 2383 2668 amplius
2401 2601 2634 2668 apponet
2658 2609 2850 2648 nocere
2870 2589 2946 2655 ei.
2978 2596 3082 2648 imo
3106 2598 3266 2651 etiam
3290 2589 3613 2651 acternalitet'

2028 2658 2301 2727 gaudebit,
2333 2662 2471 2724 quod
2500 2662 2644 2727 prius
2673 2679 2864 2717 nocere
2891 2676 3114 2720 Conatus
3143 2668 3229 2721 sit.

2101 2727 2167 2810 Et
2188 2731 2469 2810 concidant.
2499 2731 2764 2799 Inimicus,
2790 2733 3023 2810 inquam,
3045 2737 3097 2789 in
3120 2753 3177 2810 eo
3199 2736 3327 2810 niltil
3349 2738 3610 2810 proﬁciet;

2028 2807 2082 2853 et
2107 2799 2227 2852 ideo
2246 2800 2616 2875 sicutMoyses
2642 2816 2797 2875 caput
2826 2799 2971 2858 vituli
3013 2807 3293 2861 conﬂatilis
3320 2799 3567 2863 contrivit
3592 2799 3610 2875 ζ

2028 2870 2312 2948 ethopnlo
2340 2870 2826 2948 bibettdum‘dedit,
2857 2876 2926 2928 ita
2954 2878 3242 2937 concidam.
3273 2878 3455 2948 idest,
3486 2870 3613 2945 pan;

2031 2939 2177 3016 latim
2200 2949 2470 3016 conteram
2501 2943 2730 3016 inimicos
2750 2949 2880 3012 ejus,
2915 2955 2970 2999 et
3001 2949 3051 3000 in
3079 2963 3275 3015 corpus
3304 2947 3420 3016 ejus
3445 2939 3617 3003 trans—

2031 3007 2194 3088 feram
2222 3026 2236 3075 ;
2266 3023 2320 3065 et
2352 3011 2456 3088 hoc
2480 3029 2511 3064 a
2538 3014 2689 3082 facie,
2727 3007 2910 3088 idest,
2942 3032 2970 3069 a
3020 3007 3302 3085 pricsentia
3332 3007 3469 3086 eius.
3505 3019 3616 3085 Ipsa

2031 3082 2185 3161 enim
2209 3082 2490 3161 prtesetttia
2520 3092 2576 3137 et
2602 3086 2834 3161 cognitio
2862 3086 3002 3157 ejus,
3022 3082 3129 3141 erit
3154 3104 3312 3161 causa
3344 3082 3617 3161 linjusIAEt

2034 3149 2104 3229 ita
2135 3149 2255 3229 dico
2278 3154 2561 3229 concidam,
2595 3149 2738 3223 quod
2764 3149 3047 3229 contrariam
3078 3160 3303 3229 odientes
3332 3149 3444 3229 eum
3475 3158 3617 3225 prius

2034 3223 2088 3295 in
2118 3223 2329 3295 fugam,
2375 3223 2600 3295 scilicet.
2635 3234 2691 3277 ut
2730 3226 2796 3277 ab
2842 3228 2972 3277 irato
3005 3228 3205 3295 fugiant
3234 3229 3298 3279 ad
3330 3223 3614 3294 placa—tum.

2040 3289 2128 3369 Vel
2170 3289 2325 3370 aliter
2360 3304 2373 3346 :
2406 3290 2649 3370 Inimicos
2676 3297 2787 3363 ejus
2836 3296 2885 3347 in
2919 3289 3382 3370 futuroconcidain
3428 3314 3457 3348 a
3488 3299 3617 3365 [acie

2035 3360 2165 3436 ejus,
2201 3360 2253 3413 id
2275 3374 2379 3436 est,
2412 3363 2664 3436 regellam
2692 3360 2720 3415 a
2756 3369 3032 3436 praesentia
3058 3366 3174 3436 ejus
3206 3369 3257 3421 in
3288 3360 3514 3421 (cient-ts
3540 3380 3617 3421 te-

2037 3430 2249 3507 nebras.
2283 3432 2413 3507 Quia
2436 3432 2657 3507 _dictum
2702 3443 2784 3507 est
2817 3430 3103 3507 ;_Tollatur'
3133 3438 3317 3507 impius
3355 3454 3416 3490 ne
3454 3439 3617 3492 videat

2036 3500 2252 3578 gloriam
2283 3499 2499 3578 Dei.__l_:3t
2541 3518 2679 3555 nunc
2707 3504 2916 3578 interim
2942 3507 3185 3578 _od_t'entes
3204 3499 3499 3561 convertam
3532 3524 3619 3562 eos

2036 3572 2088 3621 in
2115 3569 2313 3647 [ngann
2344 3571 2567 3635 scilicet,
2596 3574 2744 3647 utab
2769 3572 2919 3647 irato
2936 3575 3137 3644 fugiant
3163 3578 3226 3630 ad
3262 3582 3547 3645 placatum.

2111 3639 2175 3691 Et
2200 3642 2382 3693 veritas
2404 3657 2515 3714 mea
2541 3652 2587 3693 et
2612 3644 2955 3698 misericordia
2978 3639 3093 3699 cum
3114 3647 3247 3714 ipso.
3262 3639 3495 3700 '\’idrtu.r
3521 3650 3620 3703 hoc

2037 3720 2296 3790 quantum
2340 3716 2407 3790 ad
2442 3712 2612 3790 ipsum
2638 3712 3282 3790 _caput_nonjposseidici.
3329 3718 3441 3790 Non
3474 3721 3618 3772 enim

2041 3783 2407 3854 misericordia
2452 3783 2695 3851 indiguit,
2744 3786 2833 3853 qui
2887 3783 3019 3838 nihil
3064 3791 3203 3854 quod
3256 3788 3618 3843 remitteretur

2040 3849 2257 3913 habuit;
2301 3855 2393 3906 sed
2426 3849 2600 3906 tamen
2632 3863 2686 3907 et
2725 3849 2777 3905 iti
2810 3854 2924 3922 ipso
2970 3849 3387 3910 miscricordiam
3430 3873 3622 3913 vocare

2043 3936 2324 3987 possuanus
2366 3922 2536 3989 ipsam
2568 3923 2912 3978 humanitatis
2937 3927 3378 3992 assumptionetn,
3402 3935 3457 3981 et
3481 3930 3620 3983 veri—

2043 4000 2202 4044 tatem
2235 3992 2599 4065 impletionetn
2634 3994 2773 4046 illius
2805 3996 3198 4061 promissionis,
3232 3999 3352 4065 quia
3398 3998 3535 4051 dedit
3574 4001 3622 4052 ei

2042 4077 2246 4140 nomen,
2280 4063 2413 4130 quod
2437 4071 2509 4140 est
2535 4080 2683 4131 super
2707 4080 3078 4140 omnenomen.
3098 4069 3174 4140 Et
3197 4063 3318 4137 quia
3343 4082 3447 4121 non
3475 4069 3625 4124 dedit

2044 4133 2092 4205 ei
2116 4133 2362 4205 spiritum
2383 4135 2450 4186 ad
2478 4149 2802 4187 mensuram.
2839 4135 2929 4189 Vel
2955 4140 2997 4189 si
3026 4138 3109 4192 cui
3143 4133 3245 4192 hoc
3269 4155 3371 4193 non
3394 4140 3618 4205 placeat,

2043 4202 2185 4255 dicat
2220 4203 2415 4256 dictum
2462 4219 2595 4277 esse,
2625 4216 2878 4277 quantum
2909 4208 2973 4259 ad
3022 4209 3280 4273 membra,
3331 4202 3621 4277 in'quibus

2047 4288 2230 4346 revera
2260 4285 2385 4346 sunt
2414 4284 2469 4327 et
2490 4276 2684 4327 veritas
2712 4276 2762 4328 in
2790 4276 3095 4345 itnpletione
3130 4276 3533 4346 protttissomnt,
3566 4290 3619 4332 et

2044 4344 2410 4397 misericordia
2446 4346 2497 4397 in
2530 4346 2845 4415 remissione
2870 4344 3211 4403 delictorum.
3246 4348 3619 4415 Proponnntnr

2044 4425 2219 4467 autem
2267 4430 2295 4465 a
2344 4422 2449 4467 tota
2491 4412 2664 4468 divitia
2710 4417 2980 4484 Scriptura
3031 4420 3142 4470 hace
3180 4424 3285 4470 duo
3334 4412 3618 4485 principue.

2047 4486 2270 4547 scilicet,
2315 4485 2674 4539 misericordia
2722 4497 2777 4538 et
2806 4488 3023 4551 veritas,
3058 4496 3111 4539 ut
3139 4497 3193 4541 et
3222 4503 3327 4541 nos
3366 4503 3425 4541 ea
3465 4490 3623 4541 iacia-

368 4546 571 4613 nomine
603 4546 953 4625 exsultabant,
999 4563 1116 4630 quia
1148 4572 1200 4615 tu
1230 4579 1279 4614 es
1318 4562 1481 4629 gloria
1520 4561 1718 4615 virtutis
1746 4576 1940 4623 eorum,
1972 4546 2187 4630 Diuus,
2222 4546 2661 4630 ntiserit‘ordiattr
2682 4555 2895 4621 quidem
2933 4546 3238 4630 miserend‘o
3281 4558 3618 4622 miserorum,

372 4631 470 4699 ipsi
526 4632 811 4699 ignominia
864 4631 1184 4684 inﬁrmitatis
1235 4647 1364 4683 suam
1409 4633 1557 4694 Quod
1588 4630 1728 4681 enim
1775 4632 1941 4685 virtus

369 4704 543 4764 ahqua
595 4703 646 4754 in
677 4702 753 4755 eis
797 4713 876 4756 est
903 4701 970 4754 de
998 4718 1098 4768 qua
1133 4710 1351 4767 possunt
1379 4700 1611 4765 gloriari,
1645 4699 1743 4752 hoc
1771 4717 1833 4751 ex
1892 4709 1943 4753 te

371 4782 477 4834 est,
510 4786 614 4824 non
644 4786 707 4825 ex
746 4786 823 4826 se.
860 4770 925 4823 Et
959 4772 1076 4824 ideo
1104 4787 1260 4822 cornu
1292 4781 1536 4827 nostrum,
1572 4769 1622 4821 id
1650 4778 1749 4831 est,
1780 4769 1941 4835 spiri-

372 4842 528 4894 tnalis
556 4841 857 4895 sublimitas
884 4849 1060 4895 nostra
1091 4839 1395 4894 exaltabitur
1423 4841 1474 4892 in
1504 4838 1810 4907 beneptacito
1833 4848 1939 4905 tuo,

372 4927 476 4965 non
507 4912 556 4963 itt
583 4912 772 4965 merito
802 4920 1003 4965 nostro.
1036 4911 1099 4964 Et
1128 4925 1251 4964 vere
1280 4912 1331 4962 in
1353 4909 1661 4977 benepiacilo
1688 4918 1795 4973 tuo,
1825 4912 1943 4977 quia

373 4981 603 5044 Domini,
646 4982 695 5034 id
722 4991 803 5035 est
837 4984 931 5046 tui,
962 4990 1033 5034 est
1073 4981 1345 5047 assumptio
1387 4992 1579 5032 nostra.
1613 4979 1719 5032 ΙΙοε
1758 4980 1840 5032 εει
1876 4996 1942 5032 ex

373 5054 487 5105 sola
520 5052 877 5105 misericordia
911 5062 994 5104 tua
1037 5060 1139 5114 εει,
1178 5051 1312 5119 quod
1354 5048 1688 5115 assumpsisti
1729 5058 1945 5118 propter

379 5138 474 5175 nos
524 5121 861 5175 redimendos
892 5121 1176 5174 humanam
1224 5132 1487 5179 naturam,
1524 5120 1627 5183 vel,
1677 5120 1814 5185 quod
1849 5135 1943 5172 nos

376 5193 712 5259 assumpsisti
760 5192 827 5245 de
858 5207 1032 5244 massa
1080 5191 1505 5259 perdendnrunt:
1538 5189 1602 5243 Et
1631 5188 1946 5259 determinat

376 5262 531 5330 cujus
560 5256 763 5314 domini
793 5264 861 5314 sit
885 5256 1195 5328 aesttmplio,
1226 5261 1443 5322 scilicet,
1471 5257 1650 5330 Sancti
1676 5256 1862 5323 Israel,
1894 5259 1944 5313 id

376 5329 478 5398 est,
512 5330 653 5386 illius
679 5333 764 5399 qui
806 5332 1099 5384 sanctiﬁcat
1128 5346 1336 5382 omnem
1384 5330 1529 5381 illum
1560 5329 1647 5394 qui
1677 5338 1757 5381 est
1788 5342 1945 5381 verus

383 5402 564 5455 Israel.
589 5401 654 5454 Et
674 5403 760 5469 qui
789 5410 868 5455 est
902 5402 1009 5454 lies
1038 5409 1237 5461 noster,
1264 5400 1313 5451 id
1345 5410 1444 5461 εει,
1479 5401 1565 5464 qui
1600 5400 1731 5466 regit
1762 5414 1860 5449 nos
1892 5399 1941 5469 in

386 5468 701 5534 virtutibus,
726 5480 782 5524 ul
810 5475 873 5524 ad
907 5485 1082 5523 verant
1118 5470 1373 5522 visionem
1410 5469 1798 5537 perveniamus,
1835 5468 1944 5531 ubi,

382 5542 608 5604 scilicet,
636 5542 768 5594 l'ucie
792 5542 856 5592 ad
888 5539 1073 5592 facient
1099 5540 1412 5591 videbimus.

455 5611 600 5663 Tunc
642 5613 839 5663 locutus
884 5626 955 5663 es.
1006 5610 1163 5675 Quasi
1194 5610 1368 5661 dicat:
1405 5609 1467 5660 Et
1504 5608 1570 5661 de
1602 5607 1699 5662 ltac
1738 5622 1945 5660 assum-

381 5682 562 5751 ptione
608 5680 853 5751 praidicta
897 5691 1015 5731 tunc
1036 5681 1238 5751 iocatus
1276 5695 1325 5731 es
1371 5679 1553 5751 sanctis
1593 5679 1726 5751 tuis,
1766 5678 1819 5751 id
1834 5687 1945 5751 est,

386 5746 658 5820 prophetis
686 5750 736 5820 in
766 5750 971 5811 visione,
1070 5757 1171 5810 est,
1200 5764 1289 5816 per
1317 5750 1691 5820 revelationetn
1717 5746 1947 5820 iudicds

384 5818 437 5877 ct
482 5818 652 5877 iactis.
693 5819 929 5875 Visiones
977 5818 1039 5871 ad
1092 5820 1374 5887 prophetas
1411 5819 1619 5893 proprie
1664 5818 1945 5887 pertinent,

2047 4626 2321 4697 veritatem
2346 4640 2468 4697 vero
2490 4641 2592 4692 quo
2647 4625 2843 4689 justum
2866 4635 2946 4679 est
2961 4626 3267 4694 judicando,
3295 4637 3347 4680 ιιι
3371 4644 3466 4682 nec
3489 4644 3623 4697 prac-

2045 4696 2221 4749 cludat
2252 4695 2301 4746 itt
2347 4696 2500 4747 nobis
2528 4698 2607 4747 vel
2642 4698 2911 4748 veritatem
2954 4698 3335 4759 misericordia,
3369 4700 3447 4752 vel
3479 4695 3620 4754 {Ieri-

2046 4775 2126 4819 tas
2158 4766 2599 4835 tnisericordiam,
2628 4767 2942 4835 quiainulti
2977 4770 3170 4831 pietate
3203 4783 3449 4833 perversa
3483 4785 3624 4835 smne

2039 4835 2199 4907 justas
2227 4850 2401 4907 causae
2433 4834 2609 4907 divitis
2643 4834 2930 4900 praeferunt
2970 4838 3220 4904 injustam
3248 4854 3459 4892 causam
3493 4855 3593 4907 pan

2047 4904 2205 4972 peris.
2245 4903 2463 4969 Veritas,
2497 4904 2730 4973 inquam,
2777 4915 2824 4957 et
2864 4903 3210 4960 misericordia
3245 4925 3355 4963 mea
3381 4903 3623 4964 ent-cunt

2045 4977 2176 5042 ipso,
2198 4987 2242 5047 et
2270 4977 2321 5026 in
2345 4977 2545 5047 nomine
2569 4991 2697 5039 tneo,
2712 4975 2774 5047 id
2803 4985 2903 5047 est,
2933 4992 3028 5045 per
3054 4978 3153 5031 hoc
3175 4980 3296 5045 quia
3325 4979 3438 5047 ipse
3461 4989 3513 5032 et
3540 4983 3622 5033 sui

2046 5055 2169 5097 sunt
2197 5044 2249 5098 itt
2283 5046 2497 5097 nomine
2524 5058 2644 5097 meo
2672 5044 3043 5111 gloriiicando,
3076 5044 3263 5102 nonin
3295 5044 3392 5102 suo
3420 5052 3617 5103 exalta-

2046 5115 2178 5168 bitur
2207 5130 2365 5166 cornu
2398 5115 2534 5183 ejus,
2564 5115 2612 5166 id
2642 5125 2745 5178 εει,
2776 5116 3065 5183 spiritualis
3107 5119 3405 5173 sublimitas
3446 5134 3539 5172 sua
3571 5130 3626 5173 et

2046 5199 2283 5253 suorum.
2311 5185 2422 5250 Ipsa
2454 5187 2595 5235 enim
2628 5198 2743 5237 mea
2773 5186 3108 5253 gluriiicatio,
3139 5204 3323 5242 eorum
3352 5188 3453 5242 erit
3481 5190 3627 5243 exal-

2049 5257 2193 5331 tatio_.
2219 5252 2286 5331 Et
2302 5268 2484 5331 ponant
2512 5270 2714 5331 manum
2734 5257 2864 5331 ejus,
2900 5258 2950 5313 id
2978 5268 3079 5331 est,
3097 5252 3394 5323 potentiam
3418 5259 3534 5327 ejus
3565 5262 3620 5313 in

2048 5323 2196 5389 mari,
2240 5325 2290 5376 id
2321 5334 2423 5384 est,
2458 5323 2510 5374 iit
2551 5325 2794 5389 gentibus
2821 5326 2871 5377 itt
2897 5328 3181 5381 sterilitate
3207 5343 3299 5380 sua
3325 5323 3625 5382 atnariean-

2050 5395 2211 5456 tibus.
2242 5402 2287 5465 et
2316 5394 2574 5465 dexteram
2613 5395 2723 5461 ejus
2753 5410 2940 5465 ponam
2966 5397 3120 5447 etiam
3149 5397 3199 5448 in
3229 5398 3543 5465 ﬂuminibus.
3574 5400 3624 5452 id

2047 5473 2147 5534 est,
2180 5465 2229 5515 in
2276 5463 2356 5516 bis
2403 5462 2491 5534 qui
2538 5477 2629 5528 per
2656 5464 2994 5528 copiditatcm
3045 5462 3289 5532 tuagis’et
3339 5470 3504 5534 magis
3542 5469 3627 5520 iri-

2048 5532 2216 5585 ﬂuunt
2246 5534 2296 5584 itt
2332 5533 2682 5585 amaricantes
2722 5534 2909 5585 tluctus
2940 5534 3113 5600 hujus,
3153 5534 3288 5590 sicut
3314 5532 3528 5592 ﬂumina
3572 5540 3622 5593 in

2049 5617 2217 5674 mare.
2254 5602 2362 5674 lloe
2392 5603 2961 5674 estdesperatissitnos
2987 5606 3146 5656 etiam
3177 5606 3224 5658 ei
3253 5606 3620 5674 subjiciamus.

2121 5671 2510 5746 Ipseinttocabit
2539 5685 2633 5746 me.
2662 5671 2783 5725 ldeo
2803 5687 2919 5746 qua:
2944 5673 3257 5746 disilaciant
3280 5671 3497 5746 ei,'quia
3520 5681 3626 5745 ipse

2048 5744 2193 5796 solus
2215 5743 2369 5807 digne
2396 5741 2640 5792 invocnbit
2664 5757 2762 5807 me,
2785 5742 2965 5796 dicens
2991 5762 3002 5796 ε
3033 5745 3110 5797 Tu
3136 5744 3289 5801 Pater
3312 5741 3450 5804 Deus
3480 5741 3619 5802 méus

2050 5813 2337 5876 secundum
2365 5810 2711 5880 divinitatem,
2742 5822 2794 5867 et
2838 5810 2973 5869 Deus
3018 5832 3155 5875 meus
3196 5819 3484 5878 secundum
3529 5822 3623 5873 hu-
