4026 6200
396 343 492 400 9129

856 351 1059 408 ΒΗὶᾹΞ
1105 352 1549 406 VENERADILIS
1591 351 1737 406 OPP.
1781 351 1960 406 PARS

2108 351 2299 407 SECT.
2337 348 2400 404 ιι.
2437 378 2507 398 .-—
2550 352 2752 408 DU‘BIA
2797 355 2886 410 ET
2930 355 3205 412 SPURlA.

3557 359 3680 412 959'

398 466 724 532 inanitatem,
754 477 798 521 et
837 480 1093 540 sttsreplor
1119 470 1298 522 solutis
1347 485 1490 531 mea;
1525 469 1646 531 quia
1689 467 1968 535 suscepisti
2001 470 2052 525 A
2082 469 2230 536 bunt,
2261 481 2316 525 et
2365 487 2468 528 non
2509 473 2734 527 correcti
2781 487 2873 539 per
2905 483 3180 536 patemum
3213 472 3476 540 ﬂagellum
3513 479 3662 540 peti-

395 553 476 588 me
505 549 758 604 quantum
790 539 852 591 ad
884 551 1210 608 a.~sumptam
1257 540 1642 592 humanitatem
1666 578 1682 604 ,
1715 549 1972 608 quantum

393 611 454 658 ad
485 611 731 662 salutem.

466 677 529 730 Et
575 696 664 748 ego
691 681 1103 749 primogenitum.
1139 679 1258 745 Ipse
1302 681 1513 746 quidem
1545 681 1701 747 digne
1729 682 1976 736 invocabit

392 766 489 814 me,
515 761 559 801 et
585 767 674 816 ego
703 751 868 802 vicem
902 751 948 802 ei
983 752 1221 815 reddam,
1248 754 1368 817 qttia
1403 769 1588 817 ponam
1613 753 1756 805 illum
1786 754 1976 822 primo-

390 823 632 886 genitum.
669 824 767 873 hoc
795 831 895 885 eat,
934 823 1012 874 vel
1049 838 1153 886 prze
1187 824 1434 876 omnibus
1466 823 1808 888 honoratum,
1839 826 1976 877 sicut

393 891 722 957 pritnogi-niti
749 891 797 944 itt
825 890 985 944 domo
1007 908 1116 960 prae
1145 893 1393 946 omnibus
1423 894 1840 946 ltonorabantur.
1881 895 1971 948 Vel

391 962 796 1027 primogenitum,
833 961 881 1014 id
915 974 1014 1027 est,
1049 964 1188 1016 inter
1220 973 1454 1016 mortuos
1503 964 1750 1016 liberum.
1785 965 1848 1015 Et
1881 983 1975 1032 po-

389 1047 506 1082 nam
556 1034 804 1085 eaeelsum
858 1033 1003 1086 illum
1049 1049 1151 1088 non
1201 1035 1370 1087 solum
1422 1051 1528 1100 prze
1575 1036 1835 1102 tyrannis,
1883 1038 1974 1089 sed

387 1104 546 1154 etiam
581 1119 684 1175 iit-in
711 1104 908 1170 regibus
939 1116 1106 1168 terrw,
1135 1106 1184 1158 id
1216 1115 1320 1167 est,
1353 1106 1490 1158 ultra
1521 1105 1641 1157 illos
1671 1120 1858 1159 omnes
1884 1109 1974 1175 qui

388 1181 577 1237 regunt
608 1174 816 1226 illicitos
859 1187 1032 1228 motus
1077 1177 1128 1228 in
1178 1191 1255 1229 se.
1288 1176 1347 1229 Et
1388 1176 1596 1228 servabo
1641 1177 1718 1228 illi
1761 1177 1810 1229 in
1841 1174 1974 1241 suis,

383 1244 787 1315 misericordiam
819 1262 979 1296 utram
1002 1248 1051 1298 in
1083 1256 1348 1311 retentum,
1379 1248 1497 1313 quia
1527 1262 1740 1315 semper
1770 1248 1846 1299 eis
1876 1249 1975 1300 nti-

385 1314 613 1365 sericors
641 1329 754 1368 ero.
787 1317 840 1368 Et
863 1318 975 1367 .boe
1007 1318 1143 1377 ideo,
1168 1319 1288 1384 quia
1320 1314 1675 1370 testamentum
1704 1333 1890 1375 meum.
1926 1318 1976 1372 id

385 1393 466 1435 est
507 1394 878 1439 testamentum
916 1403 1132 1450 novum,
1165 1397 1248 1442 est
1292 1389 1462 1453 ﬁdele,
1498 1404 1602 1442 non
1656 1388 1890 1451 inlidele,
1925 1390 1973 1442 id

385 1467 484 1526 est,
521 1458 728 1508 lirmutn
760 1467 813 1510 et
857 1471 1059 1511 certum
1103 1474 1175 1510 est
1219 1458 1316 1526 ipsi
1349 1467 1402 1511 et
1447 1459 1578 1511 suis.
1633 1459 1729 1524 Ipsi
1761 1461 1972 1524 quidem

385 1524 527 1591 ideo,
553 1529 671 1592 quia
698 1537 748 1580 et
780 1530 826 1578 in
862 1529 972 1594 ipso
1003 1531 1118 1582 med
1147 1524 1308 1581 tutum
1338 1541 1412 1582 est
1450 1527 1546 1581 hoc
1573 1538 1970 1594 testamentum,

386 1604 441 1646 et
469 1596 580 1661 ipse
613 1599 872 1650 mediator
901 1609 982 1651 est
1025 1603 1326 1651 ιυμίςιιηυιιιὶ
1359 1611 1406 1649 et
1451 1602 1688 1666 signatur
1716 1610 1770 1652 et
1798 1601 1971 1665 testis,

382 1667 568 1735 etilidc
594 1667 776 1733 jus~or
822 1671 1144 1735 testamenti,
1175 1681 1228 1724 et
1262 1669 1544 1723 btrreditas
1574 1671 1892 1734 testamenti,
1921 1684 1975 1725 et

381 1734 622 1789 cultro-res
652 1741 978 1793 testamenti.

2081 540 2242 614 bunt,
2264 557 2368 596 non
2401 554 2574 598 tamen
2607 553 2820 609 proriter
2853 545 3034 608 paleas
3073 557 3238 610 grana
3265 585 3279 603 .
3314 558 3412 596 nec
3439 559 3660 614 propter

2079 613 2335 678 quosdam
2386 617 2546 668 etiam
2595 615 2764 666 malos
2813 614 2937 667 boni
2985 614 3157 675 pisces
3183 613 3501 679 ejicientnr,
3535 619 3659 684 quia

2081 685 2326 754 prospexi
2349 699 2458 750 jam
2485 686 2620 738 alios
2653 685 2806 745 lilios,
2839 684 2890 736 iu
2913 686 3106 754 quibus
3127 700 3246 752 quae
3273 686 3570 752 procedunt
3590 688 3658 742 de

2079 751 2230 806 labiis
2259 755 2392 808 meis
2417 755 2847 823 complebttntttr.

2152 824 2320 878 Semel
2341 828 2517 895 jurnri
2545 828 2595 879 in
2626 838 2819 877 sancto.
2864 825 2999 877 Vere
3030 824 3366 889 procedentia
3411 828 3473 881 de
3514 831 3662 884 labiis

2079 895 2198 946 meis
2223 911 2323 948 non
2357 898 2542 964 faciam
2582 897 2774 956 irrita,-
2801 896 2921 962 quia
2957 897 3131 962 juravi
3154 935 3168 956 ,
3203 897 3250 948 id
3281 909 3356 947 νει
3389 940 3401 958 ,
3437 899 3663 954 ﬁrmiter

2080 964 2294 1030 promisi
2340 968 2503 1022 David
2546 969 2598 1019 in
2639 976 2815 1019 sancto
2865 982 2996 1027 meo,
3040 965 3089 1017 id
3123 975 3223 1026 est,
3274 969 3324 1019 in
3376 972 3662 1024 sanetilate

2077 1049 2217 1106 mea,
2248 1039 2386 1102 quod
2417 1054 2583 1091 semen
2623 1037 2735 1106 ejus
2770 1037 2990 1088 manebit
3019 1037 3070 1088 iu
3093 1047 3358 1089 (tleruum.
3398 1041 3456 1090 Et
3488 1044 3655 1094 semel

2072 1104 2245 1178 jnravi
2278 1108 2324 1160 ei
2368 1127 2381 1162 :
2414 1124 2510 1162 nec
2550 1104 2834 1174 exspectes
2866 1116 2919 1159 ttt
2948 1107 3184 1178 secundo
3208 1106 3371 1173 juret,
3411 1108 3454 1160 si
3485 1110 3658 1178 prium

2077 1176 2325 1244 decipiet.
2361 1181 2414 1235 Si
2448 1194 2576 1247 ergo
2606 1180 2622 1247 (
2647 1179 2793 1246 quasi
2825 1177 3006 1247 dicitt)
3054 1177 3216 1229 David
3246 1176 3496 1246 mentiar,
3525 1183 3656 1236 nulli

2077 1249 2305 1304 amplius
2335 1265 2514 1306 verum
2543 1250 2734 1302 dicam.
3069 1263 3074 1274 ι
3127 1293 3136 1298 -

2149 1316 2214 1369 Et
2242 1318 2454 1374 thronus
2485 1323 2614 1388 ejus.
2651 1319 2781 1371 Vere
2809 1333 2975 1370 semen
3001 1320 3109 1382 eius
3132 1319 3185 1370 in
3208 1327 3452 1372 teternum
3477 1338 3656 1374 mane~

2077 1388 2148 1441 bit
2173 1429 2186 1447 .
2229 1391 2350 1456 quia
2381 1402 2433 1445 et
2460 1390 2752 1444 secundum
2788 1389 3089 1442 inti-rioretu
3129 1397 3184 1440 et
3211 1392 3531 1444 exteriorem
3562 1409 3654 1446 re-

2077 1461 2350 1526 parabitur
2379 1461 2444 1514 ad
2475 1461 2847 1514 :etcrnitatem.
2873 1460 3022 1521 Quod
3047 1459 3124 1512 sic
3145 1459 3269 1511 dicit
3294 1461 3654 1528 a-quipullen-

2078 1530 2453 1601 lCl'iT/U’Oilus
2483 1534 2615 1599 ejus,
2665 1530 2714 1583 id
2752 1539 2874 1591 est,
2927 1529 3000 1581 illi
3043 1529 3130 1601 qui
3171 1541 3294 1582 sunt
3324 1531 3478 1585 sedes
3508 1533 3647 1601 ejus.

2076 1600 2288 1654 tandem
2322 1603 2475 1669 positi
2504 1598 2560 1655 in
2583 1609 2855 1665 conspectu
2889 1615 2997 1651 meo
3024 1639 3038 1662 ,
3080 1598 3129 1651 id
3161 1608 3241 1652 est
3264 1639 3278 1657 .
3318 1598 3548 1669 reparati
3577 1608 3644 1655 ad

2075 1673 2454 1734 mtcroitzttem,
2485 1681 2642 1725 erunt
2674 1672 2723 1722 in
2755 1673 2928 1722 anima
2961 1670 3086 1721 sicut
3118 1672 3214 1730 sol,
3252 1671 3300 1722 id
3331 1683 3433 1734 est,
3465 1673 3535 1726 ita
3566 1674 3649 1726 in-

2075 1740 2405 1807 deﬁcientes,
2450 1746 2586 1796 sicut
2627 1742 2752 1794 solis
2785 1743 2871 1792 luit
2905 1749 2985 1792 est
3014 1740 3342 1803 indeﬁciens,
3373 1749 3427 1793 et
3454 1743 3506 1795 in
3531 1759 3647 1797 cor-

458 1805 523 1857 Et
553 1825 736 1875 ponam
767 1811 815 1861 in
846 1813 1087 1863 sa'rulum
1117 1811 1292 1863 strculi
1320 1826 1506 1862 semen.
1542 1809 1672 1877 Quia
1702 1819 1967 1882 testattten-
2007 1824 2050 1882 Β
2081 1825 2207 1876 pore
2235 1805 2544 1866 erutttst'cut
2575 1813 2719 1864 luna.
2776 1813 2855 1882 Et
2882 1811 3002 1878 quia
3040 1811 3173 1862 solet
3197 1826 3346 1863 sacra
3376 1813 3644 1880 Scriptum

385 1887 488 1950 tum
513 1895 676 1930 meum
706 1883 853 1945 ﬁdele
883 1883 981 1933 erit
1013 1882 1128 1950 ipsi.
1166 1882 1284 1934 ideo
1315 1897 1497 1948 ponam
1527 1898 1693 1933 semen
1724 1881 1833 1941 eius
1865 1885 1972 1948 spi-

386 1946 598 2005 I'illmlt!.
634 1952 857 2010 scilicet.
893 1968 994 2003 non
1030 1946 1270 2011 't‘arnate,
1305 1946 1611 2003 duraturum
1643 1952 1694 2004 in
1727 1946 1972 2004 swculum

385 2017 582 2091 atrioli,
628 2021 676 2070 id
705 2031 807 2083 est,
845 2024 893 2075 in
923 2033 1210 2084 aeternum;
1253 2033 1298 2074 et
1344 2022 1584 2073 thronum
1623 2024 1756 2091 ejus,
1791 2023 1838 2074 id
1870 2034 1968 2086 est,

382 2087 504 2161 illos
558 2089 830 2158 inquibus
886 2092 997 2158 ipse
1053 2093 1284 2151 sedrbit.
1345 2101 1593 2161 tanquam
1642 2087 1691 2144 in
1742 2093 1970 2159 judicia-

387 2159 463 2208 ria
513 2170 776 2225 potestate
825 2177 937 2216 sua.
975 2163 1162 2216 Anima
1209 2165 1351 2216 enim
1405 2159 1524 2224 iusti
1557 2165 1712 2216 sedes
1744 2172 1824 2216 est
1859 2165 1966 2217 Dei.

384 2227 529 2293 Illos,
557 2229 792 2298 inquam,
825 2249 1040 2298 ponam,
1070 2237 1198 2287 sicut
1224 2235 1329 2286 dies
1357 2232 1489 2293 caeli,
1517 2234 1564 2285 id
1589 2244 1690 2295 est,
1720 2236 1787 2286 ita
1811 2246 1970 2289 erunt

382 2299 679 2374 illuininati,
709 2314 764 2356 ut
792 2304 928 2359 sicut
957 2307 1070 2359 dies
1097 2306 1236 2369 cmli,
1267 2318 1402 2374 quos
1435 2305 1574 2357 nulla
1609 2321 1709 2358 uox
1736 2307 1972 2370 interpo-

383 2369 475 2432 lat,
521 2383 644 2423 sunt
673 2373 788 2428 sine
820 2377 1075 2442 tenebris,
1109 2378 1176 2428 ita
1227 2369 1450 2430 cavi-ant
1495 2375 1594 2427 sibi
1630 2377 1696 2427 ab
1724 2377 1970 2442 omnibus

383 2456 506 2493 vero
530 2444 769 2498 dicendis
796 2450 1047 2508 peccatis.
1079 2448 1264 2500 Nullus
1285 2447 1426 2499 enim
1470 2445 1538 2498 ita
1574 2445 1835 2509 perfecuts
1866 2457 1967 2511 est,

379 2512 502 2585 quin
559 2513 824 2570 interdum
870 2518 918 2570 in
963 2518 1226 2585 aliquibus
1269 2518 1470 2569 labatur
1502 2516 1820 2585 venialibus,
1873 2516 1970 2570 ltos

379 2582 497 2634 dies
526 2585 644 2635 (mli
693 2587 925 2639 nondum
961 2582 1238 2650 habemus,
1269 2589 1359 2640 sed
1413 2587 1465 2638 in
1514 2584 1688 2636 futuro
1717 2601 1836 2637 cum
1871 2587 1970 2639 itu-

381 2653 704 2708 niortalitate
734 2670 783 2708 et
817 2657 1244 2718 impassilnlitate
1270 2655 1665 2719 coronabimur,
1703 2656 1844 2721 ipsus
1879 2657 1970 2708 ba-

382 2721 642 2775 bebimus.
675 2728 807 2788 Quia
837 2742 940 2781 non
973 2733 1148 2795 plures
1177 2728 1311 2789 dies,
1340 2727 1433 2779 Sed
1462 2742 1562 2779 una
1597 2735 1798 2780 tantum
1829 2728 1964 2792 di--s,

379 2803 533 2844 erunt
554 2795 668 2848 sine
698 2796 820 2859 line,
855 2799 973 2866 quia
999 2801 1114 2852 sine
1147 2809 1320 2860 nocte,
1350 2797 1442 2850 sed
1477 2807 1692 2866 propter
1720 2807 1822 2849 tam
1852 2797 1968 2851 lou-

379 2878 512 2936 guui
549 2868 777 2929 spatium
812 2879 965 2922 vocat
995 2869 1136 2922 illam
1171 2885 1326 2921 unam
1358 2869 1495 2920 diettt
1526 2867 1799 2936 pluraliter
1827 2871 1962 2925 dies.

405 2999 414 3010 .
455 2933 513 2986 Si
534 2948 702 3010 autem
733 2941 1114 3010 dereliquerint.
1147 2940 1304 3005 Quasi
1328 2933 1592 2990 diceretur
1619 2939 1665 2990 ei
1701 2958 1712 2992 :
1745 2939 1968 2992 Promit-

381 3006 445 3052 tis
477 3006 689 3066 quidem
719 3023 900 3060 semen
941 3009 1057 3076 ejus
1101 3011 1151 3060 lll
1184 3025 1441 3061 internum
1475 3022 1807 3070 mansurum,
1841 3013 1966 3077 quid

379 3084 556 3146 autem
586 3078 630 3127 si
667 3077 756 3128 lilii
790 3079 905 3145 ejus
937 3078 1263 3144 peccabunt?
1293 3079 1534 3131 (lSIettdit
1565 3079 1704 3144 quod
1752 3092 1968 3146 propter

385 3143 482 3217 line
513 3145 670 3198 etiam
707 3143 984 3208 proriiissio
1012 3150 1127 3217 ejus
1154 3166 1257 3202 non
1291 3149 1523 3211 tollatur,
1553 3143 1830 3202 dicens—ita
1856 3143 1872 3201 γε
1905 3152 1966 3206 Si

381 3214 478 3277 filii
518 3218 643 3288 ejus
687 3214 1055 3287 dereliquerint
1093 3221 1250 3288 legem
1296 3235 1496 3282 meam;
1540 3227 1593 3271 et
1623 3221 1740 3273 ideo
1766 3222 1964 3275 dereli-

380 3286 613 3350 querint,
647 3290 767 3354 quia
820 3286 923 3344 nun
955 3286 1336 3342 ambulaverunt
1382 3291 1432 3341 in
1475 3290 1692 3359 judiciis
1722 3295 1865 3354 me's,
1915 3293 1964 3346 id

380 3363 482 3430 cst,
517 3372 622 3408 non
653 3361 907 3430 iecerunt
945 3361 1084 3430 quod
1116 3362 1200 3414 lex
1241 3376 1357 3414 mea
1387 3362 1584 3426 indicat
1611 3375 1733 3415 esse
1763 3362 1966 3417 facien-

379 3425 529 3500 dun],
571 3428 662 3480 sed
698 3433 870 3495 potius
911 3425 1174 3495 econtra,
1228 3433 1347 3500 quia
1376 3425 1741 3498 profanabant,
1778 3433 1826 3485 id
1859 3445 1962 3496 est,

383 3495 774 3574 [)(llllltBIIIlelsl
797 3502 892 3555 tias
937 3520 1094 3567 meas,
1131 3495 1258 3574 loco
1289 3495 1479 3554 carum
1508 3501 1804 3574 inducenda
1834 3495 1966 3571 injué

379 3568 570 3619 stitias.
627 3568 764 3624 Etsi
799 3589 897 3623 non
943 3573 1290 3635 custoilieriut,
1327 3575 1433 3624 imo
1481 3573 1810 3634 neglexerint
1856 3568 1966 3627 nica

378 3640 652 3702 mandata;
677 3643 744 3706 si,
782 3643 1016 3711 inquam,
1060 3646 1160 3696 boc
1202 3655 1254 3696 et
1299 3643 1399 3695 boc
1442 3641 1682 3705 fecerint,
1715 3657 1818 3694 non
1847 3646 1966 3698 ideo

379 3718 715 3762 contemnam
762 3728 874 3772 eos,
925 3731 1028 3767 non
1084 3715 1202 3766 ideo
1235 3714 1284 3765 in
1333 3713 1629 3779 perditione
1671 3713 1963 3780 relinquam

380 3789 494 3856 eos,
525 3781 618 3856 sed
651 3793 706 3834 ιιι
731 3785 968 3838 medicus
991 3785 1200 3838 visitabo
1221 3784 1513 3851 iniquitates
1536 3798 1706 3835 eorum
1729 3783 1780 3836 in
1801 3787 1962 3856 virga,

381 3849 431 3899 id
464 3861 563 3910 νει,
598 3852 650 3904 in
699 3865 916 3918 paterno
965 3856 1189 3920 ﬂagello,
1226 3865 1275 3904 ttt
1307 3849 1590 3920 corrigam,
1635 3868 1738 3906 non
1785 3866 1841 3908 ιιι
1869 3849 1965 3908 de?

377 3927 598 3994 struant.
657 3923 716 3975 Et
757 3927 1075 3979 determinat
1121 3926 1242 3993 qttid
1299 3939 1388 3992 per
1443 3927 1666 3992 virgam,
1716 3925 1839 3993 quid
1875 3941 1966 3994 per

380 3989 684 4067 iniquitates
712 3996 937 4063 accipiat
963 3989 1149 4051 dicens
1177 4013 1188 4046 :
1223 3989 1763 4067 Etfvisitzibtiiicccata
1788 3989 1963 4050 eorum

378 4061 434 4110 in
462 4061 760 4115 rerberibus.
797 4061 932 4118 Ecce
979 4066 1340 4119 misericordia
1375 4064 1461 4118 Dei
1496 4081 1596 4118 non
1639 4076 1839 4119 tantum
1872 4083 1960 4120 vo-

377 4131 572 4194 cantis,
591 4134 685 4204 sed
717 4133 873 4186 etiam
902 4135 1237 4201 llagellantis.
1270 4135 1454 4188 Melius
1480 4137 1621 4187 cuitu
1651 4147 1735 4188 est
1763 4139 1958 4204 corripi

377 4209 434 4250 et
472 4203 671 4255 erudiri
721 4204 772 4256 itt
815 4205 1021 4272 ﬂagello
1052 4211 1235 4274 patris,
1264 4221 1418 4273 quam
1459 4207 1631 4274 perire
1663 4208 1724 4258 in
1756 4203 1960 4261 blutdi-

377 4281 559 4324 mento
589 4274 868 4340 praedonis.

451 4340 859 4398 Misericordia-nt
883 4356 1071 4400 autem.
1105 4346 1338 4399 Visitzibo
1361 4347 1571 4414 quidem
1596 4362 1690 4400 eos
1713 4347 1762 4400 in
1787 4349 1956 4417 virga,

378 4410 480 4485 ltoc
508 4426 684 4468 autem
719 4418 916 4471 iaciens
949 4433 1049 4470 non
1080 4410 1457 4484 disiergoan'ab
1478 4434 1537 4469 eo
1571 4419 1750 4482 David,
1782 4421 1828 4470 id
1853 4410 1954 4485 est,

375 4483 444 4534 ab
472 4497 536 4536 eo
563 4486 767 4540 semine
791 4529 806 4550 ,
855 4491 960 4541 imo
1001 4483 1329 4542 conservabo
1370 4489 1419 4540 iu
1461 4503 1526 4538 eo
1559 4489 1852 4540 misericord
1875 4483 1956 4540 am

376 4567 560 4626 meum.
596 4555 693 4608 Det
718 4573 844 4625 ergo
889 4560 1262 4626 disciplinam,
1317 4567 1373 4610 ιιι
1421 4574 1525 4611 non
1565 4559 1770 4611 auferat
1797 4561 1863 4611 ab
1891 4575 1956 4614 eo

379 4624 820 4680 misericordiam.
855 4624 1038 4682 (Itcdat
1065 4639 1457 4691 etintuutacem,
1483 4639 1538 4681 ttt
1569 4630 1756 4681 reddat
1789 4629 1955 4684 lucre-

373 4695 618 4771 ditaiem.
652 4699 748 4752 llic
774 4739 788 4760 ,
837 4700 1072 4771 inquam,
1119 4716 1220 4752 non
1259 4701 1546 4771 dispergam
1576 4701 1638 4751 ab
1667 4715 1723 4752 eo
1754 4702 1952 4752 miseri-

374 4763 636 4837 Cordiam,
681 4785 839 4837 neque
868 4763 1078 4822 tandem
1111 4771 1294 4823 nocebo
1333 4763 1381 4822 ei
1412 4763 1463 4823 in
1491 4771 1694 4822 veritate
1724 4787 1834 4823 mea
1858 4813 1871 4833 ,
1905 4772 1953 4824 id

377 4843 460 4912 est
483 4875 498 4898 ,
534 4835 806 4912 injttdicio
839 4855 957 4912 meo
981 4879 995 4901 ,
1028 4841 1242 4905 quando
1271 4845 1465 4893 veritas
1495 4857 1608 4892 mea
1639 4843 1958 4895 ιιιειηίιεμιτι-

379 4907 542 4980 bitur.
571 4910 650 4980 Ad
686 4914 785 4962 boc
815 4911 958 4962 enim
991 4925 1095 4963 non
1127 4912 1452 4980 dispergitur
1492 4913 1858 4965 misericordia
1889 4913 1954 4966 li-

375 4975 632 5029 berantis.

450 5045 628 5115 Neque
655 5048 942 5117 profanobo
967 5059 1319 5102 tistantentum
1347 5067 1538 5104 memn.
1582 5053 1742 5117 Quasi
1774 5054 1913 5106 dicat
1942 5071 1954 5106 :

378 5115 500 5168 Non
533 5115 822 5187 dispergam
855 5123 1117 5187 (inquam)
1149 5122 1548 5174 m'sericordiam
1579 5115 1738 5174 meum
1769 5125 1834 5176 ob
1865 5141 1920 5176 eo
1941 5164 1953 5183 .

377 5188 552 5242 ethoc
578 5192 736 5243 modo
760 5206 861 5242 non
885 5192 1164 5257 profanabo
1187 5201 1536 5245 testamentum
1563 5210 1750 5256 meum,
1779 5196 1827 5246 id
1855 5204 1955 5257 est,

379 5271 592 5338 ppctttm
627 5276 801 5314 u.eutn
831 5261 1356 5338 cum_ipso.fat_:‘tum.
1402 5263 1802 5338 'l‘estatneutnm
1835 5279 1958 5317 vero

377 5329 558 5382 dicere
590 5347 873 5396 possumus
900 5332 981 5385 Vt‘l
1013 5332 1168 5384 illud:
1198 5330 1559 5385 Couvertimini
1580 5335 1648 5385 ait
1678 5350 1772 5398 ine,
1799 5344 1844 5386 et
1865 5350 1958 5402 ego

377 5411 643 5468 convertar
667 5405 735 5454 ad
757 5419 876 5468 ros,
910 5403 1033 5456 dicit
1078 5404 1325 5455 Dominus
1349 5443 1364 5465 ,
1408 5405 1549 5467 quod
1592 5405 1713 5455 alibi
1746 5408 1957 5456 dtcttur.

378 5465 474 5547 vel
505 5474 644 5536 quod
678 5473 762 5526 hic
789 5465 988 5526 dictum
1024 5484 1108 5528 est
1135 5478 1337 5547 scilicet
1360 5514 1374 5533 .
1416 5465 1471 5527 Si
1499 5478 1835 5547 peccaverint
1867 5476 1956 5526 lilii

377 5545 514 5604 ejus,
543 5557 646 5595 nou
676 5557 770 5596 ρος
804 5559 977 5610 perire.
999 5547 1194 5606 sinam,
1219 5545 1310 5596 sed
1341 5547 1564 5596 visitabo
1585 5561 1678 5598 eos
1703 5546 1752 5596 in
1783 5548 1954 5611 virga:

381 5624 482 5684 non
507 5615 816 5684 pro/unabo,
850 5617 1059 5682 inqumn
1083 5654 1097 5675 ,
1138 5625 1491 5668 testamentum
1515 5655 1528 5676 ,
1579 5627 1624 5668 et
1650 5631 1761 5684 qua!
1785 5631 1960 5684 proce-

379 5681 507 5756 dunt
537 5683 598 5733 de
630 5684 776 5734 labiis
806 5681 932 5736 meis
950 5725 964 5746 ,
1006 5687 1210 5738 scilicet
1241 5687 1380 5754 quod
1413 5700 1580 5738 semen
1604 5681 1714 5756 ejus
1741 5681 1959 5739 manebit

377 5754 716 5822 inmeritum,
750 5769 849 5804 non
880 5756 1065 5822 finiam
1093 5757 1260 5815 irrita,
1291 5757 1342 5807 id
1373 5766 1476 5816 est,
1508 5754 1662 5820 vana,
1689 5757 1781 5809 sed
1807 5757 1956 5808 lirtua

380 5830 432 5872 et
462 5821 705 5880 stabilia;
738 5824 857 5884 quia
881 5821 938 5876 et
968 5827 1011 5877 si
1047 5823 1138 5877 ﬁlii
1168 5826 1286 5892 eius
1315 5825 1749 5891 int-orrigibiliter
1773 5841 1958 5890 pectin-

2080 1897 2172 1944 per
2195 1884 2370 1935 lunam
2402 1883 2742 1936 mortalitatis
2765 1880 3028 1935 defectum
3061 1883 3378 1946 signiﬁcare,
3410 1884 3528 1936 ideo
3550 1886 3643 1936 ad-

2073 1953 2180 2006 d.t:
2219 1953 2504 2020 Perfectum
2537 1956 2587 2005 in
2617 1964 2883 2006 (cternurn.
2912 1953 3068 2016 Qttasi
3099 1951 3236 2003 dicat
3266 1970 3276 2003 :
3313 1952 3365 2004 Si
3396 1968 3494 2019 qua
3527 1958 3643 2006 luna

2074 2032 2234 2078 esset.
2268 2023 2643 2090 qute‘perfeeta
2675 2022 2889 2078 e~setiu
2923 2032 3202 2083 :eternum,
3231 2034 3474 2091 respectu
3509 2025 3644 2078 illius

2075 2091 2175 2146 hoc
2204 2095 2404 2146 dictum
2442 2107 2590 2160 putes
2613 2134 2627 2156 ,
2661 2094 2781 2159 quia
2809 2101 2965 2162 erunt
2995 2092 3129 2144 sicut
3161 2091 3302 2146 lttua.
3345 2096 3477 2146 licce
3520 2110 3643 2162 pro-

2074 2164 2304 2217 mittitur
2332 2166 2484 2217 nobis
2517 2166 2655 2216 utilis
2689 2161 2954 2230 reparatio
2984 2163 3034 2214 itt
3064 2171 3312 2228 utroque,
3360 2161 3562 2218 scilicet
3587 2175 3642 2218 et

2075 2234 2127 2285 iu
2155 2237 2327 2286 anima
2361 2245 2413 2287 et
2451 2239 2499 2287 in
2530 2249 2776 2299 corpore.
2825 2233 2900 2286 De
2953 2232 3049 2285 bac
3095 2242 3273 2284 autem
3303 2235 3639 2294 reparatione

2071 2317 2099 2354 a
2130 2305 2308 2357 multis
2340 2306 2703 2370 dubitabatur,
2736 2319 2839 2356 non
2872 2311 3124 2369 quantum
3172 2305 3237 2353 ad
3284 2305 3538 2367 animam,
3573 2306 3639 2359 de

2070 2374 2224 2443 cujus
2246 2377 2540 2429 teternitate
2564 2373 2863 2442 philosophi
2889 2375 3053 2426 multa
3075 2373 3342 2437 dixerant,
3364 2374 3458 2428 sed
3481 2391 3647 2442 quao-

2073 2452 2182 2496 tttnt
2231 2447 2295 2497 ad
2342 2461 2557 2510 corpus.
2609 2447 2661 2498 ln
2703 2458 2808 2512 quo
2853 2443 3012 2514 etiam
3043 2443 3422 2514 omnesdudmi
3453 2455 3646 2514 prteter

2072 2516 2216 2569 solos
2249 2517 2540 2570 l‘ltariszeos
2587 2517 2858 2568 errabant.
2895 2513 3042 2566 Unde
3071 2528 3192 2566 cum
3246 2513 3476 2578 Paulus,
3519 2517 3637 2582 quia

2070 2587 2510 2640 resurrectionem
2542 2586 2884 2654 pra-dicabat,
2918 2583 2985 2636 ab
3012 2584 3126 2636 aliis
3156 2582 3355 2638 ,Ιιιὼτίε
3387 2588 3639 2639 verbera-

2070 2665 2235 2728 retur,
2265 2659 2509 2710 clamavit
2537 2675 2547 2708 :
2602 2658 2709 2728 ligo
2743 2654 3035 2728 l'ltarisieus
3074 2654 3138 2707 de
3170 2657 3535 2728 resurrectione
3553 2661 3642 2728 ju-

2069 2726 2234 2792 dicor,
2267 2736 2324 2778 ttt
2349 2728 2414 2778 ab
2437 2729 2566 2793 ipsis
2597 2726 2882 2780 Pbarismis
2906 2725 3246 2778 liberaretur.
3275 2725 3336 2778 Et
3366 2728 3486 2791 quia
3513 2725 3643 2780 mul-

2071 2796 2232 2861 tiplex
2264 2797 2524 2851 dubitatio
2561 2798 2627 2850 de
2657 2799 2908 2865 prmdicta
2939 2797 3275 2863 reparatione
3302 2796 3472 2849 futura
3503 2809 3636 2859 erat,

2071 2865 2191 2918 ideo
2222 2868 2485 2934 l’mplteta
2517 2869 2578 2920 ad
2611 2865 3061 2933 comprobandum
3096 2866 3232 2933 quod
3275 2866 3408 2920 dixit
3431 2906 3446 2926 .
3494 2870 3643 2920 veri-

2069 2937 2190 2990 tatis
2241 2939 2600 2992 testimonium
2633 2937 2922 3007 subjungit.
2977 2936 3136 3002 Quasi
3167 2936 3346 2990 dicat:
3396 2937 3510 2991 Dixi
3559 2954 3641 2991 re-

2069 3010 2397 3073 parationem
2430 3009 2658 3062 futuram
2686 3007 2878 3060 anima:
2905 3017 2956 3061 et
2986 3007 3227 3078 corporis
3252 3049 3264 3069 ,
3297 3019 3349 3060 et
3379 3007 3535 3078 hujus
3566 3010 3638 3061 rei

2067 3086 2152 3129 est
2176 3079 2344 3145 ﬁdelis
2373 3081 2423 3132 in
2454 3081 2576 3132 caelo
2609 3079 2772 3140 testis,
2802 3077 2890 3130 ille
2921 3077 3123 3130 scilicet
3150 3080 3238 3144 qui
3272 3079 3337 3131 de
3366 3077 3534 3133 morte
3557 3097 3638 3134 rc-

2074 3149 2305 3200 surrexit
2331 3191 2344 3212 ,
2377 3151 2618 3203 ascendit
2642 3163 2693 3203 et
2725 3152 2878 3202 sedet
2907 3149 2972 3200 ad
3002 3147 3277 3201 dexteram
3323 3149 3634 3216 maiestatis.

2076 3217 2136 3270 Et
2183 3221 2269 3286 qui
2321 3235 2601 3288 resurgens
2649 3220 2926 3273 cicatrices
2975 3219 3132 3271 etiam
3183 3217 3397 3272 retinuit
3443 3220 3494 3272 in
3546 3236 3650 3274 sua-

2071 3301 2252 3350 carne,
2277 3300 2330 3342 ιιι
2359 3287 2550 3343 vulnus
2572 3290 2917 3343 dubitationis
2938 3299 3151 3341 sanaret
3172 3287 3224 3340 in
3249 3300 3429 3341 nnSll'O
3451 3291 3632 3344 corde.

2141 3357 2221 3412 Tu
2253 3377 2367 3413 vero
2397 3361 2646 3430 tepttlisti.
2695 3360 2829 3414 Dicit
2850 3360 3053 3430 beatus
3083 3359 3411 3430 Augustinus
3437 3402 3450 3419 ,
3497 3363 3632 3430 quod

2070 3445 2188 3496 qua-
2218 3432 2282 3483 de
2306 3428 2584 3485 everSione
2617 3428 3026 3496 promissionum
3077 3429 3160 3482 bic
3206 3431 3309 3484 dici
3348 3428 3592 3484 videntur
3615 3473 3629 3490 .

2069 3501 2135 3550 de
2170 3500 2424 3554 liistoriali
2454 3502 2616 3554 David
2648 3500 2953 3567 accipienda
2981 3511 3133 3562 sunt,
3175 3501 3259 3552 cui
3287 3511 3538 3567 quantum
3571 3502 3635 3555 ad

2070 3569 2342 3631 litteram,
2389 3572 2666 3625 videbatur
2708 3570 2778 3623 ab
2819 3571 3017 3638 ignaris
3057 3571 3364 3624 hominibus
3413 3572 3482 3625 ita
3517 3586 3639 3638 pro—

2071 3641 2259 3693 missio
2308 3642 2480 3707 facta,
2532 3653 2584 3694 ut
2630 3643 2682 3694 in
2725 3643 2922 3694 carnali
2950 3641 3156 3694 semine
3185 3643 3302 3709 ejus
3343 3652 3487 3695 esset
3536 3644 3639 3696 itu-

2071 3710 2279 3776 plenda.
2317 3715 2379 3764 lit
2408 3715 2564 3765 talem
2599 3727 2875 3767 accessum
2898 3711 2964 3764 ad
2998 3713 3226 3764 litteram
3261 3711 3312 3764 in
3343 3727 3478 3766 voce
3510 3714 3638 3767 Pro-

2070 3781 2240 3845 pltet:e
2269 3781 2420 3834 facit:
2453 3781 2563 3834 lloc
2587 3798 2728 3835 servo
2749 3792 2835 3835 tuo
2862 3780 3044 3846 David,
3075 3779 3309 3836 Domine.
3340 3785 3635 3847 promisisti.

2069 3851 2110 3921 Ε
2137 3855 2407 3906 contrario
2435 3867 2562 3906 vero
2591 3852 2781 3907 iecisti.
2815 3851 2910 3906 Ubi
2943 3865 3072 3921 ergo
3104 3852 3482 3918 promissiones
3514 3865 3634 3912 ture.

2066 3920 2134 3975 de
2155 3923 2344 3988 quibus
2371 3923 2526 3989 paulo
2548 3933 2671 3977 ante
2691 3920 3076 3991 gaudebamus,
3094 3923 3160 3975 de
3178 3923 3369 3990 quibus
3391 3923 3642 3978 alacriter

2067 3993 2449 4059 plaudebamus
2472 4034 2487 4056 ,
2533 3994 2601 4048 de
2629 3993 2821 4062 quibus
2848 4001 3096 4060 tanquam
3133 3994 3305 4047 securi
3333 4001 3633 4063 aggratola-

2065 4064 2276 4126 batnur,
2309 4065 2458 4130 quasi
2488 4065 2622 4118 alius
2653 4065 2998 4133 promiserit,
3049 4063 3184 4116 alius
3225 4066 3518 4123 everterit?
3561 4066 3636 4118 'l'u

2065 4133 2178 4199 ipse
2208 4147 2332 4187 vere
2357 4135 2684 4200 promisisti,
2729 4136 2890 4188 etiam
2921 4142 3135 4201 propter
3167 4133 3455 4187 humanam
3485 4135 3637 4189 dubi—

2066 4205 2321 4257 tationem
2343 4205 2557 4272 jurasti,
2591 4205 2692 4258 hoc
2720 4219 2847 4257 vero
2877 4204 3046 4258 fecisti
3073 4221 3088 4268 ;
3134 4204 3220 4257 tibi
3247 4219 3377 4273 ergo
3409 4206 3635 4272 promis-

2063 4288 2181 4326 sum
2213 4274 2398 4326 tuum?
2439 4275 2641 4329 Exhibe
2671 4275 2811 4342 quod
2831 4275 3042 4341 jurasti,
3078 4273 3241 4328 redde
3269 4278 3408 4343 quod
3439 4277 3633 4341 promi—

2063 4345 2201 4397 sisti.
2228 4345 2506 4398 Sublatum
2536 4357 2619 4398 est
2651 4346 2700 4398 in
2732 4345 2834 4398 isto
2867 4345 3051 4408 David,
3106 4359 3172 4398 ne
3214 4354 3553 4412 exspectetur
3581 4347 3630 4396 in

2064 4415 2166 4466 isto
2187 4415 2368 4477 David,
2391 4415 2530 4482 qttod
2555 4415 2668 4483 ipse
2694 4429 2787 4483 per
2810 4414 3055 4482 Spiritum
3080 4415 3210 4468 vidit
3232 4417 3446 4482 quando
3468 4416 3624 4468 dixit:

2069 4483 2144 4536 'l'u
2171 4501 2285 4538 vero
2315 4485 2565 4553 repulisti,
2611 4497 2716 4539 etc.
2768 4485 2893 4537 Post
2933 4487 3032 4538 ltoc
3077 4493 3251 4538 autem
3283 4485 3348 4537 ad
3377 4487 3629 4552 explana-

2066 4554 2264 4609 tionem
2299 4557 2576 4609 sententia:
2599 4554 2764 4608 dicit:
2801 4554 2936 4609 Vere
2964 4555 3248 4623 promissio
3279 4553 3415 4608 facta
3441 4565 3545 4618 est,
3577 4564 3632 4608 ut

2059 4635 2202 4678 esset
2230 4637 2396 4680 certa.
2432 4627 2496 4678 Et
2527 4627 2728 4693 positus
2757 4635 2870 4679 erat
2901 4625 3063 4678 David
3087 4626 3172 4678 cui
3199 4627 3633 4691 promitterentttr

2063 4697 2174 4748 hinc
2203 4697 2379 4749 omnia
2411 4699 2460 4748 in
2484 4699 2690 4751 semine
2715 4695 2832 4764 ejus
2857 4736 2872 4758 ,
2914 4696 3054 4764 quod
3084 4704 3167 4749 est
3205 4696 3450 4749 Christus
3475 4735 3490 4755 .
3535 4697 3632 4748 im-

2063 4767 2274 4832 plenda.
2301 4766 2404 4821 Sed
2429 4769 2552 4833 quia
2577 4765 2820 4820 homines
2841 4765 3011 4834 ignaui
3041 4765 3299 4833 putabant
3320 4781 3384 4819 ea
3417 4777 3631 4834 promer

2061 4837 2378 4902 promissum
2415 4839 2464 4890 in
2501 4836 2664 4888 David
2689 4837 2918 4903 impleri,
2952 4836 3069 4888 ideo
3098 4835 3364 4889 destruxit
3402 4851 3465 4889 ea
3495 4836 3630 4889 Deus

2059 4909 2112 4959 in
2149 4907 2330 4972 David,
2371 4923 2487 4976 qua:
2516 4917 2689 4960 tamen
2723 4921 2942 4960 necesse
2968 4916 3082 4959 erat
3119 4907 3363 4976 impleri:
3411 4919 3466 4959 ttt
3510 4921 3626 4959 cum

2060 4979 2370 5030 viderentur
2398 4983 2449 5029 in
2484 4977 2574 5030 illo
2607 4993 2710 5028 non
2740 4978 2974 5045 impleta,
3004 4987 3334 5040 quaereretur
3361 4977 3497 5030 alius
3517 5018 3530 5034 ,
3579 4978 3627 5026 iu

2059 5063 2164 5115 quo
2191 5047 2452 5114 completa
2483 5061 2953 5116 cognoscerentur.
3000 5049 3147 5100 Sicut
3192 5048 3260 5101 de
3285 5047 3497 5100 duobus
3529 5045 3632 5100 illis

2061 5118 2331 5180 fratribus,
2360 5118 2494 5170 Esau
2527 5115 2578 5170 ei
2604 5115 2770 5170 Jacob
2797 5118 3171 5185 ριόιιιιθιςιιυιη
3215 5117 3334 5181 fuit,
3363 5119 3489 5186 quia
3528 5133 3634 5169 nta-

2050 5191 2140 5259 jor
2166 5189 2339 5242 serviet
2385 5189 2608 5250 minori;
2647 5191 2737 5240 sed
2772 5193 2893 5255 qttLa
2942 5191 2990 5240 itt
3040 5188 3144 5240 illis
3185 5190 3284 5241 Itoc
3312 5189 3630 5256 completum

2062 5275 2167 5312 non
2201 5261 2334 5324 l'nit,
2378 5260 2718 5325 cxspectandi
2751 5268 2903 5310 erant
2951 5260 3129 5325 poonli
3181 5259 3326 5320 dtto,
3378 5275 3472 5325 per
3519 5259 3633 5310 illos

2059 5331 2192 5382 duits
2236 5328 2554 5397 signilieati,
2607 5328 2881 5396 inquibus
2911 5330 3300 5393 compleretur,
3355 5329 3496 5395 quod
3532 5342 3632 5380 non

2061 5401 2283 5453 mendax
2317 5399 2456 5453 Deus
2481 5399 2722 5466 polliceri
2752 5398 3087 5466 dignabatur.
3123 5403 3193 5452 Ita
3233 5412 3286 5452 et
3317 5399 3483 5452 David
3517 5414 3632 5464 pro-

2060 5472 2280 5523 missum
2313 5480 2418 5533 est,
2447 5469 2586 5537 quod
2628 5483 2810 5522 semen
2841 5470 2957 5536 ejus
3001 5471 3051 5522 in
3084 5481 3342 5524 arternuut
3375 5475 3630 5522 maneret.

2062 5540 2128 5593 Et
2159 5550 2313 5594 natus
2337 5550 2418 5593 est
2449 5543 2496 5592 ei
2529 5541 2668 5593 [ilius
2698 5549 2856 5591 tautae
2890 5540 3213 5608 prudentia),
3266 5551 3426 5592 tanta:
3454 5551 3632 5607 poten-

2063 5610 2172 5669 tiae.
2207 5612 2257 5662 itt
2288 5626 2393 5677 quo
2425 5611 2686 5678 promissa
2723 5611 2812 5662 Dei
2839 5610 3102 5678 completa
3152 5621 3468 5676 putarentur
3495 5626 3508 5673 ;
3541 5608 3630 5660 sed

2061 5682 2253 5735 cecidit
2279 5681 2530 5735 Salomon
2552 5721 2568 5744 ,
2618 5691 2672 5733 et
2720 5680 2865 5732 dedit
2893 5678 3068 5732 locum
3102 5683 3369 5749 sperando
3396 5681 3625 5733 Christo.

2066 5753 2132 5806 Ut
2159 5753 2279 5820 quia
2312 5751 2452 5804 Deus
2483 5749 2590 5805 falli
2625 5765 2730 5804 non
2760 5758 2960 5817 posset,
2993 5759 3050 5804 et
3079 5753 3130 5804 in
3164 5752 3252 5805 illo
3280 5767 3383 5805 non
3417 5759 3629 5818 poneret

2063 5827 2382 5884 promissum
2413 5836 2586 5886 suum,
2615 5835 2769 5888 quem
2793 5821 2994 5873 sciebat
3017 5837 3285 5884 casurum,
3313 5834 3431 5890 post
3454 5833 3627 5874 casum
