4026 6200
286 296 379 353 961

934 294 996 348 ΙΝ
1037 294 1451 352 PSAIAIURUM
1500 293 1756 350 LIBRUM
1802 291 2239 348 EXEGESIS.—-
2285 293 2527 350 I‘SALNI.
2576 296 2912 352 LXXXVIII.

3451 304 3554 361 961

286 423 648 482 quaereremus
677 408 1155 482 alium,pad__quem
1185 409 1478 482 pertineret
1522 413 1863 482 promissum.
1901 408 1946 466 A
1973 405 2140 482 virgo_
2166 403 2325 459 Maria
2353 445 2378 482 ,_
2415 406 2687 482 deAMaria
2715 406 2959 482 Christus
2980 452 2993 473 ,
3037 426 3123 477 qui
3155 413 3450 471 substantia
3475 433 3560 476 est

288 479 341 540 In
375 484 472 537 hac
504 497 633 536 vero
661 479 925 533 sententia
958 479 1134 533 littera
1162 481 1240 533 sic
1268 480 1582 546 expellitur:
1619 480 1698 533 Tu
1730 479 1869 531 Deus

288 558 374 623 qui
407 552 693 620 promisisri
731 550 890 603 David
919 591 934 614 ,
979 549 1119 623 quod
1161 564 1347 603 semen
1380 549 1496 617 ejus
1529 551 1578 623 in
1610 559 1869 623 aeierimm

291 618 527 682 maneret
552 664 565 682 ,
615 631 667 675 et
715 631 906 674 caetera
938 619 1228 688 prmdicla;
1263 635 1292 673 e
1334 620 1605 673 contrario
1653 618 1826 672 fet-isti
1855 658 1869 680 ,

290 699 411 765 quia
448 692 680 765 repulisti
725 707 845 765 eum
869 691 947 765 _de
977 705 1140 758 regno
1173 693 1739 765 perpersecutioziem
1775 689 1872 742 lilii

292 761 406 835 ejus
432 761 1014 835 Ali<a|onis,Christum
1040 771 1206 835 tuum,
1239 761 1288 812 id
1313 771 1414 835 est,
1441 761 1828 835 illumiinctuiu
1857 777 1870 825 ;

292 830 339 891 ri
381 835 689 905 repellendo
721 834 992 905 desperisti
1017 831 1266 905 ,idest,
1305 830 1719 905 despectabiiein
1753 846 1874 905 eum

295 909 490 961 fecisti.
523 906 586 958 Iit
615 904 735 958 ideo
761 903 880 954 dico
907 901 1139 970 repulisti
1164 912 1208 954 et
1230 901 1525 970 despeiisti,
1545 904 1666 970 quia
1694 913 1745 954 lit
1769 903 1877 954 dis-

293 979 456 1032 tulisti
495 992 616 1029 euin
658 976 725 1028 ab
771 972 1072 1041 integritate
1116 974 1259 1041 regni
1318 987 1411 1040 per
1454 972 1598 1026 illam
1631 987 1876 1040 persecu-

298 1053 517 1102 tionem.
551 1045 753 1099 Dicitur
793 1043 933 1095 enim
976 1043 1114 1111 quod
1160 1055 1282 1096 ante
1322 1051 1549 1096 murtein
1597 1042 1880 1096 Absalonis

299 1135 390 1172 rex
441 1118 685 1169 similiter
736 1114 892 1168 Israel
925 1153 940 1178 ,
989 1122 1042 1167 et
1095 1113 1341 1166 similiter
1397 1113 1450 1166 in
1501 1112 1669 1166 Adam
1725 1112 1881 1166 luerit

295 1201 504 1242 IIIIClllS.

372 1258 630 1312 Arertisti.
665 1255 786 1308 IIa'c
825 1255 1104 1323 sequentia
1135 1254 1386 1305 dicuntur
1413 1253 1480 1307 de
1509 1269 1624 1316 ipso
1669 1253 1833 1307 David
1861 1293 1876 1316 ,

297 1339 552 1396 quantum
585 1328 649 1380 ad
685 1341 882 1396 corpus
911 1326 1046 1392 ejus.
1080 1325 1228 1396 Sicut
1257 1324 1409 1396 enini
1428 1324 1711 1396 multitudo
1755 1339 1880 1396 crr-

297 1394 538 1454 dentiuin
569 1394 1001 1466 corpusChristi
1054 1395 1343 1466 accipitur;
1401 1394 1466 1446 ita
1512 1394 1740 1466 carnalis
1788 1395 1880 1466 ille

304 1471 536 1538 populus
580 1465 727 1535 quasi
760 1482 952 1534 corpus
986 1465 1153 1520 David
1196 1465 1525 1532 intelligitur.
1565 1465 1635 1538 Et,
1668 1473 1750 1538 est
1793 1465 1880 1517 di-

297 1536 462 1596 cere:
498 1537 752 1606 Repulisti
798 1553 919 1592 eum
969 1538 1019 1589 in
1051 1551 1109 1590 se
1133 1574 1147 1598 ,
1199 1547 1250 1588 et
1293 1536 1702 1606 etiamavertisti
1730 1545 1883 1606 testa-

300 1624 545 1672 mentum,
579 1610 628 1663 id
659 1619 760 1674 est,
792 1621 998 1676 pactum
1032 1607 1224 1676 factum
1255 1621 1374 1659 cum
1410 1605 1501 1658 illo
1527 1621 1680 1659 servit
1714 1614 1803 1658 tuo
1831 1605 1881 1658 in

303 1685 439 1736 suis.
469 1681 564 1736 Ubi
593 1681 732 1733 enim
768 1675 956 1747 (quasi
982 1675 1165 1744 dicat)
1199 1691 1420 1746 regnum
1449 1717 1464 1740 ,
1511 1677 1597 1729 tibi
1628 1677 1881 1747 sacerdo-

305 1757 457 1816 tium,
485 1750 574 1804 ulii
607 1746 950 1812 sacrilicium,
984 1749 1070 1801 tibi
1104 1748 1269 1814 legale
1298 1747 1641 1799 institutum?
1692 1746 1881 1813 Utique

308 1825 604 1892 perierunt.
655 1821 715 1873 Et
747 1819 1096 1892 sanctuarium
1122 1821 1270 1892 ejus,
1304 1817 1350 1869 id
1385 1827 1496 1879 est,
1531 1818 1699 1892 locum
1742 1816 1886 1892 illuni

311 1888 400 1948 iibi
449 1902 629 1946 sancta
662 1890 1098 1945 custodiebantur
1124 1929 1139 1952 ,
1172 1889 1222 1941 id
1267 1898 1346 1941 est
1372 1927 1387 1951 ,
1421 1889 1696 1956 templum,
1745 1888 1887 1954 quod

306 1964 480 2016 solum
509 1971 622 2016 erat
662 1963 715 2014 in
758 1971 889 2013 terra
913 2001 926 2023 ,
977 1958 1282 2028 profanasti,
1307 1957 1355 2010 id
1397 1967 1498 2019 est,
1535 1958 1807 2024 profanum
1837 1968 1891 2010 et

311 2036 571 2101 pollutum
598 2033 710 2085 Iieri
739 2031 1042 2098 permisisti.
1071 2029 1379 2081 Destruxisti
1401 2043 1572 2101 omnes
1593 2046 1730 2098 seprs
1754 2031 1885 2098 ejus,

315 2099 365 2158 id
397 2115 498 2167 est,
534 2103 817 2171 prophetas
849 2113 900 2155 et
931 2115 1082 2170 reges
1112 2105 1198 2169 qui
1231 2099 1473 2171 erant__ad
1506 2099 1804 2152 citerimdat
1826 2115 1888 2152 0-

316 2191 440 2229 netu
487 2167 544 2228 et
577 2174 942 2226 delensirnem
984 2167 1055 2223 illi
1102 2167 1312 2223 insitis.
1361 2167 1425 2220 Et
1458 2171 1667 2235 posuisti
1709 2171 1889 2237 ﬁrma-

313 2255 540 2298 mentum
583 2243 929 2311 formidinem,
962 2240 1013 2293 id
1045 2249 1145 2305 est,
1183 2249 1323 2292 tanta
1357 2240 1450 2292 fuit
1480 2240 1749 2311 tribulatio
1779 2240 1892 2311 illo-7

314 2331 433 2369 rttin
465 2309 832 2374 dele-iISt‘ruin,
882 2323 938 2364 ut
976 2312 1146 2379 quivis
1190 2311 1496 2364 lormidaret
1543 2309 1792 2374 ﬁrmare,
1837 2309 1890 2364 id

315 2396 425 2450 est,
455 2383 738 2438 defendere
765 2399 904 2435 enin.
940 2383 1000 2435 Et
1043 2383 1160 2435 ideo
1189 2382 1511 2450 diripuerunt
1555 2396 1672 2432 eum
1697 2381 1746 2432 in
1779 2381 1891 2434 suis

313 2471 495 2510 omnes
523 2464 833 2507 transeuntes
861 2457 1012 2514 riunt,
1042 2452 1141 2504 hoc
1170 2454 1247 2505 vel
1280 2450 1639 2516 tcinporaliter
1671 2466 1892 2520 regnan-

323 2537 437 2590 tes,
487 2525 567 2579 vel
615 2525 888 2577 veritatem
923 2538 1026 2576 non
1070 2532 1490 2591 regnoscentes,
1533 2531 1588 2574 ut
1625 2520 1740 2590 jam
1769 2521 1891 2591 alibi

318 2598 521 2650 dictum
552 2604 651 2648 est.
690 2595 752 2647 Et
783 2595 946 2662 {actus
973 2602 1046 2646 est
1087 2590 1414 2662 opprobrium
1453 2592 1626 2645 vicinis
1670 2591 1800 2656 suis,
1844 2590 1894 2646 id

316 2677 424 2731 est,
454 2665 698 2719 omnibus
727 2664 971 2731 gentibus
1007 2668 1056 2716 in
1083 2663 1304 2717 circuitu
1329 2676 1446 2715 suo.
1490 2665 1552 2715 Et
1584 2663 1704 2715 ideo
1730 2662 1892 2729 factus

311 2749 393 2791 est
426 2736 772 2806 opprobrium,
797 2735 914 2800 quia
947 2743 999 2787 tu
1030 2734 1267 2806 eaaltasti
1288 2734 1566 2799 dexteram,
1665 2744 1766 2798 est,
1797 2748 1892 2806 po-‘

311 2802 536 2861 tentiam
566 2805 954 2872 di-primeiitium
983 2821 1097 2858 eum
1122 2805 1170 2856 in
1206 2812 1431 2866 tantum,
1459 2805 1596 2871 quod
1624 2802 1896 2869 ltetiﬁrasti

307 2895 488 2931 omnes
515 2878 744 2928 inimitos
776 2879 886 2944 ejus
918 2891 1011 2944 per
1052 2876 1326 2928 victoriam
1359 2876 1425 2927 de
1458 2876 1572 2942 ipso
1599 2875 1796 2926 datum.
1831 2875 1896 2928 Et

312 2959 375 3000 ut
402 2952 658 3000 exaltaiet
690 2950 950 2999 dexteram
979 2944 1391 3014 deprimentium,
1431 2945 1654 2998 avertisti
1691 2947 1898 3013 adjuto-

305 3020 448 3072 rium
477 3017 636 3087 gladii
667 3019 797 3086 ejus,
833 3016 882 3087 id
914 3013 1051 3087 est,
1076 3017 1301 3087 ieipsuin
1333 3013 1381 3067 ei
1413 3017 1749 3087 subtraxisti,
1794 3030 1898 3087 quo

307 3084 601 3156 adjuvanle
647 3084 788 3154 prius
818 3086 923 3138 duo
955 3084 1207 3152 loga'nant
1245 3085 1431 3156 decem
1478 3084 1662 3156 millia.
1715 3085 1778 3137 Et
1807 3086 1893 3153 qui

307 3153 465 3228 prius
511 3156 870 3223 egrediebaris
901 3170 1019 3228 cuin
1051 3169 1118 3208 eo
1147 3157 1214 3228 ad
1240 3153 1460 3223 bellum,
1485 3155 1607 3223 quia
1645 3166 1747 3208 tam
1781 3170 1895 3208 ina-

312 3225 532 3281 iril‘estis
561 3228 724 3293 signis
752 3239 870 3278 cuin
905 3225 1021 3292 ipso
1047 3227 1271 3293 agebas,
1305 3235 1364 3279 ut
1405 3241 1640 3290 praesens
1669 3241 1787 3278 esse
1815 3227 1898 3277 iii-

307 3295 665 3366 telligereris,
690 3298 848 3349 modo
869 3312 970 3348 non
992 3312 1042 3347 es
1070 3297 1346 3348 auxiliatus
1365 3297 1410 3348 ei
1435 3295 1486 3348 in
1512 3297 1660 3348 bello.
1687 3295 1904 3348 Destru-

305 3365 456 3424 xisti'
483 3383 597 3419 eum
629 3367 693 3418 ab
724 3368 1083 3419 t-mimdatione
1121 3375 1174 3418 et
1218 3367 1470 3419 exteriori
1501 3408 1516 3429 ,
1563 3367 1683 3433 quia
1729 3365 1900 3418 fecisti

308 3455 444 3494 eum
476 3438 720 3490 omnibus
752 3436 1080 3488 iiiimnndnin
1115 3435 1324 3498 videri,
1367 3444 1421 3489 et
1462 3437 1527 3489 de
1558 3437 1902 3490 inundatione

313 3507 590 3570 interiori,
615 3509 679 3561 de
703 3522 802 3574 qua
829 3508 1027 3559 dictum
1049 3501 1586 3570 est,tFideiuundaus
1607 3509 1825 3569 σοι-ΔΜ»
1853 3516 1902 3558 et

307 3580 494 3633 sedem
518 3581 649 3648 ejus,
687 3579 734 3629 id
760 3589 860 3641 est,
886 3577 1154 3648 civitatein
1183 3577 1348 3641 illam,
1380 3578 1430 3630 in
1459 3576 1732 3648 quaptius
1753 3576 1903 3642 quie-

310 3647 612 3714 scebat,’et
643 3648 862 3700 multum
893 3647 1262 3700 delectabatur
1283 3689 1296 3715 ,
1340 3647 1594 3711 cottisisti,
1636 3647 1704 3698 ita
1736 3658 1793 3698 ut
1821 3662 1902 3698 re-

309 3722 593 3790 digeretur
623 3719 676 3770 in
718 3727 921 3782 terram,
957 3716 1008 3770 id
1041 3726 1142 3790 est,
1177 3720 1385 3786 penitus
1413 3719 1801 3790 destrueretur.
1838 3717 1902 3790 I‘Lt

309 3787 515 3845 ιιιὲιὶιο
545 3791 716 3841 victus
743 3800 824 3841 εει
851 3798 1010 3857 atque
1041 3789 1365 3854 destructus,
1397 3787 1589 3841 merito
1621 3798 1816 3840 terrain
1841 3788 1902 3840 il-

309 3861 428 3917 lam
462 3858 709 3928 perdidit,
739 3873 832 3925 pro
861 3874 963 3926 qua
1001 3858 1277 3910 [hminum
1305 3874 1456 3911 suum
1483 3859 1696 3910 occidit.

391 3928 666 3982 Minorasti
689 3929 798 3981 dies
823 3929 1079 3996 temporis.
1110 3929 1241 3994 Quia
1263 3945 1382 3980 cum
1407 3929 1504 3995 ipsi
1534 3928 1904 3994 promitterent

307 3999 426 4054 sibi
455 4000 687 4053 divinum
734 4007 788 4051 et
831 4011 1090 4051 ειτιιξιιιιιιιι
1133 4009 1329 4051 statum
1361 4001 1412 4052 in
1460 3997 1718 4066 legalibus
1751 3998 1904 4050 insti-

312 4071 471 4133 tutis,
504 4079 557 4122 tu
587 4069 692 4122 cito
732 4071 809 4121 eis
841 4069 997 4122 linem
1029 4070 1328 4135 imposuisti
1356 4090 1368 4122 :
1401 4077 1455 4121 et
1485 4069 1758 4137 perfodisti
1791 4083 1904 4119 rum

309 4140 651 4210 confusone,
697 4138 746 4191 id
778 4148 860 4193 cst
882 4180 897 4205 ,
937 4140 1130 4192 dedisti
1163 4141 1210 4192 ei
1238 4142 1595 4192 omnimodain
1627 4137 1900 4210 conlusio-

313 4209 447 4264 iiein
475 4249 492 4272 ,
538 4213 679 4263 intus
709 4210 914 4264 scilicet
951 4211 1144 4264 mentis
1173 4214 1464 4265 ca‘citatein
1489 4247 1506 4275 ,
1556 4211 1682 4263 loris
1725 4209 1903 4263 carnis

311 4295 351 4335 lt
371 4283 738 4334 ibulationem.

395 4350 670 4419 Usquequo
705 4349 941 4405 Domine.
973 4352 1094 4406 Haec
1122 4351 1297 4404 omnia
1328 4349 1577 4419 prmdicta
1606 4361 1904 4406 evenerunt

311 4423 371 4474 in
407 4421 596 4484 David,
633 4427 681 4474 in
722 4438 827 4490 quo
869 4425 1014 4476 stulti
1063 4424 1304 4475 homines
1344 4433 1399 4475 et
1441 4423 1606 4490 ignari
1651 4427 1905 4491 putabant

1977 475 2236 549 omnibus
2254 476 2614 532 credentibus.
2648 477 2812 545 IIujus
2854 496 2982 549 ergo
3013 475 3324 536 substantia!
3354 503 3555 542 inemo-

1980 560 2122 622 rare,
2151 546 2273 613 quia
2431 564 2638 622 memor
2661 550 2788 613 eris,
2824 546 2946 622 tunc
2982 567 3115 607 vane
3145 556 3470 622 constituisti,
3505 572 3556 615 nt

1977 615 2289 690 videbatur,
2324 618 2458 690 ﬁlios
2501 619 2785 690 nominum.
2835 620 3082 690 Nunquid
3114 633 3286 677 autem
3333 637 3385 680 tu
3432 615 3560 685 vane

1978 687 2280 761 constituisti
2311 689 2449 742 eos?
2485 689 2674 755 Utique
2704 705 2829 753 non,
2872 687 3091 760 sed'ipsi
3123 709 3216 761 per
3241 710 3298 748 se
3332 699 3380 750 in
3413 703 3562 755 Vani-

1979 765 2142 811 tatem
2195 757 2480 822 abierunt,
2527 777 2555 812 ει
2607 776 2709 827 qua
2761 776 2983 816 necesse
3018 757 3103 817 est
3123 757 3189 815 ἰιι
3222 782 3558 826 revocentur.

1982 828 2150 892 Quem
2182 844 2309 894 ergo
2335 831 2702 884 mundatorem
2729 871 2743 892 ,
2787 847 2943 898 quem
2989 845 3347 890 rever-atorem
3395 843 3561 896 babe-

1980 897 2131 964 bunt,
2163 900 2270 975 nisi
2291 912 2342 975 iii
2373 903 2729 975 reservaveris
2757 897 2834 975 eis
2869 904 3097 975 aliqum:
3119 947 3131 965 ,
3169 921 3260 968 per
3290 923 3448 975 quem
3480 929 3562 967 re.

1979 969 2422 1048 voceittur?_Quis
2449 981 2726 1048 autemest
2761 972 2847 1024 ille
2865 972 3088 1048 't‘Homo
3115 976 3218 1037 ille,
3249 969 3448 1033 St-ilirei
3475 985 3565 1048 ηυξ

1984 1051 2223 1091 mortuus
2247 1042 2392 1106 vivet,
2416 1053 2467 1094 et
2489 1043 2715 1108 amplius
2739 1059 2838 1095 non
2866 1045 3045 1096 videbit
3069 1058 3298 1098 mortem.
3332 1042 3563 1106 Carisius

1981 1111 2113 1162 enim
2145 1127 2411 1181 resurgens
2437 1129 2468 1163 α
2498 1111 2728 1173 mortuis,
2751 1116 2863 1182 jam
2892 1131 2990 1166 non
3021 1120 3254 1170 moritur.
3309 1119 3448 1175 Mors
3490 1125 3567 1177 illi

1987 1181 2258 1253 ultranon
2299 1182 2664 1234 dominabitur.
2712 1181 2774 1236 Et
2815 1201 2935 1253 quia
2967 1187 3124 1239 etiam
3165 1189 3352 1253 cuique
3379 1208 3565 1248 sancto

1985 1252 2100 1301 viro
2130 1251 2228 1321 hoc
2256 1256 2543 1305 convenire
2575 1267 2776 1319 posset,
2810 1251 2928 1321 quia
2964 1267 3204 1310 mortuus
3228 1251 3367 1313 vivet
3395 1267 3444 1316 in
3477 1282 3563 1317 ra-

1985 1320 2340 1387 surrectione,
2374 1335 2427 1374 et
2449 1324 2641 1377 deinde
2673 1340 2774 1376 non
2809 1320 3011 1379 videbit
3035 1340 3289 1381 mortem:
3327 1332 3446 1386 ideo
3473 1338 3564 1387 atl-

1985 1391 2080 1465 dit,
2127 1399 2182 1444 et
2226 1393 2346 1465 quia
2391 1394 2507 1465 ipse
2551 1403 2690 1446 eruet
2721 1397 2927 1465 propria
2961 1401 3191 1463 potentia
3221 1415 3313 1451 sua
3344 1408 3568 1459 animant

1985 1461 2048 1513 de
2072 1477 2221 1514 manu
2249 1463 2420 1532 inferi,
2453 1464 2504 1515 id
2535 1475 2635 1529 est,
2669 1461 2736 1518 de
2765 1461 3025 1529 potestate
3052 1471 3270 1522 mortis:
3301 1473 3401 1524 hoc
3420 1479 3563 1532 enim

1989 1532 2114 1584 iitilli
2148 1532 2234 1586 alii
2265 1534 2539 1598 convenit,
2574 1536 2671 1589 nisi
2705 1538 2802 1588 soli
2831 1535 3055 1590 Domino
3083 1539 3206 1592 Je~u
3241 1540 3472 1598 Christo.
3504 1549 3567 1599 Et

1991 1603 2102 1655 liiec
2131 1614 2212 1656 est
2247 1604 2376 1655 lides
2403 1614 2583 1658 nostra
2611 1607 2893 1660 catholica.
2926 1608 3056 1671 Quia
3088 1621 3263 1663 autem
3300 1611 3419 1665 huic
3445 1619 3566 1672 lldei

1991 1673 2078 1724 diu
2112 1683 2464 1749 repugnatum
2495 1686 2599 1739 est,
2626 1686 2681 1749 _et
2712 1679 3099 1749 contradictuin
3138 1684 3336 1734 sanetis
3371 1689 3570 1749 praedi-

1923 1768 1964 1825 Β
1993 1742 2262 1825 caloribus
2309 1747 2488 1797 multis
2533 1747 2796 1825 molestiis
2836 1757 2891 1825 et
2939 1742 3404 1816 tribulationibus,
3444 1759 3572 1812 Pro—

1996 1812 2154 1879 pheta
2183 1829 2342 1864 orans
2377 1828 2472 1887 pro
2488 1816 2962 1887 contradicentiam
2986 1812 3485 1887 concorporalium.
3521 1842 3573 1881 et

1997 1898 2091 1956 pro
2125 1884 2506 1956 persecutionis
2533 1887 2836 1941 cessatione
2861 1886 3017 1942 dicit;
3051 1884 3296 1956 Domine,
3333 1897 3416 1948 ubi
3453 1884 3573 1951 sunt

1994 1954 2353 2029 misericordia:
2376 1967 2473 2029 tua:
2493 1957 2741 2025 antique,
2756 1960 2819 2029 id
2839 1969 2939 2020 est,
2966 1960 3033 2012 ab
3054 1954 3573 2029 antiquopromissm

1992 2024 2120 2075 sicut
2133 2025 2345 2091 jurasti,
2378 2025 2427 2078 id
2458 2035 2558 2084 est.
2589 2024 2719 2090 quas
2744 2028 2933 2094 jurasti
2963 2029 3126 2084 David
3146 2024 3198 2084 in
3221 2024 3425 2089 reri/ate
3448 2041 3575 2092 tua?

1993 2094 2153 2174 Quasi
2183 2095 2353 2150 dicat:
2380 2095 2495 2176 lam
2523 2094 2795 2176 Christum
2838 2102 3206 2176 inundatoreiu
3234 2111 3572 2176 agnovimus,

1989 2165 2099 2245 jam
2128 2175 2370 2245 tenemus
2401 2169 2453 2218 in
2481 2181 2590 2233 quo
2617 2169 2858 2245 comples
2891 2175 3176 2238 promissa;
3207 2165 3326 2242 quia
3358 2183 3467 2245 ipse
3493 2165 3577 2234 esi

1995 2234 2086 2311 ille
2107 2237 2196 2302 qui
2221 2234 2380 2299 vivet,
2407 2247 2459 2311 et
2483 2251 2588 2289 non
2617 2235 2810 2311 videbit
2838 2234 3087 2306 mortem,
3113 2234 3172 2295 et.
3191 2234 3276 2311 qui
3305 2234 3414 2309 ipse
3433 2261 3574 2302 eruet

1993 2305 2214 2378 animam
2241 2322 2384 2358 suam
2413 2309 2475 2358 de
2504 2323 2657 2360 manu
2685 2309 2868 2378 inferi:
2909 2319 2964 2362 et
3001 2320 3174 2366 tamen
3205 2305 3378 2371 adhuc
3405 2324 3578 2374 tribu-

1997 2374 2189 2454 lainur,
2220 2387 2274 2427 et
2299 2380 2696 2454 persecutiones
2723 2374 2971 2447 patimur,
2997 2385 3114 2446 quia
3141 2400 3347 2454 propter
3368 2399 3413 2442 te
3438 2408 3578 2445 mor-

1995 2446 2248 2512 tiﬁcamur
2272 2456 2374 2498 tota
2396 2447 2492 2499 die.

2068 2514 2267 2568 Memor
2288 2529 2413 2579 esto,
2450 2517 2680 2572 Domine.
2715 2521 2874 2586 Quasi
2906 2521 3078 2575 dicat:
3113 2524 3226 2576 Jain
3257 2525 3467 2581 Christo
3491 2547 3581 2586 ve-

1996 2587 2197 2660 niente,
2245 2589 2394 2660 etin
2441 2591 2588 2642 coctis
2621 2595 2968 2655 eoitsedente,
3015 2597 3358 2660 opprobrium
3402 2609 3578 2658 tamen

1997 2657 2171 2710 adhuc
2218 2661 2268 2709 in
2316 2658 2433 2740 ipso
2475 2662 2742 2728 patimur:
2787 2663 2908 2740 quia
2954 2657 3202 2740 olijicitur
3250 2669 3400 2721 nobis
3439 2657 3578 2740 quod

1999 2740 2268 2780 mortuum
2313 2730 2638 2792 adoramus,
2682 2734 2820 2798 quod
2866 2734 2914 2784 in
2961 2739 3271 2791 crucilixum
3315 2730 3574 2796 latronem

1998 2798 2290 2862 credimus,
2323 2811 2378 2853 et
2403 2801 2594 2852 similia
2624 2817 2638 2865 ;
2671 2813 2723 2854 et
2756 2803 2875 2856 ideo
2898 2842 2913 2867 ,
2959 2802 3175 2858 Domine
3199 2845 3213 2868 ,
3256 2825 3444 2862 memor
3474 2823 3579 2866 esto

1999 2870 2256 2935 Oppi-obrii
2282 2886 2540 2922 servorum
2567 2881 2807 2936 tuorum,
2855 2876 3122 2940 opprobrii
3161 2880 3358 2931 scilicet
3390 2884 3580 2936 multa-

1998 2955 2112 2990 rum
2138 2940 2386 3008 gentium.
2421 2941 2669 3017 Gentium
2699 2945 2912 3017 quidem
2936 2954 3000 3017 Aut
3031 2945 3365 3002 infercntmin
3395 2991 3410 3017 ,
3458 2970 3576 3007 ser-

2007 3024 2196 3091 vorum
2220 3025 2381 3092 vero.
2408 3025 2460 3065 ut
2504 3013 2868 3093 tolerantiam.
2919 3013 3064 3093 Quod
3103 3013 3445 3093 opprobrium
3480 3040 3579 3093 ego

2001 3082 2308 3156 continuiin
2337 3083 2454 3156 sinu
2480 3099 2613 3156 _meo,
2654 3093 2708 3136 et
2747 3084 2858 3152 jam
2889 3082 3158 3139 occultam
3181 3082 3410 3156 ‘prazvidi
3441 3082 3583 3147 lutit-

2008 3151 2318 3230 rum.in_bis
2349 3153 2437 3220 qui
2459 3153 2527 3207 de
2556 3157 2674 3206 sinu
2705 3151 3098 3230 iiie_0nascitiiri
3142 3151 3284 3212 sunt.
3326 3160 3414 3215 Vel
3445 3165 3579 3230 quod

2006 3221 2234 3272 continui
2263 3225 2382 3288 (pro
2427 3227 2801 3290 conteriturus)
2841 3225 2888 3276 id
2922 3235 3002 3277 est
3027 3267 3040 3287 ,
3085 3241 3336 3287 passurus
3379 3221 3493 3285 sum
3528 3238 3580 3287 in

2008 3290 2113 3342 illis
2142 3292 2228 3355 qui
2261 3307 2366 3342 non
2406 3291 2627 3345 exibunt
2655 3293 2722 3346 de
2750 3295 2866 3346 sinu
2891 3311 3020 3355 meo,
3066 3308 3120 3348 ut
3157 3298 3264 3350 sint
3307 3300 3579 3357 immunda

2004 3373 2192 3412 manus
2221 3362 2410 3414 educta
2442 3366 2508 3416 de
2539 3365 2695 3416 sino:
2745 3367 2838 3417 sed
2885 3377 3040 3418 erunt
3071 3369 3264 3421 inonda
3312 3387 3498 3426 nimius
3529 3377 3581 3429 in

2004 3429 2178 3509 sinum
2214 3434 2450 3509 reducta,
2480 3433 2528 3509 id
2558 3444 2674 3509 est,
2699 3435 2960 3509 tiieadein
3005 3437 3106 3509 tide
3137 3454 3344 3493 mecum
3376 3459 3584 3509 perina-

2006 3502 2220 3577 nebunt.
2261 3501 2518 3578 “etquod
2541 3505 2765 3578 continui
2795 3505 3230 3578 (propcontinebo)
3266 3527 3314 3562 Ill
3351 3501 3583 3578 posteris

2005 3572 2138 3623 meis
2169 3586 2260 3636 per
2303 3571 2458 3624 ﬁdem
2488 3574 2540 3625 in
2570 3577 2684 3653 sinu
2731 3591 2861 3639 meo,
2895 3577 2944 3653 id
2989 3587 3094 3653 est,
3136 3571 3273 3653 apud
3307 3571 3410 3645 uie,
3460 3587 3582 3653 quia

2005 3655 2300 3714 noni-usus
2326 3658 2420 3695 ero
2449 3648 2706 3714 repellere
2745 3645 3092 3714 Opprobrium
3136 3650 3263 3702 illud
3305 3645 3574 3708 contradi-

2002 3709 2194 3788 cendo,
2212 3709 2574 3788 _sed_taci-ndo
2605 3709 2943 3785 ipsum—apud
2974 3734 3058 3770 nte
3078 3721 3378 3775 occultabo.
3404 3726 3584 3788 Quatt-

2003 3781 2094 3833 diu
2138 3784 2279 3835 cnim
2328 3782 2564 3837 Ecclesia
2619 3781 2668 3837 in
2722 3781 3092 3852 persecutione
3139 3799 3193 3842 et
3245 3781 3585 3850 tribulatione

2007 3854 2240 3919 mansit,
2280 3863 2334 3905 et
2378 3855 2579 3907 crimen
2623 3856 2722 3908 luit
2752 3871 2872 3910 esse
2905 3857 3260 3913 Christianum
3288 3903 3302 3925 ,
3354 3867 3489 3917 sicut
3531 3881 3584 3918 et

2006 3936 2146 3973 nunc
2175 3933 2252 3975 est
2281 3937 2400 3976 eSSe
2428 3939 2685 3991 paganum
2713 3944 2728 3980 :
2765 3927 2945 3980 taiidiu
2988 3929 3234 3983 ﬁdelibus
3266 3931 3430 3986 libere
3460 3938 3582 3988 inali

2007 3992 2327 4067 insultabant
2354 4003 2408 4046 et.
2436 3998 2871 4067 exprobrabant,
2912 3998 3035 4066 quia
3081 4004 3217 4067 quod
3246 4007 3589 4059 contradice-

2007 4070 2125 4145 rent
2155 4078 2257 4145 non
2293 4066 2654 4145 inveniebam.
2683 4065 2894 4122 Gratias
2925 4065 3108 4145 autem
3133 4073 3266 4145 _Deo,
3303 4075 3444 4142 quod
3467 4077 3578 4145 jam

2007 4136 2180 4212 troilus
2213 4133 2465 4212 Eccesiaa
2492 4138 2728 4204 insultat,
2773 4147 2864 4192 aut
2907 4141 2951 4212 si
2983 4140 3177 4208 aliquis
3207 4133 3445 4212 insultat,
3467 4133 3588 4201 'non

2008 4203 2218 4281 publice
2246 4206 2458 4257 insultat
2488 4215 2588 4281 ;_et
2617 4203 2752 4281 inala
2783 4226 2902 4281 quin
2932 4203 3164 4278 loquitur
3185 4253 3200 4276 ,
3231 4220 3395 4281 magis
3432 4203 3586 4271 iiiiiet

2005 4275 2202 4351 audiri,
2232 4290 2388 4351 quam
2418 4279 2546 4329 velit
2573 4280 2749 4351 credi.
2769 4279 2967 4333 Memor
2997 4275 3102 4333 esto
3129 4275 3409 4351 dupliciter
3446 4289 3589 4340 acci-

2010 4349 2168 4413 pitur,
2197 4349 2401 4422 scilicet
2420 4357 2484 4422 _ut
2513 4350 2589 4400 vel
2615 4349 2686 4400 ita
2711 4350 2779 4401 sit
2805 4367 3027 4413 memor,
3055 4362 3111 4404 ut
3136 4349 3230 4418 ipsi
3254 4359 3587 4422 exprobran-

2013 4427 2094 4471 tis
2116 4417 2357 4494 conversi
2382 4419 2519 4470 idem
2543 4421 2884 4494 opprobrium
2900 4417 3178 4494 patiantur
3195 4425 3260 4477 ab
3280 4417 3418 4491 aliis,
3443 4429 3587 4494 quod

312 4493 490 4546 Deum
522 4508 675 4544 suum
706 4488 965 4559 pra'cepta
993 4494 1403 4559 completurum,
1439 4488 1492 4543 ιιί
1521 4488 1774 4558 promisSa
1806 4493 1898 4548 Dei
1936 4488 1985 4548 Ι)
2015 4490 2173 4563 modo
2203 4488 2436 4540 inferum
2464 4494 2632 4542 servis
2663 4491 2773 4563 Dei.
2817 4489 2909 4563 _Vel
2942 4492 3008 4563 ita
3041 4492 3108 4542 sit
3134 4510 3248 4544 meo
3274 4510 3358 4562 or,
3383 4488 3438 4547 ut
3461 4488 3588 4563 'pr..-

311 4563 526 4616 lirmius
555 4562 603 4613 in
635 4563 848 4615 Christo
891 4575 944 4616 et
973 4565 1024 4616 in
1065 4578 1228 4630 regno
1270 4564 1386 4630 ejus
1413 4564 1782 4629 compleantur
1802 4605 1817 4627 ,
1847 4574 1902 4618 et

308 4635 444 4686 ideo
475 4634 682 4686 subdit:
715 4631 1004 4702 Usquequo,
1036 4631 1268 4698 Domine,
1297 4635 1498 4685 avertis.
1525 4637 1682 4697 Quasi
1728 4637 1898 4687 dicat:

308 4705 372 4759 Si
401 4705 480 4756 sic
501 4704 762 4769 agendum
796 4717 908 4756 erat
940 4719 1056 4756 cum
1091 4705 1270 4770 paleis.
1307 4721 1409 4754 non
1433 4702 1509 4755 sic
1534 4705 1700 4771 agend
1745 4721 1794 4756 in
1819 4716 1901 4758 est

305 4790 438 4827 cuin
457 4774 654 4841 granis.
679 4773 877 4842 Usqueq
898 4791 944 4825 .0
968 4789 1113 4841 ergo,
1141 4774 1566 4835 Dontiue,arertis
1592 4783 1643 4826 te
1661 4793 1687 4825 a
1711 4781 1904 4842 populo

309 4845 418 4898 illo
465 4846 820 4912 pertiiittendo
867 4847 1008 4897 illum
1075 4861 1191 4897 esse
1241 4849 1534 4897 aversum?
1592 4845 1750 4898 Forte
1796 4863 1901 4900 non

310 4920 372 4966 in
407 4920 580 4977 Intern,
614 4931 682 4983 qu
707 4929 735 4966 a
763 4925 817 4968 et
838 4917 888 4967 .si
913 4916 1112 4966 ca’citas
1141 4930 1204 4967 ea:
1234 4926 1372 4982 parte
1397 4916 1602 4984 contigit
1631 4917 1682 4966 in
1717 4917 1900 4979 Israel,

305 4993 369 5038 ut
396 4985 660 5052 plenitudo
681 4986 906 5054 gentium
927 4989 1156 5046 intraret,
1177 4988 1296 5037 inde
1319 4987 1541 5052 reliquie?
1555 4986 1900 5041 salvabuntur.

309 5060 540 5108 Interim
571 5067 744 5109 autem
793 5057 876 5122 (ac
905 5056 948 5109 si
993 5058 1157 5123 dicat)
1205 5058 1497 5109 mortles-cat
1533 5057 1611 5108 ira
1653 5067 1739 5108 tua
1776 5062 1906 5111 sicut

310 5127 482 5195 ignis,
519 5128 566 5180 id
600 5136 702 5193 est,
735 5127 804 5179 ita
831 5137 886 5179 ut
914 5131 1170 5194 quosdam
1201 5137 1408 5194 purget,
1439 5128 1555 5180 illos
1585 5128 1786 5181 scilicet
1815 5130 1902 5198 qui

309 5206 708 5250 convertuntur
734 5215 745 5249 :
797 5201 1054 5266 quosdam
1089 5199 1350 5252 inciiieret
1377 5237 1391 5262 ,
1422 5202 1510 5266 qui
1540 5214 1644 5251 non
1674 5213 1903 5253 conver-

311 5278 524 5329 tentur,
555 5271 689 5320 sicut
712 5269 1004 5322 materialts
1027 5269 1164 5335 ignis
1186 5271 1427 5337 quwdam
1455 5273 1732 5335 tncinerat,
1758 5287 1904 5339 qua:-

308 5341 443 5390 dain
477 5350 682 5406 purgat.

401 5407 687 5461 Memorare
715 5425 827 5477 qua:
856 5428 883 5460 ll
907 5427 965 5461 ea
989 5411 1288 5463 substantia.
1323 5409 1481 5474 Quasi
1522 5412 1658 5462 dicat
1686 5430 1696 5464 :
1744 5411 1860 5465 Noli
1887 5455 1900 5475 ,

311 5479 571 5538 Domine.
609 5496 825 5544 prorsus
854 5483 1018 5534 averti
1049 5496 1077 5532 a
1113 5495 1304 5548 populo
1333 5492 1444 5541 Illo,
1489 5486 1580 5533 sed
1624 5498 1904 5535 memorare

303 5565 438 5622 qua
465 5549 534 5602 sit
562 5567 671 5604 mea
700 5553 1005 5618 subiturum,
1039 5553 1088 5603 id
1121 5565 1219 5613 est,
1253 5569 1370 5621 qurs
1396 5554 1465 5604 sit
1502 5553 1593 5605 ille
1625 5570 1716 5617 per
1745 5572 1901 5621 qurttt

302 5637 423 5689 ego
465 5629 519 5673 et
563 5623 649 5674 alii
683 5623 775 5688 qui
805 5639 853 5674 in
889 5634 937 5675 te
967 5624 1194 5676 credunt
1217 5661 1234 5687 ,
1266 5627 1560 5676 sanistunt
1586 5664 1599 5684 ,
1635 5635 1687 5676 ut
1721 5640 1906 5692 pareas

305 5695 401 5747 illi
433 5694 643 5760 pepulo.
676 5694 791 5744 l‘ton
821 5693 964 5746 enim
1004 5709 1069 5747 cii
1104 5703 1215 5748 toto
1248 5695 1392 5746 radix
1429 5696 1647 5756 interiit,
1682 5696 1776 5748 sed
1809 5710 1904 5748 ve-

307 5763 435 5818 eiet
458 5777 642 5817 semen
667 5763 752 5817 cui
781 5765 1106 5833 promissum
1147 5775 1269 5820 est:
1315 5766 1436 5834 quia
1467 5767 1532 5819 de
1577 5766 1772 5836 populo
1817 5769 1906 5821 illo

2011 4571 2124 4625 pter
2144 4559 2241 4610 hoc
2262 4564 2555 4624 temporale
2576 4561 2922 4626 opprobrium
2946 4562 3135 4614 dentur
3166 4567 3215 4615 in
3240 4559 3586 4633 opprobrium

2007 4641 2204 4680 {Bltl'll'd
2214 4643 2328 4680 I'UIII
2363 4644 2657 4695 pinnarum.

2083 4700 2230 4763 Quod
2259 4710 2704 4770 exprobraret-unt.
2750 4699 2990 4753 Ostendit
3031 4717 3135 4770 quo
3169 4704 3326 4760 modo
3355 4707 3592 4764 dixerint

2008 4769 2138 4821 illud
2166 4769 2498 4836 opprobrium
2525 4785 2644 4823 esse
2669 4772 2946 4822 multorum
2969 4769 3213 4841 gentium,
3244 4777 3467 4841 scilicet,
3494 4796 3582 4834 eii-

2009 4842 2392 4904 probrantium,
2422 4856 2524 4892 non
2548 4844 3009 4907 exprobraturum.
3043 4845 3176 4909 Quia
3202 4848 3393 4900 inimici
3421 4853 3490 4901 titi
3518 4854 3587 4904 de

2007 4911 2273 4987 gentibus,
2309 4911 2545 4987 Domine,
2599 4916 2698 4964 huc
2747 4914 3088 4980 upprebrioin
3119 4919 3588 4987 exprobrauerunt,

2009 4984 2108 5047 ipsi
2136 4982 2254 5032 dico
2287 4984 2677 5056 exprobinantes
2711 4982 3192 5038 eoinnnnationeni
3231 4993 3401 5044 servis
3443 4982 3587 5056 tuis,

2008 5052 2447 5128 commutationem
2489 5050 2678 5104 Christi
2709 5056 2801 5128 tui.
2849 5056 3021 5120 Quod,
3065 5059 3112 5110 id
3141 5070 3240 5122 est,
3284 5076 3442 5128 quain
3477 5050 3588 5112 rein

2010 5137 2240 5175 inaxnne
2267 5126 2710 5188 exprobrauerunt.
2744 5126 2968 5179 Mortem
2999 5129 3197 5181 Christi
3231 5126 3454 5184 honesto
3485 5127 3584 5182 no-

2010 5210 2155 5246 inme
2181 5205 2335 5246 vocat
2359 5207 2861 5268 commutationem:
2893 5209 2946 5249 et
2976 5201 3186 5265 merito,
3213 5205 3333 5268 quia
3360 5201 3429 5254 ibi
3467 5215 3590 5254 vere

2012 5268 2107 5317 luit
2137 5265 2502 5326 commutatio,
2529 5268 2579 5316 id
2611 5273 2710 5327 cst,
2744 5267 2794 5318 iu
2832 5271 3024 5321 melius
3048 5265 3268 5323 initiatio
3295 5273 3363 5324 de
3394 5285 3590 5325 moria-

2011 5338 2157 5388 litate
2185 5336 2249 5385 ad
2282 5335 2658 5406 a-ternitatem,
2687 5345 2739 5388 et
2778 5337 2845 5390 de
2875 5340 3216 5406 corruptione
3245 5345 3310 5393 ad
3343 5345 3590 5396 incurru-

2013 5407 2266 5472 ptionein,
2296 5407 2361 5456 de
2389 5405 2676 5472 ignotiiima
2725 5410 2787 5458 :id
2816 5405 3064 5476 gloriam,
3116 5414 3183 5463 de
3214 5423 3384 5466 morte
3413 5413 3477 5466 ad
3507 5418 3588 5468 vi-

2013 5488 2140 5529 tam.
2173 5477 2274 5528 I’ro
2296 5491 2394 5542 qua
2423 5480 2864 5538 commutatione,
2891 5481 3127 5544 inquam,
3152 5495 3274 5546 Spes
3305 5494 3443 5538 tanta
3468 5488 3588 5536 data

2011 5557 2096 5600 est
2122 5546 2293 5607 nobis,
2325 5548 2615 5597 benedictus
2644 5549 2705 5597 sit
2732 5549 2782 5598 in
2805 5558 3046 5599 wttrttuin
3080 5551 3348 5619 Dominus,
3377 5557 3466 5621 qui
3489 5557 3593 5608 δρί-

2015 5621 2138 5672 licet
2168 5620 2424 5685 sanguine
2451 5632 2548 5668 suo
2585 5629 2752 5683 gratis
2784 5634 2879 5669 nos
2927 5621 3051 5672 l'ecit
3089 5626 3265 5677 salvos
3293 5641 3308 5679 ;
3351 5620 3592 5679 «ιιὲωηιθε

2012 5689 2278 5764 qna-sivit,
2313 5688 2536 5764 invenit,
2568 5697 2838 5764 redeunt;
2879 5706 2908 5742 a
2937 5693 3210 5748 dominatu
3240 5705 3294 5748 et
3327 5708 3588 5764 potestate

2015 5760 2214 5815 diaboli
2249 5773 2344 5815 nos
2376 5759 2643 5828 liberavit,
2677 5760 2828 5816 etde
2857 5776 3020 5832 regno
3054 5759 3390 5822 tenebrarum
3424 5769 3474 5823 in
3510 5783 3590 5822 re-
