4026 6200
445 349 545 404 967

902 338 1104 394 BEDIE
1147 330 1596 390 VENERABlLlS
1633 327 1786 385 OPP.
1826 326 2002 384 PARS
2043 327 2104 381 ll.
2147 326 2432 383 SECTJI.
2462 358 2530 369 —
2562 326 2767 382 DL‘BIA
2811 325 2898 377 ET
2937 320 3210 379 SPURIA.

3592 321 3700 375 ειμι

447 457 577 516 ralia
607 455 762 516 bona,
797 464 912 519 quite
941 444 1245 519 septenario
1278 454 1502 519 numero
1543 440 1747 519 dierum
1781 445 2002 519 volvtm-
2033 444 2085 497 Α
2115 438 2435 519 Οιιεηιλςιιὶηι
2484 435 2734 519 Dominus
2769 435 2968 519 diligit,
3015 436 3243 519 corripit.
3283 434 3542 519 tageltat
3583 455 3696 490 oin-

447 505 663 594 vel
705 505 827 590 quia
853 505 1082 594 carnalis
1113 515 1214 594 ille.
1233 509 1590 594 poptil‘tiszcui
1621 508 1742 594 talia
1782 505 2006 594 promit-

447 579 612 657 tebat,
644 579 975 659 septuaginta
1019 587 1172 659 annis
1202 584 1252 636 in
1286 581 1589 646 captivitate
1618 579 1864 659 detentus
1899 584 2006 629 est.

445 650 579 722 Octo
601 650 726 716 vero
754 650 979 713 refértttr
999 656 1062 708 ad
1105 667 1300 707 novum
1333 650 1838 722 testamentum,_vel
1877 662 2011 711 pro-

449 719 566 803 pter
595 729 1040 788 resurrectionem
1075 724 1303 786 Domini,
1337 737 1454 803 quin
1509 726 1694 772 octava
1727 719 1812 803 die
1853 731 2012 803 inane

449 790 583 860 iacta
619 811 721 861 est.
753 811 848 866 per
875 813 1029 863 quam
1062 811 1160 848 nos
1184 790 1426 868 Arepat-ati
1471 804 1657 868 sui-nus
1699 790 1763 868 ad
1801 790 2014 868 aeterni:

448 857 628 930 istem.
668 857 1087 937 vel-propterea,
1111 865 1228 938 quia
1265 857 1364 938 sex
1413 871 1596 938 aetates
1629 857 2010 938 hujus.s:eculi

445 927 585 999 sunt.
603 927 836 1009 Septima
867 927 1267 998 dormientium,
1292 933 1341 984 id
1367 941 1470 1009 est,
1489 931 1698 983 illotum
1725 928 1814 1009 qui
1837 927 2014 980 adhuc

447 1001 758 1082 exspectant
786 1023 1122 1082 communem
1155 1001 1601 1082 resurrectionem
1629 1014 1642 1062 ;
1670 1007 1856 1082 octava
1882 1011 2014 1082 vero

444 1069 857 1153 resurgentium,
883 1077 1120 1153 aquandi)
1167 1074 1459 1153 novissima
1493 1084 1638 1153 maps
1685 1069 2011 1153 destruetur,

450 1139 741 1218 etqu‘ando
771 1139 967 1218 duplici
999 1148 1129 1202 stola
1155 1145 1470 1206 vestiemur,
1499 1139 1725 1218 scilicet,
1759 1139 1808 1190 in
1835 1139 2014 1218 anima

447 1209 500 1279 et
545 1209 596 1279 in
643 1209 888 1289 corpore.
938 1219 1213 1285 Octoginta
1261 1227 1472 1289 quoque
1519 1209 1583 1262 ad
1617 1209 2014 1288 nos-pertinet,

446 1297 569 1361 quia
597 1284 755 1348 sicot'
779 1289 1008 1361 carnalis
1055 1284 1141 1341 ille
1171 1286 1396 1361 populus
1426 1284 1843 1361 irroctogesitno
1873 1291 2017 1361 anno

447 1353 619 1433 primo
651 1366 702 1417 in
732 1372 922 1414 octavo
951 1360 1170 1412 denario
1199 1355 1266 1408 de
1305 1353 1613 1433 captivitate
1645 1361 1896 1433 reversus
1937 1357 2020 1433 e‘st

447 1417 499 1493 iii
517 1417 774 1504 patriam,
798 1434 866 1484 ita
895 1440 1085 1504 etnos,
1114 1425 1397 1504 transactis
1420 1436 1512 1475 sex
1538 1417 2016 1504 aetatibussatculi,

448 1520 499 1562 et
530 1496 768 1569 septima
789 1500 1188 1570 dormientium,
1214 1496 1264 1549 in
1296 1502 1482 1570 octava
1511 1496 1899 1570 resurgentium
1932 1505 2018 1568 re-

451 1564 827 1646 patrialiitntts,
875 1572 925 1624 id
959 1578 1079 1646 est,
1113 1568 1180 1646 de
1228 1564 1533 1646 captivitate
1579 1564 1734 1646 hujus

449 1629 552 1716 qua
593 1629 928 1711 septuaginta
959 1629 1113 1716 annis
1143 1629 1467 1716 detinemur,
1502 1646 1568 1686 eo
1593 1630 1732 1698 quod
1749 1629 1884 1716 haec
1913 1631 2019 1716 vita

449 1699 754 1784 septenario
785 1699 1023 1765 inuuiero
1054 1710 1258 1762 dierum
1297 1706 1545 1784 volvitur,
1591 1709 1924 1784 revertemur
1947 1699 2019 1784 ad

447 1769 694 1850 partriatn,
741 1785 826 1836 ubi
883 1784 934 1834 in
981 1789 1240 1851 teterrima
1292 1773 1650 1851 manebimus:
1700 1769 1900 1851 Littera
1940 1769 2020 1851 sic

449 1839 753 1924 esponitnr.
787 1851 946 1917 Quasi
976 1849 1118 1903 dicat
1149 1865 1161 1900 :
1190 1847 1333 1924 ideo,
1355 1844 1495 1924 dico,
1527 1841 1654 1921 anni
1676 1839 1843 1924 nostri
1865 1839 2025 1920 medi:

451 1914 690 1980 taliuntur
721 1914 848 1976 sicut
877 1918 1238 1991 aranea,_quia
1285 1916 1337 1991 in
1383 1914 1507 1980 ipsis
1531 1914 1687 1991 annis
1729 1914 1948 1991 nostris,
1983 1914 2026 1989 si

455 2013 560 2052 non
592 1996 644 2049 in
675 1991 1034 2062 potentatibus,
1061 1989 1110 2040 id
1139 1997 1241 2051 est,
1273 1986 1318 2038 si
1361 1998 1465 2036 non
1495 1983 1542 2062 vi
1567 1983 1794 2062 rationis
1823 1989 1877 2062 ei
1915 1983 2028 2062 veri

457 2048 762 2122 intelleeius
809 2048 1054 2132 agantur,
1089 2048 1242 2112 erunt
1287 2054 1608 2132 septuaginta
1654 2050 1794 2109 anni,
1829 2048 2024 2132 idest,

452 2120 552 2192 erit
581 2137 752 2188 solum
808 2120 1049 2186 siitdiuin
1095 2120 1482 2195 temporalium
1517 2136 1717 2200 rerum,
1749 2120 1901 2200 quod
1946 2129 2028 2174 est

451 2191 630 2270 inane,
662 2213 716 2259 et
744 2204 922 2265 breve,
950 2211 1003 2254 et
1034 2191 1257 2252 vacuum
1287 2193 1686 2272 comparatione
1712 2191 1874 2272 studii
1913 2205 2028 2272 ece-

456 2266 840 2341 Iestis'patriae.
872 2276 1002 2338 Quze
1052 2266 1375 2337 temporales
1420 2278 1524 2342 res_
1554 2266 1605 2342 in
1647 2266 2026 2342 regendi-sta-

457 2329 656 2411 mento,
689 2347 752 2397 ad
786 2329 924 2411 quod
968 2329 1178 2405 septeni
1204 2333 1620 2411 etseptu‘aginta
1655 2329 1840 2411 referri
1892 2346 2030 2398 prat-

455 2401 707 2480 disimus,
764 2401 866 2468 iliis
918 2401 1079 2482 prave
1116 2401 1553 2483 irttelligentibus,
1599 2414 1653 2456 et
1696 2401 2026 2483 Scripturani

455 2471 896 2555 depravantibus,
921 2471 1580 2555 'prumittebauiur._Quas
1610 2471 1856 2555 quandiu‘
1881 2473 2026 2555 omni

455 2545 620 2612 animi
670 2545 946 2609 desiderio
995 2561 1326 2620 appetemus,
1379 2545 1428 2598 id
1466 2554 1579 2621 eat,
1619 2545 1670 2621 i_u
1721 2545 2028 2621 captivitate

453 2627 653 2681 erimus
676 2625 739 2677 ad
767 2639 922 2690 quam
948 2611 1278 2692 septuaginta
1301 2616 1544 2692 superius
1567 2611 1751 2692 referri
1773 2611 2023 2692 disim'us.

453 2697 599 2750 Sicut
639 2681 799 2748 etiam
854 2681 1172 2764 Israeliticus
1208 2687 1455 2764 populus
1492 2683 1789 2764 captivatus
1835 2682 1887 2764 in
1922 2681 2028 2764 βε-

464 2766 676 2839 bylonia
717 2762 1049 2839 septuaginta
1098 2751 1252 2839 annis
1292 2751 1344 2838 in
1376 2753 1679 2839 captivitate
1726 2751 2023 2839 tenebatur:

464 2824 530 2890 Ei
559 2838 696 2890 sicut
737 2824 824 2888 ille
856 2824 1125 2886 invoetavo
1155 2829 1373 2882 denario
1411 2825 1476 2878 ad
1509 2824 1730 2892 patriam
1781 2835 2027 2900 reversus

461 2916 563 2970 est,
596 2909 662 2958 ita
693 2915 745 2958 et
775 2919 898 2967 nos,
932 2904 975 2956 si
1009 2912 1216 2955 terrena
1251 2913 1352 2950 non
1379 2906 1712 2970 appetainus,
1743 2892 1836 2970 sed
1869 2894 1919 2943 in
1953 2895 2026 2943 la-

459 2964 590 3030 bore
618 2976 851 3030 cmlestis
889 2964 1054 3025 studii
1093 2982 1305 3043 semper
1349 2964 1698 3043 merabimur,
1750 2964 1812 3043 ill
1827 2971 2026 3043 octava

456 3055 614 3099 astate
643 3044 1066 3110 repairiabimus.
1095 3042 1158 3093 Et
1185 3030 1231 3111 1ιῖ
1255 3055 1284 3092 e
1307 3045 1388 3111 est
1409 3034 1549 3111 quod
1574 3032 1702 3086 dicit
1731 3049 1743 3083 :
1773 3030 1833 3085 Si
1857 3039 2026 3111 autem

458 3116 509 3168 in
541 3106 901 3184 potentatibus,
930 3121 986 3166 et
1013 3126 1133 3164 cum
1167 3110 1217 3184 vi
1252 3106 1476 3184 rationis
1506 3115 1728 3184 agantur
1759 3106 1892 3181 anui
1925 3116 2021 3182 ne-

459 3177 577 3250 sn-i,
621 3187 846 3248 scilicet,
890 3177 973 3247 'ut,
1020 3177 1462 3252 promissionihus
1513 3177 1742 3252 terrenis
1787 3177 2022 3252 omissis,

457 3246 695 3310 coeiestia
718 3246 1046 3321 appetamns,
1074 3263 1199 3304 tunc
1220 3259 1377 3303 erunt
1402 3249 1450 3299 in
1481 3246 1631 3321 armis
1671 3246 1865 3318 nostris
1895 3254 2028 3321 octo—

458 3328 600 3392 ginta
638 3317 866 3385 amntid
895 3335 998 3388 est,
1032 3317 1605 3392 Studiutnireparanda:
1636 3317 1947 3392 aeternitatis
1973 3323 2027 3392 ει

461 3383 892 3458 immortalitatis,
927 3383 1044 3463 quae
1075 3383 1378 3464 nobisidata
1415 3397 1498 3440 est
1537 3387 1586 3438 in
1632 3388 1812 3464 spein
1846 3383 2026 3464 Domi-

463 3469 577 3520 nica
611 3455 1014 3529 resurrectione,
1047 3475 1099 3516 et
1134 3463 1364 3515 studium
1407 3457 1715 3529 reparanda:
1746 3455 2027 3529 ιιτειειιιιςιτ

464 3538 553 3601 tis,
586 3547 639 3591 et
672 3537 979 3604 reparanda:
1003 3524 1209 3599 patriai,
1231 3532 1279 3584 id
1305 3541 1404 3604 est,
1429 3528 1662 3581 studium
1685 3525 1939 3604 redeundi
1960 3524 2025 3577 ad

463 3597 705 3675 patriam,
733 3597 800 3658 ἰιι
829 3620 952 3659 vere
983 3597 1342 3657 sabbatizandi
1376 3603 1438 3675 in.
1455 3606 1644 3675 octavo
1669 3597 1801 3675 die.”
1879 3673 1886 3675 _
1971 3665 2021 3675 ω

531 3677 596 3729 Et
623 3665 845 3744 amplius
885 3692 1059 3729 eorum
1108 3676 1251 3727 labor
1277 3682 1332 3746 et
1354 3670 1720 3746 dolor.__Qna8t
1742 3666 1894 3746 dicat
1923 3682 1934 3717 :
1969 3665 2023 3746 ει

459 3749 576 3813 quis
617 3735 774 3815 supra
808 3749 907 3798 hoc
956 3746 1189 3800 studium
1236 3741 1432 3795 addere
1460 3735 1775 3815 velitaliud,
1810 3737 1882 3788 illi
1925 3735 2027 3789 erit

461 3806 604 3870 labor
629 3806 873 3869 et'dolor.
907 3816 1056 3870 Multi
1080 3817 1220 3868 enim
1265 3818 1542 3886 postquam
1575 3806 1730 3886 iidem
1773 3820 2025 3886 percepe-

460 3897 603 3951 runt,
635 3898 687 3941 et
732 3888 782 3940 in
817 3887 1133 3954 baptismate
1175 3877 1834 3958 terrenisabrenuntiare,
1874 3877 2024 3958 etde

460 3950 752 4026 reparanda
811 3950 1112 4012 aiternitate
1161 3963 1400 4018 satagere
1433 3950 1834 4026 promiserunt,
1889 3950 2026 4026 reia-

462 4018 654 4080 liu'utnr
685 4028 749 4079 ad
782 4029 1011 4080 studium
1044 4037 1395 4078 terrenarum.
1433 4021 1495 4073 Et
1528 4020 1611 4073 his
1643 4018 1837 4071 talibus
1857 4028 1910 4070 et
1940 4019 2025 4072 hic

459 4097 607 4150 labor
638 4107 719 4150 est
749 4100 798 4148 in
824 4095 1169 4164 acquirendo,
1199 4105 1250 4147 et
1279 4104 1453 4146 tamen
1479 4091 1582 4144 erit
1606 4089 1778 4154 dolor,
1807 4104 1926 4142 cum
1970 4092 2020 4141 in

465 4168 711 4239 tenebras
737 4169 1026 4220 exteriores
1056 4166 1367 4239 ejictentur_._
1633 4231 1643 4239 _
1737 4229 1748 4239 ι
1792 4229 1802 4239 _
1962 4229 1973 4239 θ

533 4236 788 4301 Quoniam
818 4229 1122 4305 supervenit.
1149 4233 1393 4287 Ustentlit
1416 4231 1681 4305 quomodo
1719 4229 1870 4305 dolor
1899 4229 2018 4305 erit,

462 4299 568 4369 ita,
607 4307 828 4369 scilicet,
878 4299 1116 4372 quoniam
1165 4302 1522 4365 mansuetudo,
1577 4302 1626 4353 id
1673 4310 1775 4363 εει,
1814 4299 2020 4372 illequi

467 4379 610 4443 prius
649 4377 698 4428 in
745 4369 946 4428 tantum
978 4383 1284 4428 mansuetus
1329 4372 1591 4443 apparuit,
1624 4381 1679 4443 ut
1707 4372 1877 4443 etiam
1908 4369 2018 4435 ipsa

463 4440 811 4501 mansuetudo
841 4447 1007 4514 possit
1035 4446 1158 4509 diei,
1191 4441 1472 4514 supervenit
1517 4440 1787 4514 terribilis,
1817 4449 1863 4490 et
1895 4450 2019 4492 tunc

460 4499 812 4585 corripiantur,
843 4499 948 4569 iion
979 4517 1042 4570 ad
1073 4499 1317 4576 t'ru'ctnin,
1349 4512 1442 4565 sed
1481 4512 1545 4563 ad
1573 4499 1823 4585 damnum
1852 4525 1865 4568 ;
1901 4519 2023 4585 tunc
2054 4499 2100 4558 Ι)

461 4581 606 4640 enim
637 4588 944 4654 pmnitentia
972 4590 1092 4651 erit,
1119 4587 1208 4639 sed
1240 4588 1585 4654 inlrucluosa.
1619 4581 1747 4633 Nota
1779 4581 1920 4646 quod
1943 4581 2022 4632 di-

461 4665 538 4709 cit
575 4653 880 4726 supervenit,
910 4658 1058 4724 quasi
1103 4658 1165 4709 ad
1195 4653 1715 4726 opprimendutn‘et‘
1735 4655 1798 4701 ad
1840 4660 2019 4726 eonte-

463 4721 702 4779 renduin.
735 4727 885 4783 Unde
909 4721 1032 4780 alibi
1061 4745 1071 4778 :
1097 4721 1264 4794 Super
1290 4739 1438 4795 quem
1467 4738 1582 4795 uero
1612 4721 1741 4789 lapis
1767 4723 2019 4795 ceciderit,

463 4807 705 4850 conteret
731 4813 876 4854 eum.
909 4795 1004 4850 Vel
1033 4791 1186 4850 aliter
1215 4812 1230 4849 :
1262 4791 1326 4848 Et
1356 4792 1578 4859 amplius
1605 4807 1776 4844 eorum
1806 4791 1949 4842 labor
1973 4801 2022 4844 et

463 4867 631 4929 dolor,
664 4876 721 4920 nt
752 4868 804 4920 iii
836 4871 1032 4920 bonum
1068 4867 1376 4934 accipiatur.
1421 4864 1605 4916 Nullus
1633 4863 1773 4915 enim
1807 4865 1886 4934 vir
1918 4872 2020 4915 tam

467 4947 702 5002 sanctus,
737 4954 832 4990 nec
859 4951 1091 5003 superno
1119 4932 1291 4990 studio
1321 4937 1453 4987 adeo
1475 4936 1739 5000 alligatus,
1771 4932 1895 4998 quin
1927 4933 2024 4984 ali-

462 5006 675 5072 quando
699 5022 824 5061 cura
849 5008 1268 5060 necessariorum
1293 5007 1357 5057 ad
1386 5005 1582 5056 victum
1605 5011 1657 5055 et
1681 5004 1744 5054 ad
1773 5003 2021 5072 vestitum

464 5070 757 5130 moveatur.
796 5078 858 5130 Et
892 5077 1096 5141 probis
1124 5084 1207 5131 est
1250 5077 1324 5129 illi
1367 5074 1509 5127 labor
1536 5081 1586 5125 et
1625 5073 1794 5123 dolor.
1835 5070 2022 5125 Gravis

463 5147 602 5198 enim
636 5149 785 5202 labor
829 5147 1036 5200 videtur
1083 5147 1133 5200 ei
1177 5161 1435 5210 quaerere,
1477 5152 1532 5196 et
1580 5144 1807 5195 maxime
1859 5145 2018 5205 dolet,

462 5217 580 5287 quia
627 5221 834 5287 cogitur
881 5231 1140 5286 φώνει-ε.
1190 5216 1337 5270 Unde
1383 5215 1544 5268 etiam
1592 5212 1876 5287 Apostolus
1903 5224 2018 5287 a-t;

465 5285 603 5340 Nam
637 5298 682 5342 et
697 5283 805 5342 Vnus
851 5283 1102 5356 primitias
1145 5290 1356 5351 spiritus
1404 5287 1660 5356 habentes,
1691 5291 1736 5336 et
1768 5283 1864 5350 ipsi
1896 5284 2024 5334 inter

463 5373 553 5410 nos
590 5355 925 5425 gemimusrin
951 5359 1266 5426 adoptionem
1311 5357 1536 5426 filiorum
1570 5355 1673 5414 Ι)εῄ
1719 5363 2021 5426 exspectan-

463 5437 535 5481 tes
564 5421 956 5499 riedempiionem
982 5421 1208 5496 corporis
1236 5421 1414 5479 nostri.
1448 5425 1513 5476 I‘;t
1538 5425 1687 5499 quasi
1721 5425 1913 5490 ahquis
1943 5421 2021 5474 di-

463 5509 586 5567 cat:
635 5496 1068 5567 Quandoquidem
1109 5501 1257 5552 labor
1317 5509 1394 5550 cat
1445 5506 1496 5549 et
1543 5496 1712 5567 doior,
1755 5509 1851 5567 cur
1895 5508 2022 5559 ergo

467 5566 607 5622 Deus
637 5580 850 5623 sani-tos
878 5565 1021 5622 viros
1065 5570 1318 5636 permittit
1367 5568 1489 5619 talia
1525 5565 1661 5630 pati?
1688 5566 1763 5616 Ad
1799 5565 1897 5614 hoc
1938 5579 2024 5636 rc-

469 5641 700 5702 spondn.
733 5641 874 5703 Ideo,
907 5634 1126 5704 scilicet,
1151 5643 1269 5707 quia
1299 5639 1342 5691 si
1374 5634 2020 5707 corripit-mur,emenda-

468 5707 644 5761 himur
673 5719 728 5762 ut
766 5713 1102 5775 supraveniat
1136 5704 1285 5763 nobis
1314 5706 1684 5769 mansuetudo,
1719 5704 1769 5756 id
1813 5717 1913 5766 est,
1965 5713 2024 5757 ut

474 5776 640 5831 situas
685 5790 958 5832 tiiansucta
1005 5780 1250 5832 animalia
1303 5790 1358 5833 et
1428 5776 1652 5830 Domino
1699 5777 2016 5829 obedientia.

2113 524 2228 560 ιιι-ιη
2257 509 2421 575 ﬁlium
2447 524 2592 578 quem
2623 509 2820 572 recipit,
2855 508 2978 574 quia
3009 506 3170 578 etiam
3212 506 3531 578 quibusdam
3583 523 3684 559 ma-

2113 581 2233 646 gnis
2264 579 2356 632 dat
2385 575 2655 632 stimulum
2701 578 2897 640 carnis,
2950 592 3054 643 quo
3081 575 3503 637 colaphizentur,
3541 593 3610 630 ne
3639 579 3698 632 in

2115 650 2532 710 magnitudinem
2559 648 2900 702 revelationis
2925 647 3274 700 extollantur.
3305 647 3414 700 iloe
3443 656 3525 701 est
3552 649 3698 715 quod

2114 719 2279 772 dicit:
2313 719 2616 787 Superuenit
2646 717 3005 772 mansuetudo.
3042 719 3100 770 Et
3132 728 3218 771 est
3243 719 3376 771 ordo
3410 733 3707 788 pra'poste-

2115 800 2282 843 ratus.

2190 851 2318 923 Quis
2349 852 2480 912 novit
2510 868 2829 925 potestatem.
2868 857 2945 911 Ad
2981 867 3263 925 utrumque
3295 862 3556 914 sententia
3600 861 3703 911 hoc

2116 944 2226 982 uno
2256 929 2415 982 modo
2441 931 2815 984 continuatur:
2849 928 2987 981 Vere
3028 931 3402 996 corripiemur,
3430 931 3542 985 sive
3573 933 3700 985 mali

2117 1000 2182 1052 ad
2213 1002 2434 1064 malum,
2482 1000 2600 1054 sive
2630 1000 2751 1055 boni
2784 999 2848 1052 ad
2884 1001 3099 1052 bonum.
3134 1001 3263 1066 Quia
3315 1011 3391 1064 to,
3448 1001 3696 1066 Domine,

2118 1071 2392 1138 potentior
2429 1085 2488 1124 es
2538 1087 2635 1123 nos
2681 1071 2970 1138 corrigere,
3021 1086 3181 1138 quam
3214 1072 3368 1123 alicui
3423 1073 3698 1138 Contingat

2119 1142 2277 1194 siire.
2332 1141 2459 1195 Nam
2508 1142 2620 1208 quis
2667 1143 2802 1194 novit
2850 1150 3145 1210 potestatem
3198 1143 3286 1194 ira:
3331 1155 3462 1204 tuae,
3510 1143 3561 1196 id
3595 1152 3698 1206 e-t,

2119 1213 2238 1278 quis
2267 1211 2408 1264 novit
2445 1220 2712 1276 potentem
2745 1213 2877 1265 iram
2919 1221 3086 1278 tuam,
3118 1227 3218 1278 qua
3250 1222 3302 1265 et
3338 1215 3551 1266 tandem
3582 1213 3702 1266 viu-

2119 1283 2325 1334 dicabis
2368 1283 2418 1333 in
2453 1283 2641 1342 malos,
2672 1291 2726 1335 et
2754 1297 2893 1334 nunc
2921 1284 3144 1340 corrigis
3175 1283 3345 1336 bonos
3367 1286 3390 1334 ζ’
3412 1284 3574 1348 Quasi
3609 1285 3703 1335 di-

2120 1362 2205 1404 cat
2233 1370 2243 1403 :
2275 1352 2440 1405 Valde
2463 1366 2748 1417 paucorum
2777 1361 2860 1405 est
2891 1365 3049 1405 nosse
3077 1361 3389 1418 poti'S'atein
3429 1356 3523 1407 ira:
3556 1365 3660 1407 line
3686 1371 3700 1406 :

2121 1423 2243 1490 quia
2273 1423 2542 1490 plerisque
2572 1423 2725 1475 malis
2753 1437 2872 1475 cum
2904 1423 3076 1488 parcis
3106 1421 3374 1487 irasceris,
3402 1436 3458 1476 ut
3499 1440 3604 1477 non
3635 1426 3702 1477 a.l

2125 1492 2282 1557 iram,
2326 1493 2419 1546 sed
2453 1493 2628 1556 potius
2657 1492 2722 1545 ad
2767 1491 3227 1546 mansuetudinem
3262 1505 3400 1544 tuam
3436 1496 3705 1560 pertinere

2122 1564 2390 1634 videatur.
2417 1562 2591 1616 Labor
2621 1574 2674 1616 et
2698 1563 2852 1634 dolor
2871 1577 2976 1627 quo
3004 1562 3232 1624 corripis
3259 1566 3541 1634 et_erudis,
3568 1581 3708 1634 quos

2122 1633 2320 1705 diligis,
2360 1650 2426 1686 ne
2465 1633 2638 1701 pinnis
2669 1633 2975 1705 crucientur
3020 1634 3254 1686 aeternis.
3300 1632 3365 1685 Et
3406 1637 3527 1701 quis
3560 1632 3709 1689 nim-it

2126 1703 2470 1768 dinumerare,
2506 1705 2554 1755 id
2583 1712 2689 1767 est,
2722 1703 3034 1757 discernere
3064 1705 3194 1756 iram
3223 1713 3360 1757 tuam
3391 1707 3441 1757 in
3471 1705 3628 1759 bonis
3655 1718 3708 1760 et

2053 1787 2100 1849 Β
2129 1775 2181 1826 in
2213 1776 2366 1828 malis
2404 1790 2525 1849 prie
2547 1775 2727 1826 timore
2757 1783 2865 1838 tuo,
2911 1772 2959 1849 id
2994 1782 3095 1849 est,
3131 1774 3195 1825 ad
3232 1775 3330 1827 hoc
3372 1784 3430 1828 ut
3457 1779 3704 1849 timorem

2133 1855 2279 1898 tuum
2321 1859 2449 1912 ιιι-ιε,
2477 1843 2528 1896 id
2556 1855 2658 1906 est,
2687 1853 2810 1896 ante
2847 1859 2904 1897 se
2937 1842 3146 1907 habeat,
3177 1855 3228 1898 et
3257 1858 3468 1912 semper
3501 1857 3552 1900 te
3573 1847 3708 1900 exti-

2131 1911 2377 1970 mescat?
2403 1915 2562 1980 Quasi
2594 1915 2772 1968 dicat:
2797 1914 2964 1980 Quam
2997 1911 3282 1968 difficulter
3313 1913 3584 1970 invenitur
3613 1920 3704 1985 qui

2132 1986 2342 2039 noverit
2389 2001 2494 2051 pra:
2544 1987 2723 2038 timore
2768 1986 2899 2038 iram
2949 1992 3090 2036 tuam
3143 1986 3488 2051 dinumerare,
3542 1988 3611 2040 ita
3655 1999 3710 2042 ut

2129 2056 2293 2128 etiam
2344 2055 2444 2109 hoc
2484 2056 2664 2128 addat,
2703 2065 2756 2108 et
2807 2055 2872 2108 ad
2925 2070 3046 2128 eam
3078 2056 3369 2128 pertinere
3418 2056 3705 2128 intelligat,

2130 2127 2271 2193 quod
2318 2126 2585 2180 nonnullis
2627 2127 2819 2193 quibus
2861 2125 3026 2192 magis
3078 2125 3348 2188 irasceris,
3383 2125 3710 2194 parcere'vi-

2130 2197 2342 2262 dcaris;
2386 2207 2444 2249 ιιι
2495 2204 2837 2264 prosperetur
2865 2207 3111 2264 pecvator
3141 2195 3192 2249 in
3233 2200 3345 2250 vita
3398 2214 3517 2258 sua,
3561 2207 3615 2252 et
3654 2201 3706 2253 in

2131 2266 2307 2322 futuro
2335 2265 2536 2334 majora
2570 2266 2842 2331 percipiat.
2879 2268 2921 2319 A
2952 2269 3134 2333 paucis
3163 2268 3306 2320 enim
3338 2269 3565 2321 eruditis
3594 2285 3706 2321 ma-

2126 2339 2212 2406 jor
2247 2340 2319 2390 ira
2362 2335 2454 2390 Dei
2487 2336 2806 2406 intelligitur
2837 2351 2968 2387 vana
3007 2345 3061 2389 et
3109 2337 3434 2398 seductoria,
3471 2340 3701 2393 felicitas

2129 2409 2432 2472 impiorum.
2469 2407 2533 2460 Et
2566 2405 2716 2473 pauci
2747 2407 3028 2458 addiscunt
3059 2422 3163 2467 pre
3193 2408 3384 2461 timore
3430 2409 3522 2461 Dei
3567 2411 3700 2462 iram

2129 2478 2245 2545 ejus
2269 2479 2629 2541 dinumerare,
2673 2485 2728 2529 et
2749 2478 3163 2543 prosperitatem
3209 2478 3328 2545 ejus
3359 2494 3584 2533 numero
3604 2495 3701 2546 ap-

2132 2549 2326 2613 plicare
2357 2561 2652 2613 ptenarum.
2684 2546 2835 2613 Quod
2864 2556 2945 2599 est
2978 2546 3192 2600 dicere:
3235 2549 3392 2603 Pauci
3423 2552 3599 2602 sciunt
3628 2551 3710 2600 di-

2128 2632 2379 2672 scernere
2430 2617 2562 2670 iram
2610 2616 2703 2671 Dei
2751 2619 2851 2670 hoc
2892 2617 3069 2680 modo,
3105 2628 3161 2671 ut
3211 2620 3510 2687 intelligant
3567 2621 3710 2675 onod

2130 2700 2330 2753 quanto
2364 2687 2480 2752 plus
2513 2687 2709 2755 impius
2743 2697 3106 2760 prosperatur,
3142 2697 3291 2742 tanto
3323 2692 3440 2760 plus
3473 2692 3520 2743 ei
3569 2688 3709 2744 Deus

2130 2760 2380 2811 irascitur
2420 2773 2431 2808 :
2474 2764 2530 2810 et
2579 2769 2780 2824 quanto
2826 2760 2944 2827 plus
2989 2759 3039 2809 in
3088 2759 3185 2811 hac
3232 2759 3340 2813 vita
3390 2761 3710 2828 ﬂagellandn

2127 2829 2324 2882 acriter
2381 2829 2650 2895 puniendo
2694 2827 2833 2882 Deus
2884 2827 2984 2898 piis
3017 2829 3284 2897 irascitur,
3319 2827 3480 2884 tanto”
3502 2833 3617 2900 plus
3660 2831 3708 2885 ei

2129 2900 2387 2966 parcitur.

2202 2965 2475 3022 Dexter-am
2515 2985 2680 3022 suam.
2724 2970 2884 3036 Quasi
2918 2969 3055 3023 dieat
3085 2987 3098 3023 :
3126 2970 3281 3024 Pauci
3330 2972 3567 3038 quidem,
3604 2973 3708 3026 Da-

2131 3039 2294 3106 mine,
2346 3051 2574 3094 noscunt
2613 3049 2928 3107 potestatem
2963 3047 3042 3094 vel
3072 3042 3162 3094 ira:
3191 3050 3314 3101 tuac.
3349 3044 3427 3095 vel
3459 3044 3702 3097 damne-

2129 3124 2252 3164 rarc
2282 3112 2408 3164 iram
2443 3121 2615 3174 tuam;
2649 3123 2702 3164 tn
2733 3121 2931 3177 autem,
2966 3111 3205 3176 D-tmill",
3232 3111 3314 3165 fac
3342 3116 3492 3165 nobis
3523 3115 3703 3167 dexte-

2130 3196 2242 3232 ram
2271 3189 2410 3234 tuam
2437 3184 2505 3233 ad
2526 3191 2718 3240 notam,
2759 3182 2834 3235 sic
2872 3182 3077 3235 scilicet
3103 3194 3156 3234 ut
3186 3197 3281 3235 nos
3327 3185 3561 3237 sciamus
3603 3200 3709 3251 pra:

2131 3253 2308 3323 timore
2327 3262 2412 3304 tuo
2433 3253 2561 3304 iram
2595 3262 2736 3304 tuam
2757 3253 3098 3303 dinumerare.
3134 3254 3344 3313 Notam,
3364 3254 3598 3322 inquam,
3628 3260 3709 3323 [ac

2130 3322 2384 3374 dexteram
2412 3331 2572 3386 tuam,
2604 3323 2652 3375 id
2679 3333 2781 3386 est,
2813 3323 2952 3374 mitte
2975 3338 3117 3390 quem
3147 3326 3394 3375 missurus
3431 3340 3502 3387 es,
3532 3336 3584 3377 et
3614 3322 3710 3376 no-

2130 3392 2270 3445 tilica
2322 3393 2472 3445 nobis
2502 3391 2772 3446 Cluistum
2807 3403 2975 3455 tuum,
3023 3393 3293 3446 dexteram
3336 3403 3478 3446 tuam
3509 3405 3563 3447 et
3590 3396 3707 3448 bra-

2129 3461 2303 3515 chium
2334 3474 2502 3524 tuum,
2530 3473 2587 3516 ut
2617 3465 2667 3516 in
2699 3478 2764 3517 eo
2793 3463 2998 3515 discant
3046 3463 3287 3516 homines
3317 3479 3420 3516 non
3453 3481 3549 3526 pro
3594 3481 3707 3517 ma-

2127 3546 2232 3598 gno
2275 3546 2525 3596 expetere
2571 3535 2651 3587 vel
2698 3534 3025 3599 areiperera
3063 3536 3219 3598 bona,
3271 3550 3389 3599 quae
3429 3534 3479 3587 in
3526 3534 3701 3588 Veteri

2131 3601 2470 3655 Testamento
2512 3603 2967 3666 demonstrantur,
3000 3603 3092 3656 sed
3122 3619 3239 3669 qua:
3279 3604 3332 3657 itt
3363 3603 3515 3657 Novo
3559 3619 3708 3658 rere-

2131 3670 2325 3726 lantnr.
2373 3675 2437 3724 Et
2485 3689 2665 3726 revera
2709 3673 2901 3725 factum
2950 3684 3032 3727 est
3068 3674 3356 3727 secundum
3399 3676 3697 3728 orationem

2132 3741 2286 3812 hujus
2323 3743 2554 3796 hominis
2605 3743 2716 3805 Dei,
2764 3745 2883 3810 quia
2923 3755 2973 3796 et
3013 3745 3062 3796 in
3105 3745 3351 3812 passione
3389 3743 3508 3797 Filii
3539 3748 3617 3798 sui
3647 3755 3701 3798 et

2130 3809 2181 3864 itt
2228 3823 2533 3876 contemptu
2588 3814 2742 3880 hujus
2786 3814 2982 3875 saaculi,
3013 3809 3169 3879 quem
3212 3815 3392 3868 habuit
3419 3825 3473 3868 et
3499 3816 3698 3880 docuit,

2128 3882 2511 3936 demonstravit
2553 3884 2687 3936 Deus
2722 3885 2874 3936 l'ater
2915 3886 3154 3938 ﬁdelibus
3194 3888 3304 3938 suis
3341 3887 3452 3937 haec
3494 3895 3702 3939 terrena

2130 3969 2232 4005 non
2283 3967 2401 4007 esse
2439 3953 2755 4021 appetenda,
2787 3954 2880 4007 sed
2913 3958 3080 4022 magis
3107 3957 3364 4008 coelestia.
3411 3955 3499 4008 Vel
3528 3956 3700 4016 aliter,

2128 4033 2182 4075 ut
2214 4038 2303 4088 per
2319 4025 2599 4093 dexteram
2651 4024 2940 4090 accipiatur
2969 4025 3059 4078 Dei
3087 4030 3339 4093 polentia,
3371 4036 3424 4078 et
3452 4028 3522 4078 ita
3553 4027 3698 4080 diea-

2130 4102 2212 4145 tur
2242 4111 2254 4144 ί
2288 4092 2352 4148 Ut
2384 4103 2560 4147 autem
2591 4094 2822 4147 sciamus
2851 4096 2901 4147 ιιι
2937 4092 3296 4162 potetiiatibus
3327 4111 3485 4164 agere
3505 4097 3617 4149 dies
3644 4107 3699 4150 et

2125 4179 2292 4217 annos
2333 4175 2564 4232 nostros,
2609 4174 2780 4216 notam
2804 4167 2884 4233 [ac
2915 4166 3058 4218 nobis
3084 4166 3364 4231 dexteram,
3399 4166 3449 4218 id
3478 4177 3580 4233 est,
3614 4183 3701 4226 po.

2127 4237 2344 4286 tentiam
2369 4247 2528 4296 tuam,
2555 4245 2612 4287 ut
2636 4235 2714 4288 sic
2740 4243 3070 4288 transi-amus-
3094 4251 3185 4302 per
3211 4238 3346 4288 bona
3371 4238 3700 4302 temporalia,

2127 4313 2182 4354 ut
2229 4320 2332 4356 non
2383 4306 2685 4362 amittamus
2723 4316 2943 4358 aiterna.
2992 4305 3084 4359 Vel
3134 4310 3308 4372 potius
3348 4313 3418 4359 ita
3446 4309 3694 4359 dicatur:

2127 4371 2320 4426 Notam
2362 4376 2445 4441 {ac
2481 4379 2758 4439 dexteram,
2803 4376 2852 4426 id
2879 4387 2980 4439 cst,
3035 4371 3321 4441 potentiam
3347 4387 3508 4441 tuam,
3543 4388 3598 4428 ut
3625 4378 3698 4429 in.

2135 4445 2430 4511 telligamus
2479 4447 2615 4514 quod
2658 4447 2969 4513 llagellando
2996 4454 3179 4500 etnon
3213 4448 3478 4511 parcendo
3525 4463 3702 4500 emen-

2129 4515 2281 4568 datos
2310 4530 2461 4581 ponis
2487 4516 2551 4568 ad
2583 4518 2879 4583 chteram,
2903 4527 2957 4570 et
2977 4519 3114 4583 quod
3147 4519 3409 4582 parcendo
3431 4520 3554 4569 dum
3587 4533 3703 4582 pro.

2123 4595 2367 4650 Speratur
2393 4587 2652 4652 impiusiu
2683 4585 2762 4638 via
2793 4601 2911 4650 sua,
2952 4587 3232 4639 damnatus
3261 4589 3449 4640 statuis
3479 4590 3543 4639 ad
3573 4589 3700 4639 sini-

2123 4666 2310 4708 stram.
2346 4655 2537 4708 Notam
2566 4658 2665 4724 fac,
2695 4657 2835 4719 dico,
2865 4659 2959 4721 sic,
2989 4657 3191 4710 scilicet
3223 4666 3278 4709 ut
3311 4658 3704 4710 dinumeremas

2125 4725 2254 4795 iram
2287 4735 2450 4778 tuam.
2494 4727 2744 4795 Sequitur
2775 4743 2791 4778 :

2196 4793 2263 4846 Et
2312 4798 2535 4848 eruditos
2578 4793 2729 4848 corde
2755 4796 2806 4848 in
2838 4797 3090 4865 sapientia
3131 4807 3240 4855 tua.
3282 4797 3394 4851 Hoc
3440 4805 3540 4858 est,
3595 4812 3696 4851 non

2125 4872 2329 4917 tantum
2378 4871 2540 4920 iacias
2586 4866 2737 4918 nobis
2786 4877 2962 4918 notaui
3016 4868 3312 4932 dexteram,
3343 4870 3434 4920 sed
3461 4872 3620 4920 etiam
3649 4878 3700 4918 ut

2124 4934 2391 4988 imitemur
2420 4951 2533 5002 eos,
2573 4935 2653 4989 fac
2693 4937 2846 4989 nobis
2886 4947 3040 4990 notos
3078 4939 3302 4991 eruditos
3347 4940 3518 5002 corde,
3561 4949 3617 4989 ut
3653 4939 3700 4989 iu

2123 5005 2300 5077 carnis
2331 5005 2631 5074 prudentia,
2656 5020 2773 5074 quae
2797 5022 2943 5059 mors
2965 5018 3066 5071 εει,
3092 5011 3184 5060 sed
3206 5009 3259 5060 in
3284 5024 3407 5061 vera
3435 5009 3700 5077 sapientia.

2126 5075 2330 5147 Eruditi
2357 5077 2517 5130 corde
2541 5078 2592 5147 in
2619 5077 2874 5142 Sapientia
2902 5077 2974 5130 illi
2995 5077 3265 5141 dicuntur,
3289 5079 3480 5147 quibus
3497 5075 3698 5130 dictum

2123 5155 2203 5197 est
2227 5159 2260 5216 :7
2279 5143 2443 5214 Injt'cc
2465 5146 2640 5213 pedem
2669 5155 2810 5197 tuum
2838 5150 2890 5198 in
2915 5149 3177 5213 compedes
3197 5143 3327 5216 ejus.
3359 5149 3552 5200 Pedem
3592 5162 3705 5201 cor-

2125 5216 2205 5265 dis
2234 5215 2382 5279 dieit,
2414 5233 2517 5270 non
2549 5219 2734 5280 prdem
2766 5220 3028 5284 corporis.
3063 5219 3137 5270 llti
3169 5215 3312 5271 enim
3343 5219 3518 5271 aureis
3558 5234 3702 5269 com-

2127 5285 2349 5351 pedibus
2380 5286 2496 5355 ejus
2525 5288 2730 5353 illigati,
2762 5289 2886 5353 quid
2915 5289 3054 5339 aliud
3091 5290 3537 5359 lecerunt,_quam
3569 5287 3702 5359 quod

2128 5365 2365 5408 terrenas
2394 5359 2770 5424 promissiones
2796 5369 3254 5425 contempserunt.
3294 5357 3366 5411 et
3392 5357 3704 5411 desideratis

2126 5431 2340 5497 {eternis
2365 5444 2456 5495 per
2479 5426 2747 5494 passimies
2771 5443 2910 5491 suas,
2946 5429 3304 5482 testimonium
3329 5429 3706 5497 pra-buerunt?

2129 5493 2276 5568 Unde
2322 5493 2490 5550 etiam,
2534 5507 2699 5550 testes
2737 5498 2860 5550 dicti
2911 5509 3052 5562 sunt,
3097 5500 3219 5567 quia
3275 5493 3476 5568 ruat-lyr
3503 5499 3701 5559 Graece,

2129 5567 2274 5617 testis
2303 5577 2384 5620 est
2415 5568 2622 5621 Latine.
2657 5568 2748 5621 Vel
2779 5573 2848 5620 ita
2880 5585 3036 5622 nemo
3065 5570 3304 5621 eruditos
3332 5567 3518 5632 corde,
3553 5584 3705 5621 nemo

2126 5639 2392 5702 sapientes
2422 5638 2710 5699 existimet,
2742 5640 2840 5691 nisi
2873 5640 2989 5691 illos
3014 5654 3148 5707 quos
3175 5640 3384 5707 attingit
3409 5655 3514 5706 pra:
3545 5637 3706 5690 oculis

2125 5709 2320 5769 cordis,
2351 5723 2560 5774 semper
2587 5708 2785 5761 habere
2828 5708 3094 5762 miseriam
3140 5726 3290 5762 suam
3331 5727 3392 5763 ex
3442 5721 3575 5771 ,usta
3620 5719 3702 5757 tua

2125 5775 2611 5844 anitnadversione,
2661 5790 2716 5833 ut
2753 5795 2817 5832 ex
2859 5793 2923 5832 eo
2953 5795 3035 5847 pet
3053 5782 3282 5845 prodant
3333 5790 3524 5849 quanta
3554 5780 3622 5834 sit
3651 5777 3704 5830 iu
