4026 6200
370 321 473 379 969

1133 320 1195 375 ΙΝ
1238 318 1649 375 PSALMOBUM
1690 316 1939 371 LIBRUM
1981 312 2339 369 EXEGliSlS.
2380 344 2449 353 —
2488 314 2729 370 PSALM.
2770 314 2879 369 XC.

3498 317 3599 371 970

363 433 722 489 subvenieuilo
750 434 962 487 dextera
995 440 1102 507 tua,
1132 429 1216 507 cui
1246 430 1445 507 nullum
1498 429 1757 507 ingratum
1802 445 1923 507 esse
1955 431 1999 488 Α
2104 423 2253 478 Etsi!
2278 426 2537 507 ξρίειξάοζο
2572 426 2721 507 El“!!!
2747 426 3038 507 (“figantur
3071 426 3259 507 ΩΙίῙηῘεΙ
3290 437 3393 488 est.
3420 442 3598 507 nostra

363 513 625 568 op0iteat.
656 503 788 557 Hinc
818 502 1097 568 Apostolus
1136 502 1211 553 ait
1244 519 1255 553 :
1290 501 1433 553 Scire
1463 501 1613 552 etiam
1654 505 1932 567 superemi-

364 582 566 624 nentem
603 574 822 625 scientia
846 572 1144 624 charilittem
1164 568 1368 630 Christi,
1394 570 1480 635 qui
1514 570 1927 626 misericordiam

365 643 488 695 fecit
517 642 616 694 illis
644 645 831 710 quibus
860 644 933 693 ira
963 650 1102 693 tanta
1135 641 1473 707 impenditur.
1515 639 1619 691 Illis
1638 709 1643 710 γ
1662 638 1928 695 Christum

364 722 510 764 tuum
538 713 614 764 sic
640 709 819 765 notum
847 710 949 775 lac,
982 722 1039 763 ut
1063 711 1113 763 in
1143 724 1208 764 eo
1237 711 1440 762 discant
1469 723 1571 761 non
1611 709 1798 763 limere
1836 725 1930 765 eos

363 782 449 847 qui
477 781 725 835 occidunt
755 797 968 844 corpus.

434 850 750 913 Convertere,
779 850 1007 903 Domine.
1038 848 1173 901 Dixit
1195 848 1452 901 dexteram
1475 859 1612 899 tuam
1633 856 1800 901 notam
1822 850 1921 916 fac,

359 934 407 974 et
432 922 652 973 eruditos
679 922 850 973 corde.
883 920 1109 973 Necesse
1135 917 1275 971 enim
1305 929 1385 969 est
1422 926 1477 969 ut
1515 918 1755 984 quisquis
1805 936 1928 975 vere

361 990 533 1043 noscit
560 991 754 1043 Christi
801 989 1113 1057 imitatores,
1143 997 1196 1040 et
1221 986 1445 1040 attendit
1489 986 1761 1057 dexteram
1813 990 1924 1057 Dei,

362 1062 552 1113 inultas
582 1061 807 1127 patiatur
857 1055 1219 1127 ll‘ibttialiDﬂBS
1248 1064 1302 1109 et
1332 1055 1747 1127 persecutimies.
1796 1055 1919 1112 Umé

360 1145 455 1182 nes
477 1125 615 1183 enim
647 1130 732 1197 qui
765 1128 851 1197 pie
878 1129 929 1180 in
959 1126 1174 1180 Christo
1226 1127 1410 1197 volunt
1457 1125 1654 1197 vivere,
1708 1142 1926 1183 necesse

359 1210 443 1252 est
475 1210 530 1251 ιιι
556 1194 949 1265 persecutiones
987 1198 1273 1262 patiantur.
1308 1195 1371 1247 Et
1397 1195 1522 1249 item
1554 1213 1567 1247 :
1600 1194 1703 1265 Per
1743 1198 1927 1252 mullus

359 1263 705 1322 tribulationes
735 1276 929 1336 Oportet
970 1280 1058 1318 nos
1087 1265 1280 1336 intrare
1308 1265 1361 1317 in
1388 1280 1597 1336 regnum
1621 1263 1737 1336 Dei.
1774 1268 1925 1334 Quod

358 1339 459 1392 iste
482 1340 639 1391 homo
666 1334 871 1404 Dei'qui
902 1334 986 1388 hic
1018 1335 1252 1402 loquitur
1299 1334 1598 1404 attendens,
1630 1334 1821 1390 timens
1859 1354 1926 1393 ne

357 1424 457 1460 tios
506 1408 642 1461 inter
684 1414 760 1459 tot
801 1403 1169 1459 iribulationes
1207 1414 1262 1458 et
1306 1403 1576 1458 molestias
1623 1409 1925 1473 corporales

356 1478 725 1540 deiiceremus,
757 1484 813 1529 et
842 1474 1219 1528 tentationibus
1249 1475 1407 1527 variis
1438 1473 1589 1527 nobis
1615 1475 1771 1527 illatis
1799 1478 1922 1530 victi

354 1549 723 1611 deticeremus,
755 1556 808 1599 et
836 1545 902 1597 ab
926 1559 990 1596 eo
1012 1543 1101 1611 qui
1128 1550 1366 1611 nostrum
1390 1543 1647 1611 refugium
1673 1554 1751 1597 est
1770 1559 1921 1599 aver-

357 1628 593 1670 teremur
626 1632 637 1666 :
668 1610 975 1683 coinpassus
1003 1610 1199 1667 nostra
1227 1610 1535 1683 inﬁrmitati,
1562 1613 1703 1683 sicut
1733 1616 1921 1669 multo-

354 1687 491 1741 tiens
535 1680 843 1753 compassus
889 1692 991 1754 est,
1017 1683 1107 1754 _sic
1142 1692 1258 1754 orat
1278 1692 1331 1735 et
1355 1680 1502 1748 dicit,
1550 1681 1918 1754 Domine:qui

353 1756 500 1823 prius
528 1752 816 1810 conversus
848 1769 875 1805 a
907 1752 1059 1823 nobis
1087 1752 1476 1823 avertistinos,
1516 1761 1820 1820 convertere,
1853 1752 1918 1808 id

351 1818 458 1889 est,
490 1834 606 1879 esto
633 1837 924 1877 conversus
952 1822 1017 1874 ad
1047 1835 1163 1882 nos,
1196 1818 1514 1874 notilicando
1544 1830 1594 1875 te
1621 1818 1919 1879 nobis.’Vel

352 1904 411 1948 ut
440 1910 507 1949 ne
537 1894 809 1963 permittas
835 1906 931 1945 nos
958 1892 1184 1963 amplius
1211 1889 1375 1943 averti
1410 1903 1443 1944 a
1507 1901 1587 1963 te._
1613 1905 1925 1963 convertere

350 1966 473 2019 dico
500 1959 757 2033 uiquequo
807 1976 941 2030 opus
965 1970 1066 2033 est,
1091 1960 1153 2033 id
1180 1970 1280 2025 est,
1320 1974 1486 2033 usque
1525 1959 1591 2014 ad
1630 1962 1774 2014 illum
1812 1979 1925 2017 mo-

349 2035 476 2087 dum
508 2030 887 2098 conversionis,
918 2030 1005 2100 qui
1036 2031 1186 2085 nobis
1223 2030 1554 2089 necessarios
1578 2037 1680 2095 est,
1720 2032 1926 2087 scilicet

350 2112 540 2157 utnon
572 2103 842 2171 permittas
882 2101 1142 2165 tribulari,
1189 2099 1291 2154 nisi
1320 2108 1589 2171 quantum
1636 2103 1924 2167 poterimus

352 2175 483 2240 pati,
513 2174 561 2227 id
574 2168 689 2237 est,
720 2172 871 2226 nobis
901 2171 1292 2241 tribulationem
1317 2168 1370 2223 in
1399 2184 1695 2241 mensuram
1733 2181 1789 2224 et
1827 2186 1924 2241 pro

352 2238 553 2298 viribus
578 2243 793 2297 nostiris.
827 2240 1005 2309 Neque
1032 2239 1173 2294 enim
1205 2238 1344 2293 Dens
1392 2239 1508 2306 plus
1557 2240 1782 2308 aliquem
1827 2238 1925 2295 iri-

354 2315 525 2367 hulari
579 2312 853 2381 permittit,
884 2326 1041 2381 quam
1070 2311 1183 2381 ipse
1205 2309 1341 2363 ferre
1364 2309 1547 2381 possit.
1594 2309 1751 2381 Sicut
1786 2311 1924 2376 Apo—

350 2387 520 2436 stolus
535 2378 609 2436 ait
636 2399 648 2434 :
680 2380 879 2435 Fidelis
902 2380 1038 2433 Deus
1055 2380 1143 2450 qui
1164 2395 1265 2431 non
1292 2379 1497 2447 patitur,
1514 2388 1617 2433 etc.
1648 2378 1755 2434 Sed
1782 2381 1923 2435 dabit

350 2456 502 2506 etiam
544 2468 657 2505 cum
684 2452 955 2505 tentatione
983 2459 1291 2515 proventum,
1325 2459 1378 2501 ut
1403 2450 1607 2517 possitis
1651 2452 1917 2506 sustinere.

351 2521 666 2589 Convertere,
693 2524 927 2590 inquam,
950 2519 1187 2585 Domine,
1215 2520 1371 2586 etqni
1402 2520 1544 2582 prius
1569 2519 1710 2572 luisti
1732 2520 1917 2575 inexo-

351 2594 530 2646 rabilis
580 2607 738 2659 super
770 2589 885 2644 illos
912 2591 999 2658 qui
1026 2605 1085 2643 se
1112 2590 1348 2643 fecerunt
1389 2589 1609 2659 libertos
1632 2603 1779 2655 suos,
1824 2592 1919 2645 lius

350 2658 719 2729 deprecabilis,
752 2662 802 2714 id
831 2670 933 2725 est,
963 2659 1248 2712 exorabilis
1277 2672 1435 2726 Super
1463 2658 1583 2729 illos
1611 2658 1700 2726 qui
1735 2674 1794 2714 se
1841 2659 1916 2713 fa-

341 2727 493 2786 ctum
518 2727 709 2787 servos
730 2740 869 2794 tuos,
922 2732 974 2783 in
1016 2728 1262 2783 omnibus
1301 2729 1390 2783 tibi
1436 2727 1741 2783 obedientes
1766 2740 1819 2784 et
1848 2728 1919 2787 de

342 2810 406 2855 se
427 2802 556 2855 nihil
594 2810 990 2869 pmsumentes.

421 2868 617 2938 Κυριειί
661 2886 832 2923 sumus
878 2885 1045 2923 mane.
1090 2868 1230 2924 Vere
1253 2870 1578 2923 converteris
1602 2878 1647 2923 et
1675 2869 1916 2939 depreca-

348 2940 461 2994 bilis
486 2942 610 3007 eris,
635 2940 752 3007 quia
772 2942 1077 3006 ita,certuin
1095 2950 1198 3003 est,
1218 2940 1552 3007 replebimur,
1578 2950 1633 2993 ut
1656 2943 1916 3008 possimus

345 3012 545 3074 dicere,
568 3011 686 3079 quia
710 3011 819 3078 jzim
847 3012 1022 3077 repleti
1054 3025 1227 3079 sumus
1249 3025 1413 3079 mane,
1444 3008 1495 3060 id
1524 3021 1625 3073 est,
1658 3009 1709 3062 in
1738 3026 1916 3063 resur-

344 3077 604 3148 rectione,
654 3077 862 3148 quando
910 3077 1191 3133 novissima
1216 3092 1359 3131 m0rs
1385 3078 1700 3146 destruetur,
1730 3089 1782 3135 et
1809 3083 1912 3135 erit

2033 509 2218 565 opera,
2247 494 2312 548 sit
2335 496 2574 565 splendor
2617 494 2823 549 Domini
2858 494 3018 563 super
3056 514 3165 559 nos,
3196 498 3245 550 id
3268 507 3370 559 est,
3422 503 3596 551 VllillH

2032 564 2264 628 Domini,
2297 570 2382 633 qui
2415 568 2558 632 prius
2585 565 2681 619 l'uit
2706 567 2856 619 nobis
2894 568 3231 631 obscuratus,
3276 568 3597 622 illuminetur

2033 636 2083 705 in
2114 635 2374 705 superiori
2410 645 2612 705 nostro,
2643 636 2691 689 id
2722 647 2824 699 est,
2865 647 3117 703 appareat
3146 639 3195 689 in
3226 638 3376 692 nobis
3421 638 3560 705 imag
3586 660 3597 690 ι

2032 703 2148 776 Dei.
2184 703 2277 759 Vel
2306 705 2546 776 splendor
2571 704 2686 776 Dei,
2721 706 2771 758 id
2799 714 2895 767 est,
2930 707 3265 759 multiformis
3294 710 3456 776 gratia
3482 703 3594 773 Spi-

2029 772 2162 845 ritus
2188 774 2378 845 sancti,
2413 774 2677 827 illuininet
2704 785 2934 828 mentem
2964 786 3217 828 nostrain.
3251 772 3319 829 Et
3345 786 3398 829 ut
3418 772 3594 845 splen-

2028 843 2126 895 dor
2167 844 2235 897 sit
2270 860 2424 910 super
2462 860 2572 908 nos,
2600 860 2633 897 ο
2663 846 2903 915 Domine,
2956 847 3117 915 dirige
3155 862 3307 915 opera
3346 843 3597 915 quirinuum

2029 922 2341 978 nostrarum,
2371 922 2425 967 et
2456 925 2631 968 nostra
2662 913 2796 966 bona
2826 929 3009 982 opera,
3036 913 3240 968 scilicet
3262 925 3319 968 ut
3341 914 3473 970 infra
3499 934 3595 970 nos

2027 982 2846 1049 diStorqueantur,sedutsuper
2888 1000 2980 1035 nos
3028 984 3335 1052 dirigantur.
3384 985 3594 1040 Illorum

2027 1066 2187 1117 opera
2232 1052 2366 1105 inira
2414 1053 2560 1119 ipsos
2603 1051 3060 1118 distorqueantur,
3099 1051 3189 1107 sed
3236 1064 3291 1106 ut
3317 1068 3477 1121 Super
3497 1073 3596 1109 nos

2027 1121 2341 1188 dirigantur,
2370 1124 2456 1189 qui
2478 1123 2619 1190 quod
2650 1121 2773 1174 boui
2805 1123 3019 1187 faciunt,
3046 1133 3211 1189 agunt
3234 1140 3326 1187 pro
3354 1128 3595 1179 incrcedu

2029 1198 2361 1244 tcrrenorum
2391 1208 2404 1244 :
2438 1194 2581 1246 velut
2626 1192 2859 1246 carnalis
2907 1193 3129 1256 papulas
3179 1194 3267 1247 ille
3308 1194 3394 1247 cui
3448 1197 3595 1249 facta:

2025 1270 2151 1313 sunt
2178 1260 2556 1330 promissiones
2586 1272 2831 1315 terrenae.
2881 1261 3031 1314 Tunc
3074 1273 3250 1316 autem
3298 1277 3459 1331 super
3497 1281 3596 1318 nos

2024 1343 2186 1397 opera
2218 1342 2399 1402 nostra
2427 1331 2742 1399 diriguntur,
2772 1330 2982 1399 quando
3016 1332 3147 1386 bene
3177 1330 3462 1402 operantur
3498 1350 3596 1401 pro

2026 1399 2274 1454 mercede
2295 1401 2613 1454 cmlestium.
3214 1399 3229 1402 '
3419 1424 3435 1443 .

2095 1468 2163 1522 Et
2202 1485 2331 1537 opus
2356 1486 2617 1540 manuum.
2660 1469 2795 1523 Dicit
2820 1470 3007 1524 beatus
3032 1470 3356 1540 Augustinus
3388 1483 3443 1527 et
3472 1473 3595 1528 Ilie-

2025 1551 2298 1609 ronymus,
2345 1539 2489 1605 quod
2530 1540 2668 1593 istud
2708 1540 2758 1593 in
2797 1539 3135 1607 quibusdam
3164 1542 3597 1598 translationibus

2026 1622 2130 1679 non
2162 1609 2443 1662 invenitur.
2466 1610 2542 1679 Et
2569 1611 2709 1676 quod
2739 1614 2993 1664 asterisco
3023 1613 3103 1664 vel
3144 1611 3298 1665 obelo
3335 1612 3594 1679 signetur,

2022 1677 2074 1750 si
2100 1679 2422 1750 inveniatur.
2453 1678 2766 1750 Sedtameii
2796 1688 2968 1748 potest
2997 1680 3066 1733 ita
3088 1677 3409 1735 continuari:
3435 1677 3591 1750 Quasi

2025 1745 2208 1803 dicat:
2236 1747 2312 1801 lta
2359 1749 2481 1802 dico
2526 1748 2721 1818 dirigas
2765 1745 2947 1815 opera,
3002 1758 3059 1802 ut
3098 1751 3186 1804 illa
3234 1754 3413 1805 omnia
3446 1745 3598 1807 iiant

2030 1833 2188 1870 unum
2238 1832 2395 1884 opus,
2429 1818 2477 1871 id
2508 1829 2609 1881 est,
2639 1834 2758 1871 cuin
2782 1821 3041 1872 charitate
3069 1819 3217 1883 ﬁant,
3246 1832 3300 1875 et
3322 1820 3385 1874 ad
3432 1838 3593 1877 unum

2026 1887 2185 1958 linem
2215 1888 2752 1958 charitatistendant.
2785 1888 2957 1955 Opera
2985 1890 3125 1942 enim
3166 1905 3284 1958 quae
3319 1894 3435 1944 sine
3470 1894 3597 1946 cha-

2027 1956 2184 2010 ritate
2212 1956 2363 2022 liunt,
2397 1956 2526 2009 nihil
2557 1968 2795 2023 prosunt,
2830 1967 2885 2010 iit
2914 1956 3197 2026 Apostolus
3221 1959 3295 2012 ait
3327 1977 3340 2012 :
3373 1960 3436 2014 Si
3477 1973 3598 2015 tra—

2023 2026 2200 2078 didero
2221 2041 2405 2091 corpus
2436 2042 2600 2079 meum
2624 2029 2695 2080 ita
2723 2039 2777 2080 ut
2806 2028 3036 2091 ardeam.
3083 2028 3381 2082 charitatein
3427 2042 3597 2085 autent

2025 2110 2128 2147 non
2174 2095 2415 2157 habuero,
2456 2096 2587 2149 nihil
2621 2112 2749 2149 sum.
2785 2098 2839 2151 Si
2868 2107 3045 2151 autem
3079 2098 3207 2152 liant
3240 2100 3289 2152 in
3315 2100 3594 2165 charitate,

2023 2172 2077 2234 et
2100 2166 2144 2218 si
2178 2167 2339 2218 multa
2371 2165 2479 2219 sint
2505 2168 2556 2219 in
2587 2183 2770 2234 opere,
2798 2183 2958 2221 unum
2988 2178 3164 2223 tamen
3205 2180 3330 2223 sunt
3374 2172 3425 2223 in
3467 2174 3589 2226 line.

2027 2228 2174 2308 Finis
2191 2235 2333 2308 enim
2364 2238 2601 2308 prtrcepii
2624 2228 2848 2290 clamitas
2876 2248 3029 2290 estea:
3052 2238 3203 2292 corde
3229 2255 3375 2308 puro,
3401 2250 3444 2293 et
3468 2256 3592 2294 cou-

2022 2305 2232 2357 scientia
2259 2304 2407 2369 bona,
2439 2314 2485 2359 et
2510 2307 2611 2372 [ide
2639 2323 2739 2359 non
2769 2308 2907 2374 ﬁcta,
2938 2308 3028 2361 sed
3054 2324 3191 2361 vera.

2522 2395 2583 2449 IN
2634 2395 2953 2452 PSALMUM
2993 2398 3101 2451 XC.

2520 2486 2658 2541 Laus
2688 2488 2879 2541 cantici
2913 2488 3098 2542 David.

2621 2594 2995 2634 ARGUMENTUM.

2095 2666 2203 2741 Pro_
2222 2668 2439 2723 victoria
2470 2667 2714 2724 Ezecliia:
2739 2670 2806 2723 de
2837 2671 3065 2741 Assyriis
3103 2683 3365 2729 cantatur.
3424 2676 3594 2730 Aliter

2021 2737 2298 2805 legendum
2314 2741 2379 2792 ad
2400 2741 2736 2795 Evaiiateliuin
2759 2737 3047 2803 Marcifubi
3072 2753 3303 2800 tentatur
3324 2745 3588 2802 Christus.

2024 2804 2135 2861 Vos
2169 2808 2417 2862 Ecclesia:
2444 2811 2507 2862 ad
2538 2808 2837 2864 Dominum.

2633 2919 2976 2959 EXPLANATIO.

2092 2986 2225 3071 .Laus
2265 2992 2447 3071 conligi
2485 2995 2952 3071 divinaiaudatio,
2980 2996 3166 3071 _D.ivid
3192 3001 3309 3071 ipse
3348 3003 3591 3071 propheta

2019 3059 2161 3139 debet
2194 3062 2429 3131 intelligi.
2475 3063 2629 3139 Hune
2668 3066 2913 3135 hymnum
2938 3059 3273 3139 'dtemonibi'is
3311 3059 3397 3139 pia
3424 3059 3589 3136 eonﬁ-

346 3130 968 3215 emi—uinviiiaiiefidvesi,
996 3130 1114 3201 dies
1142 3149 1255 3202 sine
1283 3160 1453 3212 nocte,
1483 3152 1607 3216 quia
1627 3130 1745 3204 sine
1783 3152 1907 3207 line.

2019 3130 2182 3183 deiitia
2206 3148 2400 3216 semper
2435 3130 2758 3202 opponimus,
2796 3146 2851 3188 ut
2880 3153 2912 3188 a
2941 3137 3289 3216 nobis-potius
3311 3130 3444 3193 'inde
3478 3130 3589 3196 vin-

343 3220 512 3285 Tunc,
567 3222 796 3288 inquam,
848 3218 1168 3286 replebimur
1209 3220 1552 3271 misericordia
1593 3232 1696 3286 tua,
1730 3222 1779 3275 id
1809 3233 1909 3286 est,

343 3291 610 3358 duplicem
640 3290 829 3343 stolam
861 3289 1193 3356 recipiemus,
1225 3304 1340 3356 quae
1368 3304 1470 3342 non
1509 3288 1720 3343 dabitur
1760 3292 1913 3345 nobis

342 3375 408 3413 ex
442 3360 635 3413 nostris
667 3360 894 3423 meritis,
934 3372 1229 3426 quanquam
1258 3359 1422 3411 multa
1453 3361 1710 3424 patiamur
1735 3359 1784 3412 in
1814 3364 1913 3415 hoc

342 3430 543 3482 saeculo
577 3446 588 3480 :
621 3430 741 3497 quia
770 3444 872 3480 non
892 3439 1009 3499 sunt
1036 3428 1295 3497 condignas
1326 3430 1578 3493 passiones
1604 3429 1761 3499 hujus
1791 3439 1913 3483 tein-

344 3499 481 3568 poris
515 3499 583 3550 ad
617 3503 842 3568 futuram
878 3497 1115 3561 gloriam,
1154 3511 1267 3566 quis
1304 3499 1606 3551 revelabitur
1646 3497 1697 3568 in
1746 3500 1909 3566 nobis,

345 3570 437 3622 sed
489 3567 700 3621 dabitur
748 3568 899 3621 nobis
927 3568 1040 3621 sola
1071 3568 1429 3620 misericordia
1479 3578 1587 3620 tua.
1622 3567 1711 3621 Vel
1742 3585 1908 3635 mane,

346 3648 611 3691 transacta
657 3639 977 3692 inﬁdelitatis
1022 3645 1195 3702 nocte,
1228 3636 1545 3704 replebimur
1571 3637 1622 3691 in
1654 3636 1752 3691 hac
1802 3639 1911 3693 vita

346 3716 435 3761 tua
466 3708 848 3772 misericordia,
878 3721 980 3776 qua
1010 3720 1186 3771 vocas,
1214 3720 1318 3774 qua
1358 3717 1568 3773 peccata
1615 3708 1909 3775 condonas,

344 3792 445 3843 qua
468 3779 745 3845 justilicas.
780 3777 873 3831 Vel
903 3793 1067 3843 ntane,
1096 3776 1146 3828 id
1170 3789 1270 3843 esti,
1301 3785 1562 3831 transacta
1589 3780 1912 3844 persecutio-

346 3850 433 3899 nis
463 3859 617 3901 iiocte
644 3846 965 3917 replebimur
993 3856 1079 3900 tua
1111 3845 1471 3917 misericordia
1500 3856 1555 3900 et
1594 3850 1677 3901 bic
1703 3860 1757 3902 et
1797 3859 1907 3902 tan-

345 3921 489 3970 dem.
524 3918 587 3971 Et
625 3915 769 3985 tunc,
816 3915 1035 3981 scilicet,
1087 3916 1298 3983 quando
1346 3916 1668 3985 replebimur
1706 3918 1911 3973 miscri-

343 3989 522 4040 cordia
569 3997 677 4051 tua,
730 3987 1112 4041 laetilicabimur
1158 3986 1407 4049 exterius,
1441 3996 1495 4039 et
1530 3989 1911 4041 delectabiinur

344 4055 565 4111 interius
598 4076 612 4111 :
643 4059 798 4127 positi
824 4060 876 4111 in
912 4057 1100 4110 diebus
1128 4056 1351 4127 nostris,
1391 4056 1444 4109 id
1472 4064 1575 4121 est,
1608 4058 1660 4110 in
1701 4060 1910 4111 aeterni-

346 4136 473 4191 tate,
503 4127 591 4179 uhi
613 4126 798 4182 omnes
825 4127 940 4180 dies
971 4126 1137 4197 nostri
1167 4134 1324 4178 erunt
1354 4142 1369 4178 :
1398 4130 1519 4194 quia
1561 4138 1761 4181 tantum
1790 4143 1909 4197 pro-

344 4198 605 4263 licieiiius,
636 4208 689 4252 et
718 4212 984 4265 nunquam
1027 4195 1356 4249 deiicienius.
1402 4200 1456 4249 lu
1492 4198 1591 4251 liac
1620 4198 1760 4251 enim
1792 4195 1909 4252 'vita

346 4282 451 4338 non
500 4282 686 4321 omnes
733 4271 847 4321 dies
892 4274 1111 4333 possunt
1152 4280 1272 4338 esse
1322 4267 1509 4333 nostii,
1547 4267 1669 4335 quia
1716 4268 1911 4338 saepius

344 4335 504 4389 etiam
531 4339 836 4391 dellciemus
864 4351 1019 4404 quam
1062 4337 1418 4402 proﬁciemus.

417 4405 597 4459 Lretati
640 4424 832 4459 sumus.
887 4406 1018 4459 Vere
1056 4406 1372 4471 replebiiuur
1400 4416 1484 4459 tua
1518 4408 1904 4473 iniseric0rdia,

344 4479 468 4544 quia
501 4476 677 4529 Lwtati
715 4493 908 4541 sumus,
940 4477 988 4529 id
1027 4474 1461 4548 est,_la_:t_ab:miir
1490 4478 1541 4531 in
1586 4482 1778 4542 laturo,
1819 4498 1909 4548 pro
1940 4478 1986 4536 D

344 4548 527 4615 quibus
558 4549 730 4599 diebus
759 4564 846 4599 nos
872 4546 1169 4607 humiliasii,
1208 4545 1257 4597 id
1288 4556 1388 4613 est,
1420 4546 1684 4603 humiliari
1719 4560 1773 4604 et
1819 4545 1908 4604 ila-

344 4617 530 4684 gellari
559 4618 840 4683 permisisti
867 4634 879 4666 :
907 4626 961 4669 et
989 4616 1245 4686 prorainiis
1265 4617 1440 4682 quibus
1460 4619 1695 4681 vidimus,
1724 4621 1774 4672 id
1805 4632 1909 4686 est,

348 4689 487 4753 passi
515 4701 698 4740 sumus
720 4692 875 4740 mala.
902 4685 1570 4748 Lwtabimuriu:eteriiuin,
1594 4702 1657 4740 ac
1677 4690 1719 4741 si
1736 4685 1906 4745 dicat:

348 4762 453 4809 t’ro
496 4758 593 4809 hac
636 4759 911 4821 temporali
963 4754 1173 4807 tristitia
1226 4757 1710 4823 recompensaliitur
1758 4763 1911 4817 nobis

344 4830 667 4898 sempiterna
692 4829 889 4879 latitia.
932 4828 1079 4898 Etgut
1105 4826 1344 4898 laetemur
1380 4825 1432 4878 iii
1471 4825 1657 4898 diebus
1692 4832 1910 4898 nostris,

349 4906 405 4948 tu
438 4896 658 4949 Domine
685 4898 773 4964 qui
815 4898 957 4967 prius
986 4894 1275 4960 despexiin
1306 4909 1401 4947 nus
1428 4897 1644 4967 libertos
1674 4894 1908 4967 nostros,

345 4968 541 5032 respice
569 4970 621 5018 in
654 4983 749 5019 nos
778 4981 917 5019 nunc
937 4965 1102 5037 iactos
1125 4975 1446 5037 seruostuos.
1471 4965 1558 5018 Vel
1581 4968 1677 5030 sic,
1701 4965 1913 5037 Respice

346 5040 400 5089 in
430 5051 616 5101 servos,
650 5050 703 5088 ut
740 5038 845 5089 sint
872 5032 1172 5090 conformes
1201 5033 1314 5086 Filii
1347 5037 1437 5087 tui.
1476 5037 1543 5088 Et
1578 5044 1632 5088 ut
1656 5032 1911 5106 majorem

346 5108 771 5161 bencvolentiaiu
793 5116 1083 5172 comparet,
1107 5105 1236 5157 dicit
1265 5121 1277 5155 :
1308 5106 1529 5173 ltespice
1554 5106 1606 5157 in
1628 5105 1779 5173 Opera
1800 5119 1909 5173 tua,

347 5192 454 5230 non
480 5191 595 5243 sua,
622 5177 672 5228 id
696 5186 796 5240 est,
824 5177 873 5228 in
901 5177 1017 5246 illos
1038 5175 1126 5242 qui
1154 5175 1253 5227 lioc
1276 5179 1415 5241 quod
1431 5185 1579 5239 sunt,
1608 5191 1743 5246 Opus
1764 5188 1910 5234 tuum

345 5255 474 5300 sunt
505 5248 665 5315 :rquia
704 5256 758 5300 tu
796 5245 985 5299 creasti
1027 5260 1136 5307 eos,
1181 5255 1234 5296 et
1271 5247 1545 5298 recreasti.
1583 5245 1657 5299 Et
1686 5248 1756 5301 ita
1792 5248 1913 5303 dico

347 5315 574 5384 respice,
604 5318 765 5386 dirige
787 5316 1021 5386 filios,_id
1052 5324 1153 5379 est,
1183 5328 1341 5381 Opera
1381 5330 1576 5368 eorum.
1604 5318 1748 5371 Illius
1771 5321 1912 5375 enim

346 5404 509 5454 opera
539 5384 855 5455 diriguntur,
884 5384 1006 5453 quia
1044 5387 1341 5450 complanat
1387 5386 1711 5441 voluntatem
1761 5404 1912 5444 suam

348 5457 605 5509 Voluntati
627 5457 742 5521 Dei,
775 5459 865 5522 qui
895 5458 961 5510 de
986 5471 1046 5509 se
1080 5472 1182 5508 non
1213 5460 1483 5522 prtesuinit
1521 5466 1574 5525 et
1615 5457 1766 5525 cujus
1805 5461 1915 5524 spi-

347 5536 480 5580 ritus
514 5538 595 5579 est
631 5528 864 5581 creditus
901 5541 1020 5580 cum
1065 5528 1172 5579 Deo
1206 5542 1218 5576 :
1248 5526 1368 5593 quia
1413 5523 1543 5579 nihil
1596 5523 1716 5580 Itoni
1767 5523 1916 5594 putat

344 5614 407 5651 se
431 5596 608 5651 facere
621 5598 737 5650 sine
753 5605 1071 5665 cooperante
1091 5596 1285 5662 Spiritu
1313 5596 1423 5648 Dei.
1455 5595 1547 5649 Vel
1569 5598 1731 5666 dirige
1752 5599 1911 5666 ﬁlios,

348 5668 398 5719 id
432 5679 534 5730 eet,
562 5670 853 5720 imitatores
873 5682 1055 5738 eorum
1085 5667 1250 5735 dirige
1280 5680 1490 5735 semper
1520 5667 1571 5720 iii
1595 5667 1807 5738 medus,
1858 5679 1915 5723 iit

348 5753 453 5791 non
481 5739 587 5790 sint
611 5738 815 5789 distorti
855 5736 1033 5790 corde.

634 5830 898 5888 Ρηιιυιη
937 5829 1155 5888 XClll.

2014 3211 2214 3265 cantur,
2254 3206 2389 3279 unde
2418 3215 2590 3279 eontra
2610 3219 2888 3279 creatorem
2906 3222 3052 3279 suum
3078 3208 3249 3262 dolose
3276 3211 3448 3279 aliqua
3483 3220 3592 3265 len-

2013 3268 2320 3344 taru‘nt._ln
2360 3273 2528 3344 prima
2570 3283 2713 3338 parte
2762 3275 3041 3344 Psalniista
3078 3268 3586 3344 proﬁtetur'omnem

2011 3337 2371 3409 ﬁdelissimum
2412 3337 2585 3392 divina
2627 3344 2935 3409 proiectione
2961 3337 3180 3398 vallari:
3204 3347 3447 3401 Secunda
3486 3351 3592 3403 lau-

2012 3408 2128 3459 dem
2177 3407 2381 3461 Christo
2426 3407 2659 3463 decantat
2735 3411 2906 3464 Tertia
2949 3414 3097 3465 verba
3145 3427 3260 3469 sunt
3305 3417 3475 3472 Patris
3521 3423 3590 3473 ad

2013 3492 2211 3556 omnem
2239 3478 2640 3559 ﬁdelenquuem
2671 3480 2801 3559 inse
2822 3481 3138 3559 depolissime
3163 3502 3370 3559 sperare
3396 3503 3587 3559 cogno-

2011 3546 2126 3609 scil,
2169 3556 2214 3626 et
2245 3547 2296 3599 in
2325 3546 2522 3627 mundo
2565 3550 2661 3603 isto
2704 3550 3070 3620 defensionem,
3110 3564 3158 3607 et
3190 3546 3252 3609 in
3294 3546 3483 3626 futuro"
3508 3559 3587 3612 illi

2010 3630 2221 3684 praetuta
2241 3627 2676 3684 compromttlens.

2585 3723 3015 3766 οοιιιιεκτλιιῐυε.

2086 3794 2189 3868 Qui
2225 3794 2418 3868 habitat
2447 3794 2500 3847 in
2525 3798 2803 3868 adjutorio.
2845 3798 2979 3852 Laus
3015 3803 3197 3856 cantici
3247 3803 3441 3858 David.-
3482 3806 3587 3862 iste

2013 3867 2248 3938 psalmus
2272 3874 2355 3938 est
2381 3866 2447 3918 de
2474 3866 2882 3932 quo'Dominum
2916 3879 3175 3938 nostrum,
3206 3871 3255 3925 id
3284 3884 3387 3938 est,
3420 3874 3582 3930 Chri-

2011 3948 2151 4016 stum
2178 3935 2601 4016 diabolusausus
2629 3945 2713 4016 est
2742 3946 2964 3994 tentare.
3005 3935 3309 4016 Audeamus
3346 3935 3481 4016 ergo
3529 3958 3585 4002 ut

2010 4007 2254 4058 instructi
2299 4004 2564 4072 possimus
2610 4007 2861 4061 resistere
2912 4011 3159 4065 tentatori
3201 4029 3304 4066 non
3344 4014 3395 4068 in
3415 4004 3581 4070 iiobis

2012 4081 2415 4149 praesumentes,
2443 4075 2536 4149 sed
2564 4075 2614 4128 in
2644 4091 2710 4129 eo
2737 4079 2840 4149 qui_
2856 4076 2997 4145 prior
3019 4089 3247 4138 tentatus
3268 4093 3372 4149 est,
3397 4100 3463 4139 ne
3486 4103 3581 4140 nos

2010 4144 2391 4221 intentatione
2420 4144 2769 4221 vinceremur.
2898 4151 3235 4221 attendamus
3279 4144 3418 4221 quod
3466 4156 3582 4219 ipse

2010 4213 2176 4269 voluit
2205 4227 2301 4285 nos
2339 4228 2399 4285 se
2428 4215 2621 4285 imitari
2652 4219 2703 4285 in
2737 4232 2830 4270 sua
2860 4217 3178 4285 humilitate,
3215 4213 3318 4275 non
3363 4225 3413 4277 in
3459 4213 3583 4278 ina-

2010 4285 2224 4355 jestate.
2265 4282 2397 4348 Quia
2433 4284 2565 4355 dixit
2600 4303 2611 4337 :
2646 4284 2835 4340 Discite
2864 4304 2896 4339 a
2925 4306 3022 4352 me,
3056 4282 3175 4355 quia
3211 4293 3346 4346 mitis
3382 4309 3493 4345 sum
3535 4308 3581 4349 et

2010 4354 2216 4407 humilis
2245 4354 2414 4430 corde.
2446 4353 2512 4430 Et
2537 4356 2581 4408 si
2610 4357 2893 4430 aliquando
2922 4353 3162 4430 tentatur
3208 4362 3321 4429 ipse
3362 4364 3439 4416 vel
3486 4379 3579 4430 per

2012 4440 2071 4477 se
2113 4425 2343 4489 occulte,
2386 4425 2467 4479 vel
2490 4439 2599 4501 per
2627 4427 2761 4501 tilias
2788 4425 3110 4501 difﬁdentiae,
3145 4431 3195 4484 in
3221 4425 3411 4498 quibus
3443 4425 3574 4501 ope-

2015 4504 2161 4547 ratur
2188 4504 2459 4567 ‘tanquain
2490 4497 2539 4567 iii
2581 4495 2718 4549 vasis
2764 4496 2896 4561 suis,
2943 4498 3132 4566 ingerit
3178 4495 3326 4553 nobis
3371 4495 3573 4567 ali-tuas

2016 4565 2359 4641 tentationes,
2387 4566 2771 4631 tribulationes,
2805 4565 3076 4641 molestias
3104 4572 3407 4636 corporales
3441 4565 3575 4641 :p-i-

2015 4637 2206 4687 tienter
2233 4636 2608 4697 sustiiicaiuus,
2641 4646 2694 4688 et
2721 4650 2839 4687 cuin
2879 4636 3022 4689 omni
3074 4636 3498 4694 mansuetudine
3524 4656 3576 4695 et

2015 4705 2308 4756 humilitate
2339 4705 2644 4765 toleremus,
2680 4706 2815 4756 sicut
2836 4704 2949 4770 ipse
2966 4721 3059 4773 pro
3087 4709 3239 4761 nobis
3268 4709 3429 4763 voluit
3459 4721 3575 4765 ten-

2018 4777 2136 4836 tari,
2163 4774 2438 4840 ﬂagellari,
2468 4783 2570 4827 etc.
2603 4773 2734 4838 Quia
2759 4773 2998 4842 quisquis
3032 4778 3109 4830 sic
3166 4778 3398 4833 imitatur
3422 4780 3576 4834 Chri-

2013 4852 2243 4915 stumAut
2271 4844 2535 4909 patienter
2564 4844 2753 4915 toleret
2780 4843 2935 4910 hujus
2960 4845 3079 4898 vitae
3108 4849 3443 4915 tentationes,
3478 4857 3573 4905 tri-

2017 4912 2313 4987 bulationcs
2337 4913 3050 4987 et.molestias__corporales
3077 4925 3129 4969 et
3156 4933 3304 4987 spem
3355 4912 3568 4975 omnem

2018 4981 2070 5053 in
2101 4997 2165 5034 eo
2195 4982 2376 5053 ponit,
2394 4980 2462 5035 ita
2492 4994 2548 5034 ut
2578 4996 2675 5053 nec
2703 4982 2951 5037 illecebra
2975 4980 3233 5053 capiatur,
3260 5002 3356 5043 nec
3377 4993 3570 5045 timore

2014 5050 2284 5119 frangatur
2317 5068 2329 5102 :
2365 5050 2449 5104 hic
2476 5051 2672 5119 estqui
2700 5053 2945 5119 exemplo
2995 5050 3199 5110 Domini
3220 5050 3324 5113 'sui
3371 5059 3570 5113 habitat

2016 5123 2067 5174 in
2112 5121 2376 5193 adjutorio
2416 5120 2707 5193 Altissimi,
2747 5132 2801 5175 et
2843 5124 2893 5175 iit
2938 5128 3263 5193 protectione
3308 5127 3400 5183 Dei
3450 5127 3578 5184 οωΙὶ

2014 5190 2460 5265 eomniorabitur._
2507 5192 2810 5265 Praevidens
2862 5190 3123 5263 Propheta
3176 5212 3268 5265 per
3317 5199 3568 5265 Spiritum

2012 5274 2249 5337 sanctum
2272 5262 2551 5337 quemdam
2577 5264 2633 5337 iii
2667 5263 2898 5317 humano
2917 5262 3115 5337 genere
3134 5262 3455 5331 adfuturum,
3479 5269 3567 5337 qui

2013 5330 2166 5383 nobis
2193 5340 2336 5385 esset
2358 5330 2681 5400 adiutorium
2708 5340 2762 5386 et
2788 5330 3110 5399 exenplum,
3144 5350 3209 5388 ne
3239 5350 3334 5389 nos
3364 5338 3412 5391 in
3442 5330 3570 5391 ten-

2015 5400 2297 5453 tationibu,
2328 5402 2678 5464 vinceremur,
2711 5417 2777 5455 ne
2807 5406 3051 5457 tentatori
3096 5406 3427 5468 cedereinus,
3471 5422 3568 5461 nec

2014 5471 2271 5542 molestiis
2299 5473 2377 5542 v_el
2409 5470 2569 5524 illatis
2595 5471 2746 5525 nobis
2777 5470 2981 5538 injuriis
3010 5472 3391 5542 fraiigereinur,
3432 5478 3572 5531 sicut

2020 5539 2108 5592 ille
2135 5545 2279 5611 prius
2312 5540 2405 5592 fuit
2433 5542 2730 5608 exemplum
2760 5542 2978 5611 cadendi
3006 5551 3060 5597 et
3087 5539 3349 5605 vincendi,
3382 5546 3431 5600 id
3461 5558 3568 5611 est,

2016 5619 2071 5683 tit
2102 5606 2428 5683 vinceremur
2459 5626 2473 5662 :
2507 5606 2607 5683 hoc
2647 5610 2959 5683 praevidens,
2997 5611 3227 5680 inquam,
3278 5606 3567 5683 Propheta;

2016 5677 2195 5753 laudat
2222 5679 2389 5753 illum,
2420 5694 2486 5733 ex
2502 5748 2512 5753 Α
2529 5681 2828 5753 devotione.
2846 5682 2929 5753 Et
2956 5677 3290 5739 non—tantum
3340 5677 3568 5753 pertinet

2016 5748 2080 5801 ad
2111 5747 2473 5817 devotionem,
2502 5748 2550 5804 id
2580 5758 2681 5816 est,
2710 5750 2777 5804 ad
2807 5752 2942 5820 piam
2970 5761 3023 5807 et
3050 5765 3298 5808 aiteiitazn
3331 5747 3565 5812 fl'lectio-

3116 5845 3182 5904 3i
