  <div class='ocr_page' id='page_1' title='image "/cluster/home/n/w/nwhite01/storage/ocr_20150623/93/hvd.32044052820016/493.png"; bbox 0 0 4026 6200; ppageno 0'>
   <div class='ocr_carea' id='block_1_1' title="bbox 431 319 526 376">
    <p class='ocr_par' dir='ltr' id='par_1_1' title="bbox 431 319 526 376">
     <span class='ocr_line' id='line_1_1' title="bbox 431 319 526 376; baseline -0.042 0"><span class='ocrx_word' id='word_1_1' title='bbox 431 319 526 376; x_wconf 68' lang='grc'><strong>971</strong></span> 
     </span>
    </p>
   </div>
   <div class='ocr_carea' id='block_1_2' title="bbox 897 283 2018 368">
    <p class='ocr_par' dir='ltr' id='par_1_2' title="bbox 897 299 1991 368">
     <span class='ocr_line' id='line_1_2' title="bbox 897 299 1991 368; baseline -0.014 -1"><span class='ocrx_word' id='word_1_2' title='bbox 897 311 1096 368; x_wconf 69' lang='grc' dir='ltr'><strong>ΒΕῡῶ</strong></span> <span class='ocrx_word' id='word_1_3' title='bbox 1141 306 1582 364; x_wconf 57' lang='grc' dir='ltr'>ιἘΝειιλιιιιιε</span> <span class='ocrx_word' id='word_1_4' title='bbox 1622 303 1772 357; x_wconf 75' lang='grc' dir='ltr'><strong>ΟῘΨ.</strong></span> <span class='ocrx_word' id='word_1_5' title='bbox 1816 299 1991 355; x_wconf 77' lang='lat' dir='ltr'><strong>PAﬂS</strong></span> 
     </span>
    </p>
   </div>
   <div class='ocr_carea' id='block_1_3' title="bbox 2122 283 3225 368">
    <p class='ocr_par' dir='ltr' id='par_1_3' title="bbox 2135 283 3225 353">
     <span class='ocr_line' id='line_1_3' title="bbox 2135 283 3225 353; baseline -0.015 0"><span class='ocrx_word' id='word_1_6' title='bbox 2135 296 2326 353; x_wconf 73' lang='lat' dir='ltr'><strong>SECT.</strong></span> <span class='ocrx_word' id='word_1_7' title='bbox 2371 294 2435 350; x_wconf 91' lang='lat' dir='ltr'><strong>ll.</strong></span> <span class='ocrx_word' id='word_1_8' title='bbox 2472 322 2542 335; x_wconf 93' lang='lat'><strong>—</strong></span> <span class='ocrx_word' id='word_1_9' title='bbox 2581 283 2782 348; x_wconf 70' lang='grc' dir='ltr'><strong>Μ]οΗ</strong></span> <span class='ocrx_word' id='word_1_10' title='bbox 2830 289 2914 343; x_wconf 73' lang='lat' dir='ltr'><strong>ET</strong></span> <span class='ocrx_word' id='word_1_11' title='bbox 2955 287 3225 344; x_wconf 76' lang='lat' dir='ltr'><strong>SPURH.</strong></span> 
     </span>
    </p>
   </div>
   <div class='ocr_carea' id='block_1_4' title="bbox 3580 282 3691 341">
    <p class='ocr_par' dir='ltr' id='par_1_4' title="bbox 3580 282 3691 341">
     <span class='ocr_line' id='line_1_4' title="bbox 3580 282 3691 341; baseline -0.054 -1"><span class='ocrx_word' id='word_1_12' title='bbox 3580 282 3691 341; x_wconf 68' lang='grc' dir='ltr'><strong>9ῗῖ</strong></span> 
     </span>
    </p>
   </div>
   <div class='ocr_carea' id='block_1_5' title="bbox 436 397 3689 497">
    <p class='ocr_par' dir='ltr' id='par_1_5' title="bbox 436 397 3689 497">
     <span class='ocr_line' id='line_1_5' title="bbox 436 397 3689 497; baseline -0.011 -9"><span class='ocrx_word' id='word_1_13' title='bbox 436 448 561 489; x_wconf 81' lang='lat' dir='ltr'><strong>nem</strong></span> <span class='ocrx_word' id='word_1_14' title='bbox 593 445 715 497; x_wconf 72' lang='lat' dir='ltr'><strong>erga</strong></span> <span class='ocrx_word' id='word_1_15' title='bbox 743 428 933 493; x_wconf 83' lang='lat' dir='ltr'><strong>Deum,</strong></span> <span class='ocrx_word' id='word_1_16' title='bbox 960 422 1451 497; x_wconf 79' lang='lat' dir='ltr'><strong>cattlicumvcroad</strong></span> <span class='ocrx_word' id='word_1_17' title='bbox 1476 419 1902 497; x_wconf 74' lang='lat' dir='ltr'><strong>exsultationem.</strong></span> <span class='ocrx_word' id='word_1_18' title='bbox 1938 415 2001 469; x_wconf 85' lang='lat' dir='ltr'><strong>Et</strong></span> <span class='ocrx_word' id='word_1_19' title='bbox 2036 418 2074 471; x_wconf 72' lang='grc' dir='ltr'><strong>Α</strong></span> <span class='ocrx_word' id='word_1_20' title='bbox 2108 412 2246 493; x_wconf 73' lang='lat' dir='ltr'><strong>inde</strong></span> <span class='ocrx_word' id='word_1_21' title='bbox 2284 410 2423 497; x_wconf 71' lang='lat' dir='ltr'><strong>quod</strong></span> <span class='ocrx_word' id='word_1_22' title='bbox 2475 405 2652 464; x_wconf 88' lang='lat' dir='ltr'><strong>taliter</strong></span> <span class='ocrx_word' id='word_1_23' title='bbox 2682 406 2754 461; x_wconf 86' lang='lat' dir='ltr'><strong>illi</strong></span> <span class='ocrx_word' id='word_1_24' title='bbox 2789 405 3039 483; x_wconf 77' lang='lat' dir='ltr'><strong>olijicitur</strong></span> <span class='ocrx_word' id='word_1_25' title='bbox 3087 397 3467 470; x_wconf 74' lang='lat' dir='ltr'><strong>superbiendo,</strong></span> <span class='ocrx_word' id='word_1_26' title='bbox 3512 398 3598 452; x_wconf 83' lang='lat' dir='ltr'><strong>ille</strong></span> <span class='ocrx_word' id='word_1_27' title='bbox 3627 412 3689 452; x_wconf 78' lang='lat' dir='ltr'><strong>se</strong></span> 
     </span>
    </p>
   </div>
   <div class='ocr_carea' id='block_1_6' title="bbox 427 489 1994 562">
    <p class='ocr_par' dir='ltr' id='par_1_6' title="bbox 427 489 1994 562">
     <span class='ocr_line' id='line_1_6' title="bbox 427 489 1994 562; baseline -0.016 -2"><span class='ocrx_word' id='word_1_28' title='bbox 427 506 551 560; x_wconf 86' lang='lat' dir='ltr'><strong>ideo</strong></span> <span class='ocrx_word' id='word_1_29' title='bbox 599 489 787 556; x_wconf 76' lang='lat' dir='ltr'><strong>merito</strong></span> <span class='ocrx_word' id='word_1_30' title='bbox 821 489 1010 551; x_wconf 85' lang='lat' dir='ltr'><strong>dicitur</strong></span> <span class='ocrx_word' id='word_1_31' title='bbox 1044 498 1142 547; x_wconf 88' lang='lat' dir='ltr'><strong>iste</strong></span> <span class='ocrx_word' id='word_1_32' title='bbox 1173 495 1408 562; x_wconf 83' lang='lat' dir='ltr'><strong>psalmus</strong></span> <span class='ocrx_word' id='word_1_33' title='bbox 1434 493 1545 562; x_wconf 84' lang='lat' dir='ltr'><strong>laus</strong></span> <span class='ocrx_word' id='word_1_34' title='bbox 1578 490 1783 562; x_wconf 72' lang='lat' dir='ltr'><strong>cantici,</strong></span> <span class='ocrx_word' id='word_1_35' title='bbox 1814 489 1863 562; x_wconf 83' lang='lat' dir='ltr'><strong>id</strong></span> <span class='ocrx_word' id='word_1_36' title='bbox 1892 499 1994 548; x_wconf 81' lang='lat' dir='ltr'><strong>cst,</strong></span> 
     </span>
    </p>
   </div>
   <div class='ocr_carea' id='block_1_7' title="bbox 427 558 1999 633">
    <p class='ocr_par' dir='ltr' id='par_1_7' title="bbox 427 558 1999 633">
     <span class='ocr_line' id='line_1_7' title="bbox 427 558 1999 633; baseline -0.014 -2"><span class='ocrx_word' id='word_1_37' title='bbox 427 558 543 633; x_wconf 81' lang='lat' dir='ltr'><strong>laus</strong></span> <span class='ocrx_word' id='word_1_38' title='bbox 588 569 903 627; x_wconf 79' lang='lat' dir='ltr'><strong>exsultativa</strong></span> <span class='ocrx_word' id='word_1_39' title='bbox 936 567 1015 620; x_wconf 90' lang='lat' dir='ltr'><strong>vel</strong></span> <span class='ocrx_word' id='word_1_40' title='bbox 1050 558 1308 616; x_wconf 74' lang='lat' dir='ltr'><strong>laudativa</strong></span> <span class='ocrx_word' id='word_1_41' title='bbox 1358 560 1667 621; x_wconf 75' lang='lat' dir='ltr'><strong>exsultatio,</strong></span> <span class='ocrx_word' id='word_1_42' title='bbox 1700 560 1818 633; x_wconf 81' lang='lat' dir='ltr'><strong>quia</strong></span> <span class='ocrx_word' id='word_1_43' title='bbox 1851 558 1902 610; x_wconf 91' lang='lat' dir='ltr'><strong>in</strong></span> <span class='ocrx_word' id='word_1_44' title='bbox 1934 571 1999 610; x_wconf 90' lang='lat' dir='ltr'><strong>c0</strong></span> 
     </span>
    </p>
   </div>
   <div class='ocr_carea' id='block_1_8' title="bbox 427 631 1999 703">
    <p class='ocr_par' dir='ltr' id='par_1_8' title="bbox 427 631 1999 703">
     <span class='ocr_line' id='line_1_8' title="bbox 427 631 1999 703; baseline -0.014 -3"><span class='ocrx_word' id='word_1_45' title='bbox 427 631 605 700; x_wconf 83' lang='lat' dir='ltr'><strong>laudat</strong></span> <span class='ocrx_word' id='word_1_46' title='bbox 628 656 773 703; x_wconf 90' lang='lat' dir='ltr'><strong>eum,</strong></span> <span class='ocrx_word' id='word_1_47' title='bbox 806 638 945 690; x_wconf 91' lang='lat' dir='ltr'><strong>unde</strong></span> <span class='ocrx_word' id='word_1_48' title='bbox 978 634 1126 688; x_wconf 86' lang='lat' dir='ltr'><strong>nobis</strong></span> <span class='ocrx_word' id='word_1_49' title='bbox 1151 633 1467 697; x_wconf 72' lang='lat' dir='ltr'><strong>adiutorium</strong></span> <span class='ocrx_word' id='word_1_50' title='bbox 1495 640 1548 682; x_wconf 87' lang='lat' dir='ltr'><strong>et</strong></span> <span class='ocrx_word' id='word_1_51' title='bbox 1578 631 1908 703; x_wconf 78' lang='lat' dir='ltr'><strong>exemplum,</strong></span> <span class='ocrx_word' id='word_1_52' title='bbox 1945 635 1999 703; x_wconf 85' lang='lat' dir='ltr'><strong>et</strong></span> 
     </span>
    </p>
   </div>
   <div class='ocr_carea' id='block_1_9' title="bbox 426 697 1998 770">
    <p class='ocr_par' dir='ltr' id='par_1_9' title="bbox 426 697 1998 770">
     <span class='ocr_line' id='line_1_9' title="bbox 426 697 1998 770; baseline -0.016 1"><span class='ocrx_word' id='word_1_53' title='bbox 426 697 548 770; x_wconf 77' lang='lat' dir='ltr'><strong>eum</strong></span> <span class='ocrx_word' id='word_1_54' title='bbox 602 697 861 765; x_wconf 81' lang='lat' dir='ltr'><strong>laudando</strong></span> <span class='ocrx_word' id='word_1_55' title='bbox 911 709 1140 760; x_wconf 80' lang='lat' dir='ltr'><strong>exsultat</strong></span> <span class='ocrx_word' id='word_1_56' title='bbox 1192 705 1372 756; x_wconf 79' lang='lat' dir='ltr'><strong>dicens</strong></span> <span class='ocrx_word' id='word_1_57' title='bbox 1412 704 1481 754; x_wconf 90' lang='lat' dir='ltr'><strong>ita</strong></span> <span class='ocrx_word' id='word_1_58' title='bbox 1516 719 1528 753; x_wconf 86' lang='lat'><strong>:</strong></span> <span class='ocrx_word' id='word_1_59' title='bbox 1561 699 1662 767; x_wconf 84' lang='lat' dir='ltr'><strong>Qui</strong></span> <span class='ocrx_word' id='word_1_60' title='bbox 1690 699 1902 770; x_wconf 15' lang='lat' dir='ltr'><strong>rhubitat</strong></span> <span class='ocrx_word' id='word_1_61' title='bbox 1948 697 1998 770; x_wconf 81' lang='lat' dir='ltr'><strong>in</strong></span> 
     </span>
    </p>
   </div>
   <div class='ocr_carea' id='block_1_10' title="bbox 427 768 1997 856">
    <p class='ocr_par' dir='ltr' id='par_1_10' title="bbox 427 768 1997 856">
     <span class='ocr_line' id='line_1_10' title="bbox 427 768 1997 856; baseline -0.012 -19"><span class='ocrx_word' id='word_1_62' title='bbox 427 768 707 856; x_wconf 75' lang='lat' dir='ltr'><strong>adjutorio,</strong></span> <span class='ocrx_word' id='word_1_63' title='bbox 758 788 860 856; x_wconf 76' lang='lat' dir='ltr'><strong>etc.</strong></span> <span class='ocrx_word' id='word_1_64' title='bbox 894 776 1052 856; x_wconf 75' lang='lat' dir='ltr'><strong>Quasi</strong></span> <span class='ocrx_word' id='word_1_65' title='bbox 1097 776 1237 856; x_wconf 78' lang='lat' dir='ltr'><strong>dicat</strong></span> <span class='ocrx_word' id='word_1_66' title='bbox 1272 773 1527 856; x_wconf 74' lang='lat' dir='ltr'><strong>:_Pos_itus</strong></span> <span class='ocrx_word' id='word_1_67' title='bbox 1577 768 1916 856; x_wconf 62' lang='lat' dir='ltr'><strong>quidamiuit</strong></span> <span class='ocrx_word' id='word_1_68' title='bbox 1946 768 1997 819; x_wconf 91' lang='lat' dir='ltr'><strong>in</strong></span> 
     </span>
    </p>
   </div>
   <div class='ocr_carea' id='block_1_11' title="bbox 430 839 1997 922">
    <p class='ocr_par' dir='ltr' id='par_1_11' title="bbox 430 839 1997 922">
     <span class='ocr_line' id='line_1_11' title="bbox 430 839 1997 922; baseline -0.01 -16"><span class='ocrx_word' id='word_1_69' title='bbox 430 839 703 922; x_wconf 60' lang='lat' dir='ltr'><strong>adjtitorio</strong></span> <span class='ocrx_word' id='word_1_70' title='bbox 746 839 1013 922; x_wconf 70' lang='lat' dir='ltr'><strong>Altissiini,</strong></span> <span class='ocrx_word' id='word_1_71' title='bbox 1040 846 1132 922; x_wconf 82' lang='lat' dir='ltr'><strong>sed</strong></span> <span class='ocrx_word' id='word_1_72' title='bbox 1165 860 1267 922; x_wconf 70' lang='lat' dir='ltr'><strong>ppu</strong></span> <span class='ocrx_word' id='word_1_73' title='bbox 1303 841 1655 922; x_wconf 62' lang='lat' dir='ltr'><strong>habitavitibi</strong></span> <span class='ocrx_word' id='word_1_74' title='bbox 1688 857 1700 892; x_wconf 75' lang='grc' dir='ltr'>ε</span> <span class='ocrx_word' id='word_1_75' title='bbox 1731 839 1853 922; x_wconf 73' lang='lat' dir='ltr'><strong>quia</strong></span> <span class='ocrx_word' id='word_1_76' title='bbox 1894 852 1997 890; x_wconf 90' lang='lat' dir='ltr'><strong>non</strong></span> 
     </span>
    </p>
   </div>
   <div class='ocr_carea' id='block_1_12' title="bbox 428 909 2000 990">
    <p class='ocr_par' dir='ltr' id='par_1_12' title="bbox 428 909 2000 990">
     <span class='ocr_line' id='line_1_12' title="bbox 428 909 2000 990; baseline -0.01 -15"><span class='ocrx_word' id='word_1_77' title='bbox 428 909 802 990; x_wconf 71' lang='lat' dir='ltr'><strong>peiseveravit,</strong></span> <span class='ocrx_word' id='word_1_78' title='bbox 832 920 1031 990; x_wconf 74' lang='lat' dir='ltr'><strong>imoab</strong></span> <span class='ocrx_word' id='word_1_79' title='bbox 1053 916 1353 990; x_wconf 77' lang='lat' dir='ltr'><strong>obedientia</strong></span> <span class='ocrx_word' id='word_1_80' title='bbox 1385 912 1621 990; x_wconf 80' lang='lat' dir='ltr'><strong>recessit,</strong></span> <span class='ocrx_word' id='word_1_81' title='bbox 1648 909 1858 990; x_wconf 75' lang='lat' dir='ltr'><strong>quando</strong></span> <span class='ocrx_word' id='word_1_82' title='bbox 1889 924 2000 989; x_wconf 72' lang='lat' dir='ltr'><strong>ma~</strong></span> 
     </span>
    </p>
   </div>
   <div class='ocr_carea' id='block_1_13' title="bbox 430 979 1999 1047">
    <p class='ocr_par' dir='ltr' id='par_1_13' title="bbox 430 979 1999 1047">
     <span class='ocr_line' id='line_1_13' title="bbox 430 979 1999 1047; baseline -0.012 -1"><span class='ocrx_word' id='word_1_83' title='bbox 430 979 555 1047; x_wconf 73' lang='lat' dir='ltr'><strong>itum</strong></span> <span class='ocrx_word' id='word_1_84' title='bbox 607 1004 756 1044; x_wconf 92' lang='lat' dir='ltr'><strong>suam</strong></span> <span class='ocrx_word' id='word_1_85' title='bbox 786 979 847 1041; x_wconf 85' lang='lat' dir='ltr'><strong>ad</strong></span> <span class='ocrx_word' id='word_1_86' title='bbox 881 986 1061 1039; x_wconf 89' lang='lat' dir='ltr'><strong>illicita</strong></span> <span class='ocrx_word' id='word_1_87' title='bbox 1094 985 1381 1047; x_wconf 83' lang='lat' dir='ltr'><strong>extendit;</strong></span> <span class='ocrx_word' id='word_1_88' title='bbox 1414 992 1467 1035; x_wconf 91' lang='lat' dir='ltr'><strong>et</strong></span> <span class='ocrx_word' id='word_1_89' title='bbox 1498 984 1549 1033; x_wconf 90' lang='lat' dir='ltr'><strong>in</strong></span> <span class='ocrx_word' id='word_1_90' title='bbox 1580 997 1677 1034; x_wconf 87' lang='lat' dir='ltr'><strong>suo</strong></span> <span class='ocrx_word' id='word_1_91' title='bbox 1736 979 1999 1045; x_wconf 89' lang='lat' dir='ltr'><strong>adjutorio</strong></span> 
     </span>
    </p>
   </div>
   <div class='ocr_carea' id='block_1_14' title="bbox 426 1050 2000 1126">
    <p class='ocr_par' dir='ltr' id='par_1_14' title="bbox 426 1050 2000 1126">
     <span class='ocr_line' id='line_1_14' title="bbox 426 1050 2000 1126; baseline -0.011 -7"><span class='ocrx_word' id='word_1_92' title='bbox 426 1077 548 1118; x_wconf 83' lang='lat' dir='ltr'><strong>esse</strong></span> <span class='ocrx_word' id='word_1_93' title='bbox 582 1062 770 1126; x_wconf 85' lang='lat' dir='ltr'><strong>voluit,</strong></span> <span class='ocrx_word' id='word_1_94' title='bbox 803 1056 1014 1126; x_wconf 84' lang='lat' dir='ltr'><strong>quando</strong></span> <span class='ocrx_word' id='word_1_95' title='bbox 1038 1055 1105 1107; x_wconf 90' lang='lat' dir='ltr'><strong>de</strong></span> <span class='ocrx_word' id='word_1_96' title='bbox 1133 1069 1192 1106; x_wconf 87' lang='lat' dir='ltr'><strong>se</strong></span> <span class='ocrx_word' id='word_1_97' title='bbox 1224 1052 1578 1126; x_wconf 76' lang='lat' dir='ltr'><strong>prmsnmpsit,</strong></span> <span class='ocrx_word' id='word_1_98' title='bbox 1606 1060 1659 1105; x_wconf 89' lang='lat' dir='ltr'><strong>et</strong></span> <span class='ocrx_word' id='word_1_99' title='bbox 1691 1050 1831 1126; x_wconf 81' lang='lat' dir='ltr'><strong>Deus</strong></span> <span class='ocrx_word' id='word_1_100' title='bbox 1856 1062 2000 1109; x_wconf 86' lang='lat' dir='ltr'><strong>esse,</strong></span> 
     </span>
    </p>
   </div>
   <div class='ocr_carea' id='block_1_15' title="bbox 426 1122 1999 1194">
    <p class='ocr_par' dir='ltr' id='par_1_15' title="bbox 426 1122 1999 1194">
     <span class='ocr_line' id='line_1_15' title="bbox 426 1122 1999 1194; baseline -0.012 -7"><span class='ocrx_word' id='word_1_101' title='bbox 426 1144 479 1187; x_wconf 85' lang='lat' dir='ltr'><strong>ct</strong></span> <span class='ocrx_word' id='word_1_102' title='bbox 507 1134 574 1187; x_wconf 92' lang='lat' dir='ltr'><strong>de</strong></span> <span class='ocrx_word' id='word_1_103' title='bbox 601 1142 727 1185; x_wconf 90' lang='lat' dir='ltr'><strong>nutu</strong></span> <span class='ocrx_word' id='word_1_104' title='bbox 758 1122 856 1183; x_wconf 83' lang='lat' dir='ltr'><strong>suo</strong></span> <span class='ocrx_word' id='word_1_105' title='bbox 882 1125 1117 1194; x_wconf 88' lang='lat' dir='ltr'><strong>pendere</strong></span> <span class='ocrx_word' id='word_1_106' title='bbox 1140 1126 1322 1177; x_wconf 89' lang='lat' dir='ltr'><strong>voluit.</strong></span> <span class='ocrx_word' id='word_1_107' title='bbox 1355 1123 1575 1194; x_wconf 82' lang='lat' dir='ltr'><strong>Quando</strong></span> <span class='ocrx_word' id='word_1_108' title='bbox 1603 1122 1999 1194; x_wconf 56' lang='lat' dir='ltr'><strong>suggedionem</strong></span> 
     </span>
    </p>
   </div>
   <div class='ocr_carea' id='block_1_16' title="bbox 427 1189 1999 1271">
    <p class='ocr_par' dir='ltr' id='par_1_16' title="bbox 427 1189 1999 1271">
     <span class='ocr_line' id='line_1_16' title="bbox 427 1189 1999 1271; baseline -0.011 -16"><span class='ocrx_word' id='word_1_109' title='bbox 427 1221 455 1255; x_wconf 87' lang='lat' dir='ltr'><strong>a</strong></span> <span class='ocrx_word' id='word_1_110' title='bbox 489 1210 735 1271; x_wconf 89' lang='lat' dir='ltr'><strong>serpente</strong></span> <span class='ocrx_word' id='word_1_111' title='bbox 766 1189 984 1271; x_wconf 73' lang='lat' dir='ltr'><strong>audivit,</strong></span> <span class='ocrx_word' id='word_1_112' title='bbox 1016 1194 1240 1248; x_wconf 90' lang='lat' dir='ltr'><strong>credidit</strong></span> <span class='ocrx_word' id='word_1_113' title='bbox 1270 1193 1407 1271; x_wconf 84' lang='lat' dir='ltr'><strong>quod</strong></span> <span class='ocrx_word' id='word_1_114' title='bbox 1451 1193 1691 1271; x_wconf 58' lang='lat' dir='ltr'><strong>promisit</strong></span> <span class='ocrx_word' id='word_1_115' title='bbox 1732 1189 1999 1268; x_wconf 48' lang='grc' dir='ltr'>(ιιυιωιυς,</span> 
     </span>
    </p>
   </div>
   <div class='ocr_carea' id='block_1_17' title="bbox 428 1260 1997 1337">
    <p class='ocr_par' dir='ltr' id='par_1_17' title="bbox 428 1260 1997 1337">
     <span class='ocr_line' id='line_1_17' title="bbox 428 1260 1997 1337; baseline -0.01 -9"><span class='ocrx_word' id='word_1_116' title='bbox 428 1284 482 1327; x_wconf 83' lang='grc' dir='ltr'><strong>ει</strong></span> <span class='ocrx_word' id='word_1_117' title='bbox 509 1260 712 1328; x_wconf 79' lang='lat' dir='ltr'><strong>invenit</strong></span> <span class='ocrx_word' id='word_1_118' title='bbox 737 1269 875 1337; x_wconf 88' lang='lat' dir='ltr'><strong>quod</strong></span> <span class='ocrx_word' id='word_1_119' title='bbox 908 1270 1138 1337; x_wconf 88' lang='lat' dir='ltr'><strong>minatus</strong></span> <span class='ocrx_word' id='word_1_120' title='bbox 1170 1276 1251 1317; x_wconf 86' lang='lat' dir='ltr'><strong>est</strong></span> <span class='ocrx_word' id='word_1_121' title='bbox 1285 1260 1997 1337; x_wconf 29' lang='lat' dir='ltr'><strong>Deus._QiiidA.tni_autem‘in</strong></span> 
     </span>
    </p>
   </div>
   <div class='ocr_carea' id='block_1_18' title="bbox 430 1329 2000 1408">
    <p class='ocr_par' dir='ltr' id='par_1_18' title="bbox 430 1329 2000 1408">
     <span class='ocr_line' id='line_1_18' title="bbox 430 1329 2000 1408; baseline -0.011 -11"><span class='ocrx_word' id='word_1_122' title='bbox 430 1344 665 1397; x_wconf 85' lang='lat' dir='ltr'><strong>humano</strong></span> <span class='ocrx_word' id='word_1_123' title='bbox 696 1329 892 1408; x_wconf 77' lang='lat' dir='ltr'><strong>genere</strong></span> <span class='ocrx_word' id='word_1_124' title='bbox 918 1348 997 1389; x_wconf 91' lang='lat' dir='ltr'><strong>cst</strong></span> <span class='ocrx_word' id='word_1_125' title='bbox 1026 1336 1303 1408; x_wconf 68' lang='lat' dir='ltr'><strong>affuturus,</strong></span> <span class='ocrx_word' id='word_1_126' title='bbox 1352 1334 1555 1408; x_wconf 84' lang='lat' dir='ltr'><strong>scilicet</strong></span> <span class='ocrx_word' id='word_1_127' title='bbox 1594 1331 1807 1384; x_wconf 81' lang='lat' dir='ltr'><strong>Christo</strong></span> <span class='ocrx_word' id='word_1_128' title='bbox 1850 1329 2000 1396; x_wconf 86' lang='lat' dir='ltr'><strong>adju-</strong></span> 
     </span>
    </p>
   </div>
   <div class='ocr_carea' id='block_1_19' title="bbox 428 1404 2001 1475">
    <p class='ocr_par' dir='ltr' id='par_1_19' title="bbox 428 1404 2001 1475">
     <span class='ocr_line' id='line_1_19' title="bbox 428 1404 2001 1475; baseline -0.012 -7"><span class='ocrx_word' id='word_1_129' title='bbox 428 1415 618 1468; x_wconf 83' lang='lat' dir='ltr'><strong>l0riuin</strong></span> <span class='ocrx_word' id='word_1_130' title='bbox 653 1404 721 1464; x_wconf 37' lang='lat' dir='ltr'><strong>etv</strong></span> <span class='ocrx_word' id='word_1_131' title='bbox 746 1408 1048 1475; x_wconf 83' lang='lat' dir='ltr'><strong>exemplum</strong></span> <span class='ocrx_word' id='word_1_132' title='bbox 1091 1406 1336 1457; x_wconf 90' lang='lat' dir='ltr'><strong>omnibus</strong></span> <span class='ocrx_word' id='word_1_133' title='bbox 1362 1406 1461 1475; x_wconf 90' lang='lat' dir='ltr'><strong>_qui</strong></span> <span class='ocrx_word' id='word_1_134' title='bbox 1486 1404 1559 1475; x_wconf 85' lang='lat' dir='ltr'><strong>de</strong></span> <span class='ocrx_word' id='word_1_135' title='bbox 1590 1415 1686 1475; x_wconf 85' lang='lat' dir='ltr'><strong>suo</strong></span> <span class='ocrx_word' id='word_1_136' title='bbox 1714 1415 1818 1475; x_wconf 83' lang='lat' dir='ltr'><strong>non</strong></span> <span class='ocrx_word' id='word_1_137' title='bbox 1867 1413 2001 1475; x_wconf 70' lang='lat' dir='ltr'><strong>prte-</strong></span> 
     </span>
    </p>
   </div>
   <div class='ocr_carea' id='block_1_20' title="bbox 430 1469 1996 1548">
    <p class='ocr_par' dir='ltr' id='par_1_20' title="bbox 430 1469 1996 1548">
     <span class='ocr_line' id='line_1_20' title="bbox 430 1469 1996 1548; baseline -0.011 -11"><span class='ocrx_word' id='word_1_138' title='bbox 430 1493 607 1538; x_wconf 87' lang='lat' dir='ltr'><strong>sumet</strong></span> <span class='ocrx_word' id='word_1_139' title='bbox 629 1469 919 1548; x_wconf 73' lang='lat' dir='ltr'><strong>adjutorio,</strong></span> <span class='ocrx_word' id='word_1_140' title='bbox 944 1477 1035 1529; x_wconf 89' lang='lat' dir='ltr'><strong>sed</strong></span> <span class='ocrx_word' id='word_1_141' title='bbox 1061 1486 1341 1548; x_wconf 67' lang='lat' dir='ltr'><strong>pliesumet</strong></span> <span class='ocrx_word' id='word_1_142' title='bbox 1362 1469 1411 1548; x_wconf 76' lang='lat' dir='ltr'><strong>in</strong></span> <span class='ocrx_word' id='word_1_143' title='bbox 1431 1472 1693 1548; x_wconf 79' lang='lat' dir='ltr'><strong>adjutorio</strong></span> <span class='ocrx_word' id='word_1_144' title='bbox 1719 1469 1996 1548; x_wconf 79' lang='lat' dir='ltr'><strong>Altissimi,</strong></span> 
     </span>
    </p>
   </div>
   <div class='ocr_carea' id='block_1_21' title="bbox 431 1539 2001 1617">
    <p class='ocr_par' dir='ltr' id='par_1_21' title="bbox 431 1539 2001 1617">
     <span class='ocr_line' id='line_1_21' title="bbox 431 1539 2001 1617; baseline -0.011 -10"><span class='ocrx_word' id='word_1_145' title='bbox 431 1556 483 1607; x_wconf 88' lang='lat' dir='ltr'><strong>id</strong></span> <span class='ocrx_word' id='word_1_146' title='bbox 516 1565 618 1617; x_wconf 73' lang='grc' dir='ltr'>εει,</span> <span class='ocrx_word' id='word_1_147' title='bbox 653 1539 742 1605; x_wconf 77' lang='lat' dir='ltr'><strong>Dei</strong></span> <span class='ocrx_word' id='word_1_148' title='bbox 773 1539 961 1602; x_wconf 84' lang='lat' dir='ltr'><strong>Patris.</strong></span> <span class='ocrx_word' id='word_1_149' title='bbox 996 1552 1033 1598; x_wconf 75' lang='grc' dir='ltr'><strong>Α</strong></span> <span class='ocrx_word' id='word_1_150' title='bbox 1062 1539 1190 1614; x_wconf 76' lang='lat' dir='ltr'><strong>quo,</strong></span> <span class='ocrx_word' id='word_1_151' title='bbox 1233 1546 1353 1614; x_wconf 83' lang='lat' dir='ltr'><strong>quia</strong></span> <span class='ocrx_word' id='word_1_152' title='bbox 1384 1542 1687 1617; x_wconf 59' lang='lat' dir='ltr'><strong>Altissimus</strong></span> <span class='ocrx_word' id='word_1_153' title='bbox 1720 1552 1833 1617; x_wconf 65' lang='grc' dir='ltr'>εει,</span> <span class='ocrx_word' id='word_1_154' title='bbox 1867 1539 2001 1617; x_wconf 71' lang='lat' dir='ltr'><strong>bene</strong></span> 
     </span>
    </p>
   </div>
   <div class='ocr_carea' id='block_1_22' title="bbox 433 1607 2002 1693">
    <p class='ocr_par' dir='ltr' id='par_1_22' title="bbox 433 1607 2002 1693">
     <span class='ocr_line' id='line_1_22' title="bbox 433 1607 2002 1693; baseline -0.011 -17"><span class='ocrx_word' id='word_1_155' title='bbox 433 1607 637 1693; x_wconf 77' lang='lat' dir='ltr'><strong>poterat</strong></span> <span class='ocrx_word' id='word_1_156' title='bbox 667 1621 904 1693; x_wconf 80' lang='lat' dir='ltr'><strong>adjuvari</strong></span> <span class='ocrx_word' id='word_1_157' title='bbox 936 1626 989 1670; x_wconf 89' lang='lat' dir='ltr'><strong>et</strong></span> <span class='ocrx_word' id='word_1_158' title='bbox 1015 1607 1483 1693; x_wconf 29' lang='lat' dir='ltr'><strong>iii:seA&#39;et_&#39;in_sui_s..</strong></span> <span class='ocrx_word' id='word_1_159' title='bbox 1518 1611 1679 1693; x_wconf 74' lang='lat' dir='ltr'><strong>Etab</strong></span> <span class='ocrx_word' id='word_1_160' title='bbox 1720 1611 1808 1663; x_wconf 91' lang='lat' dir='ltr'><strong>illo</strong></span> <span class='ocrx_word' id='word_1_161' title='bbox 1850 1607 2002 1676; x_wconf 70' lang='lat' dir='ltr'><strong>adji-</strong></span> 
     </span>
    </p>
   </div>
   <div class='ocr_carea' id='block_1_23' title="bbox 434 1683 2001 1752">
    <p class='ocr_par' dir='ltr' id='par_1_23' title="bbox 434 1683 2001 1752">
     <span class='ocr_line' id='line_1_23' title="bbox 434 1683 2001 1752; baseline -0.009 -7"><span class='ocrx_word' id='word_1_162' title='bbox 434 1683 571 1747; x_wconf 76' lang='lat' dir='ltr'><strong>iorio</strong></span> <span class='ocrx_word' id='word_1_163' title='bbox 612 1707 713 1745; x_wconf 91' lang='lat' dir='ltr'><strong>non</strong></span> <span class='ocrx_word' id='word_1_164' title='bbox 732 1683 976 1752; x_wconf 72' lang='lat' dir='ltr'><strong>recedet,</strong></span> <span class='ocrx_word' id='word_1_165' title='bbox 1012 1687 1105 1739; x_wconf 89' lang='lat' dir='ltr'><strong>sed</strong></span> <span class='ocrx_word' id='word_1_166' title='bbox 1140 1688 1207 1738; x_wconf 90' lang='lat' dir='ltr'><strong>ibi</strong></span> <span class='ocrx_word' id='word_1_167' title='bbox 1250 1684 1530 1748; x_wconf 80' lang='lat' dir='ltr'><strong>habitabit,</strong></span> <span class='ocrx_word' id='word_1_168' title='bbox 1568 1683 1618 1735; x_wconf 92' lang='lat' dir='ltr'><strong>id</strong></span> <span class='ocrx_word' id='word_1_169' title='bbox 1659 1690 1761 1746; x_wconf 91' lang='lat' dir='ltr'><strong>est,</strong></span> <span class='ocrx_word' id='word_1_170' title='bbox 1795 1694 2001 1747; x_wconf 90' lang='lat' dir='ltr'><strong>perma-</strong></span> 
     </span>
    </p>
   </div>
   <div class='ocr_carea' id='block_1_24' title="bbox 432 1753 1998 1827">
    <p class='ocr_par' dir='ltr' id='par_1_24' title="bbox 432 1753 1998 1827">
     <span class='ocr_line' id='line_1_24' title="bbox 432 1753 1998 1827; baseline -0.01 -10"><span class='ocrx_word' id='word_1_171' title='bbox 432 1766 597 1827; x_wconf 90' lang='lat' dir='ltr'><strong>nebit,</strong></span> <span class='ocrx_word' id='word_1_172' title='bbox 624 1772 678 1817; x_wconf 89' lang='lat' dir='ltr'><strong>et</strong></span> <span class='ocrx_word' id='word_1_173' title='bbox 703 1763 859 1815; x_wconf 88' lang='lat' dir='ltr'><strong>etiam</strong></span> <span class='ocrx_word' id='word_1_174' title='bbox 892 1755 1315 1827; x_wconf 63' lang='lat' dir='ltr'><strong>commorabitur,</strong></span> <span class='ocrx_word' id='word_1_175' title='bbox 1349 1753 1403 1807; x_wconf 90' lang='lat' dir='ltr'><strong>id</strong></span> <span class='ocrx_word' id='word_1_176' title='bbox 1431 1762 1551 1827; x_wconf 83' lang='lat' dir='ltr'><strong>est,_</strong></span> <span class='ocrx_word' id='word_1_177' title='bbox 1576 1766 1653 1827; x_wconf 67' lang='grc' dir='ltr'><strong>ει⁸</strong></span> <span class='ocrx_word' id='word_1_178' title='bbox 1682 1760 1792 1803; x_wconf 91' lang='lat' dir='ltr'><strong>toto</strong></span> <span class='ocrx_word' id='word_1_179' title='bbox 1833 1763 1998 1801; x_wconf 87' lang='lat' dir='ltr'><strong>mora-</strong></span> 
     </span>
    </p>
   </div>
   <div class='ocr_carea' id='block_1_25' title="bbox 436 1821 2004 1899">
    <p class='ocr_par' dir='ltr' id='par_1_25' title="bbox 436 1821 2004 1899">
     <span class='ocr_line' id='line_1_25' title="bbox 436 1821 2004 1899; baseline -0.011 -13"><span class='ocrx_word' id='word_1_180' title='bbox 436 1821 597 1899; x_wconf 71' lang='lat' dir='ltr'><strong>bitur,</strong></span> <span class='ocrx_word' id='word_1_181' title='bbox 632 1832 750 1899; x_wconf 87' lang='lat' dir='ltr'><strong>quia</strong></span> <span class='ocrx_word' id='word_1_182' title='bbox 804 1844 899 1882; x_wconf 90' lang='lat' dir='ltr'><strong>nec</strong></span> <span class='ocrx_word' id='word_1_183' title='bbox 930 1841 1092 1899; x_wconf 80' lang='lat' dir='ltr'><strong>opere</strong></span> <span class='ocrx_word' id='word_1_184' title='bbox 1122 1840 1218 1877; x_wconf 82' lang='lat' dir='ltr'><strong>nec</strong></span> <span class='ocrx_word' id='word_1_185' title='bbox 1250 1826 1409 1899; x_wconf 82' lang='lat' dir='ltr'><strong>etiam</strong></span> <span class='ocrx_word' id='word_1_186' title='bbox 1439 1821 1763 1890; x_wconf 73' lang='lat' dir='ltr'><strong>cogitatione</strong></span> <span class='ocrx_word' id='word_1_187' title='bbox 1793 1829 2004 1899; x_wconf 75' lang='lat' dir='ltr'><strong>aposta-</strong></span> 
     </span>
    </p>
   </div>
   <div class='ocr_carea' id='block_1_26' title="bbox 432 1888 2006 1959">
    <p class='ocr_par' dir='ltr' id='par_1_26' title="bbox 432 1888 2006 1959">
     <span class='ocr_line' id='line_1_26' title="bbox 432 1888 2006 1959; baseline -0.01 -4"><span class='ocrx_word' id='word_1_188' title='bbox 432 1888 597 1959; x_wconf 69' lang='grc' dir='ltr'><strong>ιιιιιιι.⁷</strong></span> <span class='ocrx_word' id='word_1_189' title='bbox 614 1888 902 1956; x_wconf 72' lang='lat' dir='ltr'><strong>Morabitnr</strong></span> <span class='ocrx_word' id='word_1_190' title='bbox 922 1888 1039 1949; x_wconf 80' lang='lat' dir='ltr'><strong>dico</strong></span> <span class='ocrx_word' id='word_1_191' title='bbox 1062 1899 1113 1947; x_wconf 88' lang='lat' dir='ltr'><strong>in</strong></span> <span class='ocrx_word' id='word_1_192' title='bbox 1138 1896 1444 1959; x_wconf 83' lang='lat' dir='ltr'><strong>protectione</strong></span> <span class='ocrx_word' id='word_1_193' title='bbox 1468 1888 1570 1945; x_wconf 82' lang='lat' dir='ltr'><strong>non</strong></span> <span class='ocrx_word' id='word_1_194' title='bbox 1598 1905 1691 1944; x_wconf 92' lang='lat' dir='ltr'><strong>sua</strong></span> <span class='ocrx_word' id='word_1_195' title='bbox 1715 1888 2006 1943; x_wconf 89' lang='lat' dir='ltr'><strong>secundum</strong></span> 
     </span>
    </p>
   </div>
   <div class='ocr_carea' id='block_1_27' title="bbox 434 1959 2009 2034">
    <p class='ocr_par' dir='ltr' id='par_1_27' title="bbox 434 1959 2009 2034">
     <span class='ocr_line' id='line_1_27' title="bbox 434 1959 2009 2034; baseline -0.011 -8"><span class='ocrx_word' id='word_1_196' title='bbox 434 1975 728 2034; x_wconf 87' lang='lat' dir='ltr'><strong>hominem,</strong></span> <span class='ocrx_word' id='word_1_197' title='bbox 786 1970 878 2022; x_wconf 90' lang='lat' dir='ltr'><strong>sed</strong></span> <span class='ocrx_word' id='word_1_198' title='bbox 910 1969 961 2019; x_wconf 84' lang='lat' dir='ltr'><strong>in</strong></span> <span class='ocrx_word' id='word_1_199' title='bbox 994 1968 1301 2033; x_wconf 78' lang='lat' dir='ltr'><strong>protecllonc</strong></span> <span class='ocrx_word' id='word_1_200' title='bbox 1333 1961 1446 2027; x_wconf 84' lang='lat' dir='ltr'><strong>Dei,</strong></span> <span class='ocrx_word' id='word_1_201' title='bbox 1476 1972 1530 2016; x_wconf 91' lang='lat' dir='ltr'><strong>et</strong></span> <span class='ocrx_word' id='word_1_202' title='bbox 1562 1976 1665 2034; x_wconf 77' lang='lat' dir='ltr'><strong>non</strong></span> <span class='ocrx_word' id='word_1_203' title='bbox 1705 1959 2009 2034; x_wconf 81' lang='lat' dir='ltr'><strong>qualiscun-</strong></span> 
     </span>
    </p>
   </div>
   <div class='ocr_carea' id='block_1_28' title="bbox 433 2029 2009 2107">
    <p class='ocr_par' dir='ltr' id='par_1_28' title="bbox 433 2029 2009 2107">
     <span class='ocr_line' id='line_1_28' title="bbox 433 2029 2009 2107; baseline -0.007 -15"><span class='ocrx_word' id='word_1_204' title='bbox 433 2060 533 2107; x_wconf 92' lang='lat' dir='ltr'><strong>que</strong></span> <span class='ocrx_word' id='word_1_205' title='bbox 564 2043 671 2106; x_wconf 87' lang='lat' dir='ltr'><strong>dei,</strong></span> <span class='ocrx_word' id='word_1_206' title='bbox 704 2029 794 2093; x_wconf 83' lang='lat' dir='ltr'><strong>sed</strong></span> <span class='ocrx_word' id='word_1_207' title='bbox 831 2036 921 2089; x_wconf 88' lang='lat' dir='ltr'><strong>Dei</strong></span> <span class='ocrx_word' id='word_1_208' title='bbox 952 2029 1082 2101; x_wconf 65' lang='lat' dir='ltr'><strong>(mli,</strong></span> <span class='ocrx_word' id='word_1_209' title='bbox 1115 2036 1164 2088; x_wconf 89' lang='lat' dir='ltr'><strong>id</strong></span> <span class='ocrx_word' id='word_1_210' title='bbox 1196 2045 1299 2098; x_wconf 66' lang='lat' dir='ltr'><strong>e~t,</strong></span> <span class='ocrx_word' id='word_1_211' title='bbox 1329 2034 1470 2107; x_wconf 82' lang='lat' dir='ltr'><strong>illius</strong></span> <span class='ocrx_word' id='word_1_212' title='bbox 1507 2032 1595 2107; x_wconf 81' lang='lat' dir='ltr'><strong>qui</strong></span> <span class='ocrx_word' id='word_1_213' title='bbox 1621 2032 1743 2107; x_wconf 83' lang='lat' dir='ltr'><strong>facit</strong></span> <span class='ocrx_word' id='word_1_214' title='bbox 1765 2029 2009 2107; x_wconf 87' lang='lat' dir='ltr'><strong>homines</strong></span> 
     </span>
    </p>
   </div>
   <div class='ocr_carea' id='block_1_29' title="bbox 439 2100 2012 2176">
    <p class='ocr_par' dir='ltr' id='par_1_29' title="bbox 439 2100 2012 2176">
     <span class='ocr_line' id='line_1_29' title="bbox 439 2100 2012 2176; baseline -0.01 -9"><span class='ocrx_word' id='word_1_215' title='bbox 439 2100 625 2169; x_wconf 62' lang='grc' dir='ltr'><strong>ὸωιος.</strong></span> <span class='ocrx_word' id='word_1_216' title='bbox 659 2100 937 2176; x_wconf 71' lang='grc' dir='ltr'>’ριιιιιιινίε</span> <span class='ocrx_word' id='word_1_217' title='bbox 991 2111 1135 2159; x_wconf 91' lang='lat' dir='ltr'><strong>enim</strong></span> <span class='ocrx_word' id='word_1_218' title='bbox 1192 2103 1441 2158; x_wconf 89' lang='lat' dir='ltr'><strong>tentatori</strong></span> <span class='ocrx_word' id='word_1_219' title='bbox 1493 2103 1706 2176; x_wconf 85' lang='lat' dir='ltr'><strong>diabolo</strong></span> <span class='ocrx_word' id='word_1_220' title='bbox 1762 2100 2012 2176; x_wconf 83' lang='lat' dir='ltr'><strong>resistere</strong></span> 
     </span>
    </p>
   </div>
   <div class='ocr_carea' id='block_1_30' title="bbox 440 2169 2008 2251">
    <p class='ocr_par' dir='ltr' id='par_1_30' title="bbox 440 2169 2008 2251">
     <span class='ocr_line' id='line_1_30' title="bbox 440 2169 2008 2251; baseline -0.011 -13"><span class='ocrx_word' id='word_1_221' title='bbox 440 2192 620 2251; x_wconf 86' lang='lat' dir='ltr'><strong>posset</strong></span> <span class='ocrx_word' id='word_1_222' title='bbox 648 2169 780 2236; x_wconf 45' lang='lat' dir='ltr'><strong>ctwin</strong></span> <span class='ocrx_word' id='word_1_223' title='bbox 812 2195 870 2231; x_wconf 84' lang='lat' dir='ltr'><strong>se</strong></span> <span class='ocrx_word' id='word_1_224' title='bbox 897 2186 952 2232; x_wconf 92' lang='lat' dir='ltr'><strong>et</strong></span> <span class='ocrx_word' id='word_1_225' title='bbox 980 2176 1031 2228; x_wconf 90' lang='lat' dir='ltr'><strong>in</strong></span> <span class='ocrx_word' id='word_1_226' title='bbox 1062 2180 1192 2251; x_wconf 74' lang='lat' dir='ltr'><strong>sus,</strong></span> <span class='ocrx_word' id='word_1_227' title='bbox 1231 2176 1403 2251; x_wconf 79' lang='lat' dir='ltr'><strong>potius</strong></span> <span class='ocrx_word' id='word_1_228' title='bbox 1435 2175 1696 2251; x_wconf 82' lang='lat' dir='ltr'><strong>patienter</strong></span> <span class='ocrx_word' id='word_1_229' title='bbox 1723 2169 2008 2250; x_wconf 72' lang='lat' dir='ltr'><strong>sustinuit;</strong></span> 
     </span>
    </p>
   </div>
   <div class='ocr_carea' id='block_1_31' title="bbox 436 2237 2011 2319">
    <p class='ocr_par' dir='ltr' id='par_1_31' title="bbox 436 2237 2011 2319">
     <span class='ocr_line' id='line_1_31' title="bbox 436 2237 2011 2319; baseline -0.011 -9"><span class='ocrx_word' id='word_1_230' title='bbox 436 2237 535 2309; x_wconf 72' lang='lat' dir='ltr'><strong>nec</strong></span> <span class='ocrx_word' id='word_1_231' title='bbox 572 2255 637 2308; x_wconf 91' lang='lat' dir='ltr'><strong>de</strong></span> <span class='ocrx_word' id='word_1_232' title='bbox 680 2267 739 2305; x_wconf 90' lang='lat' dir='ltr'><strong>se</strong></span> <span class='ocrx_word' id='word_1_233' title='bbox 787 2248 1144 2319; x_wconf 65' lang='lat' dir='ltr'><strong>praesumpsit,</strong></span> <span class='ocrx_word' id='word_1_234' title='bbox 1182 2237 1295 2300; x_wconf 74' lang='lat' dir='ltr'><strong>sed</strong></span> <span class='ocrx_word' id='word_1_235' title='bbox 1348 2237 1527 2319; x_wconf 71' lang='lat' dir='ltr'><strong>omnia</strong></span> <span class='ocrx_word' id='word_1_236' title='bbox 1583 2257 1703 2296; x_wconf 90' lang='lat' dir='ltr'><strong>cum</strong></span> <span class='ocrx_word' id='word_1_237' title='bbox 1758 2237 2011 2319; x_wconf 80' lang='lat' dir='ltr'><strong>patientia</strong></span> 
     </span>
    </p>
   </div>
   <div class='ocr_carea' id='block_1_32' title="bbox 434 2310 2009 2384">
    <p class='ocr_par' dir='ltr' id='par_1_32' title="bbox 434 2310 2009 2384">
     <span class='ocr_line' id='line_1_32' title="bbox 434 2310 2009 2384; baseline -0.01 -6"><span class='ocrx_word' id='word_1_238' title='bbox 434 2323 708 2384; x_wconf 80' lang='lat' dir='ltr'><strong>toleravit,</strong></span> <span class='ocrx_word' id='word_1_239' title='bbox 752 2310 807 2373; x_wconf 87' lang='grc' dir='ltr'>ιιὶ</span> <span class='ocrx_word' id='word_1_240' title='bbox 849 2310 1193 2372; x_wconf 71' lang='grc' dir='ltr'>ιιοιιιεέεεει</span> <span class='ocrx_word' id='word_1_241' title='bbox 1241 2315 1565 2381; x_wconf 83' lang='lat' dir='ltr'><strong>exemplum,</strong></span> <span class='ocrx_word' id='word_1_242' title='bbox 1601 2328 1706 2366; x_wconf 88' lang='lat' dir='ltr'><strong>non</strong></span> <span class='ocrx_word' id='word_1_243' title='bbox 1738 2313 1805 2384; x_wconf 87' lang='lat' dir='ltr'><strong>de</strong></span> <span class='ocrx_word' id='word_1_244' title='bbox 1836 2310 2009 2374; x_wconf 87' lang='lat' dir='ltr'><strong>nobis,</strong></span> 
     </span>
    </p>
   </div>
   <div class='ocr_carea' id='block_1_33' title="bbox 434 2382 2016 2458">
    <p class='ocr_par' dir='ltr' id='par_1_33' title="bbox 434 2382 2016 2458">
     <span class='ocr_line' id='line_1_33' title="bbox 434 2382 2016 2458; baseline -0.009 -11"><span class='ocrx_word' id='word_1_245' title='bbox 434 2398 527 2449; x_wconf 90' lang='lat' dir='ltr'><strong>sed</strong></span> <span class='ocrx_word' id='word_1_246' title='bbox 560 2395 625 2447; x_wconf 88' lang='lat' dir='ltr'><strong>de</strong></span> <span class='ocrx_word' id='word_1_247' title='bbox 656 2382 764 2445; x_wconf 83' lang='lat' dir='ltr'><strong>Deo</strong></span> <span class='ocrx_word' id='word_1_248' title='bbox 800 2388 1177 2458; x_wconf 74' lang='lat' dir='ltr'><strong>priesumendi,</strong></span> <span class='ocrx_word' id='word_1_249' title='bbox 1207 2396 1259 2439; x_wconf 87' lang='lat' dir='ltr'><strong>et</strong></span> <span class='ocrx_word' id='word_1_250' title='bbox 1286 2388 1464 2458; x_wconf 86' lang='lat' dir='ltr'><strong>omnia</strong></span> <span class='ocrx_word' id='word_1_251' title='bbox 1496 2399 1626 2458; x_wconf 71' lang='lat' dir='ltr'><strong>cuin</strong></span> <span class='ocrx_word' id='word_1_252' title='bbox 1651 2382 1901 2458; x_wconf 80' lang='lat' dir='ltr'><strong>patientia</strong></span> <span class='ocrx_word' id='word_1_253' title='bbox 1933 2390 2016 2433; x_wconf 92' lang='lat' dir='ltr'><strong>to-</strong></span> 
     </span>
    </p>
   </div>
   <div class='ocr_carea' id='block_1_34' title="bbox 437 2454 2017 2529">
    <p class='ocr_par' dir='ltr' id='par_1_34' title="bbox 437 2454 2017 2529">
     <span class='ocr_line' id='line_1_34' title="bbox 437 2454 2017 2529; baseline -0.008 -12"><span class='ocrx_word' id='word_1_254' title='bbox 437 2454 825 2529; x_wconf 78' lang='lat' dir='ltr'><strong>lerandi;quia</strong></span> <span class='ocrx_word' id='word_1_255' title='bbox 871 2460 1137 2529; x_wconf 75' lang='lat' dir='ltr'><strong>patienter</strong></span> <span class='ocrx_word' id='word_1_256' title='bbox 1184 2456 1495 2529; x_wconf 69' lang='lat' dir='ltr'><strong>sustinendo</strong></span> <span class='ocrx_word' id='word_1_257' title='bbox 1544 2454 1916 2529; x_wconf 81' lang='lat' dir='ltr'><strong>tribulationes</strong></span> <span class='ocrx_word' id='word_1_258' title='bbox 1961 2460 2017 2529; x_wconf 74' lang='lat' dir='ltr'><strong>et</strong></span> 
     </span>
    </p>
   </div>
   <div class='ocr_carea' id='block_1_35' title="bbox 438 2521 2014 2592">
    <p class='ocr_par' dir='ltr' id='par_1_35' title="bbox 438 2521 2014 2592">
     <span class='ocr_line' id='line_1_35' title="bbox 438 2521 2014 2592; baseline -0.01 -4"><span class='ocrx_word' id='word_1_259' title='bbox 438 2521 758 2588; x_wconf 73' lang='lat' dir='ltr'><strong>tentatiunes</strong></span> <span class='ocrx_word' id='word_1_260' title='bbox 787 2521 884 2582; x_wconf 77' lang='lat' dir='ltr'><strong>nec</strong></span> <span class='ocrx_word' id='word_1_261' title='bbox 918 2528 983 2582; x_wconf 89' lang='lat' dir='ltr'><strong>de</strong></span> <span class='ocrx_word' id='word_1_262' title='bbox 1011 2529 1208 2580; x_wconf 81' lang='lat' dir='ltr'><strong>vitibus</strong></span> <span class='ocrx_word' id='word_1_263' title='bbox 1239 2528 1438 2579; x_wconf 76' lang='lat' dir='ltr'><strong>nostris</strong></span> <span class='ocrx_word' id='word_1_264' title='bbox 1478 2522 1872 2592; x_wconf 65' lang='lat' dir='ltr'><strong>praesumendo,</strong></span> <span class='ocrx_word' id='word_1_265' title='bbox 1919 2521 2014 2574; x_wconf 86' lang='lat' dir='ltr'><strong>sed</strong></span> 
     </span>
    </p>
   </div>
   <div class='ocr_carea' id='block_1_36' title="bbox 439 2595 2018 2670">
    <p class='ocr_par' dir='ltr' id='par_1_36' title="bbox 439 2595 2018 2670">
     <span class='ocr_line' id='line_1_36' title="bbox 439 2595 2018 2670; baseline -0.009 -13"><span class='ocrx_word' id='word_1_266' title='bbox 439 2606 492 2657; x_wconf 90' lang='lat' dir='ltr'><strong>in</strong></span> <span class='ocrx_word' id='word_1_267' title='bbox 523 2601 849 2670; x_wconf 78' lang='lat' dir='ltr'><strong>protectione</strong></span> <span class='ocrx_word' id='word_1_268' title='bbox 874 2608 929 2651; x_wconf 90' lang='lat' dir='ltr'><strong>et</strong></span> <span class='ocrx_word' id='word_1_269' title='bbox 959 2601 1007 2649; x_wconf 89' lang='lat' dir='ltr'><strong>in</strong></span> <span class='ocrx_word' id='word_1_270' title='bbox 1039 2596 1306 2670; x_wconf 85' lang='lat' dir='ltr'><strong>adjutorio</strong></span> <span class='ocrx_word' id='word_1_271' title='bbox 1342 2595 1436 2670; x_wconf 91' lang='lat' dir='ltr'><strong>Dei</strong></span> <span class='ocrx_word' id='word_1_272' title='bbox 1467 2608 1616 2662; x_wconf 81' lang='lat' dir='ltr'><strong>Spem</strong></span> <span class='ocrx_word' id='word_1_273' title='bbox 1659 2601 1894 2670; x_wconf 80' lang='lat' dir='ltr'><strong>nostram</strong></span> <span class='ocrx_word' id='word_1_274' title='bbox 1924 2605 2018 2660; x_wconf 90' lang='lat' dir='ltr'><strong>po-</strong></span> 
     </span>
    </p>
   </div>
   <div class='ocr_carea' id='block_1_37' title="bbox 447 2661 1735 2739">
    <p class='ocr_par' dir='ltr' id='par_1_37' title="bbox 447 2661 1735 2739">
     <span class='ocr_line' id='line_1_37' title="bbox 447 2661 1735 2739; baseline -0.01 -11"><span class='ocrx_word' id='word_1_275' title='bbox 447 2661 642 2737; x_wconf 80' lang='lat' dir='ltr'><strong>nendo,</strong></span> <span class='ocrx_word' id='word_1_276' title='bbox 669 2670 956 2739; x_wconf 86' lang='lat' dir='ltr'><strong>poterimus</strong></span> <span class='ocrx_word' id='word_1_277' title='bbox 982 2661 1228 2722; x_wconf 76' lang='lat' dir='ltr'><strong>tentatori</strong></span> <span class='ocrx_word' id='word_1_278' title='bbox 1255 2661 1509 2719; x_wconf 84' lang='lat' dir='ltr'><strong>resistere</strong></span> <span class='ocrx_word' id='word_1_279' title='bbox 1526 2674 1578 2717; x_wconf 92' lang='lat' dir='ltr'><strong>et</strong></span> <span class='ocrx_word' id='word_1_280' title='bbox 1602 2661 1735 2716; x_wconf 89' lang='lat' dir='ltr'><strong>suis.</strong></span> 
     </span>
    </p>
   </div>
   <div class='ocr_carea' id='block_1_38' title="bbox 514 2798 2019 2870">
    <p class='ocr_par' dir='ltr' id='par_1_38' title="bbox 514 2798 2019 2870">
     <span class='ocr_line' id='line_1_38' title="bbox 514 2798 2019 2870; baseline -0.007 -9"><span class='ocrx_word' id='word_1_281' title='bbox 514 2807 657 2861; x_wconf 66' lang='lat' dir='ltr'><strong>DIccl</strong></span> <span class='ocrx_word' id='word_1_282' title='bbox 700 2806 947 2859; x_wconf 86' lang='lat' dir='ltr'><strong>Domino.</strong></span> <span class='ocrx_word' id='word_1_283' title='bbox 981 2802 1115 2858; x_wconf 82' lang='lat' dir='ltr'><strong>Vere</strong></span> <span class='ocrx_word' id='word_1_284' title='bbox 1144 2803 1194 2856; x_wconf 87' lang='lat' dir='ltr'><strong>in</strong></span> <span class='ocrx_word' id='word_1_285' title='bbox 1224 2802 1538 2870; x_wconf 78' lang='lat' dir='ltr'><strong>proiectione</strong></span> <span class='ocrx_word' id='word_1_286' title='bbox 1567 2798 1665 2854; x_wconf 83' lang='lat' dir='ltr'><strong>Dei</strong></span> <span class='ocrx_word' id='word_1_287' title='bbox 1694 2814 1799 2854; x_wconf 91' lang='lat' dir='ltr'><strong>non</strong></span> <span class='ocrx_word' id='word_1_288' title='bbox 1832 2798 1897 2870; x_wconf 15' lang='lat' dir='ltr'><strong>in,</strong></span> <span class='ocrx_word' id='word_1_289' title='bbox 1924 2811 2019 2870; x_wconf 80' lang='lat' dir='ltr'><strong>sua</strong></span> 
     </span>
    </p>
   </div>
   <div class='ocr_carea' id='block_1_39' title="bbox 441 2868 2019 2944">
    <p class='ocr_par' dir='ltr' id='par_1_39' title="bbox 441 2868 2019 2944">
     <span class='ocr_line' id='line_1_39' title="bbox 441 2868 2019 2944; baseline -0.006 -15"><span class='ocrx_word' id='word_1_290' title='bbox 441 2880 851 2936; x_wconf 77' lang='lat' dir='ltr'><strong>coimnorabitur,</strong></span> <span class='ocrx_word' id='word_1_291' title='bbox 881 2876 998 2944; x_wconf 92' lang='lat' dir='ltr'><strong>quia</strong></span> <span class='ocrx_word' id='word_1_292' title='bbox 1043 2868 1261 2926; x_wconf 82' lang='lat' dir='ltr'><strong>Domino</strong></span> <span class='ocrx_word' id='word_1_293' title='bbox 1300 2874 1452 2935; x_wconf 73' lang='lat' dir='ltr'><strong>dicet,</strong></span> <span class='ocrx_word' id='word_1_294' title='bbox 1487 2872 1667 2935; x_wconf 86' lang='lat' dir='ltr'><strong>idest,</strong></span> <span class='ocrx_word' id='word_1_295' title='bbox 1719 2871 1829 2923; x_wconf 87' lang='lat' dir='ltr'><strong>Deo</strong></span> <span class='ocrx_word' id='word_1_296' title='bbox 1877 2868 2019 2923; x_wconf 83' lang='lat' dir='ltr'><strong>Patri</strong></span> 
     </span>
    </p>
   </div>
   <div class='ocr_carea' id='block_1_40' title="bbox 440 2943 2024 3009">
    <p class='ocr_par' dir='ltr' id='par_1_40' title="bbox 440 2943 2024 3009">
     <span class='ocr_line' id='line_1_40' title="bbox 440 2943 2024 3009; baseline -0.006 -9"><span class='ocrx_word' id='word_1_297' title='bbox 440 2947 524 3000; x_wconf 83' lang='lat' dir='ltr'><strong>cui</strong></span> <span class='ocrx_word' id='word_1_298' title='bbox 556 2962 613 3001; x_wconf 90' lang='lat' dir='ltr'><strong>se</strong></span> <span class='ocrx_word' id='word_1_299' title='bbox 641 2961 762 3001; x_wconf 84' lang='lat' dir='ltr'><strong>vcre</strong></span> <span class='ocrx_word' id='word_1_300' title='bbox 812 2946 965 2997; x_wconf 85' lang='lat' dir='ltr'><strong>faciet</strong></span> <span class='ocrx_word' id='word_1_301' title='bbox 1010 2959 1243 2997; x_wconf 86' lang='lat' dir='ltr'><strong>servum.</strong></span> <span class='ocrx_word' id='word_1_302' title='bbox 1298 2943 1543 3006; x_wconf 84' lang='lat' dir='ltr'><strong>Domine,</strong></span> <span class='ocrx_word' id='word_1_303' title='bbox 1591 2952 1644 2992; x_wconf 88' lang='lat' dir='ltr'><strong>tu</strong></span> <span class='ocrx_word' id='word_1_304' title='bbox 1682 2956 1734 2993; x_wconf 87' lang='lat' dir='ltr'><strong>es</strong></span> <span class='ocrx_word' id='word_1_305' title='bbox 1763 2947 2024 3009; x_wconf 80' lang='lat' dir='ltr'><strong>susceptor</strong></span> 
     </span>
    </p>
   </div>
   <div class='ocr_carea' id='block_1_41' title="bbox 443 3013 2025 3083">
    <p class='ocr_par' dir='ltr' id='par_1_41' title="bbox 443 3013 2025 3083">
     <span class='ocr_line' id='line_1_41' title="bbox 443 3013 2025 3083; baseline -0.003 -15"><span class='ocrx_word' id='word_1_306' title='bbox 443 3032 604 3079; x_wconf 81' lang='lat' dir='ltr'><strong>meus,</strong></span> <span class='ocrx_word' id='word_1_307' title='bbox 654 3032 756 3069; x_wconf 86' lang='lat' dir='ltr'><strong>non</strong></span> <span class='ocrx_word' id='word_1_308' title='bbox 801 3030 917 3083; x_wconf 85' lang='lat' dir='ltr'><strong>ego,</strong></span> <span class='ocrx_word' id='word_1_309' title='bbox 958 3013 1010 3067; x_wconf 88' lang='lat' dir='ltr'><strong>id</strong></span> <span class='ocrx_word' id='word_1_310' title='bbox 1042 3025 1142 3079; x_wconf 91' lang='lat' dir='ltr'><strong>est,</strong></span> <span class='ocrx_word' id='word_1_311' title='bbox 1186 3029 1278 3081; x_wconf 91' lang='lat' dir='ltr'><strong>per</strong></span> <span class='ocrx_word' id='word_1_312' title='bbox 1321 3024 1390 3078; x_wconf 89' lang='lat' dir='ltr'><strong>te,</strong></span> <span class='ocrx_word' id='word_1_313' title='bbox 1423 3023 1599 3064; x_wconf 86' lang='lat' dir='ltr'><strong>tamen</strong></span> <span class='ocrx_word' id='word_1_314' title='bbox 1646 3026 1750 3063; x_wconf 84' lang='lat' dir='ltr'><strong>non</strong></span> <span class='ocrx_word' id='word_1_315' title='bbox 1797 3025 1891 3078; x_wconf 92' lang='lat' dir='ltr'><strong>per</strong></span> <span class='ocrx_word' id='word_1_316' title='bbox 1940 3024 2025 3063; x_wconf 89' lang='lat' dir='ltr'><strong>me</strong></span> 
     </span>
    </p>
   </div>
   <div class='ocr_carea' id='block_1_42' title="bbox 444 3082 2023 3152">
    <p class='ocr_par' dir='ltr' id='par_1_42' title="bbox 444 3082 2023 3152">
     <span class='ocr_line' id='line_1_42' title="bbox 444 3082 2023 3152; baseline -0.006 -11"><span class='ocrx_word' id='word_1_317' title='bbox 444 3100 604 3141; x_wconf 85' lang='lat' dir='ltr'><strong>causa</strong></span> <span class='ocrx_word' id='word_1_318' title='bbox 647 3100 761 3138; x_wconf 84' lang='lat' dir='ltr'><strong>mea</strong></span> <span class='ocrx_word' id='word_1_319' title='bbox 798 3082 972 3137; x_wconf 61' lang='lat' dir='ltr'><strong>esistit</strong></span> <span class='ocrx_word' id='word_1_320' title='bbox 1001 3101 1014 3148; x_wconf 90' lang='lat'><strong>;</strong></span> <span class='ocrx_word' id='word_1_321' title='bbox 1043 3088 1164 3152; x_wconf 88' lang='lat' dir='ltr'><strong>quia</strong></span> <span class='ocrx_word' id='word_1_322' title='bbox 1190 3094 1242 3137; x_wconf 93' lang='lat' dir='ltr'><strong>tu</strong></span> <span class='ocrx_word' id='word_1_323' title='bbox 1272 3082 1411 3136; x_wconf 86' lang='lat' dir='ltr'><strong>velut</strong></span> <span class='ocrx_word' id='word_1_324' title='bbox 1440 3086 1556 3148; x_wconf 88' lang='lat' dir='ltr'><strong>pius</strong></span> <span class='ocrx_word' id='word_1_325' title='bbox 1584 3092 1863 3152; x_wconf 77' lang='lat' dir='ltr'><strong>susceptor</strong></span> <span class='ocrx_word' id='word_1_326' title='bbox 1903 3093 2023 3152; x_wconf 84' lang='lat' dir='ltr'><strong>eam</strong></span> 
     </span>
    </p>
   </div>
   <div class='ocr_carea' id='block_1_43' title="bbox 445 3150 2018 3223">
    <p class='ocr_par' dir='ltr' id='par_1_43' title="bbox 445 3150 2018 3223">
     <span class='ocr_line' id='line_1_43' title="bbox 445 3150 2018 3223; baseline -0.007 -11"><span class='ocrx_word' id='word_1_327' title='bbox 445 3157 672 3223; x_wconf 84' lang='lat' dir='ltr'><strong>suscipis</strong></span> <span class='ocrx_word' id='word_1_328' title='bbox 700 3168 750 3208; x_wconf 89' lang='lat' dir='ltr'><strong>et</strong></span> <span class='ocrx_word' id='word_1_329' title='bbox 780 3154 1042 3215; x_wconf 78' lang='lat' dir='ltr'><strong>defendis,</strong></span> <span class='ocrx_word' id='word_1_330' title='bbox 1062 3150 1121 3206; x_wconf 66' lang='grc' dir='ltr'><strong>ἐι</strong></span> <span class='ocrx_word' id='word_1_331' title='bbox 1151 3168 1254 3207; x_wconf 89' lang='grc' dir='ltr'>ιιοιι</span> <span class='ocrx_word' id='word_1_332' title='bbox 1283 3167 1381 3221; x_wconf 83' lang='lat' dir='ltr'><strong>ego</strong></span> <span class='ocrx_word' id='word_1_333' title='bbox 1410 3152 1562 3214; x_wconf 82' lang='lat' dir='ltr'><strong>mihi,</strong></span> <span class='ocrx_word' id='word_1_334' title='bbox 1594 3150 1689 3223; x_wconf 88' lang='lat' dir='ltr'><strong>sed</strong></span> <span class='ocrx_word' id='word_1_335' title='bbox 1718 3159 1771 3203; x_wconf 90' lang='lat' dir='ltr'><strong>tu</strong></span> <span class='ocrx_word' id='word_1_336' title='bbox 1797 3166 1854 3203; x_wconf 88' lang='lat' dir='ltr'><strong>es</strong></span> <span class='ocrx_word' id='word_1_337' title='bbox 1884 3150 2018 3217; x_wconf 77' lang='lat' dir='ltr'><strong>refu-</strong></span> 
     </span>
    </p>
   </div>
   <div class='ocr_carea' id='block_1_44' title="bbox 443 3222 2021 3299">
    <p class='ocr_par' dir='ltr' id='par_1_44' title="bbox 443 3222 2021 3299">
     <span class='ocr_line' id='line_1_44' title="bbox 443 3222 2021 3299; baseline -0.005 -20"><span class='ocrx_word' id='word_1_338' title='bbox 443 3222 790 3299; x_wconf 70' lang='lat' dir='ltr'><strong>ginmineum.</strong></span> <span class='ocrx_word' id='word_1_339' title='bbox 828 3225 888 3278; x_wconf 78' lang='lat' dir='ltr'><strong>Et</strong></span> <span class='ocrx_word' id='word_1_340' title='bbox 919 3225 1129 3299; x_wconf 65' lang='lat' dir='ltr'><strong>ttict&#39;itn,</strong></span> <span class='ocrx_word' id='word_1_341' title='bbox 1162 3225 1295 3299; x_wconf 84' lang='lat' dir='ltr'><strong>quia</strong></span> <span class='ocrx_word' id='word_1_342' title='bbox 1323 3224 1461 3291; x_wconf 91' lang='lat' dir='ltr'><strong>apud</strong></span> <span class='ocrx_word' id='word_1_343' title='bbox 1492 3236 1541 3275; x_wconf 88' lang='lat' dir='ltr'><strong>te</strong></span> <span class='ocrx_word' id='word_1_344' title='bbox 1570 3222 1738 3274; x_wconf 86' lang='lat' dir='ltr'><strong>solum</strong></span> <span class='ocrx_word' id='word_1_345' title='bbox 1766 3231 1850 3299; x_wconf 86' lang='lat' dir='ltr'><strong>est</strong></span> <span class='ocrx_word' id='word_1_346' title='bbox 1881 3223 2021 3299; x_wconf 60' lang='grc' dir='ltr'>[ειυ-</span> 
     </span>
    </p>
   </div>
   <div class='ocr_carea' id='block_1_45' title="bbox 445 3288 2023 3365">
    <p class='ocr_par' dir='ltr' id='par_1_45' title="bbox 445 3288 2023 3365">
     <span class='ocr_line' id='line_1_45' title="bbox 445 3288 2023 3365; baseline -0.003 -17"><span class='ocrx_word' id='word_1_347' title='bbox 445 3288 608 3365; x_wconf 62' lang='grc' dir='ltr'>ξιιιιῐι,</span> <span class='ocrx_word' id='word_1_348' title='bbox 641 3300 759 3365; x_wconf 88' lang='lat' dir='ltr'><strong>quia</strong></span> <span class='ocrx_word' id='word_1_349' title='bbox 795 3306 845 3348; x_wconf 91' lang='lat' dir='ltr'><strong>tu</strong></span> <span class='ocrx_word' id='word_1_350' title='bbox 874 3310 931 3349; x_wconf 90' lang='lat' dir='ltr'><strong>es</strong></span> <span class='ocrx_word' id='word_1_351' title='bbox 965 3295 1126 3360; x_wconf 88' lang='lat' dir='ltr'><strong>Deus,</strong></span> <span class='ocrx_word' id='word_1_352' title='bbox 1160 3288 1209 3347; x_wconf 87' lang='lat' dir='ltr'><strong>id</strong></span> <span class='ocrx_word' id='word_1_353' title='bbox 1238 3304 1339 3357; x_wconf 88' lang='lat' dir='ltr'><strong>est,</strong></span> <span class='ocrx_word' id='word_1_354' title='bbox 1360 3288 1431 3346; x_wconf 78' lang='lat' dir='ltr'><strong>es</strong></span> <span class='ocrx_word' id='word_1_355' title='bbox 1461 3291 1845 3365; x_wconf 26' lang='lat' dir='ltr'><strong>supernom‘nia.</strong></span> <span class='ocrx_word' id='word_1_356' title='bbox 1883 3288 2023 3344; x_wconf 85' lang='lat' dir='ltr'><strong>Deus</strong></span> 
     </span>
    </p>
   </div>
   <div class='ocr_carea' id='block_1_46' title="bbox 447 3361 2020 3433">
    <p class='ocr_par' dir='ltr' id='par_1_46' title="bbox 447 3361 2020 3433">
     <span class='ocr_line' id='line_1_46' title="bbox 447 3361 2020 3433; baseline -0.005 -14"><span class='ocrx_word' id='word_1_357' title='bbox 447 3361 567 3421; x_wconf 73' lang='lat' dir='ltr'><strong>dico</strong></span> <span class='ocrx_word' id='word_1_358' title='bbox 594 3361 763 3430; x_wconf 82' lang='lat' dir='ltr'><strong>meus,</strong></span> <span class='ocrx_word' id='word_1_359' title='bbox 797 3366 846 3418; x_wconf 90' lang='lat' dir='ltr'><strong>id</strong></span> <span class='ocrx_word' id='word_1_360' title='bbox 878 3375 978 3431; x_wconf 87' lang='lat' dir='ltr'><strong>est,</strong></span> <span class='ocrx_word' id='word_1_361' title='bbox 1014 3380 1169 3433; x_wconf 89' lang='lat' dir='ltr'><strong>quem</strong></span> <span class='ocrx_word' id='word_1_362' title='bbox 1220 3378 1319 3433; x_wconf 94' lang='lat' dir='ltr'><strong>ego</strong></span> <span class='ocrx_word' id='word_1_363' title='bbox 1365 3367 1525 3416; x_wconf 90' lang='lat' dir='ltr'><strong>Deum</strong></span> <span class='ocrx_word' id='word_1_364' title='bbox 1560 3362 1689 3415; x_wconf 92' lang='lat' dir='ltr'><strong>mihi</strong></span> <span class='ocrx_word' id='word_1_365' title='bbox 1732 3361 1889 3428; x_wconf 80' lang='lat' dir='ltr'><strong>facio,</strong></span> <span class='ocrx_word' id='word_1_366' title='bbox 1918 3376 2020 3433; x_wconf 80' lang='lat' dir='ltr'><strong>non</strong></span> 
     </span>
    </p>
   </div>
   <div class='ocr_carea' id='block_1_47' title="bbox 442 3430 2021 3506">
    <p class='ocr_par' dir='ltr' id='par_1_47' title="bbox 442 3430 2021 3506">
     <span class='ocr_line' id='line_1_47' title="bbox 442 3430 2021 3506; baseline -0.004 -16"><span class='ocrx_word' id='word_1_367' title='bbox 442 3443 726 3506; x_wconf 88' lang='lat' dir='ltr'><strong>meipsmn,</strong></span> <span class='ocrx_word' id='word_1_368' title='bbox 772 3438 910 3489; x_wconf 89' lang='lat' dir='ltr'><strong>sicut</strong></span> <span class='ocrx_word' id='word_1_369' title='bbox 957 3430 1123 3488; x_wconf 82' lang='lat' dir='ltr'><strong>Adam</strong></span> <span class='ocrx_word' id='word_1_370' title='bbox 1173 3430 1623 3506; x_wconf 76' lang='lat' dir='ltr'><strong>voluitseipsum</strong></span> <span class='ocrx_word' id='word_1_371' title='bbox 1677 3445 1885 3506; x_wconf 75' lang='lat' dir='ltr'><strong>ponere</strong></span> <span class='ocrx_word' id='word_1_372' title='bbox 1920 3430 2021 3484; x_wconf 74' lang='lat' dir='ltr'><strong>sibi</strong></span> 
     </span>
    </p>
   </div>
   <div class='ocr_carea' id='block_1_48' title="bbox 445 3500 2019 3574">
    <p class='ocr_par' dir='ltr' id='par_1_48' title="bbox 445 3500 2019 3574">
     <span class='ocr_line' id='line_1_48' title="bbox 445 3500 2019 3574; baseline -0.006 -13"><span class='ocrx_word' id='word_1_373' title='bbox 445 3500 608 3561; x_wconf 73' lang='lat' dir='ltr'><strong>Deuin</strong></span> <span class='ocrx_word' id='word_1_374' title='bbox 639 3522 654 3561; x_wconf 88' lang='lat'><strong>:</strong></span> <span class='ocrx_word' id='word_1_375' title='bbox 690 3508 803 3559; x_wconf 73' lang='lat' dir='ltr'><strong>haec</strong></span> <span class='ocrx_word' id='word_1_376' title='bbox 832 3509 1044 3574; x_wconf 85' lang='lat' dir='ltr'><strong>inquam</strong></span> <span class='ocrx_word' id='word_1_377' title='bbox 1094 3505 1342 3572; x_wconf 64' lang='lat' dir='ltr'><strong>praedicta</strong></span> <span class='ocrx_word' id='word_1_378' title='bbox 1392 3502 1521 3556; x_wconf 83' lang='lat' dir='ltr'><strong>dicet</strong></span> <span class='ocrx_word' id='word_1_379' title='bbox 1566 3502 1806 3565; x_wconf 86' lang='lat' dir='ltr'><strong>Domino,</strong></span> <span class='ocrx_word' id='word_1_380' title='bbox 1830 3500 1886 3574; x_wconf 84' lang='lat' dir='ltr'><strong>id</strong></span> <span class='ocrx_word' id='word_1_381' title='bbox 1918 3510 2019 3564; x_wconf 88' lang='lat' dir='ltr'><strong>est,</strong></span> 
     </span>
    </p>
   </div>
   <div class='ocr_carea' id='block_1_49' title="bbox 445 3571 2021 3641">
    <p class='ocr_par' dir='ltr' id='par_1_49' title="bbox 445 3571 2021 3641">
     <span class='ocr_line' id='line_1_49' title="bbox 445 3571 2021 3641; baseline -0.005 -11"><span class='ocrx_word' id='word_1_382' title='bbox 445 3578 512 3630; x_wconf 87' lang='lat' dir='ltr'><strong>ad</strong></span> <span class='ocrx_word' id='word_1_383' title='bbox 545 3578 802 3630; x_wconf 88' lang='lat' dir='ltr'><strong>honorem</strong></span> <span class='ocrx_word' id='word_1_384' title='bbox 834 3571 1062 3629; x_wconf 77' lang='lat' dir='ltr'><strong>Domini.</strong></span> <span class='ocrx_word' id='word_1_385' title='bbox 1092 3571 1218 3639; x_wconf 75' lang='lat' dir='ltr'><strong>Qua:</strong></span> <span class='ocrx_word' id='word_1_386' title='bbox 1250 3584 1425 3627; x_wconf 90' lang='lat' dir='ltr'><strong>autem</strong></span> <span class='ocrx_word' id='word_1_387' title='bbox 1453 3582 1748 3641; x_wconf 84' lang='lat' dir='ltr'><strong>Sequuntur</strong></span> <span class='ocrx_word' id='word_1_388' title='bbox 1790 3571 1930 3624; x_wconf 88' lang='lat' dir='ltr'><strong>dicet</strong></span> <span class='ocrx_word' id='word_1_389' title='bbox 1957 3573 2021 3623; x_wconf 90' lang='lat' dir='ltr'><strong>ad</strong></span> 
     </span>
    </p>
   </div>
   <div class='ocr_carea' id='block_1_50' title="bbox 446 3641 2023 3713">
    <p class='ocr_par' dir='ltr' id='par_1_50' title="bbox 446 3641 2023 3713">
     <span class='ocr_line' id='line_1_50' title="bbox 446 3641 2023 3713; baseline -0.006 -11"><span class='ocrx_word' id='word_1_390' title='bbox 446 3648 872 3702; x_wconf 77' lang='lat' dir='ltr'><strong>exhortationem</strong></span> <span class='ocrx_word' id='word_1_391' title='bbox 919 3645 1164 3713; x_wconf 81' lang='lat' dir='ltr'><strong>ptoximi,</strong></span> <span class='ocrx_word' id='word_1_392' title='bbox 1195 3645 1378 3697; x_wconf 87' lang='lat' dir='ltr'><strong>dicens</strong></span> <span class='ocrx_word' id='word_1_393' title='bbox 1410 3642 1478 3695; x_wconf 90' lang='lat' dir='ltr'><strong>ita</strong></span> <span class='ocrx_word' id='word_1_394' title='bbox 1514 3660 1525 3693; x_wconf 75' lang='grc' dir='ltr'>ε</span> <span class='ocrx_word' id='word_1_395' title='bbox 1558 3643 1783 3712; x_wconf 80' lang='lat' dir='ltr'><strong>Sperabo</strong></span> <span class='ocrx_word' id='word_1_396' title='bbox 1814 3656 1917 3693; x_wconf 87' lang='lat' dir='ltr'><strong>non</strong></span> <span class='ocrx_word' id='word_1_397' title='bbox 1954 3641 2023 3713; x_wconf 89' lang='lat' dir='ltr'><strong>de</strong></span> 
     </span>
    </p>
   </div>
   <div class='ocr_carea' id='block_1_51' title="bbox 450 3712 2024 3785">
    <p class='ocr_par' dir='ltr' id='par_1_51' title="bbox 450 3712 2024 3785">
     <span class='ocr_line' id='line_1_51' title="bbox 450 3712 2024 3785; baseline -0.004 -15"><span class='ocrx_word' id='word_1_398' title='bbox 450 3734 535 3771; x_wconf 85' lang='lat' dir='ltr'><strong>tne</strong></span> <span class='ocrx_word' id='word_1_399' title='bbox 586 3712 961 3785; x_wconf 68' lang='lat' dir='ltr'><strong>praesumente,</strong></span> <span class='ocrx_word' id='word_1_400' title='bbox 1009 3714 1101 3768; x_wconf 84' lang='lat' dir='ltr'><strong>sed</strong></span> <span class='ocrx_word' id='word_1_401' title='bbox 1153 3730 1343 3781; x_wconf 85' lang='lat' dir='ltr'><strong>ponam</strong></span> <span class='ocrx_word' id='word_1_402' title='bbox 1372 3727 1518 3785; x_wconf 88' lang='lat' dir='ltr'><strong>spem</strong></span> <span class='ocrx_word' id='word_1_403' title='bbox 1550 3712 1603 3763; x_wconf 87' lang='lat' dir='ltr'><strong>in</strong></span> <span class='ocrx_word' id='word_1_404' title='bbox 1635 3713 1809 3785; x_wconf 18' lang='lat' dir='ltr'><strong>eo.AEt</strong></span> <span class='ocrx_word' id='word_1_405' title='bbox 1834 3712 2024 3785; x_wconf 76' lang='lat' dir='ltr'><strong>merito</strong></span> 
     </span>
    </p>
   </div>
   <div class='ocr_carea' id='block_1_52' title="bbox 446 3780 2023 3856">
    <p class='ocr_par' dir='ltr' id='par_1_52' title="bbox 446 3780 2023 3856">
     <span class='ocr_line' id='line_1_52' title="bbox 446 3780 2023 3856; baseline -0.003 -17"><span class='ocrx_word' id='word_1_406' title='bbox 446 3780 615 3850; x_wconf 58' lang='grc' dir='ltr'>ιιιεοξ.</span> <span class='ocrx_word' id='word_1_407' title='bbox 634 3787 873 3856; x_wconf 87' lang='lat' dir='ltr'><strong>quoniam</strong></span> <span class='ocrx_word' id='word_1_408' title='bbox 914 3803 1015 3838; x_wconf 89' lang='lat' dir='ltr'><strong>non</strong></span> <span class='ocrx_word' id='word_1_409' title='bbox 1046 3780 1274 3852; x_wconf 20' lang='lat' dir='ltr'><strong>ego’tne,</strong></span> <span class='ocrx_word' id='word_1_410' title='bbox 1307 3786 1400 3856; x_wconf 78' lang='lat' dir='ltr'><strong>sed</strong></span> <span class='ocrx_word' id='word_1_411' title='bbox 1431 3784 1542 3850; x_wconf 83' lang='lat' dir='ltr'><strong>ipse</strong></span> <span class='ocrx_word' id='word_1_412' title='bbox 1563 3797 1642 3835; x_wconf 88' lang='lat' dir='ltr'><strong>me</strong></span> <span class='ocrx_word' id='word_1_413' title='bbox 1671 3783 1922 3856; x_wconf 79' lang='lat' dir='ltr'><strong>liberavit,</strong></span> <span class='ocrx_word' id='word_1_414' title='bbox 1972 3780 2023 3834; x_wconf 88' lang='lat' dir='ltr'><strong>id</strong></span> 
     </span>
    </p>
   </div>
   <div class='ocr_carea' id='block_1_53' title="bbox 450 3853 2021 3923">
    <p class='ocr_par' dir='ltr' id='par_1_53' title="bbox 450 3853 2021 3923">
     <span class='ocr_line' id='line_1_53' title="bbox 450 3853 2021 3923; baseline -0.004 -12"><span class='ocrx_word' id='word_1_415' title='bbox 450 3870 554 3921; x_wconf 83' lang='lat' dir='ltr'><strong>est,</strong></span> <span class='ocrx_word' id='word_1_416' title='bbox 588 3853 830 3912; x_wconf 85' lang='lat' dir='ltr'><strong>liberavit</strong></span> <span class='ocrx_word' id='word_1_417' title='bbox 859 3856 921 3910; x_wconf 85' lang='lat' dir='ltr'><strong>de</strong></span> <span class='ocrx_word' id='word_1_418' title='bbox 951 3858 1128 3923; x_wconf 80' lang='lat' dir='ltr'><strong>laqueo</strong></span> <span class='ocrx_word' id='word_1_419' title='bbox 1172 3853 1484 3916; x_wconf 79' lang='lat' dir='ltr'><strong>venantium,</strong></span> <span class='ocrx_word' id='word_1_420' title='bbox 1516 3862 1563 3905; x_wconf 88' lang='lat' dir='ltr'><strong>et</strong></span> <span class='ocrx_word' id='word_1_421' title='bbox 1589 3868 1622 3903; x_wconf 91' lang='lat' dir='ltr'><strong>a</strong></span> <span class='ocrx_word' id='word_1_422' title='bbox 1648 3854 1793 3905; x_wconf 85' lang='lat' dir='ltr'><strong>verbo</strong></span> <span class='ocrx_word' id='word_1_423' title='bbox 1818 3866 2021 3919; x_wconf 85' lang='lat' dir='ltr'><strong>aspero.</strong></span> 
     </span>
    </p>
   </div>
   <div class='ocr_carea' id='block_1_54' title="bbox 454 3926 2024 3996">
    <p class='ocr_par' dir='ltr' id='par_1_54' title="bbox 454 3926 2024 3996">
     <span class='ocr_line' id='line_1_54' title="bbox 454 3926 2024 3996; baseline -0.004 -16"><span class='ocrx_word' id='word_1_424' title='bbox 454 3932 526 3982; x_wconf 85' lang='lat' dir='ltr'><strong>tta</strong></span> <span class='ocrx_word' id='word_1_425' title='bbox 578 3939 629 3982; x_wconf 93' lang='lat' dir='ltr'><strong>el</strong></span> <span class='ocrx_word' id='word_1_426' title='bbox 680 3941 773 3980; x_wconf 83' lang='lat' dir='ltr'><strong>vos</strong></span> <span class='ocrx_word' id='word_1_427' title='bbox 802 3926 973 3996; x_wconf 86' lang='lat' dir='ltr'><strong>(quasi</strong></span> <span class='ocrx_word' id='word_1_428' title='bbox 1030 3926 1191 3993; x_wconf 84' lang='lat' dir='ltr'><strong>dicat)</strong></span> <span class='ocrx_word' id='word_1_429' title='bbox 1243 3926 1432 3996; x_wconf 80' lang='lat' dir='ltr'><strong>ponite</strong></span> <span class='ocrx_word' id='word_1_430' title='bbox 1461 3938 1607 3996; x_wconf 71' lang='lat' dir='ltr'><strong>spem</strong></span> <span class='ocrx_word' id='word_1_431' title='bbox 1653 3932 1880 3977; x_wconf 87' lang='lat' dir='ltr'><strong>vestram</strong></span> <span class='ocrx_word' id='word_1_432' title='bbox 1920 3938 2024 3975; x_wconf 89' lang='lat' dir='ltr'><strong>non</strong></span> 
     </span>
    </p>
   </div>
   <div class='ocr_carea' id='block_1_55' title="bbox 453 3994 2027 4061">
    <p class='ocr_par' dir='ltr' id='par_1_55' title="bbox 453 3994 2027 4061">
     <span class='ocr_line' id='line_1_55' title="bbox 453 3994 2027 4061; baseline -0.005 -9"><span class='ocrx_word' id='word_1_433' title='bbox 453 3999 508 4052; x_wconf 92' lang='lat' dir='ltr'><strong>in</strong></span> <span class='ocrx_word' id='word_1_434' title='bbox 556 3997 756 4051; x_wconf 84' lang='lat' dir='ltr'><strong>viribus</strong></span> <span class='ocrx_word' id='word_1_435' title='bbox 794 3994 1007 4061; x_wconf 78' lang='lat' dir='ltr'><strong>vestris,</strong></span> <span class='ocrx_word' id='word_1_436' title='bbox 1056 3996 1150 4050; x_wconf 89' lang='lat' dir='ltr'><strong>sed</strong></span> <span class='ocrx_word' id='word_1_437' title='bbox 1192 3996 1243 4049; x_wconf 90' lang='lat' dir='ltr'><strong>in</strong></span> <span class='ocrx_word' id='word_1_438' title='bbox 1284 3994 1529 4048; x_wconf 89' lang='lat' dir='ltr'><strong>Domino.</strong></span> <span class='ocrx_word' id='word_1_439' title='bbox 1564 3994 1629 4046; x_wconf 85' lang='lat' dir='ltr'><strong>Et</strong></span> <span class='ocrx_word' id='word_1_440' title='bbox 1657 3996 1868 4059; x_wconf 89' lang='lat' dir='ltr'><strong>merito,</strong></span> <span class='ocrx_word' id='word_1_441' title='bbox 1898 4007 2027 4060; x_wconf 85' lang='lat' dir='ltr'><strong>quo-</strong></span> 
     </span>
    </p>
   </div>
   <div class='ocr_carea' id='block_1_56' title="bbox 456 4064 2022 4133">
    <p class='ocr_par' dir='ltr' id='par_1_56' title="bbox 456 4064 2022 4133">
     <span class='ocr_line' id='line_1_56' title="bbox 456 4064 2022 4133; baseline -0.004 -13"><span class='ocrx_word' id='word_1_442' title='bbox 456 4070 599 4121; x_wconf 86' lang='lat' dir='ltr'><strong>niam</strong></span> <span class='ocrx_word' id='word_1_443' title='bbox 630 4068 742 4133; x_wconf 90' lang='lat' dir='ltr'><strong>ipse</strong></span> <span class='ocrx_word' id='word_1_444' title='bbox 773 4066 1033 4127; x_wconf 84' lang='lat' dir='ltr'><strong>liberabit,</strong></span> <span class='ocrx_word' id='word_1_445' title='bbox 1055 4076 1107 4119; x_wconf 91' lang='lat' dir='ltr'><strong>et</strong></span> <span class='ocrx_word' id='word_1_446' title='bbox 1134 4081 1237 4118; x_wconf 89' lang='lat' dir='ltr'><strong>non</strong></span> <span class='ocrx_word' id='word_1_447' title='bbox 1268 4065 1501 4127; x_wconf 88' lang='lat' dir='ltr'><strong>alius,de</strong></span> <span class='ocrx_word' id='word_1_448' title='bbox 1515 4064 1693 4132; x_wconf 86' lang='lat' dir='ltr'><strong>laqueo</strong></span> <span class='ocrx_word' id='word_1_449' title='bbox 1712 4065 2022 4133; x_wconf 78' lang='lat' dir='ltr'><strong>venantium,</strong></span> 
     </span>
    </p>
   </div>
   <div class='ocr_carea' id='block_1_57' title="bbox 459 4132 2028 4203">
    <p class='ocr_par' dir='ltr' id='par_1_57' title="bbox 459 4132 2028 4203">
     <span class='ocr_line' id='line_1_57' title="bbox 459 4132 2028 4203; baseline -0.003 -13"><span class='ocrx_word' id='word_1_450' title='bbox 459 4150 515 4190; x_wconf 89' lang='lat' dir='ltr'><strong>et</strong></span> <span class='ocrx_word' id='word_1_451' title='bbox 538 4139 605 4189; x_wconf 87' lang='lat' dir='ltr'><strong>ab</strong></span> <span class='ocrx_word' id='word_1_452' title='bbox 634 4132 836 4187; x_wconf 86' lang='lat' dir='ltr'><strong>insidiis</strong></span> <span class='ocrx_word' id='word_1_453' title='bbox 866 4147 919 4190; x_wconf 90' lang='lat' dir='ltr'><strong>et</strong></span> <span class='ocrx_word' id='word_1_454' title='bbox 942 4135 1344 4203; x_wconf 84' lang='lat' dir='ltr'><strong>deceptionibus</strong></span> <span class='ocrx_word' id='word_1_455' title='bbox 1375 4134 1567 4187; x_wconf 80' lang='lat' dir='ltr'><strong>diaboli</strong></span> <span class='ocrx_word' id='word_1_456' title='bbox 1591 4146 1898 4187; x_wconf 87' lang='lat' dir='ltr'><strong>etsuorum.</strong></span> <span class='ocrx_word' id='word_1_457' title='bbox 1929 4132 2028 4186; x_wconf 85' lang='lat' dir='ltr'><strong>Ve-</strong></span> 
     </span>
    </p>
   </div>
   <div class='ocr_carea' id='block_1_58' title="bbox 454 4204 2029 4271">
    <p class='ocr_par' dir='ltr' id='par_1_58' title="bbox 454 4204 2029 4271">
     <span class='ocr_line' id='line_1_58' title="bbox 454 4204 2029 4271; baseline -0.004 -9"><span class='ocrx_word' id='word_1_458' title='bbox 454 4218 645 4262; x_wconf 84' lang='lat' dir='ltr'><strong>nantes</strong></span> <span class='ocrx_word' id='word_1_459' title='bbox 675 4207 757 4259; x_wconf 89' lang='lat' dir='ltr'><strong>vel</strong></span> <span class='ocrx_word' id='word_1_460' title='bbox 789 4219 1069 4258; x_wconf 73' lang='lat' dir='ltr'><strong>venatores</strong></span> <span class='ocrx_word' id='word_1_461' title='bbox 1100 4216 1222 4258; x_wconf 90' lang='lat' dir='ltr'><strong>sunt</strong></span> <span class='ocrx_word' id='word_1_462' title='bbox 1259 4204 1476 4268; x_wconf 88' lang='lat' dir='ltr'><strong>diaboli,</strong></span> <span class='ocrx_word' id='word_1_463' title='bbox 1525 4206 1646 4271; x_wconf 88' lang='lat' dir='ltr'><strong>quia</strong></span> <span class='ocrx_word' id='word_1_464' title='bbox 1694 4204 1838 4257; x_wconf 89' lang='lat' dir='ltr'><strong>mille</strong></span> <span class='ocrx_word' id='word_1_465' title='bbox 1884 4211 2029 4256; x_wconf 89' lang='lat' dir='ltr'><strong>artes</strong></span> 
     </span>
    </p>
   </div>
   <div class='ocr_carea' id='block_1_59' title="bbox 454 4274 2030 4342">
    <p class='ocr_par' dir='ltr' id='par_1_59' title="bbox 454 4274 2030 4342">
     <span class='ocr_line' id='line_1_59' title="bbox 454 4274 2030 4342; baseline -0.002 -13"><span class='ocrx_word' id='word_1_466' title='bbox 454 4278 657 4330; x_wconf 82' lang='lat' dir='ltr'><strong>habent</strong></span> <span class='ocrx_word' id='word_1_467' title='bbox 706 4276 955 4337; x_wconf 77' lang='lat' dir='ltr'><strong>nocendi,</strong></span> <span class='ocrx_word' id='word_1_468' title='bbox 1005 4276 1200 4342; x_wconf 89' lang='lat' dir='ltr'><strong>quibus</strong></span> <span class='ocrx_word' id='word_1_469' title='bbox 1248 4276 1509 4328; x_wconf 90' lang='lat' dir='ltr'><strong>seducunt</strong></span> <span class='ocrx_word' id='word_1_470' title='bbox 1558 4274 1780 4327; x_wconf 83' lang='lat' dir='ltr'><strong>miseras</strong></span> <span class='ocrx_word' id='word_1_471' title='bbox 1826 4274 2030 4326; x_wconf 90' lang='lat' dir='ltr'><strong>animas</strong></span> 
     </span>
    </p>
   </div>
   <div class='ocr_carea' id='block_1_60' title="bbox 453 4344 2027 4415">
    <p class='ocr_par' dir='ltr' id='par_1_60' title="bbox 453 4344 2027 4415">
     <span class='ocr_line' id='line_1_60' title="bbox 453 4344 2027 4415; baseline -0.003 -17"><span class='ocrx_word' id='word_1_472' title='bbox 453 4350 664 4400; x_wconf 85' lang='lat' dir='ltr'><strong>illorum</strong></span> <span class='ocrx_word' id='word_1_473' title='bbox 697 4348 785 4415; x_wconf 90' lang='lat' dir='ltr'><strong>qui</strong></span> <span class='ocrx_word' id='word_1_474' title='bbox 816 4346 884 4399; x_wconf 91' lang='lat' dir='ltr'><strong>de</strong></span> <span class='ocrx_word' id='word_1_475' title='bbox 914 4358 972 4401; x_wconf 82' lang='lat' dir='ltr'><strong>se</strong></span> <span class='ocrx_word' id='word_1_476' title='bbox 1006 4353 1350 4409; x_wconf 66' lang='lat' dir='ltr'><strong>praesumunt,</strong></span> <span class='ocrx_word' id='word_1_477' title='bbox 1372 4359 1486 4415; x_wconf 89' lang='lat' dir='ltr'><strong>nec</strong></span> <span class='ocrx_word' id='word_1_478' title='bbox 1522 4348 1570 4395; x_wconf 89' lang='lat' dir='ltr'><strong>in</strong></span> <span class='ocrx_word' id='word_1_479' title='bbox 1608 4344 1835 4397; x_wconf 90' lang='lat' dir='ltr'><strong>Domino</strong></span> <span class='ocrx_word' id='word_1_480' title='bbox 1879 4358 2027 4411; x_wconf 85' lang='lat' dir='ltr'><strong>spem</strong></span> 
     </span>
    </p>
   </div>
   <div class='ocr_carea' id='block_1_61' title="bbox 455 4414 2030 4485">
    <p class='ocr_par' dir='ltr' id='par_1_61' title="bbox 455 4414 2030 4485">
     <span class='ocr_line' id='line_1_61' title="bbox 455 4414 2030 4485; baseline -0.003 -17"><span class='ocrx_word' id='word_1_481' title='bbox 455 4433 603 4470; x_wconf 83' lang='lat' dir='ltr'><strong>suam</strong></span> <span class='ocrx_word' id='word_1_482' title='bbox 661 4414 862 4485; x_wconf 79' lang='lat' dir='ltr'><strong>puttunt</strong></span> <span class='ocrx_word' id='word_1_483' title='bbox 899 4431 913 4469; x_wconf 89' lang='lat'>:</span> <span class='ocrx_word' id='word_1_484' title='bbox 946 4417 1034 4483; x_wconf 87' lang='lat' dir='ltr'><strong>qui</strong></span> <span class='ocrx_word' id='word_1_485' title='bbox 1079 4418 1185 4485; x_wconf 88' lang='lat' dir='ltr'><strong>cito</strong></span> <span class='ocrx_word' id='word_1_486' title='bbox 1226 4423 1281 4469; x_wconf 90' lang='lat' dir='ltr'><strong>et</strong></span> <span class='ocrx_word' id='word_1_487' title='bbox 1329 4414 1581 4467; x_wconf 87' lang='lat' dir='ltr'><strong>illecebra</strong></span> <span class='ocrx_word' id='word_1_488' title='bbox 1629 4416 2030 4485; x_wconf 83' lang='lat' dir='ltr'><strong>capiuntur,_ct</strong></span> 
     </span>
    </p>
   </div>
   <div class='ocr_carea' id='block_1_62' title="bbox 455 4478 2477 4555">
    <p class='ocr_par' dir='ltr' id='par_1_62' title="bbox 455 4478 2477 4555">
     <span class='ocr_line' id='line_1_62' title="bbox 455 4478 2477 4555; baseline -0.003 -17"><span class='ocrx_word' id='word_1_489' title='bbox 455 4478 674 4541; x_wconf 44' lang='lat' dir='ltr'><strong>tnuore&#39;</strong></span> <span class='ocrx_word' id='word_1_490' title='bbox 696 4478 1022 4555; x_wconf 82' lang='lat' dir='ltr'><strong>lranguntur.</strong></span> <span class='ocrx_word' id='word_1_491' title='bbox 1056 4484 1118 4538; x_wconf 86' lang='lat' dir='ltr'><strong>Hi</strong></span> <span class='ocrx_word' id='word_1_492' title='bbox 1162 4494 1461 4549; x_wconf 83' lang='lat' dir='ltr'><strong>venatores,</strong></span> <span class='ocrx_word' id='word_1_493' title='bbox 1495 4486 1544 4537; x_wconf 89' lang='lat' dir='ltr'><strong>id</strong></span> <span class='ocrx_word' id='word_1_494' title='bbox 1573 4494 1676 4549; x_wconf 89' lang='lat' dir='ltr'><strong>est,</strong></span> <span class='ocrx_word' id='word_1_495' title='bbox 1698 4478 1920 4555; x_wconf 17' lang='lat' dir='ltr'><strong>idiaboli</strong></span> <span class='ocrx_word' id='word_1_496' title='bbox 1950 4482 2027 4535; x_wconf 84' lang='lat' dir='ltr'><strong>la-</strong></span> <span class='ocrx_word' id='word_1_497' title='bbox 2064 4478 2112 4537; x_wconf 81' lang='grc' dir='ltr'><strong>Ι)</strong></span> <span class='ocrx_word' id='word_1_498' title='bbox 2137 4478 2477 4555; x_wconf 85' lang='lat' dir='ltr'><strong>dilectionem</strong></span> 
     </span>
    </p>
   </div>
   <div class='ocr_carea' id='block_1_63' title="bbox 456 4554 2032 4626">
    <p class='ocr_par' dir='ltr' id='par_1_63' title="bbox 456 4554 2032 4626">
     <span class='ocr_line' id='line_1_63' title="bbox 456 4554 2032 4626; baseline -0.001 -19"><span class='ocrx_word' id='word_1_499' title='bbox 456 4572 624 4625; x_wconf 86' lang='lat' dir='ltr'><strong>quens</strong></span> <span class='ocrx_word' id='word_1_500' title='bbox 652 4565 704 4612; x_wconf 94' lang='lat' dir='ltr'><strong>et</strong></span> <span class='ocrx_word' id='word_1_501' title='bbox 735 4554 947 4626; x_wconf 83' lang='lat' dir='ltr'><strong>pedicas</strong></span> <span class='ocrx_word' id='word_1_502' title='bbox 977 4571 1101 4609; x_wconf 83' lang='lat' dir='ltr'><strong>suas</strong></span> <span class='ocrx_word' id='word_1_503' title='bbox 1135 4558 1357 4610; x_wconf 87' lang='lat' dir='ltr'><strong>tendunt</strong></span> <span class='ocrx_word' id='word_1_504' title='bbox 1403 4570 1505 4626; x_wconf 85' lang='lat' dir='ltr'><strong>non</strong></span> <span class='ocrx_word' id='word_1_505' title='bbox 1535 4556 1723 4626; x_wconf 85' lang='lat' dir='ltr'><strong>iu_via.</strong></span> <span class='ocrx_word' id='word_1_506' title='bbox 1754 4555 1847 4607; x_wconf 90' lang='lat' dir='ltr'><strong>sed</strong></span> <span class='ocrx_word' id='word_1_507' title='bbox 1886 4554 2032 4626; x_wconf 56' lang='lat' dir='ltr'><strong>jusja</strong></span> 
     </span>
    </p>
   </div>
   <div class='ocr_carea' id='block_1_64' title="bbox 463 4623 2034 4694">
    <p class='ocr_par' dir='ltr' id='par_1_64' title="bbox 463 4623 2034 4694">
     <span class='ocr_line' id='line_1_64' title="bbox 463 4623 2034 4694; baseline 0 -17"><span class='ocrx_word' id='word_1_508' title='bbox 463 4623 619 4691; x_wconf 67' lang='lat' dir='ltr'><strong>viam,</strong></span> <span class='ocrx_word' id='word_1_509' title='bbox 650 4641 703 4681; x_wconf 91' lang='lat' dir='ltr'><strong>ut</strong></span> <span class='ocrx_word' id='word_1_510' title='bbox 734 4623 776 4680; x_wconf 64' lang='lat' dir='ltr'><strong>Si</strong></span> <span class='ocrx_word' id='word_1_511' title='bbox 808 4628 926 4694; x_wconf 90' lang='lat' dir='ltr'><strong>quis</strong></span> <span class='ocrx_word' id='word_1_512' title='bbox 955 4642 983 4679; x_wconf 89' lang='lat' dir='ltr'><strong>a</strong></span> <span class='ocrx_word' id='word_1_513' title='bbox 1017 4628 1097 4678; x_wconf 89' lang='lat' dir='ltr'><strong>via</strong></span> <span class='ocrx_word' id='word_1_514' title='bbox 1126 4624 1525 4686; x_wconf 82' lang='lat' dir='ltr'><strong>exorbitavcrit,</strong></span> <span class='ocrx_word' id='word_1_515' title='bbox 1578 4624 1915 4693; x_wconf 87' lang='lat' dir='ltr'><strong>illaqueetur.</strong></span> <span class='ocrx_word' id='word_1_516' title='bbox 1955 4623 2034 4677; x_wconf 89' lang='lat' dir='ltr'><strong>Tu</strong></span> 
     </span>
    </p>
   </div>
   <div class='ocr_carea' id='block_1_65' title="bbox 458 4695 2035 4762">
    <p class='ocr_par' dir='ltr' id='par_1_65' title="bbox 458 4695 2035 4762">
     <span class='ocr_line' id='line_1_65' title="bbox 458 4695 2035 4762; baseline -0.002 -12"><span class='ocrx_word' id='word_1_517' title='bbox 458 4708 633 4752; x_wconf 82' lang='lat' dir='ltr'><strong>autem</strong></span> <span class='ocrx_word' id='word_1_518' title='bbox 665 4697 855 4762; x_wconf 81' lang='lat' dir='ltr'><strong>aliquis</strong></span> <span class='ocrx_word' id='word_1_519' title='bbox 885 4708 935 4749; x_wconf 90' lang='grc' dir='ltr'><strong>ιιι</strong></span> <span class='ocrx_word' id='word_1_520' title='bbox 968 4698 1043 4749; x_wconf 89' lang='lat' dir='ltr'><strong>sis</strong></span> <span class='ocrx_word' id='word_1_521' title='bbox 1072 4712 1313 4760; x_wconf 89' lang='lat' dir='ltr'><strong>securus,</strong></span> <span class='ocrx_word' id='word_1_522' title='bbox 1345 4707 1461 4750; x_wconf 87' lang='lat' dir='ltr'><strong>esto</strong></span> <span class='ocrx_word' id='word_1_523' title='bbox 1494 4697 1544 4747; x_wconf 91' lang='lat' dir='ltr'><strong>in</strong></span> <span class='ocrx_word' id='word_1_524' title='bbox 1590 4696 1696 4762; x_wconf 90' lang='lat' dir='ltr'><strong>via,</strong></span> <span class='ocrx_word' id='word_1_525' title='bbox 1734 4705 1785 4748; x_wconf 89' lang='lat' dir='ltr'><strong>et</strong></span> <span class='ocrx_word' id='word_1_526' title='bbox 1824 4695 2035 4747; x_wconf 89' lang='lat' dir='ltr'><strong>ambula</strong></span> 
     </span>
    </p>
   </div>
   <div class='ocr_carea' id='block_1_66' title="bbox 459 4764 2034 4833">
    <p class='ocr_par' dir='ltr' id='par_1_66' title="bbox 459 4764 2034 4833">
     <span class='ocr_line' id='line_1_66' title="bbox 459 4764 2034 4833; baseline -0.003 -13"><span class='ocrx_word' id='word_1_527' title='bbox 459 4772 511 4820; x_wconf 81' lang='lat' dir='ltr'><strong>in</strong></span> <span class='ocrx_word' id='word_1_528' title='bbox 543 4768 644 4830; x_wconf 85' lang='lat' dir='ltr'><strong>via,</strong></span> <span class='ocrx_word' id='word_1_529' title='bbox 682 4768 730 4820; x_wconf 92' lang='lat' dir='ltr'><strong>id</strong></span> <span class='ocrx_word' id='word_1_530' title='bbox 762 4777 863 4829; x_wconf 83' lang='lat' dir='ltr'><strong>est,</strong></span> <span class='ocrx_word' id='word_1_531' title='bbox 898 4768 948 4819; x_wconf 91' lang='lat' dir='ltr'><strong>in</strong></span> <span class='ocrx_word' id='word_1_532' title='bbox 982 4767 1212 4831; x_wconf 75' lang='lat' dir='ltr'><strong>Christo,</strong></span> <span class='ocrx_word' id='word_1_533' title='bbox 1247 4781 1298 4821; x_wconf 90' lang='lat' dir='ltr'><strong>et</strong></span> <span class='ocrx_word' id='word_1_534' title='bbox 1343 4768 1393 4819; x_wconf 91' lang='lat' dir='ltr'><strong>in</strong></span> <span class='ocrx_word' id='word_1_535' title='bbox 1440 4768 1719 4832; x_wconf 65' lang='lat' dir='ltr'><strong>praeceptis</strong></span> <span class='ocrx_word' id='word_1_536' title='bbox 1760 4764 1899 4832; x_wconf 88' lang='lat' dir='ltr'><strong>ejus,</strong></span> <span class='ocrx_word' id='word_1_537' title='bbox 1945 4766 2034 4833; x_wconf 87' lang='lat' dir='ltr'><strong>qui</strong></span> 
     </span>
    </p>
   </div>
   <div class='ocr_carea' id='block_1_67' title="bbox 459 4833 2039 4907">
    <p class='ocr_par' dir='ltr' id='par_1_67' title="bbox 459 4833 2039 4907">
     <span class='ocr_line' id='line_1_67' title="bbox 459 4833 2039 4907; baseline -0.001 -18"><span class='ocrx_word' id='word_1_538' title='bbox 459 4844 526 4890; x_wconf 84' lang='lat' dir='ltr'><strong>de</strong></span> <span class='ocrx_word' id='word_1_539' title='bbox 553 4851 616 4891; x_wconf 77' lang='lat' dir='ltr'><strong>se</strong></span> <span class='ocrx_word' id='word_1_540' title='bbox 655 4836 784 4891; x_wconf 86' lang='lat' dir='ltr'><strong>dicit</strong></span> <span class='ocrx_word' id='word_1_541' title='bbox 814 4854 825 4887; x_wconf 86' lang='lat'><strong>:</strong></span> <span class='ocrx_word' id='word_1_542' title='bbox 860 4833 970 4907; x_wconf 84' lang='lat' dir='ltr'><strong>Ego</strong></span> <span class='ocrx_word' id='word_1_543' title='bbox 998 4852 1112 4889; x_wconf 85' lang='lat' dir='ltr'><strong>sum</strong></span> <span class='ocrx_word' id='word_1_544' title='bbox 1142 4839 1241 4903; x_wconf 75' lang='lat' dir='ltr'><strong>via,</strong></span> <span class='ocrx_word' id='word_1_545' title='bbox 1274 4837 1457 4889; x_wconf 85' lang='lat' dir='ltr'><strong>veritas</strong></span> <span class='ocrx_word' id='word_1_546' title='bbox 1487 4848 1533 4887; x_wconf 87' lang='lat' dir='ltr'><strong>et</strong></span> <span class='ocrx_word' id='word_1_547' title='bbox 1561 4837 1681 4889; x_wconf 84' lang='lat' dir='ltr'><strong>vita.</strong></span> <span class='ocrx_word' id='word_1_548' title='bbox 1715 4834 1807 4889; x_wconf 90' lang='lat' dir='ltr'><strong>lllc</strong></span> <span class='ocrx_word' id='word_1_549' title='bbox 1836 4836 1927 4888; x_wconf 90' lang='lat' dir='ltr'><strong>tibi</strong></span> <span class='ocrx_word' id='word_1_550' title='bbox 1968 4835 2039 4888; x_wconf 88' lang='lat' dir='ltr'><strong>sit</strong></span> 
     </span>
    </p>
   </div>
   <div class='ocr_carea' id='block_1_68' title="bbox 463 4906 2037 4975">
    <p class='ocr_par' dir='ltr' id='par_1_68' title="bbox 463 4906 2037 4975">
     <span class='ocr_line' id='line_1_68' title="bbox 463 4906 2037 4975; baseline 0.001 -18"><span class='ocrx_word' id='word_1_551' title='bbox 463 4922 567 4970; x_wconf 70' lang='lat' dir='ltr'><strong>tua,</strong></span> <span class='ocrx_word' id='word_1_552' title='bbox 599 4910 686 4973; x_wconf 87' lang='lat' dir='ltr'><strong>qui</strong></span> <span class='ocrx_word' id='word_1_553' title='bbox 722 4906 939 4975; x_wconf 86' lang='lat' dir='ltr'><strong>propter</strong></span> <span class='ocrx_word' id='word_1_554' title='bbox 967 4916 1017 4960; x_wconf 91' lang='lat' dir='ltr'><strong>te</strong></span> <span class='ocrx_word' id='word_1_555' title='bbox 1048 4908 1217 4960; x_wconf 88' lang='lat' dir='ltr'><strong>factus</strong></span> <span class='ocrx_word' id='word_1_556' title='bbox 1248 4916 1331 4961; x_wconf 90' lang='lat' dir='ltr'><strong>est</strong></span> <span class='ocrx_word' id='word_1_557' title='bbox 1359 4908 1461 4969; x_wconf 89' lang='lat' dir='ltr'><strong>via,</strong></span> <span class='ocrx_word' id='word_1_558' title='bbox 1492 4916 1549 4959; x_wconf 91' lang='lat' dir='ltr'><strong>ut</strong></span> <span class='ocrx_word' id='word_1_559' title='bbox 1580 4906 1832 4973; x_wconf 87' lang='lat' dir='ltr'><strong>perducat</strong></span> <span class='ocrx_word' id='word_1_560' title='bbox 1862 4915 1914 4959; x_wconf 91' lang='lat' dir='ltr'><strong>te</strong></span> <span class='ocrx_word' id='word_1_561' title='bbox 1941 4921 2037 4974; x_wconf 90' lang='lat' dir='ltr'><strong>per</strong></span> 
     </span>
    </p>
   </div>
   <div class='ocr_carea' id='block_1_69' title="bbox 449 4977 2039 5045">
    <p class='ocr_par' dir='ltr' id='par_1_69' title="bbox 449 4977 2039 5045">
     <span class='ocr_line' id='line_1_69' title="bbox 449 4977 2039 5045; baseline 0.001 -17"><span class='ocrx_word' id='word_1_562' title='bbox 449 4991 511 5028; x_wconf 79' lang='lat' dir='ltr'><strong>se</strong></span> <span class='ocrx_word' id='word_1_563' title='bbox 540 4979 604 5029; x_wconf 85' lang='lat' dir='ltr'><strong>ad</strong></span> <span class='ocrx_word' id='word_1_564' title='bbox 631 4991 708 5030; x_wconf 88' lang='lat' dir='ltr'><strong>se.</strong></span> <span class='ocrx_word' id='word_1_565' title='bbox 740 4979 857 5043; x_wconf 83' lang='lat' dir='ltr'><strong>Ipse</strong></span> <span class='ocrx_word' id='word_1_566' title='bbox 884 4979 1023 5030; x_wconf 91' lang='lat' dir='ltr'><strong>enim</strong></span> <span class='ocrx_word' id='word_1_567' title='bbox 1056 4988 1138 5029; x_wconf 89' lang='lat' dir='ltr'><strong>cst</strong></span> <span class='ocrx_word' id='word_1_568' title='bbox 1169 4977 1273 5040; x_wconf 86' lang='lat' dir='ltr'><strong>via,</strong></span> <span class='ocrx_word' id='word_1_569' title='bbox 1326 4992 1417 5045; x_wconf 86' lang='lat' dir='ltr'><strong>per</strong></span> <span class='ocrx_word' id='word_1_570' title='bbox 1457 4992 1617 5044; x_wconf 89' lang='lat' dir='ltr'><strong>quam</strong></span> <span class='ocrx_word' id='word_1_571' title='bbox 1652 4977 1823 5039; x_wconf 89' lang='lat' dir='ltr'><strong>imus;</strong></span> <span class='ocrx_word' id='word_1_572' title='bbox 1864 4985 1918 5029; x_wconf 89' lang='lat' dir='ltr'><strong>et</strong></span> <span class='ocrx_word' id='word_1_573' title='bbox 1958 4986 2039 5029; x_wconf 84' lang='lat' dir='ltr'><strong>est</strong></span> 
     </span>
    </p>
   </div>
   <div class='ocr_carea' id='block_1_70' title="bbox 457 5045 2037 5114">
    <p class='ocr_par' dir='ltr' id='par_1_70' title="bbox 457 5045 2037 5114">
     <span class='ocr_line' id='line_1_70' title="bbox 457 5045 2037 5114; baseline -0.003 -13"><span class='ocrx_word' id='word_1_574' title='bbox 457 5045 601 5109; x_wconf 76' lang='lat' dir='ltr'><strong>ﬁnis,</strong></span> <span class='ocrx_word' id='word_1_575' title='bbox 634 5048 698 5099; x_wconf 91' lang='lat' dir='ltr'><strong>ad</strong></span> <span class='ocrx_word' id='word_1_576' title='bbox 731 5060 887 5114; x_wconf 87' lang='lat' dir='ltr'><strong>quem</strong></span> <span class='ocrx_word' id='word_1_577' title='bbox 921 5046 1208 5100; x_wconf 86' lang='lat' dir='ltr'><strong>tendimus.</strong></span> <span class='ocrx_word' id='word_1_578' title='bbox 1241 5051 1339 5113; x_wconf 76' lang='lat' dir='ltr'><strong>Qui</strong></span> <span class='ocrx_word' id='word_1_579' title='bbox 1377 5057 1555 5100; x_wconf 90' lang='lat' dir='ltr'><strong>autem</strong></span> <span class='ocrx_word' id='word_1_580' title='bbox 1589 5048 1640 5102; x_wconf 93' lang='lat' dir='ltr'><strong>in</strong></span> <span class='ocrx_word' id='word_1_581' title='bbox 1677 5046 1895 5099; x_wconf 74' lang='lat' dir='ltr'><strong>Christo</strong></span> <span class='ocrx_word' id='word_1_582' title='bbox 1924 5061 2037 5099; x_wconf 88' lang='lat' dir='ltr'><strong>atn-</strong></span> 
     </span>
    </p>
   </div>
   <div class='ocr_carea' id='block_1_71' title="bbox 457 5117 2036 5184">
    <p class='ocr_par' dir='ltr' id='par_1_71' title="bbox 457 5117 2036 5184">
     <span class='ocr_line' id='line_1_71' title="bbox 457 5117 2036 5184; baseline -0.001 -15"><span class='ocrx_word' id='word_1_583' title='bbox 457 5117 623 5178; x_wconf 84' lang='lat' dir='ltr'><strong>bulat,</strong></span> <span class='ocrx_word' id='word_1_584' title='bbox 654 5127 706 5169; x_wconf 92' lang='lat' dir='ltr'><strong>et</strong></span> <span class='ocrx_word' id='word_1_585' title='bbox 739 5120 789 5169; x_wconf 91' lang='lat' dir='ltr'><strong>in</strong></span> <span class='ocrx_word' id='word_1_586' title='bbox 819 5118 1099 5183; x_wconf 70' lang='lat' dir='ltr'><strong>pratceptis</strong></span> <span class='ocrx_word' id='word_1_587' title='bbox 1137 5118 1273 5184; x_wconf 84' lang='lat' dir='ltr'><strong>ejus,</strong></span> <span class='ocrx_word' id='word_1_588' title='bbox 1319 5118 1629 5170; x_wconf 88' lang='lat' dir='ltr'><strong>liberabitur</strong></span> <span class='ocrx_word' id='word_1_589' title='bbox 1661 5120 1722 5168; x_wconf 86' lang='lat' dir='ltr'><strong>de</strong></span> <span class='ocrx_word' id='word_1_590' title='bbox 1750 5118 1931 5184; x_wconf 75' lang='lat' dir='ltr'><strong>laqueo</strong></span> <span class='ocrx_word' id='word_1_591' title='bbox 1957 5132 2036 5168; x_wconf 86' lang='lat' dir='ltr'><strong>ve-</strong></span> 
     </span>
    </p>
   </div>
   <div class='ocr_carea' id='block_1_72' title="bbox 457 5186 2038 5252">
    <p class='ocr_par' dir='ltr' id='par_1_72' title="bbox 457 5186 2038 5252">
     <span class='ocr_line' id='line_1_72' title="bbox 457 5186 2038 5252; baseline 0 -13"><span class='ocrx_word' id='word_1_592' title='bbox 457 5190 708 5250; x_wconf 79' lang='lat' dir='ltr'><strong>nantium,</strong></span> <span class='ocrx_word' id='word_1_593' title='bbox 750 5186 800 5239; x_wconf 92' lang='lat' dir='ltr'><strong>id</strong></span> <span class='ocrx_word' id='word_1_594' title='bbox 840 5196 944 5249; x_wconf 88' lang='lat' dir='ltr'><strong>est,</strong></span> <span class='ocrx_word' id='word_1_595' title='bbox 973 5200 1002 5237; x_wconf 89' lang='lat' dir='ltr'><strong>a</strong></span> <span class='ocrx_word' id='word_1_596' title='bbox 1041 5187 1441 5252; x_wconf 86' lang='lat' dir='ltr'><strong>deceptiunibns</strong></span> <span class='ocrx_word' id='word_1_597' title='bbox 1490 5188 1707 5252; x_wconf 88' lang='lat' dir='ltr'><strong>diaboli,</strong></span> <span class='ocrx_word' id='word_1_598' title='bbox 1744 5198 1790 5239; x_wconf 82' lang='lat' dir='ltr'><strong>et</strong></span> <span class='ocrx_word' id='word_1_599' title='bbox 1820 5205 1851 5239; x_wconf 93' lang='lat' dir='ltr'><strong>a</strong></span> <span class='ocrx_word' id='word_1_600' title='bbox 1891 5192 2038 5239; x_wconf 83' lang='lat' dir='ltr'><strong>verba</strong></span> 
     </span>
    </p>
   </div>
   <div class='ocr_carea' id='block_1_73' title="bbox 457 5258 2039 5326">
    <p class='ocr_par' dir='ltr' id='par_1_73' title="bbox 457 5258 2039 5326">
     <span class='ocr_line' id='line_1_73' title="bbox 457 5258 2039 5326; baseline 0 -17"><span class='ocrx_word' id='word_1_601' title='bbox 457 5273 660 5326; x_wconf 82' lang='lat' dir='ltr'><strong>aspero.</strong></span> <span class='ocrx_word' id='word_1_602' title='bbox 703 5258 928 5313; x_wconf 81' lang='lat' dir='ltr'><strong>Verbum</strong></span> <span class='ocrx_word' id='word_1_603' title='bbox 958 5272 1205 5324; x_wconf 87' lang='lat' dir='ltr'><strong>asperum</strong></span> <span class='ocrx_word' id='word_1_604' title='bbox 1236 5259 1431 5311; x_wconf 90' lang='lat' dir='ltr'><strong>dicitur</strong></span> <span class='ocrx_word' id='word_1_605' title='bbox 1473 5260 1625 5311; x_wconf 77' lang='lat' dir='ltr'><strong>mala:</strong></span> <span class='ocrx_word' id='word_1_606' title='bbox 1675 5260 2039 5322; x_wconf 83' lang='lat' dir='ltr'><strong>persuasionis</strong></span> 
     </span>
    </p>
   </div>
   <div class='ocr_carea' id='block_1_74' title="bbox 458 5327 2037 5397">
    <p class='ocr_par' dir='ltr' id='par_1_74' title="bbox 458 5327 2037 5397">
     <span class='ocr_line' id='line_1_74' title="bbox 458 5327 2037 5397; baseline -0.003 -16"><span class='ocrx_word' id='word_1_607' title='bbox 458 5336 700 5392; x_wconf 84' lang='lat' dir='ltr'><strong>verbum,</strong></span> <span class='ocrx_word' id='word_1_608' title='bbox 728 5329 814 5382; x_wconf 90' lang='lat' dir='ltr'><strong>cui</strong></span> <span class='ocrx_word' id='word_1_609' title='bbox 846 5329 1180 5395; x_wconf 86' lang='lat' dir='ltr'><strong>persuasioni</strong></span> <span class='ocrx_word' id='word_1_610' title='bbox 1210 5330 1360 5381; x_wconf 71' lang='lat' dir='ltr'><strong>mala:</strong></span> <span class='ocrx_word' id='word_1_611' title='bbox 1398 5328 1702 5397; x_wconf 91' lang='lat' dir='ltr'><strong>quicunque</strong></span> <span class='ocrx_word' id='word_1_612' title='bbox 1741 5327 2037 5394; x_wconf 81' lang='lat' dir='ltr'><strong>acquiescit</strong></span> 
     </span>
    </p>
   </div>
   <div class='ocr_carea' id='block_1_75' title="bbox 456 5397 2037 5465">
    <p class='ocr_par' dir='ltr' id='par_1_75' title="bbox 456 5397 2037 5465">
     <span class='ocr_line' id='line_1_75' title="bbox 456 5397 2037 5465; baseline -0.003 -13"><span class='ocrx_word' id='word_1_613' title='bbox 456 5415 511 5452; x_wconf 81' lang='lat' dir='ltr'><strong>et</strong></span> <span class='ocrx_word' id='word_1_614' title='bbox 539 5400 827 5463; x_wconf 89' lang='lat' dir='ltr'><strong>consentit,</strong></span> <span class='ocrx_word' id='word_1_615' title='bbox 855 5402 907 5451; x_wconf 89' lang='lat' dir='ltr'><strong>in</strong></span> <span class='ocrx_word' id='word_1_616' title='bbox 930 5399 1149 5465; x_wconf 89' lang='lat' dir='ltr'><strong>laqueos</strong></span> <span class='ocrx_word' id='word_1_617' title='bbox 1174 5399 1370 5452; x_wconf 86' lang='lat' dir='ltr'><strong>diaboli</strong></span> <span class='ocrx_word' id='word_1_618' title='bbox 1395 5413 1453 5453; x_wconf 84' lang='lat' dir='ltr'><strong>se</strong></span> <span class='ocrx_word' id='word_1_619' title='bbox 1480 5397 1669 5463; x_wconf 88' lang='lat' dir='ltr'><strong>injicit.</strong></span> <span class='ocrx_word' id='word_1_620' title='bbox 1698 5397 1788 5449; x_wconf 81' lang='lat' dir='ltr'><strong>Vel</strong></span> <span class='ocrx_word' id='word_1_621' title='bbox 1818 5397 2037 5450; x_wconf 77' lang='lat' dir='ltr'><strong>verbum</strong></span> 
     </span>
    </p>
   </div>
   <div class='ocr_carea' id='block_1_76' title="bbox 459 5468 2038 5535">
    <p class='ocr_par' dir='ltr' id='par_1_76' title="bbox 459 5468 2038 5535">
     <span class='ocr_line' id='line_1_76' title="bbox 459 5468 2038 5535; baseline -0.003 -13"><span class='ocrx_word' id='word_1_622' title='bbox 459 5482 706 5535; x_wconf 84' lang='lat' dir='ltr'><strong>asperum</strong></span> <span class='ocrx_word' id='word_1_623' title='bbox 738 5470 932 5521; x_wconf 90' lang='lat' dir='ltr'><strong>dicitur</strong></span> <span class='ocrx_word' id='word_1_624' title='bbox 957 5468 1302 5522; x_wconf 87' lang='lat' dir='ltr'><strong>detractionis</strong></span> <span class='ocrx_word' id='word_1_625' title='bbox 1324 5469 1564 5531; x_wconf 85' lang='lat' dir='ltr'><strong>verbum,</strong></span> <span class='ocrx_word' id='word_1_626' title='bbox 1595 5468 1795 5521; x_wconf 86' lang='lat' dir='ltr'><strong>scilicet</strong></span> <span class='ocrx_word' id='word_1_627' title='bbox 1823 5468 2038 5535; x_wconf 89' lang='lat' dir='ltr'><strong>quando</strong></span> 
     </span>
    </p>
   </div>
   <div class='ocr_carea' id='block_1_77' title="bbox 452 5537 2037 5616">
    <p class='ocr_par' dir='ltr' id='par_1_77' title="bbox 452 5537 2037 5616">
     <span class='ocr_line' id='line_1_77' title="bbox 452 5537 2037 5616; baseline 0 -27"><span class='ocrx_word' id='word_1_628' title='bbox 452 5553 577 5616; x_wconf 68' lang='lat' dir='ltr'><strong>quis</strong></span> <span class='ocrx_word' id='word_1_629' title='bbox 627 5540 861 5616; x_wconf 82' lang='lat' dir='ltr'><strong>detrahit</strong></span> <span class='ocrx_word' id='word_1_630' title='bbox 910 5542 1176 5616; x_wconf 57' lang='lat' dir='ltr'><strong>proximo</strong></span> <span class='ocrx_word' id='word_1_631' title='bbox 1198 5540 1381 5616; x_wconf 82' lang='lat' dir='ltr'><strong>dicens</strong></span> <span class='ocrx_word' id='word_1_632' title='bbox 1414 5556 1426 5589; x_wconf 90' lang='lat'>:</span> <span class='ocrx_word' id='word_1_633' title='bbox 1460 5540 1536 5616; x_wconf 81' lang='lat' dir='ltr'><strong>Tu</strong></span> <span class='ocrx_word' id='word_1_634' title='bbox 1566 5541 1644 5590; x_wconf 88' lang='lat' dir='ltr'><strong>vis</strong></span> <span class='ocrx_word' id='word_1_635' title='bbox 1675 5540 1822 5616; x_wconf 71' lang='lat' dir='ltr'><strong>solus</strong></span> <span class='ocrx_word' id='word_1_636' title='bbox 1873 5537 2037 5616; x_wconf 79' lang='lat' dir='ltr'><strong>videri</strong></span> 
     </span>
    </p>
   </div>
   <div class='ocr_carea' id='block_1_78' title="bbox 456 5607 2037 5679">
    <p class='ocr_par' dir='ltr' id='par_1_78' title="bbox 456 5607 2037 5679">
     <span class='ocr_line' id='line_1_78' title="bbox 456 5607 2037 5679; baseline 0.002 -22"><span class='ocrx_word' id='word_1_637' title='bbox 456 5607 633 5672; x_wconf 74' lang='lat' dir='ltr'><strong>justus</strong></span> <span class='ocrx_word' id='word_1_638' title='bbox 670 5610 808 5662; x_wconf 90' lang='lat' dir='ltr'><strong>inter</strong></span> <span class='ocrx_word' id='word_1_639' title='bbox 853 5622 973 5674; x_wconf 85' lang='lat' dir='ltr'><strong>nos,</strong></span> <span class='ocrx_word' id='word_1_640' title='bbox 1008 5617 1059 5679; x_wconf 84' lang='lat' dir='ltr'><strong>tu</strong></span> <span class='ocrx_word' id='word_1_641' title='bbox 1091 5609 1267 5663; x_wconf 89' lang='lat' dir='ltr'><strong>taliter</strong></span> <span class='ocrx_word' id='word_1_642' title='bbox 1295 5611 1428 5679; x_wconf 84' lang='lat' dir='ltr'><strong>agis,</strong></span> <span class='ocrx_word' id='word_1_643' title='bbox 1465 5609 1620 5661; x_wconf 86' lang='lat' dir='ltr'><strong>talem</strong></span> <span class='ocrx_word' id='word_1_644' title='bbox 1652 5618 1704 5660; x_wconf 82' lang='lat' dir='ltr'><strong>te</strong></span> <span class='ocrx_word' id='word_1_645' title='bbox 1731 5609 1859 5679; x_wconf 82' lang='lat' dir='ltr'><strong>lacis</strong></span> <span class='ocrx_word' id='word_1_646' title='bbox 1884 5607 2037 5679; x_wconf 81' lang='lat' dir='ltr'><strong>quasi</strong></span> 
     </span>
    </p>
   </div>
   <div class='ocr_carea' id='block_1_79' title="bbox 463 5676 2037 5755">
    <p class='ocr_par' dir='ltr' id='par_1_79' title="bbox 463 5676 2037 5755">
     <span class='ocr_line' id='line_1_79' title="bbox 463 5676 2037 5755; baseline 0.002 -28"><span class='ocrx_word' id='word_1_647' title='bbox 463 5693 623 5755; x_wconf 79' lang='lat' dir='ltr'><strong>nemo</strong></span> <span class='ocrx_word' id='word_1_648' title='bbox 650 5679 719 5755; x_wconf 78' lang='lat' dir='ltr'><strong>sit</strong></span> <span class='ocrx_word' id='word_1_649' title='bbox 750 5680 918 5754; x_wconf 79' lang='lat' dir='ltr'><strong>bonus</strong></span> <span class='ocrx_word' id='word_1_650' title='bbox 966 5678 1066 5755; x_wconf 82' lang='lat' dir='ltr'><strong>nisi</strong></span> <span class='ocrx_word' id='word_1_651' title='bbox 1111 5689 1163 5755; x_wconf 80' lang='lat' dir='ltr'><strong>tu</strong></span> <span class='ocrx_word' id='word_1_652' title='bbox 1191 5676 1356 5755; x_wconf 57' lang='lat' dir='ltr'><strong>solus}</strong></span> <span class='ocrx_word' id='word_1_653' title='bbox 1390 5680 1495 5732; x_wconf 59' lang='lat' dir='ltr'><strong>Sed</strong></span> <span class='ocrx_word' id='word_1_654' title='bbox 1523 5679 1763 5747; x_wconf 78' lang='lat' dir='ltr'><strong>quisquis</strong></span> <span class='ocrx_word' id='word_1_655' title='bbox 1792 5678 1914 5731; x_wconf 90' lang='lat' dir='ltr'><strong>huic</strong></span> <span class='ocrx_word' id='word_1_656' title='bbox 1943 5676 2037 5755; x_wconf 50' lang='lat' dir='ltr'><strong>de:</strong></span> 
     </span>
    </p>
   </div>
   <div class='ocr_carea' id='block_1_80' title="bbox 466 5748 2034 5819">
    <p class='ocr_par' dir='ltr' id='par_1_80' title="bbox 466 5748 2034 5819">
     <span class='ocr_line' id='line_1_80' title="bbox 466 5748 2034 5819; baseline 0.003 -21"><span class='ocrx_word' id='word_1_657' title='bbox 466 5748 711 5802; x_wconf 72' lang='lat' dir='ltr'><strong>pactioni</strong></span> <span class='ocrx_word' id='word_1_658' title='bbox 754 5748 1043 5815; x_wconf 85' lang='lat' dir='ltr'><strong>acquiescit</strong></span> <span class='ocrx_word' id='word_1_659' title='bbox 1070 5750 1151 5802; x_wconf 86' lang='lat' dir='ltr'><strong>vel</strong></span> <span class='ocrx_word' id='word_1_660' title='bbox 1184 5764 1211 5800; x_wconf 88' lang='lat' dir='ltr'><strong>a</strong></span> <span class='ocrx_word' id='word_1_661' title='bbox 1243 5752 1382 5804; x_wconf 86' lang='lat' dir='ltr'><strong>bono</strong></span> <span class='ocrx_word' id='word_1_662' title='bbox 1424 5764 1587 5819; x_wconf 72' lang='lat' dir='ltr'><strong>apere</strong></span> <span class='ocrx_word' id='word_1_663' title='bbox 1626 5751 1906 5815; x_wconf 82' lang='lat' dir='ltr'><strong>cessando,</strong></span> <span class='ocrx_word' id='word_1_664' title='bbox 1953 5748 2034 5805; x_wconf 78' lang='lat' dir='ltr'><strong>Vel</strong></span> 
     </span>
    </p>
   </div>
   <div class='ocr_carea' id='block_1_81' title="bbox 2107 477 2956 549">
    <p class='ocr_par' dir='ltr' id='par_1_81' title="bbox 2107 477 2956 549">
     <span class='ocr_line' id='line_1_81' title="bbox 2107 477 2956 549; baseline -0.009 -15"><span class='ocrx_word' id='word_1_665' title='bbox 2107 483 2275 549; x_wconf 88' lang='lat' dir='ltr'><strong>injicit</strong></span> <span class='ocrx_word' id='word_1_666' title='bbox 2308 486 2359 533; x_wconf 90' lang='lat' dir='ltr'><strong>in</strong></span> <span class='ocrx_word' id='word_1_667' title='bbox 2391 477 2956 549; x_wconf 84' lang='lat' dir='ltr'><strong>laqueosvenantium.</strong></span> 
     </span>
    </p>
   </div>
   <div class='ocr_carea' id='block_1_82' title="bbox 2171 537 3687 620">
    <p class='ocr_par' dir='ltr' id='par_1_82' title="bbox 2171 537 3687 620">
     <span class='ocr_line' id='line_1_82' title="bbox 2171 537 3687 620; baseline -0.009 -13"><span class='ocrx_word' id='word_1_668' title='bbox 2171 537 2407 620; x_wconf 68' lang='lat' dir='ltr'><strong>Scapulis</strong></span> <span class='ocrx_word' id='word_1_669' title='bbox 2437 537 2562 603; x_wconf 75' lang='lat' dir='ltr'><strong>sitis.</strong></span> <span class='ocrx_word' id='word_1_670' title='bbox 2593 548 2753 620; x_wconf 82' lang='lat' dir='ltr'><strong>Quasi</strong></span> <span class='ocrx_word' id='word_1_671' title='bbox 2782 549 2925 598; x_wconf 83' lang='lat' dir='ltr'><strong>dicat</strong></span> <span class='ocrx_word' id='word_1_672' title='bbox 2958 562 2985 620; x_wconf 84' lang='lat'><strong>:_</strong></span> <span class='ocrx_word' id='word_1_673' title='bbox 3010 541 3126 595; x_wconf 81' lang='lat' dir='ltr'><strong>Non</strong></span> <span class='ocrx_word' id='word_1_674' title='bbox 3169 548 3375 619; x_wconf 74' lang='lat' dir='ltr'><strong>tantum</strong></span> <span class='ocrx_word' id='word_1_675' title='bbox 3422 537 3687 620; x_wconf 78' lang='lat' dir='ltr'><strong>liberabis</strong></span> 
     </span>
    </p>
   </div>
   <div class='ocr_carea' id='block_1_83' title="bbox 2099 608 3687 686">
    <p class='ocr_par' dir='ltr' id='par_1_83' title="bbox 2099 608 3687 686">
     <span class='ocr_line' id='line_1_83' title="bbox 2099 608 3687 686; baseline -0.011 -9"><span class='ocrx_word' id='word_1_676' title='bbox 2099 632 2151 677; x_wconf 88' lang='lat' dir='ltr'><strong>te</strong></span> <span class='ocrx_word' id='word_1_677' title='bbox 2170 622 2233 674; x_wconf 87' lang='lat' dir='ltr'><strong>de</strong></span> <span class='ocrx_word' id='word_1_678' title='bbox 2254 608 2432 686; x_wconf 51' lang='lat' dir='ltr'><strong>laqueo</strong></span> <span class='ocrx_word' id='word_1_679' title='bbox 2455 608 2746 671; x_wconf 68' lang='lat' dir='ltr'><strong>venanlium</strong></span> <span class='ocrx_word' id='word_1_680' title='bbox 2761 626 2807 669; x_wconf 87' lang='lat' dir='ltr'><strong>et</strong></span> <span class='ocrx_word' id='word_1_681' title='bbox 2825 632 2856 667; x_wconf 91' lang='lat' dir='ltr'><strong>a</strong></span> <span class='ocrx_word' id='word_1_682' title='bbox 2880 613 3029 667; x_wconf 78' lang='lat' dir='ltr'><strong>verbo</strong></span> <span class='ocrx_word' id='word_1_683' title='bbox 3058 626 3263 686; x_wconf 71' lang='lat' dir='ltr'><strong>aspero,</strong></span> <span class='ocrx_word' id='word_1_684' title='bbox 3291 608 3409 686; x_wconf 89' lang='lat' dir='ltr'><strong>quia</strong></span> <span class='ocrx_word' id='word_1_685' title='bbox 3437 609 3687 686; x_wconf 71' lang='lat' dir='ltr'><strong>sperabis</strong></span> 
     </span>
    </p>
   </div>
   <div class='ocr_carea' id='block_1_84' title="bbox 2100 678 3687 757">
    <p class='ocr_par' dir='ltr' id='par_1_84' title="bbox 2100 678 3687 757">
     <span class='ocr_line' id='line_1_84' title="bbox 2100 678 3687 757; baseline -0.006 -12"><span class='ocrx_word' id='word_1_686' title='bbox 2100 693 2265 757; x_wconf 87' lang='lat' dir='ltr'><strong>ineo,</strong></span> <span class='ocrx_word' id='word_1_687' title='bbox 2297 678 2548 744; x_wconf 83' lang='lat' dir='ltr'><strong>liberabis</strong></span> <span class='ocrx_word' id='word_1_688' title='bbox 2579 688 2700 741; x_wconf 91' lang='lat' dir='ltr'><strong>dico</strong></span> <span class='ocrx_word' id='word_1_689' title='bbox 2731 697 2781 739; x_wconf 92' lang='lat' dir='ltr'><strong>te</strong></span> <span class='ocrx_word' id='word_1_690' title='bbox 2825 694 2879 740; x_wconf 90' lang='lat' dir='ltr'><strong>et</strong></span> <span class='ocrx_word' id='word_1_691' title='bbox 2927 696 3088 757; x_wconf 74' lang='lat' dir='ltr'><strong>tuos:</strong></span> <span class='ocrx_word' id='word_1_692' title='bbox 3124 681 3216 757; x_wconf 65' lang='lat' dir='ltr'><strong>sed</strong></span> <span class='ocrx_word' id='word_1_693' title='bbox 3259 683 3416 757; x_wconf 73' lang='lat' dir='ltr'><strong>etiam</strong></span> <span class='ocrx_word' id='word_1_694' title='bbox 3467 678 3583 757; x_wconf 84' lang='lat' dir='ltr'><strong>tibi,</strong></span> <span class='ocrx_word' id='word_1_695' title='bbox 3632 678 3687 735; x_wconf 86' lang='lat' dir='ltr'><strong>id</strong></span> 
     </span>
    </p>
   </div>
   <div class='ocr_carea' id='block_1_85' title="bbox 2100 750 3686 826">
    <p class='ocr_par' dir='ltr' id='par_1_85' title="bbox 2100 750 3686 826">
     <span class='ocr_line' id='line_1_85' title="bbox 2100 750 3686 826; baseline -0.008 -11"><span class='ocrx_word' id='word_1_696' title='bbox 2100 772 2201 824; x_wconf 90' lang='lat' dir='ltr'><strong>est,</strong></span> <span class='ocrx_word' id='word_1_697' title='bbox 2238 750 2339 814; x_wconf 79' lang='lat' dir='ltr'><strong>tuis</strong></span> <span class='ocrx_word' id='word_1_698' title='bbox 2370 760 2416 812; x_wconf 89' lang='lat' dir='ltr'><strong>si</strong></span> <span class='ocrx_word' id='word_1_699' title='bbox 2444 768 2662 826; x_wconf 60' lang='lat' dir='ltr'><strong>sperant</strong></span> <span class='ocrx_word' id='word_1_700' title='bbox 2696 758 2748 809; x_wconf 90' lang='lat' dir='ltr'><strong>in</strong></span> <span class='ocrx_word' id='word_1_701' title='bbox 2777 772 2860 819; x_wconf 89' lang='lat' dir='ltr'><strong>eo,</strong></span> <span class='ocrx_word' id='word_1_702' title='bbox 2895 752 3234 826; x_wconf 81' lang='lat' dir='ltr'><strong>obumbrabit,</strong></span> <span class='ocrx_word' id='word_1_703' title='bbox 3265 750 3315 803; x_wconf 89' lang='lat' dir='ltr'><strong>id</strong></span> <span class='ocrx_word' id='word_1_704' title='bbox 3345 757 3445 826; x_wconf 71' lang='lat' dir='ltr'><strong>est,</strong></span> <span class='ocrx_word' id='word_1_705' title='bbox 3496 752 3686 826; x_wconf 80' lang='lat' dir='ltr'><strong>obum-</strong></span> 
     </span>
    </p>
   </div>
   <div class='ocr_carea' id='block_1_86' title="bbox 2103 820 3689 885">
    <p class='ocr_par' dir='ltr' id='par_1_86' title="bbox 2103 820 3689 885">
     <span class='ocr_line' id='line_1_86' title="bbox 2103 820 3689 885; baseline -0.006 -1"><span class='ocrx_word' id='word_1_706' title='bbox 2103 820 2392 885; x_wconf 35' lang='lat' dir='ltr'><strong>bra&#39;tionem</strong></span> <span class='ocrx_word' id='word_1_707' title='bbox 2445 820 2600 881; x_wconf 75' lang='lat' dir='ltr'><strong>faciet</strong></span> <span class='ocrx_word' id='word_1_708' title='bbox 2646 828 2713 880; x_wconf 89' lang='lat' dir='ltr'><strong>ab</strong></span> <span class='ocrx_word' id='word_1_709' title='bbox 2757 837 2889 880; x_wconf 72' lang='lat' dir='ltr'><strong>testu</strong></span> <span class='ocrx_word' id='word_1_710' title='bbox 2938 824 3345 880; x_wconf 76' lang='lat' dir='ltr'><strong>incentivorum,</strong></span> <span class='ocrx_word' id='word_1_711' title='bbox 3390 820 3439 871; x_wconf 89' lang='lat' dir='ltr'><strong>id</strong></span> <span class='ocrx_word' id='word_1_712' title='bbox 3482 828 3587 883; x_wconf 85' lang='lat' dir='ltr'><strong>est,</strong></span> <span class='ocrx_word' id='word_1_713' title='bbox 3633 822 3689 875; x_wconf 87' lang='lat' dir='ltr'><strong>in</strong></span> 
     </span>
    </p>
   </div>
   <div class='ocr_carea' id='block_1_87' title="bbox 2098 890 3690 971">
    <p class='ocr_par' dir='ltr' id='par_1_87' title="bbox 2098 890 3690 971">
     <span class='ocr_line' id='line_1_87' title="bbox 2098 890 3690 971; baseline -0.007 -16"><span class='ocrx_word' id='word_1_714' title='bbox 2098 902 2320 971; x_wconf 83' lang='lat' dir='ltr'><strong>scapulis</strong></span> <span class='ocrx_word' id='word_1_715' title='bbox 2357 899 2484 963; x_wconf 86' lang='lat' dir='ltr'><strong>suis,</strong></span> <span class='ocrx_word' id='word_1_716' title='bbox 2536 899 2587 952; x_wconf 90' lang='lat' dir='ltr'><strong>id</strong></span> <span class='ocrx_word' id='word_1_717' title='bbox 2639 907 2738 971; x_wconf 81' lang='lat' dir='ltr'><strong>est,</strong></span> <span class='ocrx_word' id='word_1_718' title='bbox 2793 911 2887 971; x_wconf 78' lang='lat' dir='ltr'><strong>per</strong></span> <span class='ocrx_word' id='word_1_719' title='bbox 2935 892 3184 959; x_wconf 87' lang='lat' dir='ltr'><strong>scapulas</strong></span> <span class='ocrx_word' id='word_1_720' title='bbox 3238 904 3404 971; x_wconf 72' lang='lat' dir='ltr'><strong>suas.</strong></span> <span class='ocrx_word' id='word_1_721' title='bbox 3440 890 3690 971; x_wconf 68' lang='lat' dir='ltr'><strong>§c.ipulis</strong></span> 
     </span>
    </p>
   </div>
   <div class='ocr_carea' id='block_1_88' title="bbox 2103 960 3692 1030">
    <p class='ocr_par' dir='ltr' id='par_1_88' title="bbox 2103 960 3692 1030">
     <span class='ocr_line' id='line_1_88' title="bbox 2103 960 3692 1030; baseline -0.007 -5"><span class='ocrx_word' id='word_1_722' title='bbox 2103 960 2400 1025; x_wconf 77' lang='lat' dir='ltr'><strong>innituntur</strong></span> <span class='ocrx_word' id='word_1_723' title='bbox 2439 960 2558 1030; x_wconf 64' lang='lat' dir='ltr'><strong>alie,</strong></span> <span class='ocrx_word' id='word_1_724' title='bbox 2604 978 2658 1021; x_wconf 91' lang='lat' dir='ltr'><strong>et</strong></span> <span class='ocrx_word' id='word_1_725' title='bbox 2700 968 2751 1020; x_wconf 91' lang='lat' dir='ltr'><strong>in</strong></span> <span class='ocrx_word' id='word_1_726' title='bbox 2793 960 2894 1019; x_wconf 82' lang='lat' dir='ltr'><strong>alis</strong></span> <span class='ocrx_word' id='word_1_727' title='bbox 2936 972 3059 1016; x_wconf 90' lang='lat' dir='ltr'><strong>sunt</strong></span> <span class='ocrx_word' id='word_1_728' title='bbox 3108 974 3317 1030; x_wconf 74' lang='lat' dir='ltr'><strong>penntc,</strong></span> <span class='ocrx_word' id='word_1_729' title='bbox 3360 970 3413 1011; x_wconf 92' lang='lat' dir='ltr'><strong>et</strong></span> <span class='ocrx_word' id='word_1_730' title='bbox 3442 960 3564 1013; x_wconf 87' lang='lat' dir='ltr'><strong>ideo</strong></span> <span class='ocrx_word' id='word_1_731' title='bbox 3594 976 3692 1025; x_wconf 88' lang='lat' dir='ltr'><strong>per</strong></span> 
     </span>
    </p>
   </div>
   <div class='ocr_carea' id='block_1_89' title="bbox 2099 1030 3689 1110">
    <p class='ocr_par' dir='ltr' id='par_1_89' title="bbox 2099 1030 3689 1110">
     <span class='ocr_line' id='line_1_89' title="bbox 2099 1030 3689 1110; baseline -0.008 -15"><span class='ocrx_word' id='word_1_732' title='bbox 2099 1058 2139 1095; x_wconf 91' lang='lat' dir='ltr'><strong>s.</strong></span> <span class='ocrx_word' id='word_1_733' title='bbox 2163 1044 2346 1110; x_wconf 86' lang='lat' dir='ltr'><strong>apulas</strong></span> <span class='ocrx_word' id='word_1_734' title='bbox 2377 1041 2474 1091; x_wconf 81' lang='lat' dir='ltr'><strong>al:e</strong></span> <span class='ocrx_word' id='word_1_735' title='bbox 2499 1048 2554 1093; x_wconf 90' lang='lat' dir='ltr'><strong>et</strong></span> <span class='ocrx_word' id='word_1_736' title='bbox 2583 1052 2770 1105; x_wconf 65' lang='lat' dir='ltr'><strong>pennae</strong></span> <span class='ocrx_word' id='word_1_737' title='bbox 2792 1033 3188 1110; x_wconf 78' lang='lat' dir='ltr'><strong>intelliguntur.</strong></span> <span class='ocrx_word' id='word_1_738' title='bbox 3212 1034 3348 1110; x_wconf 39' lang='lat' dir='ltr'><strong>.Alas</strong></span> <span class='ocrx_word' id='word_1_739' title='bbox 3379 1041 3556 1110; x_wconf 65' lang='lat' dir='ltr'><strong>autem</strong></span> <span class='ocrx_word' id='word_1_740' title='bbox 3600 1030 3689 1110; x_wconf 86' lang='lat' dir='ltr'><strong>hic</strong></span> 
     </span>
    </p>
   </div>
   <div class='ocr_carea' id='block_1_90' title="bbox 2099 1100 3691 1177">
    <p class='ocr_par' dir='ltr' id='par_1_90' title="bbox 2099 1100 3691 1177">
     <span class='ocr_line' id='line_1_90' title="bbox 2099 1100 3691 1177; baseline -0.006 -15"><span class='ocrx_word' id='word_1_741' title='bbox 2099 1100 2392 1177; x_wconf 76' lang='lat' dir='ltr'><strong>accipimus</strong></span> <span class='ocrx_word' id='word_1_742' title='bbox 2418 1100 2757 1163; x_wconf 83' lang='lat' dir='ltr'><strong>dilectionem</strong></span> <span class='ocrx_word' id='word_1_743' title='bbox 2792 1106 2883 1159; x_wconf 87' lang='lat' dir='ltr'><strong>Dei</strong></span> <span class='ocrx_word' id='word_1_744' title='bbox 2911 1100 3251 1177; x_wconf 29' lang='lat' dir='ltr'><strong>et’proximi,</strong></span> <span class='ocrx_word' id='word_1_745' title='bbox 3303 1100 3498 1177; x_wconf 85' lang='lat' dir='ltr'><strong>quibus</strong></span> <span class='ocrx_word' id='word_1_746' title='bbox 3538 1104 3691 1177; x_wconf 82' lang='lat' dir='ltr'><strong>velut</strong></span> 
     </span>
    </p>
   </div>
   <div class='ocr_carea' id='block_1_91' title="bbox 2099 1170 3692 1245">
    <p class='ocr_par' dir='ltr' id='par_1_91' title="bbox 2099 1170 3692 1245">
     <span class='ocr_line' id='line_1_91' title="bbox 2099 1170 3692 1245; baseline -0.006 -13"><span class='ocrx_word' id='word_1_747' title='bbox 2099 1184 2196 1233; x_wconf 78' lang='lat' dir='ltr'><strong>alis</strong></span> <span class='ocrx_word' id='word_1_748' title='bbox 2222 1170 2539 1244; x_wconf 61' lang='lat' dir='ltr'><strong>quibusdam</strong></span> <span class='ocrx_word' id='word_1_749' title='bbox 2570 1179 2635 1231; x_wconf 90' lang='lat' dir='ltr'><strong>ad</strong></span> <span class='ocrx_word' id='word_1_750' title='bbox 2667 1191 2901 1245; x_wconf 79' lang='lat' dir='ltr'><strong>regnum</strong></span> <span class='ocrx_word' id='word_1_751' title='bbox 2934 1170 3197 1245; x_wconf 57' lang='lat' dir='ltr'><strong>caelorum</strong></span> <span class='ocrx_word' id='word_1_752' title='bbox 3244 1170 3507 1245; x_wconf 70' lang='lat' dir='ltr'><strong>volamus,</strong></span> <span class='ocrx_word' id='word_1_753' title='bbox 3538 1172 3692 1245; x_wconf 80' lang='lat' dir='ltr'><strong>etde</strong></span> 
     </span>
    </p>
   </div>
   <div class='ocr_carea' id='block_1_92' title="bbox 2104 1239 3689 1305">
    <p class='ocr_par' dir='ltr' id='par_1_92' title="bbox 2104 1239 3689 1305">
     <span class='ocr_line' id='line_1_92' title="bbox 2104 1239 3689 1305; baseline -0.008 -2"><span class='ocrx_word' id='word_1_754' title='bbox 2104 1252 2184 1304; x_wconf 75' lang='lat' dir='ltr'><strong>his</strong></span> <span class='ocrx_word' id='word_1_755' title='bbox 2233 1239 2428 1305; x_wconf 83' lang='lat' dir='ltr'><strong>inlimis</strong></span> <span class='ocrx_word' id='word_1_756' title='bbox 2472 1249 2538 1301; x_wconf 91' lang='lat' dir='ltr'><strong>ad</strong></span> <span class='ocrx_word' id='word_1_757' title='bbox 2571 1239 2777 1300; x_wconf 69' lang='lat' dir='ltr'><strong>somnia</strong></span> <span class='ocrx_word' id='word_1_758' title='bbox 2825 1244 3192 1298; x_wconf 89' lang='lat' dir='ltr'><strong>sublevamur.</strong></span> <span class='ocrx_word' id='word_1_759' title='bbox 3245 1239 3450 1293; x_wconf 89' lang='lat' dir='ltr'><strong>Dictum</strong></span> <span class='ocrx_word' id='word_1_760' title='bbox 3500 1250 3584 1292; x_wconf 90' lang='lat' dir='ltr'><strong>est</strong></span> <span class='ocrx_word' id='word_1_761' title='bbox 3621 1241 3689 1292; x_wconf 85' lang='lat' dir='ltr'><strong>ad</strong></span> 
     </span>
    </p>
   </div>
   <div class='ocr_carea' id='block_1_93' title="bbox 2101 1311 3688 1378">
    <p class='ocr_par' dir='ltr' id='par_1_93' title="bbox 2101 1311 3688 1378">
     <span class='ocr_line' id='line_1_93' title="bbox 2101 1311 3688 1378; baseline -0.008 -4"><span class='ocrx_word' id='word_1_762' title='bbox 2101 1322 2498 1375; x_wconf 87' lang='lat' dir='ltr'><strong>similitudinem</strong></span> <span class='ocrx_word' id='word_1_763' title='bbox 2528 1315 2845 1371; x_wconf 86' lang='lat' dir='ltr'><strong>obumbrabit</strong></span> <span class='ocrx_word' id='word_1_764' title='bbox 2875 1314 2987 1378; x_wconf 84' lang='lat' dir='ltr'><strong>tibi,</strong></span> <span class='ocrx_word' id='word_1_765' title='bbox 3023 1312 3077 1365; x_wconf 87' lang='lat' dir='ltr'><strong>id</strong></span> <span class='ocrx_word' id='word_1_766' title='bbox 3104 1322 3206 1377; x_wconf 89' lang='lat' dir='ltr'><strong>est,</strong></span> <span class='ocrx_word' id='word_1_767' title='bbox 3239 1311 3688 1363; x_wconf 88' lang='lat' dir='ltr'><strong>obutnbraculum</strong></span> 
     </span>
    </p>
   </div>
   <div class='ocr_carea' id='block_1_94' title="bbox 2105 1382 3694 1453">
    <p class='ocr_par' dir='ltr' id='par_1_94' title="bbox 2105 1382 3694 1453">
     <span class='ocr_line' id='line_1_94' title="bbox 2105 1382 3694 1453; baseline -0.005 -11"><span class='ocrx_word' id='word_1_768' title='bbox 2105 1393 2261 1445; x_wconf 80' lang='lat' dir='ltr'><strong>faciet</strong></span> <span class='ocrx_word' id='word_1_769' title='bbox 2297 1392 2421 1453; x_wconf 88' lang='lat' dir='ltr'><strong>tuis,</strong></span> <span class='ocrx_word' id='word_1_770' title='bbox 2461 1405 2528 1442; x_wconf 90' lang='lat' dir='ltr'><strong>ne</strong></span> <span class='ocrx_word' id='word_1_771' title='bbox 2574 1397 2764 1441; x_wconf 89' lang='lat' dir='ltr'><strong>noceat</strong></span> <span class='ocrx_word' id='word_1_772' title='bbox 2808 1385 2913 1438; x_wconf 92' lang='lat' dir='ltr'><strong>illis</strong></span> <span class='ocrx_word' id='word_1_773' title='bbox 2952 1393 3115 1437; x_wconf 70' lang='lat' dir='ltr'><strong>aestus</strong></span> <span class='ocrx_word' id='word_1_774' title='bbox 3170 1382 3595 1453; x_wconf 58' lang='lat' dir='ltr'><strong>incentivoruin;</strong></span> <span class='ocrx_word' id='word_1_775' title='bbox 3637 1388 3694 1434; x_wconf 84' lang='lat' dir='ltr'><strong>et</strong></span> 
     </span>
    </p>
   </div>
   <div class='ocr_carea' id='block_1_95' title="bbox 2104 1450 3693 1523">
    <p class='ocr_par' dir='ltr' id='par_1_95' title="bbox 2104 1450 3693 1523">
     <span class='ocr_line' id='line_1_95' title="bbox 2104 1450 3693 1523; baseline -0.007 -9"><span class='ocrx_word' id='word_1_776' title='bbox 2104 1461 2205 1515; x_wconf 91' lang='lat' dir='ltr'><strong>hoc</strong></span> <span class='ocrx_word' id='word_1_777' title='bbox 2247 1465 2296 1514; x_wconf 93' lang='lat' dir='ltr'><strong>in</strong></span> <span class='ocrx_word' id='word_1_778' title='bbox 2338 1450 2457 1523; x_wconf 85' lang='lat' dir='ltr'><strong>alis,</strong></span> <span class='ocrx_word' id='word_1_779' title='bbox 2494 1459 2547 1512; x_wconf 91' lang='lat' dir='ltr'><strong>id</strong></span> <span class='ocrx_word' id='word_1_780' title='bbox 2587 1466 2688 1520; x_wconf 86' lang='lat' dir='ltr'><strong>est,</strong></span> <span class='ocrx_word' id='word_1_781' title='bbox 2726 1457 2771 1509; x_wconf 90' lang='lat' dir='ltr'><strong>si</strong></span> <span class='ocrx_word' id='word_1_782' title='bbox 2822 1454 3117 1508; x_wconf 84' lang='lat' dir='ltr'><strong>innitantur</strong></span> <span class='ocrx_word' id='word_1_783' title='bbox 3165 1452 3452 1523; x_wconf 72' lang='lat' dir='ltr'><strong>dilectione</strong></span> <span class='ocrx_word' id='word_1_784' title='bbox 3502 1450 3598 1523; x_wconf 86' lang='lat' dir='ltr'><strong>Dei</strong></span> <span class='ocrx_word' id='word_1_785' title='bbox 3636 1461 3693 1523; x_wconf 85' lang='lat' dir='ltr'><strong>et</strong></span> 
     </span>
    </p>
   </div>
   <div class='ocr_carea' id='block_1_96' title="bbox 2104 1520 3693 1600">
    <p class='ocr_par' dir='ltr' id='par_1_96' title="bbox 2104 1520 3693 1600">
     <span class='ocr_line' id='line_1_96' title="bbox 2104 1520 3693 1600; baseline -0.009 -16"><span class='ocrx_word' id='word_1_786' title='bbox 2104 1531 2361 1600; x_wconf 80' lang='lat' dir='ltr'><strong>proximi,</strong></span> <span class='ocrx_word' id='word_1_787' title='bbox 2398 1520 2541 1585; x_wconf 90' lang='lat' dir='ltr'><strong>sicut</strong></span> <span class='ocrx_word' id='word_1_788' title='bbox 2568 1527 2766 1600; x_wconf 76' lang='lat' dir='ltr'><strong>gallina</strong></span> <span class='ocrx_word' id='word_1_789' title='bbox 2796 1522 3233 1600; x_wconf 82' lang='lat' dir='ltr'><strong>obumbracnlutn</strong></span> <span class='ocrx_word' id='word_1_790' title='bbox 3253 1520 3420 1600; x_wconf 78' lang='lat' dir='ltr'><strong>pullis</strong></span> <span class='ocrx_word' id='word_1_791' title='bbox 3450 1522 3562 1573; x_wconf 87' lang='lat' dir='ltr'><strong>suis</strong></span> <span class='ocrx_word' id='word_1_792' title='bbox 3589 1522 3693 1600; x_wconf 72' lang='lat' dir='ltr'><strong>sub</strong></span> 
     </span>
    </p>
   </div>
   <div class='ocr_carea' id='block_1_97' title="bbox 2103 1590 3694 1668">
    <p class='ocr_par' dir='ltr' id='par_1_97' title="bbox 2103 1590 3694 1668">
     <span class='ocr_line' id='line_1_97' title="bbox 2103 1590 3694 1668; baseline -0.007 -14"><span class='ocrx_word' id='word_1_793' title='bbox 2103 1590 2220 1654; x_wconf 76' lang='lat' dir='ltr'><strong>alis.</strong></span> <span class='ocrx_word' id='word_1_794' title='bbox 2255 1602 2319 1655; x_wconf 87' lang='lat' dir='ltr'><strong>Et</strong></span> <span class='ocrx_word' id='word_1_795' title='bbox 2346 1590 2389 1653; x_wconf 81' lang='lat' dir='ltr'><strong>si</strong></span> <span class='ocrx_word' id='word_1_796' title='bbox 2422 1600 2545 1668; x_wconf 91' lang='lat' dir='ltr'><strong>pulli</strong></span> <span class='ocrx_word' id='word_1_797' title='bbox 2571 1590 2784 1668; x_wconf 66' lang='lat' dir='ltr'><strong>gallinae</strong></span> <span class='ocrx_word' id='word_1_798' title='bbox 2809 1596 2911 1668; x_wconf 82' lang='lat' dir='ltr'><strong>tuti</strong></span> <span class='ocrx_word' id='word_1_799' title='bbox 2940 1596 3193 1668; x_wconf 86' lang='lat' dir='ltr'><strong>sunt_su_b_</strong></span> <span class='ocrx_word' id='word_1_800' title='bbox 3215 1591 3315 1668; x_wconf 66' lang='lat' dir='ltr'><strong>alis</strong></span> <span class='ocrx_word' id='word_1_801' title='bbox 3331 1594 3501 1668; x_wconf 86' lang='lat' dir='ltr'><strong>_ejus_a</strong></span> <span class='ocrx_word' id='word_1_802' title='bbox 3527 1590 3694 1668; x_wconf 85' lang='lat' dir='ltr'><strong>milvo</strong></span> 
     </span>
    </p>
   </div>
   <div class='ocr_carea' id='block_1_98' title="bbox 2103 1661 3695 1737">
    <p class='ocr_par' dir='ltr' id='par_1_98' title="bbox 2103 1661 3695 1737">
     <span class='ocr_line' id='line_1_98' title="bbox 2103 1661 3695 1737; baseline -0.009 -11"><span class='ocrx_word' id='word_1_803' title='bbox 2103 1683 2157 1726; x_wconf 90' lang='lat' dir='ltr'><strong>et</strong></span> <span class='ocrx_word' id='word_1_804' title='bbox 2184 1661 2461 1737; x_wconf 79' lang='lat' dir='ltr'><strong>accipitré,</strong></span> <span class='ocrx_word' id='word_1_805' title='bbox 2493 1661 2660 1723; x_wconf 81' lang='lat' dir='ltr'><strong>multo</strong></span> <span class='ocrx_word' id='word_1_806' title='bbox 2682 1665 2852 1737; x_wconf 85' lang='lat' dir='ltr'><strong>magis</strong></span> <span class='ocrx_word' id='word_1_807' title='bbox 2881 1679 2979 1719; x_wconf 91' lang='lat' dir='ltr'><strong>nos</strong></span> <span class='ocrx_word' id='word_1_808' title='bbox 3004 1664 3102 1737; x_wconf 88' lang='lat' dir='ltr'><strong>sub</strong></span> <span class='ocrx_word' id='word_1_809' title='bbox 3127 1661 3227 1737; x_wconf 76' lang='lat' dir='ltr'><strong>alis</strong></span> <span class='ocrx_word' id='word_1_810' title='bbox 3252 1661 3344 1715; x_wconf 90' lang='lat' dir='ltr'><strong>Dei</strong></span> <span class='ocrx_word' id='word_1_811' title='bbox 3371 1662 3467 1737; x_wconf 85' lang='lat' dir='ltr'><strong>tuti</strong></span> <span class='ocrx_word' id='word_1_812' title='bbox 3489 1664 3695 1737; x_wconf 81' lang='lat' dir='ltr'><strong>erimus</strong></span> 
     </span>
    </p>
   </div>
   <div class='ocr_carea' id='block_1_99' title="bbox 2109 1732 3692 1807">
    <p class='ocr_par' dir='ltr' id='par_1_99' title="bbox 2109 1732 3692 1807">
     <span class='ocr_line' id='line_1_99' title="bbox 2109 1732 3692 1807; baseline -0.006 -15"><span class='ocrx_word' id='word_1_813' title='bbox 2109 1743 2175 1794; x_wconf 88' lang='lat' dir='ltr'><strong>ab</strong></span> <span class='ocrx_word' id='word_1_814' title='bbox 2204 1732 2363 1795; x_wconf 82' lang='lat' dir='ltr'><strong>aeriis</strong></span> <span class='ocrx_word' id='word_1_815' title='bbox 2397 1739 2748 1807; x_wconf 87' lang='lat' dir='ltr'><strong>potestatibus</strong></span> <span class='ocrx_word' id='word_1_816' title='bbox 2776 1732 3294 1807; x_wconf 67' lang='lat' dir='ltr'><strong>cirputnvolantibus</strong></span> <span class='ocrx_word' id='word_1_817' title='bbox 3327 1732 3478 1807; x_wconf 79' lang='lat' dir='ltr'><strong>velut</strong></span> <span class='ocrx_word' id='word_1_818' title='bbox 3516 1732 3692 1783; x_wconf 79' lang='lat' dir='ltr'><strong>milvis</strong></span> 
     </span>
    </p>
   </div>
   <div class='ocr_carea' id='block_1_100' title="bbox 2109 1803 3688 1881">
    <p class='ocr_par' dir='ltr' id='par_1_100' title="bbox 2109 1803 3688 1881">
     <span class='ocr_line' id='line_1_100' title="bbox 2109 1803 3688 1881; baseline -0.009 -15"><span class='ocrx_word' id='word_1_819' title='bbox 2109 1822 2163 1866; x_wconf 91' lang='lat' dir='ltr'><strong>et</strong></span> <span class='ocrx_word' id='word_1_820' title='bbox 2191 1803 2557 1881; x_wconf 74' lang='lat' dir='ltr'><strong>accipitribus.</strong></span> <span class='ocrx_word' id='word_1_821' title='bbox 2593 1808 2657 1881; x_wconf 69' lang='lat' dir='ltr'><strong>Et</strong></span> <span class='ocrx_word' id='word_1_822' title='bbox 2682 1808 2816 1881; x_wconf 85' lang='lat' dir='ltr'><strong>bene</strong></span> <span class='ocrx_word' id='word_1_823' title='bbox 2846 1804 2939 1858; x_wconf 88' lang='lat' dir='ltr'><strong>Dei</strong></span> <span class='ocrx_word' id='word_1_824' title='bbox 2971 1803 3240 1881; x_wconf 87' lang='lat' dir='ltr'><strong>sapientia</strong></span> <span class='ocrx_word' id='word_1_825' title='bbox 3276 1803 3491 1881; x_wconf 62' lang='lat' dir='ltr'><strong>gallina:</strong></span> <span class='ocrx_word' id='word_1_826' title='bbox 3537 1815 3688 1881; x_wconf 47' lang='lat' dir='ltr'><strong>com:</strong></span> 
     </span>
    </p>
   </div>
   <div class='ocr_carea' id='block_1_101' title="bbox 2112 1871 3695 1950">
    <p class='ocr_par' dir='ltr' id='par_1_101' title="bbox 2112 1871 3695 1950">
     <span class='ocr_line' id='line_1_101' title="bbox 2112 1871 3695 1950; baseline -0.007 -17"><span class='ocrx_word' id='word_1_827' title='bbox 2112 1871 2501 1950; x_wconf 71' lang='lat' dir='ltr'><strong>paratur,quia</strong></span> <span class='ocrx_word' id='word_1_828' title='bbox 2530 1879 2666 1931; x_wconf 87' lang='lat' dir='ltr'><strong>nulla</strong></span> <span class='ocrx_word' id='word_1_829' title='bbox 2700 1877 2814 1931; x_wconf 89' lang='lat' dir='ltr'><strong>avis</strong></span> <span class='ocrx_word' id='word_1_830' title='bbox 2841 1884 2927 1929; x_wconf 90' lang='lat' dir='ltr'><strong>est</strong></span> <span class='ocrx_word' id='word_1_831' title='bbox 2959 1871 3099 1950; x_wconf 50' lang='grc' dir='ltr'>(ιιιεῄ</span> <span class='ocrx_word' id='word_1_832' title='bbox 3134 1880 3335 1950; x_wconf 76' lang='lat' dir='ltr'><strong>tantum</strong></span> <span class='ocrx_word' id='word_1_833' title='bbox 3394 1871 3695 1950; x_wconf 72' lang='lat' dir='ltr'><strong>infirmitati</strong></span> 
     </span>
    </p>
   </div>
   <div class='ocr_carea' id='block_1_102' title="bbox 2113 1943 3696 2018">
    <p class='ocr_par' dir='ltr' id='par_1_102' title="bbox 2113 1943 3696 2018">
     <span class='ocr_line' id='line_1_102' title="bbox 2113 1943 3696 2018; baseline -0.008 -15"><span class='ocrx_word' id='word_1_834' title='bbox 2113 1943 2373 2018; x_wconf 78' lang='lat' dir='ltr'><strong>pullorum</strong></span> <span class='ocrx_word' id='word_1_835' title='bbox 2398 1943 2618 2003; x_wconf 77' lang='lat' dir='ltr'><strong>suorum</strong></span> <span class='ocrx_word' id='word_1_836' title='bbox 2646 1950 3024 2014; x_wconf 87' lang='lat' dir='ltr'><strong>compaliatur.</strong></span> <span class='ocrx_word' id='word_1_837' title='bbox 3060 1943 3148 2018; x_wconf 61' lang='lat' dir='ltr'><strong>Es</strong></span> <span class='ocrx_word' id='word_1_838' title='bbox 3169 1943 3330 1996; x_wconf 88' lang='lat' dir='ltr'><strong>nimia</strong></span> <span class='ocrx_word' id='word_1_839' title='bbox 3382 1947 3535 2018; x_wconf 20' lang='lat' dir='ltr'><strong>enim,</strong></span> <span class='ocrx_word' id='word_1_840' title='bbox 3576 1943 3696 2018; x_wconf 83' lang='lat' dir='ltr'><strong>pul-</strong></span> 
     </span>
    </p>
   </div>
   <div class='ocr_carea' id='block_1_103' title="bbox 2112 2014 3694 2087">
    <p class='ocr_par' dir='ltr' id='par_1_103' title="bbox 2112 2014 3694 2087">
     <span class='ocr_line' id='line_1_103' title="bbox 2112 2014 3694 2087; baseline -0.006 -12"><span class='ocrx_word' id='word_1_841' title='bbox 2112 2014 2284 2076; x_wconf 85' lang='lat' dir='ltr'><strong>lorum</strong></span> <span class='ocrx_word' id='word_1_842' title='bbox 2333 2019 2705 2087; x_wconf 88' lang='lat' dir='ltr'><strong>compassione</strong></span> <span class='ocrx_word' id='word_1_843' title='bbox 2745 2030 2798 2071; x_wconf 88' lang='lat' dir='ltr'><strong>et</strong></span> <span class='ocrx_word' id='word_1_844' title='bbox 2844 2014 3111 2087; x_wconf 72' lang='lat' dir='ltr'><strong>raucescit</strong></span> <span class='ocrx_word' id='word_1_845' title='bbox 3138 2014 3189 2067; x_wconf 90' lang='lat' dir='ltr'><strong>in</strong></span> <span class='ocrx_word' id='word_1_846' title='bbox 3222 2027 3366 2087; x_wconf 70' lang='lat' dir='ltr'><strong>voce,</strong></span> <span class='ocrx_word' id='word_1_847' title='bbox 3403 2023 3458 2065; x_wconf 87' lang='lat' dir='ltr'><strong>et</strong></span> <span class='ocrx_word' id='word_1_848' title='bbox 3487 2014 3694 2078; x_wconf 80' lang='lat' dir='ltr'><strong>hispida</strong></span> 
     </span>
    </p>
   </div>
   <div class='ocr_carea' id='block_1_104' title="bbox 2112 2083 3693 2161">
    <p class='ocr_par' dir='ltr' id='par_1_104' title="bbox 2112 2083 3693 2161">
     <span class='ocr_line' id='line_1_104' title="bbox 2112 2083 3693 2161; baseline -0.006 -16"><span class='ocrx_word' id='word_1_849' title='bbox 2112 2103 2334 2161; x_wconf 89' lang='lat' dir='ltr'><strong>apparet</strong></span> <span class='ocrx_word' id='word_1_850' title='bbox 2356 2092 2407 2145; x_wconf 91' lang='lat' dir='ltr'><strong>in</strong></span> <span class='ocrx_word' id='word_1_851' title='bbox 2440 2083 2650 2161; x_wconf 76' lang='lat' dir='ltr'><strong>pennis,</strong></span> <span class='ocrx_word' id='word_1_852' title='bbox 2685 2097 2740 2143; x_wconf 93' lang='lat' dir='ltr'><strong>et</strong></span> <span class='ocrx_word' id='word_1_853' title='bbox 2760 2101 2990 2161; x_wconf 82' lang='lat' dir='ltr'><strong>prorsus</strong></span> <span class='ocrx_word' id='word_1_854' title='bbox 3011 2083 3470 2161; x_wconf 38' lang='lat' dir='ltr'><strong>_i_r_t_iirtna‘_vi_detur</strong></span> <span class='ocrx_word' id='word_1_855' title='bbox 3520 2098 3645 2161; x_wconf 78' lang='lat' dir='ltr'><strong>esse</strong></span> <span class='ocrx_word' id='word_1_856' title='bbox 3675 2098 3693 2135; x_wconf 84' lang='lat'><strong>:</strong></span> 
     </span>
    </p>
   </div>
   <div class='ocr_carea' id='block_1_105' title="bbox 2114 2154 3695 2228">
    <p class='ocr_par' dir='ltr' id='par_1_105' title="bbox 2114 2154 3695 2228">
     <span class='ocr_line' id='line_1_105' title="bbox 2114 2154 3695 2228; baseline -0.007 -12"><span class='ocrx_word' id='word_1_857' title='bbox 2114 2154 2265 2216; x_wconf 57' lang='lat' dir='ltr'><strong>it&#39;a&#39;et</strong></span> <span class='ocrx_word' id='word_1_858' title='bbox 2294 2162 2386 2214; x_wconf 83' lang='lat' dir='ltr'><strong>Dei</strong></span> <span class='ocrx_word' id='word_1_859' title='bbox 2424 2154 2712 2228; x_wconf 82' lang='lat' dir='ltr'><strong>sapientia,</strong></span> <span class='ocrx_word' id='word_1_860' title='bbox 2755 2160 2806 2211; x_wconf 90' lang='lat' dir='ltr'><strong>id</strong></span> <span class='ocrx_word' id='word_1_861' title='bbox 2850 2165 2953 2228; x_wconf 89' lang='lat' dir='ltr'><strong>est,</strong></span> <span class='ocrx_word' id='word_1_862' title='bbox 3008 2154 3190 2228; x_wconf 83' lang='lat' dir='ltr'><strong>Filius</strong></span> <span class='ocrx_word' id='word_1_863' title='bbox 3224 2154 3316 2228; x_wconf 84' lang='lat' dir='ltr'><strong>Dei</strong></span> <span class='ocrx_word' id='word_1_864' title='bbox 3355 2154 3695 2228; x_wconf 73' lang='lat' dir='ltr'><strong>compatiens</strong></span> 
     </span>
    </p>
   </div>
   <div class='ocr_carea' id='block_1_106' title="bbox 2114 2223 3699 2293">
    <p class='ocr_par' dir='ltr' id='par_1_106' title="bbox 2114 2223 3699 2293">
     <span class='ocr_line' id='line_1_106' title="bbox 2114 2223 3699 2293; baseline -0.006 -6"><span class='ocrx_word' id='word_1_865' title='bbox 2114 2244 2312 2287; x_wconf 69' lang='lat' dir='ltr'><strong>nostra:</strong></span> <span class='ocrx_word' id='word_1_866' title='bbox 2354 2223 2666 2293; x_wconf 83' lang='lat' dir='ltr'><strong>infirmitati,</strong></span> <span class='ocrx_word' id='word_1_867' title='bbox 2696 2223 3052 2292; x_wconf 58' lang='lat' dir='ltr'><strong>semetipsum</strong></span> <span class='ocrx_word' id='word_1_868' title='bbox 3104 2223 3386 2278; x_wconf 75' lang='lat' dir='ltr'><strong>exinanirit</strong></span> <span class='ocrx_word' id='word_1_869' title='bbox 3439 2225 3699 2290; x_wconf 77' lang='lat' dir='ltr'><strong>accipiens</strong></span> 
     </span>
    </p>
   </div>
   <div class='ocr_carea' id='block_1_107' title="bbox 2115 2294 3700 2372">
    <p class='ocr_par' dir='ltr' id='par_1_107' title="bbox 2115 2294 3700 2372">
     <span class='ocr_line' id='line_1_107' title="bbox 2115 2294 3700 2372; baseline -0.004 -18"><span class='ocrx_word' id='word_1_870' title='bbox 2115 2303 2334 2372; x_wconf 80' lang='lat' dir='ltr'><strong>formam</strong></span> <span class='ocrx_word' id='word_1_871' title='bbox 2356 2302 2503 2363; x_wconf 84' lang='lat' dir='ltr'><strong>servi,</strong></span> <span class='ocrx_word' id='word_1_872' title='bbox 2541 2303 2593 2353; x_wconf 90' lang='lat' dir='ltr'><strong>in</strong></span> <span class='ocrx_word' id='word_1_873' title='bbox 2623 2313 2726 2372; x_wconf 83' lang='lat' dir='ltr'><strong>qua</strong></span> <span class='ocrx_word' id='word_1_874' title='bbox 2755 2314 2815 2372; x_wconf 80' lang='lat' dir='ltr'><strong>se</strong></span> <span class='ocrx_word' id='word_1_875' title='bbox 2843 2306 3043 2372; x_wconf 65' lang='lat' dir='ltr'><strong>tantum</strong></span> <span class='ocrx_word' id='word_1_876' title='bbox 3077 2294 3378 2372; x_wconf 81' lang='lat' dir='ltr'><strong>ltutniliavit</strong></span> <span class='ocrx_word' id='word_1_877' title='bbox 3419 2309 3516 2361; x_wconf 91' lang='lat' dir='ltr'><strong>pro</strong></span> <span class='ocrx_word' id='word_1_878' title='bbox 3544 2294 3700 2372; x_wconf 73' lang='lat' dir='ltr'><strong>nobis</strong></span> 
     </span>
    </p>
   </div>
   <div class='ocr_carea' id='block_1_108' title="bbox 2116 2364 3697 2442">
    <p class='ocr_par' dir='ltr' id='par_1_108' title="bbox 2116 2364 3697 2442">
     <span class='ocr_line' id='line_1_108' title="bbox 2116 2364 3697 2442; baseline -0.006 -16"><span class='ocrx_word' id='word_1_879' title='bbox 2116 2364 2283 2442; x_wconf 81' lang='lat' dir='ltr'><strong>usque</strong></span> <span class='ocrx_word' id='word_1_880' title='bbox 2312 2373 2376 2424; x_wconf 88' lang='lat' dir='ltr'><strong>ad</strong></span> <span class='ocrx_word' id='word_1_881' title='bbox 2407 2364 2922 2442; x_wconf 39' lang='lat' dir='ltr'><strong>mortetn—obediens</strong></span> <span class='ocrx_word' id='word_1_882' title='bbox 2952 2365 3115 2442; x_wconf 76' lang='lat' dir='ltr'><strong>Patri,</strong></span> <span class='ocrx_word' id='word_1_883' title='bbox 3140 2364 3289 2442; x_wconf 77' lang='lat' dir='ltr'><strong>quod</strong></span> <span class='ocrx_word' id='word_1_884' title='bbox 3336 2378 3437 2417; x_wconf 88' lang='lat' dir='ltr'><strong>nec</strong></span> <span class='ocrx_word' id='word_1_885' title='bbox 3471 2365 3697 2442; x_wconf 40' lang='lat' dir='ltr'><strong>.species</strong></span> 
     </span>
    </p>
   </div>
   <div class='ocr_carea' id='block_1_109' title="bbox 2115 2433 3694 2508">
    <p class='ocr_par' dir='ltr' id='par_1_109' title="bbox 2115 2433 3694 2508">
     <span class='ocr_line' id='line_1_109' title="bbox 2115 2433 3694 2508; baseline -0.006 -11"><span class='ocrx_word' id='word_1_886' title='bbox 2115 2433 2217 2497; x_wconf 79' lang='lat' dir='ltr'><strong>nec</strong></span> <span class='ocrx_word' id='word_1_887' title='bbox 2241 2444 2401 2497; x_wconf 84' lang='lat' dir='ltr'><strong>decor</strong></span> <span class='ocrx_word' id='word_1_888' title='bbox 2429 2443 2481 2495; x_wconf 92' lang='lat' dir='ltr'><strong>in</strong></span> <span class='ocrx_word' id='word_1_889' title='bbox 2508 2455 2572 2494; x_wconf 90' lang='lat' dir='ltr'><strong>eo</strong></span> <span class='ocrx_word' id='word_1_890' title='bbox 2599 2442 2859 2508; x_wconf 80' lang='lat' dir='ltr'><strong>apparuit.</strong></span> <span class='ocrx_word' id='word_1_891' title='bbox 2882 2436 3033 2490; x_wconf 85' lang='lat' dir='ltr'><strong>Nunc</strong></span> <span class='ocrx_word' id='word_1_892' title='bbox 3052 2436 3114 2487; x_wconf 86' lang='lat' dir='ltr'><strong>ad</strong></span> <span class='ocrx_word' id='word_1_893' title='bbox 3127 2436 3367 2508; x_wconf 70' lang='lat' dir='ltr'><strong>litteram</strong></span> <span class='ocrx_word' id='word_1_894' title='bbox 3394 2433 3694 2508; x_wconf 77' lang='lat' dir='ltr'><strong>redeamus.</strong></span> 
     </span>
    </p>
   </div>
   <div class='ocr_carea' id='block_1_110' title="bbox 2120 2503 3701 2578">
    <p class='ocr_par' dir='ltr' id='par_1_110' title="bbox 2120 2503 3701 2578">
     <span class='ocr_line' id='line_1_110' title="bbox 2120 2503 3701 2578; baseline -0.006 -12"><span class='ocrx_word' id='word_1_895' title='bbox 2120 2514 2329 2567; x_wconf 87' lang='lat' dir='ltr'><strong>Dictum</strong></span> <span class='ocrx_word' id='word_1_896' title='bbox 2360 2522 2442 2565; x_wconf 91' lang='lat' dir='ltr'><strong>est</strong></span> <span class='ocrx_word' id='word_1_897' title='bbox 2493 2503 2738 2578; x_wconf 24' lang='lat' dir='ltr'><strong>superi-us</strong></span> <span class='ocrx_word' id='word_1_898' title='bbox 2773 2526 2783 2560; x_wconf 91' lang='lat'><strong>:</strong></span> <span class='ocrx_word' id='word_1_899' title='bbox 2816 2508 2907 2562; x_wconf 88' lang='lat' dir='ltr'><strong>Illa</strong></span> <span class='ocrx_word' id='word_1_900' title='bbox 2948 2508 3088 2578; x_wconf 74' lang='lat' dir='ltr'><strong>dicit</strong></span> <span class='ocrx_word' id='word_1_901' title='bbox 3122 2503 3371 2578; x_wconf 81' lang='lat' dir='ltr'><strong>Domino,</strong></span> <span class='ocrx_word' id='word_1_902' title='bbox 3419 2504 3505 2578; x_wconf 62' lang='lat' dir='ltr'><strong>illa</strong></span> <span class='ocrx_word' id='word_1_903' title='bbox 3558 2504 3701 2578; x_wconf 62' lang='lat' dir='ltr'><strong>dicet</strong></span> 
     </span>
    </p>
   </div>
   <div class='ocr_carea' id='block_1_111' title="bbox 2120 2574 3698 2652">
    <p class='ocr_par' dir='ltr' id='par_1_111' title="bbox 2120 2574 3698 2652">
     <span class='ocr_line' id='line_1_111' title="bbox 2120 2574 3698 2652; baseline -0.007 -16"><span class='ocrx_word' id='word_1_904' title='bbox 2120 2584 2386 2652; x_wconf 79' lang='lat' dir='ltr'><strong>proximo.</strong></span> <span class='ocrx_word' id='word_1_905' title='bbox 2425 2574 2769 2652; x_wconf 39' lang='lat' dir='ltr'><strong>Huic—autem</strong></span> <span class='ocrx_word' id='word_1_906' title='bbox 2820 2576 3091 2652; x_wconf 70' lang='lat' dir='ltr'><strong>dicetsibi</strong></span> <span class='ocrx_word' id='word_1_907' title='bbox 3130 2574 3557 2652; x_wconf 71' lang='lat' dir='ltr'><strong>aggratulandu:</strong></span> 
     </span>
    </p>
   </div>
   <div class='ocr_carea' id='block_1_112' title="bbox 2120 2644 3699 2711">
    <p class='ocr_par' dir='ltr' id='par_1_112' title="bbox 2120 2644 3699 2711">
     <span class='ocr_line' id='line_1_112' title="bbox 2120 2644 3699 2711; baseline -0.005 -6"><span class='ocrx_word' id='word_1_908' title='bbox 2120 2644 2294 2706; x_wconf 77' lang='lat' dir='ltr'><strong>minus</strong></span> <span class='ocrx_word' id='word_1_909' title='bbox 2345 2653 2497 2704; x_wconf 83' lang='lat' dir='ltr'><strong>Pater</strong></span> <span class='ocrx_word' id='word_1_910' title='bbox 2546 2651 2859 2702; x_wconf 86' lang='lat' dir='ltr'><strong>obumbrabit</strong></span> <span class='ocrx_word' id='word_1_911' title='bbox 2890 2648 3001 2711; x_wconf 81' lang='lat' dir='ltr'><strong>tibi,</strong></span> <span class='ocrx_word' id='word_1_912' title='bbox 3035 2646 3085 2698; x_wconf 89' lang='lat' dir='ltr'><strong>id</strong></span> <span class='ocrx_word' id='word_1_913' title='bbox 3110 2644 3217 2708; x_wconf 74' lang='lat' dir='ltr'><strong>est,</strong></span> <span class='ocrx_word' id='word_1_914' title='bbox 3258 2644 3699 2699; x_wconf 85' lang='lat' dir='ltr'><strong>obumbraculum</strong></span> 
     </span>
    </p>
   </div>
   <div class='ocr_carea' id='block_1_113' title="bbox 2121 2715 3702 2783">
    <p class='ocr_par' dir='ltr' id='par_1_113' title="bbox 2121 2715 3702 2783">
     <span class='ocr_line' id='line_1_113' title="bbox 2121 2715 3702 2783; baseline -0.004 -7"><span class='ocrx_word' id='word_1_915' title='bbox 2121 2723 2281 2778; x_wconf 76' lang='lat' dir='ltr'><strong>faciet</strong></span> <span class='ocrx_word' id='word_1_916' title='bbox 2303 2721 2396 2777; x_wconf 88' lang='lat' dir='ltr'><strong>tibi</strong></span> <span class='ocrx_word' id='word_1_917' title='bbox 2422 2722 2645 2774; x_wconf 91' lang='lat' dir='ltr'><strong>interius</strong></span> <span class='ocrx_word' id='word_1_918' title='bbox 2664 2723 2732 2771; x_wconf 89' lang='lat' dir='ltr'><strong>ab</strong></span> <span class='ocrx_word' id='word_1_919' title='bbox 2757 2719 3034 2772; x_wconf 88' lang='lat' dir='ltr'><strong>incentivis</strong></span> <span class='ocrx_word' id='word_1_920' title='bbox 3063 2715 3335 2779; x_wconf 90' lang='lat' dir='ltr'><strong>vitiorum,</strong></span> <span class='ocrx_word' id='word_1_921' title='bbox 3368 2716 3702 2783; x_wconf 79' lang='lat' dir='ltr'><strong>protegepdo</strong></span> 
     </span>
    </p>
   </div>
   <div class='ocr_carea' id='block_1_114' title="bbox 2120 2786 3703 2858">
    <p class='ocr_par' dir='ltr' id='par_1_114' title="bbox 2120 2786 3703 2858">
     <span class='ocr_line' id='line_1_114' title="bbox 2120 2786 3703 2858; baseline -0.007 -11"><span class='ocrx_word' id='word_1_922' title='bbox 2120 2804 2172 2847; x_wconf 87' lang='lat' dir='ltr'><strong>te</strong></span> <span class='ocrx_word' id='word_1_923' title='bbox 2214 2808 2337 2846; x_wconf 88' lang='lat' dir='ltr'><strong>cum</strong></span> <span class='ocrx_word' id='word_1_924' title='bbox 2379 2792 2625 2858; x_wconf 80' lang='lat' dir='ltr'><strong>scapulis,</strong></span> <span class='ocrx_word' id='word_1_925' title='bbox 2666 2790 2719 2843; x_wconf 91' lang='lat' dir='ltr'><strong>id</strong></span> <span class='ocrx_word' id='word_1_926' title='bbox 2764 2801 2865 2850; x_wconf 87' lang='lat' dir='ltr'><strong>est,</strong></span> <span class='ocrx_word' id='word_1_927' title='bbox 2912 2802 3033 2858; x_wconf 73' lang='lat' dir='ltr'><strong>cum</strong></span> <span class='ocrx_word' id='word_1_928' title='bbox 3072 2786 3170 2839; x_wconf 87' lang='lat' dir='ltr'><strong>alis</strong></span> <span class='ocrx_word' id='word_1_929' title='bbox 3198 2788 3331 2858; x_wconf 82' lang='lat' dir='ltr'><strong>suis.</strong></span> <span class='ocrx_word' id='word_1_930' title='bbox 3365 2788 3475 2838; x_wconf 82' lang='lat' dir='ltr'><strong>Hoc</strong></span> <span class='ocrx_word' id='word_1_931' title='bbox 3502 2795 3583 2837; x_wconf 91' lang='lat' dir='ltr'><strong>est</strong></span> <span class='ocrx_word' id='word_1_932' title='bbox 3609 2800 3703 2858; x_wconf 84' lang='lat' dir='ltr'><strong>per</strong></span> 
     </span>
    </p>
   </div>
   <div class='ocr_carea' id='block_1_115' title="bbox 2121 2855 3701 2927">
    <p class='ocr_par' dir='ltr' id='par_1_115' title="bbox 2121 2855 3701 2927">
     <span class='ocr_line' id='line_1_115' title="bbox 2121 2855 3701 2927; baseline -0.005 -10"><span class='ocrx_word' id='word_1_933' title='bbox 2121 2855 2479 2917; x_wconf 82' lang='lat' dir='ltr'><strong>dilectionem</strong></span> <span class='ocrx_word' id='word_1_934' title='bbox 2511 2860 2602 2913; x_wconf 89' lang='lat' dir='ltr'><strong>Dei</strong></span> <span class='ocrx_word' id='word_1_935' title='bbox 2628 2870 2679 2913; x_wconf 89' lang='lat' dir='ltr'><strong>et</strong></span> <span class='ocrx_word' id='word_1_936' title='bbox 2711 2858 2959 2927; x_wconf 85' lang='lat' dir='ltr'><strong>proximi.</strong></span> <span class='ocrx_word' id='word_1_937' title='bbox 2987 2855 3054 2910; x_wconf 83' lang='lat' dir='ltr'><strong>Et</strong></span> <span class='ocrx_word' id='word_1_938' title='bbox 3080 2867 3132 2909; x_wconf 93' lang='lat' dir='ltr'><strong>tu</strong></span> <span class='ocrx_word' id='word_1_939' title='bbox 3167 2856 3368 2924; x_wconf 91' lang='lat' dir='ltr'><strong>positus</strong></span> <span class='ocrx_word' id='word_1_940' title='bbox 3396 2858 3491 2927; x_wconf 74' lang='lat' dir='ltr'><strong>sub</strong></span> <span class='ocrx_word' id='word_1_941' title='bbox 3519 2857 3701 2924; x_wconf 79' lang='lat' dir='ltr'><strong>pennis</strong></span> 
     </span>
    </p>
   </div>
   <div class='ocr_carea' id='block_1_116' title="bbox 2122 2925 3702 3003">
    <p class='ocr_par' dir='ltr' id='par_1_116' title="bbox 2122 2925 3702 3003">
     <span class='ocr_line' id='line_1_116' title="bbox 2122 2925 3702 3003; baseline -0.007 -16"><span class='ocrx_word' id='word_1_942' title='bbox 2122 2934 2259 3003; x_wconf 87' lang='lat' dir='ltr'><strong>ejus,</strong></span> <span class='ocrx_word' id='word_1_943' title='bbox 2293 2936 2342 2986; x_wconf 90' lang='lat' dir='ltr'><strong>id</strong></span> <span class='ocrx_word' id='word_1_944' title='bbox 2385 2941 2486 2996; x_wconf 87' lang='lat' dir='ltr'><strong>est,</strong></span> <span class='ocrx_word' id='word_1_945' title='bbox 2517 2931 2569 3003; x_wconf 88' lang='lat' dir='ltr'><strong>in</strong></span> <span class='ocrx_word' id='word_1_946' title='bbox 2594 2925 2923 3003; x_wconf 75' lang='lat' dir='ltr'><strong>protectione</strong></span> <span class='ocrx_word' id='word_1_947' title='bbox 2953 2929 3156 3003; x_wconf 70' lang='lat' dir='ltr'><strong>alarum</strong></span> <span class='ocrx_word' id='word_1_948' title='bbox 3183 2927 3322 3003; x_wconf 74' lang='lat' dir='ltr'><strong>ejus,</strong></span> <span class='ocrx_word' id='word_1_949' title='bbox 3352 2925 3548 3003; x_wconf 69' lang='lat' dir='ltr'><strong>merito</strong></span> <span class='ocrx_word' id='word_1_950' title='bbox 3586 2941 3702 3003; x_wconf 44' lang='lat' dir='ltr'><strong>spe:</strong></span> 
     </span>
    </p>
   </div>
   <div class='ocr_carea' id='block_1_117' title="bbox 2124 2996 3699 3068">
    <p class='ocr_par' dir='ltr' id='par_1_117' title="bbox 2124 2996 3699 3068">
     <span class='ocr_line' id='line_1_117' title="bbox 2124 2996 3699 3068; baseline -0.003 -12"><span class='ocrx_word' id='word_1_951' title='bbox 2124 2996 2261 3057; x_wconf 78' lang='lat' dir='ltr'><strong>rabt‘s</strong></span> <span class='ocrx_word' id='word_1_952' title='bbox 2291 3005 2344 3056; x_wconf 91' lang='lat' dir='ltr'><strong>in</strong></span> <span class='ocrx_word' id='word_1_953' title='bbox 2378 3013 2430 3057; x_wconf 91' lang='lat' dir='ltr'><strong>te</strong></span> <span class='ocrx_word' id='word_1_954' title='bbox 2460 3010 2512 3055; x_wconf 90' lang='lat' dir='ltr'><strong>et</strong></span> <span class='ocrx_word' id='word_1_955' title='bbox 2540 2996 2605 3054; x_wconf 62' lang='grc' dir='ltr'><strong>ιη’</strong></span> <span class='ocrx_word' id='word_1_956' title='bbox 2620 3000 2745 3068; x_wconf 88' lang='lat' dir='ltr'><strong>tuis,</strong></span> <span class='ocrx_word' id='word_1_957' title='bbox 2779 2998 2832 3052; x_wconf 92' lang='lat' dir='ltr'><strong>in</strong></span> <span class='ocrx_word' id='word_1_958' title='bbox 2863 3013 2927 3052; x_wconf 93' lang='lat' dir='ltr'><strong>eo</strong></span> <span class='ocrx_word' id='word_1_959' title='bbox 2954 2998 3084 3052; x_wconf 87' lang='lat' dir='ltr'><strong>nihil</strong></span> <span class='ocrx_word' id='word_1_960' title='bbox 3113 2998 3179 3051; x_wconf 87' lang='lat' dir='ltr'><strong>de</strong></span> <span class='ocrx_word' id='word_1_961' title='bbox 3206 2997 3408 3050; x_wconf 89' lang='lat' dir='ltr'><strong>viribus</strong></span> <span class='ocrx_word' id='word_1_962' title='bbox 3441 2996 3565 3068; x_wconf 82' lang='lat' dir='ltr'><strong>tuis,</strong></span> <span class='ocrx_word' id='word_1_963' title='bbox 3604 2998 3699 3051; x_wconf 84' lang='lat' dir='ltr'><strong>sed</strong></span> 
     </span>
    </p>
   </div>
   <div class='ocr_carea' id='block_1_118' title="bbox 2126 3065 3701 3143">
    <p class='ocr_par' dir='ltr' id='par_1_118' title="bbox 2126 3065 3701 3143">
     <span class='ocr_line' id='line_1_118' title="bbox 2126 3065 3701 3143; baseline -0.006 -15"><span class='ocrx_word' id='word_1_964' title='bbox 2126 3076 2193 3128; x_wconf 92' lang='lat' dir='ltr'><strong>de</strong></span> <span class='ocrx_word' id='word_1_965' title='bbox 2239 3075 2354 3143; x_wconf 90' lang='lat' dir='ltr'><strong>ejus</strong></span> <span class='ocrx_word' id='word_1_966' title='bbox 2404 3065 2739 3141; x_wconf 48' lang='lat' dir='ltr'><strong>protectione&#39;</strong></span> <span class='ocrx_word' id='word_1_967' title='bbox 2779 3081 3131 3143; x_wconf 70' lang='lat' dir='ltr'><strong>prmsumens,</strong></span> <span class='ocrx_word' id='word_1_968' title='bbox 3166 3079 3217 3121; x_wconf 89' lang='lat' dir='ltr'><strong>et</strong></span> <span class='ocrx_word' id='word_1_969' title='bbox 3247 3068 3506 3137; x_wconf 89' lang='lat' dir='ltr'><strong>quidquid</strong></span> <span class='ocrx_word' id='word_1_970' title='bbox 3545 3065 3599 3119; x_wconf 89' lang='lat' dir='ltr'><strong>in</strong></span> <span class='ocrx_word' id='word_1_971' title='bbox 3650 3076 3701 3119; x_wconf 83' lang='lat' dir='ltr'><strong>te</strong></span> 
     </span>
    </p>
   </div>
   <div class='ocr_carea' id='block_1_119' title="bbox 2049 3121 3064 3212">
    <p class='ocr_par' dir='ltr' id='par_1_119' title="bbox 2049 3121 3064 3212">
     <span class='ocr_line' id='line_1_119' title="bbox 2049 3121 3064 3212; baseline -0.005 -14"><span class='ocrx_word' id='word_1_972' title='bbox 2049 3121 2096 3185; x_wconf 70' lang='grc' dir='ltr'>ο</span> <span class='ocrx_word' id='word_1_973' title='bbox 2126 3121 2380 3209; x_wconf 50' lang='grc' dir='ltr'>ὖδιιῖδεξῖ,</span> <span class='ocrx_word' id='word_1_974' title='bbox 2404 3121 2743 3212; x_wconf 59' lang='grc' dir='ltr'>ἶέιιὲιὶῖεέἑίιιὲ</span> <span class='ocrx_word' id='word_1_975' title='bbox 2771 3121 3064 3193; x_wconf 61' lang='grc' dir='ltr'>ιῖὲειίιιεηὲ.</span> 
     </span>
    </p>
   </div>
   <div class='ocr_carea' id='block_1_120' title="bbox 2195 3209 3699 3277">
    <p class='ocr_par' dir='ltr' id='par_1_120' title="bbox 2195 3209 3699 3277">
     <span class='ocr_line' id='line_1_120' title="bbox 2195 3209 3699 3277; baseline -0.006 -8"><span class='ocrx_word' id='word_1_976' title='bbox 2195 3215 2355 3269; x_wconf 84' lang='lat' dir='ltr'><strong>Scuto</strong></span> <span class='ocrx_word' id='word_1_977' title='bbox 2386 3209 2718 3265; x_wconf 78' lang='lat' dir='ltr'><strong>circumdabit</strong></span> <span class='ocrx_word' id='word_1_978' title='bbox 2747 3222 2813 3267; x_wconf 84' lang='lat' dir='ltr'><strong>te.</strong></span> <span class='ocrx_word' id='word_1_979' title='bbox 2855 3212 3042 3263; x_wconf 87' lang='lat' dir='ltr'><strong>Merito</strong></span> <span class='ocrx_word' id='word_1_980' title='bbox 3086 3209 3177 3262; x_wconf 84' lang='lat' dir='ltr'><strong>sub</strong></span> <span class='ocrx_word' id='word_1_981' title='bbox 3209 3210 3386 3276; x_wconf 85' lang='lat' dir='ltr'><strong>pennis</strong></span> <span class='ocrx_word' id='word_1_982' title='bbox 3428 3209 3543 3276; x_wconf 81' lang='lat' dir='ltr'><strong>ejus</strong></span> <span class='ocrx_word' id='word_1_983' title='bbox 3583 3224 3699 3277; x_wconf 78' lang='lat' dir='ltr'><strong>spe-</strong></span> 
     </span>
    </p>
   </div>
   <div class='ocr_carea' id='block_1_121' title="bbox 2124 3280 3703 3350">
    <p class='ocr_par' dir='ltr' id='par_1_121' title="bbox 2124 3280 3703 3350">
     <span class='ocr_line' id='line_1_121' title="bbox 2124 3280 3703 3350; baseline -0.003 -12"><span class='ocrx_word' id='word_1_984' title='bbox 2124 3288 2280 3348; x_wconf 86' lang='lat' dir='ltr'><strong>rabis,</strong></span> <span class='ocrx_word' id='word_1_985' title='bbox 2314 3287 2361 3338; x_wconf 87' lang='lat' dir='ltr'><strong>id</strong></span> <span class='ocrx_word' id='word_1_986' title='bbox 2393 3292 2498 3350; x_wconf 88' lang='lat' dir='ltr'><strong>est,</strong></span> <span class='ocrx_word' id='word_1_987' title='bbox 2527 3283 2816 3350; x_wconf 88' lang='lat' dir='ltr'><strong>sperabunt</strong></span> <span class='ocrx_word' id='word_1_988' title='bbox 2843 3282 2937 3345; x_wconf 89' lang='lat' dir='ltr'><strong>ttti,</strong></span> <span class='ocrx_word' id='word_1_989' title='bbox 2980 3280 3100 3348; x_wconf 88' lang='lat' dir='ltr'><strong>quia</strong></span> <span class='ocrx_word' id='word_1_990' title='bbox 3131 3280 3177 3332; x_wconf 93' lang='lat' dir='ltr'><strong>si</strong></span> <span class='ocrx_word' id='word_1_991' title='bbox 3207 3281 3307 3332; x_wconf 90' lang='lat' dir='ltr'><strong>sub</strong></span> <span class='ocrx_word' id='word_1_992' title='bbox 3347 3282 3536 3346; x_wconf 85' lang='lat' dir='ltr'><strong>pennis</strong></span> <span class='ocrx_word' id='word_1_993' title='bbox 3573 3280 3703 3350; x_wconf 2' lang='lat' dir='ltr'><strong>pejus</strong></span> 
     </span>
    </p>
   </div>
   <div class='ocr_carea' id='block_1_122' title="bbox 2128 3348 3698 3421">
    <p class='ocr_par' dir='ltr' id='par_1_122' title="bbox 2128 3348 3698 3421">
     <span class='ocr_line' id='line_1_122' title="bbox 2128 3348 3698 3421; baseline -0.004 -12"><span class='ocrx_word' id='word_1_994' title='bbox 2128 3356 2309 3421; x_wconf 81' lang='lat' dir='ltr'><strong>fueri-,</strong></span> <span class='ocrx_word' id='word_1_995' title='bbox 2344 3357 2395 3408; x_wconf 89' lang='lat' dir='ltr'><strong>id</strong></span> <span class='ocrx_word' id='word_1_996' title='bbox 2424 3348 2527 3419; x_wconf 88' lang='lat' dir='ltr'><strong>est,</strong></span> <span class='ocrx_word' id='word_1_997' title='bbox 2559 3348 2603 3406; x_wconf 66' lang='lat' dir='ltr'><strong>ei</strong></span> <span class='ocrx_word' id='word_1_998' title='bbox 2631 3352 2969 3406; x_wconf 80' lang='lat' dir='ltr'><strong>dileCtionem</strong></span> <span class='ocrx_word' id='word_1_999' title='bbox 3001 3350 3091 3421; x_wconf 87' lang='lat' dir='ltr'><strong>Dei</strong></span> <span class='ocrx_word' id='word_1_1000' title='bbox 3140 3360 3192 3404; x_wconf 91' lang='lat' dir='ltr'><strong>et</strong></span> <span class='ocrx_word' id='word_1_1001' title='bbox 3224 3350 3448 3416; x_wconf 79' lang='lat' dir='ltr'><strong>proximi</strong></span> <span class='ocrx_word' id='word_1_1002' title='bbox 3497 3348 3698 3421; x_wconf 86' lang='lat' dir='ltr'><strong>habue-</strong></span> 
     </span>
    </p>
   </div>
   <div class='ocr_carea' id='block_1_123' title="bbox 2126 3420 3704 3492">
    <p class='ocr_par' dir='ltr' id='par_1_123' title="bbox 2126 3420 3704 3492">
     <span class='ocr_line' id='line_1_123' title="bbox 2126 3420 3704 3492; baseline -0.004 -12"><span class='ocrx_word' id='word_1_1003' title='bbox 2126 3429 2217 3492; x_wconf 91' lang='lat' dir='ltr'><strong>ris,</strong></span> <span class='ocrx_word' id='word_1_1004' title='bbox 2248 3420 2443 3479; x_wconf 87' lang='lat' dir='ltr'><strong>veritas</strong></span> <span class='ocrx_word' id='word_1_1005' title='bbox 2471 3428 2568 3485; x_wconf 85' lang='lat' dir='ltr'><strong>eis,</strong></span> <span class='ocrx_word' id='word_1_1006' title='bbox 2609 3424 2656 3475; x_wconf 92' lang='lat' dir='ltr'><strong>id</strong></span> <span class='ocrx_word' id='word_1_1007' title='bbox 2689 3433 2790 3489; x_wconf 89' lang='lat' dir='ltr'><strong>est,</strong></span> <span class='ocrx_word' id='word_1_1008' title='bbox 2839 3420 3125 3489; x_wconf 84' lang='lat' dir='ltr'><strong>completio</strong></span> <span class='ocrx_word' id='word_1_1009' title='bbox 3171 3430 3557 3492; x_wconf 68' lang='lat' dir='ltr'><strong>praeceptorum</strong></span> <span class='ocrx_word' id='word_1_1010' title='bbox 3587 3420 3704 3488; x_wconf 77' lang='lat' dir='ltr'><strong>ejus</strong></span> 
     </span>
    </p>
   </div>
   <div class='ocr_carea' id='block_1_124' title="bbox 2124 3490 3704 3550">
    <p class='ocr_par' dir='ltr' id='par_1_124' title="bbox 2124 3490 3704 3550">
     <span class='ocr_line' id='line_1_124' title="bbox 2124 3490 3704 3550; baseline -0.004 0"><span class='ocrx_word' id='word_1_1011' title='bbox 2124 3490 2223 3550; x_wconf 83' lang='lat' dir='ltr'><strong>erit</strong></span> <span class='ocrx_word' id='word_1_1012' title='bbox 2255 3497 2304 3548; x_wconf 91' lang='lat' dir='ltr'><strong>in</strong></span> <span class='ocrx_word' id='word_1_1013' title='bbox 2338 3506 2407 3550; x_wconf 91' lang='lat' dir='ltr'><strong>te.</strong></span> <span class='ocrx_word' id='word_1_1014' title='bbox 2447 3493 2507 3547; x_wconf 84' lang='lat' dir='ltr'><strong>In</strong></span> <span class='ocrx_word' id='word_1_1015' title='bbox 2547 3495 2624 3546; x_wconf 86' lang='lat' dir='ltr'><strong>his</strong></span> <span class='ocrx_word' id='word_1_1016' title='bbox 2655 3493 2792 3545; x_wconf 84' lang='lat' dir='ltr'><strong>enim</strong></span> <span class='ocrx_word' id='word_1_1017' title='bbox 2832 3492 3028 3544; x_wconf 85' lang='lat' dir='ltr'><strong>duobus</strong></span> <span class='ocrx_word' id='word_1_1018' title='bbox 3055 3492 3305 3546; x_wconf 81' lang='lat' dir='ltr'><strong>mandatis</strong></span> <span class='ocrx_word' id='word_1_1019' title='bbox 3345 3497 3427 3543; x_wconf 78' lang='lat' dir='ltr'><strong>lea:</strong></span> <span class='ocrx_word' id='word_1_1020' title='bbox 3468 3490 3704 3543; x_wconf 75' lang='lat' dir='ltr'><strong>uniuersa</strong></span> 
     </span>
    </p>
   </div>
   <div class='ocr_carea' id='block_1_125' title="bbox 2126 3560 3703 3636">
    <p class='ocr_par' dir='ltr' id='par_1_125' title="bbox 2126 3560 3703 3636">
     <span class='ocr_line' id='line_1_125' title="bbox 2126 3560 3703 3636; baseline -0.004 -16"><span class='ocrx_word' id='word_1_1021' title='bbox 2126 3569 2305 3636; x_wconf 81' lang='lat' dir='ltr'><strong>pendet</strong></span> <span class='ocrx_word' id='word_1_1022' title='bbox 2355 3577 2401 3619; x_wconf 88' lang='lat' dir='ltr'><strong>et</strong></span> <span class='ocrx_word' id='word_1_1023' title='bbox 2431 3567 2709 3636; x_wconf 76' lang='lat' dir='ltr'><strong>pi-Ophetw.</strong></span> <span class='ocrx_word' id='word_1_1024' title='bbox 2746 3564 2829 3636; x_wconf 16' lang='grc' dir='ltr'><strong>»Ει</strong></span> <span class='ocrx_word' id='word_1_1025' title='bbox 2879 3567 2992 3615; x_wconf 66' lang='lat' dir='ltr'><strong>haec</strong></span> <span class='ocrx_word' id='word_1_1026' title='bbox 3032 3563 3217 3636; x_wconf 77' lang='lat' dir='ltr'><strong>veritas</strong></span> <span class='ocrx_word' id='word_1_1027' title='bbox 3258 3560 3619 3636; x_wconf 63' lang='lat' dir='ltr'><strong>circumdabit,</strong></span> <span class='ocrx_word' id='word_1_1028' title='bbox 3652 3560 3703 3613; x_wconf 91' lang='lat' dir='ltr'><strong>id</strong></span> 
     </span>
    </p>
   </div>
   <div class='ocr_carea' id='block_1_126' title="bbox 2124 3629 3703 3701">
    <p class='ocr_par' dir='ltr' id='par_1_126' title="bbox 2124 3629 3703 3701">
     <span class='ocr_line' id='line_1_126' title="bbox 2124 3629 3703 3701; baseline -0.004 -10"><span class='ocrx_word' id='word_1_1029' title='bbox 2124 3629 2226 3701; x_wconf 81' lang='lat' dir='ltr'><strong>est,</strong></span> <span class='ocrx_word' id='word_1_1030' title='bbox 2261 3629 2466 3689; x_wconf 78' lang='lat' dir='ltr'><strong>muniet</strong></span> <span class='ocrx_word' id='word_1_1031' title='bbox 2493 3629 2543 3688; x_wconf 83' lang='lat' dir='ltr'><strong>te</strong></span> <span class='ocrx_word' id='word_1_1032' title='bbox 2593 3634 2645 3686; x_wconf 91' lang='lat' dir='ltr'><strong>in</strong></span> <span class='ocrx_word' id='word_1_1033' title='bbox 2683 3634 2786 3687; x_wconf 91' lang='lat' dir='ltr'><strong>tuis</strong></span> <span class='ocrx_word' id='word_1_1034' title='bbox 2833 3644 2890 3687; x_wconf 92' lang='lat' dir='ltr'><strong>ut</strong></span> <span class='ocrx_word' id='word_1_1035' title='bbox 2918 3642 3145 3685; x_wconf 88' lang='lat' dir='ltr'><strong>scutum.</strong></span> <span class='ocrx_word' id='word_1_1036' title='bbox 3182 3634 3359 3686; x_wconf 79' lang='lat' dir='ltr'><strong>Potest</strong></span> <span class='ocrx_word' id='word_1_1037' title='bbox 3403 3638 3460 3684; x_wconf 90' lang='lat' dir='ltr'><strong>et</strong></span> <span class='ocrx_word' id='word_1_1038' title='bbox 3486 3629 3589 3682; x_wconf 86' lang='lat' dir='ltr'><strong>alia</strong></span> <span class='ocrx_word' id='word_1_1039' title='bbox 3617 3645 3703 3684; x_wconf 52' lang='lat' dir='ltr'><strong>ve.</strong></span> 
     </span>
    </p>
   </div>
   <div class='ocr_carea' id='block_1_127' title="bbox 2126 3701 3700 3771">
    <p class='ocr_par' dir='ltr' id='par_1_127' title="bbox 2126 3701 3700 3771">
     <span class='ocr_line' id='line_1_127' title="bbox 2126 3701 3700 3771; baseline -0.005 -10"><span class='ocrx_word' id='word_1_1040' title='bbox 2126 3708 2259 3761; x_wconf 88' lang='lat' dir='ltr'><strong>ritas</strong></span> <span class='ocrx_word' id='word_1_1041' title='bbox 2290 3709 2374 3759; x_wconf 89' lang='lat' dir='ltr'><strong>hic</strong></span> <span class='ocrx_word' id='word_1_1042' title='bbox 2403 3704 2608 3771; x_wconf 88' lang='lat' dir='ltr'><strong>accipi.</strong></span> <span class='ocrx_word' id='word_1_1043' title='bbox 2642 3705 2753 3768; x_wconf 80' lang='lat' dir='ltr'><strong>illa,</strong></span> <span class='ocrx_word' id='word_1_1044' title='bbox 2804 3704 3030 3767; x_wconf 80' lang='lat' dir='ltr'><strong>scilicet,</strong></span> <span class='ocrx_word' id='word_1_1045' title='bbox 3085 3704 3154 3756; x_wconf 93' lang='lat' dir='ltr'><strong>de</strong></span> <span class='ocrx_word' id='word_1_1046' title='bbox 3181 3719 3282 3768; x_wconf 85' lang='lat' dir='ltr'><strong>qua</strong></span> <span class='ocrx_word' id='word_1_1047' title='bbox 3329 3701 3457 3755; x_wconf 84' lang='lat' dir='ltr'><strong>alibi</strong></span> <span class='ocrx_word' id='word_1_1048' title='bbox 3504 3702 3700 3753; x_wconf 85' lang='lat' dir='ltr'><strong>dictum</strong></span> 
     </span>
    </p>
   </div>
   <div class='ocr_carea' id='block_1_128' title="bbox 2127 3773 3701 3838">
    <p class='ocr_par' dir='ltr' id='par_1_128' title="bbox 2127 3773 3701 3838">
     <span class='ocr_line' id='line_1_128' title="bbox 2127 3773 3701 3838; baseline -0.005 -6"><span class='ocrx_word' id='word_1_1049' title='bbox 2127 3788 2243 3832; x_wconf 91' lang='lat' dir='ltr'><strong>est:</strong></span> <span class='ocrx_word' id='word_1_1050' title='bbox 2291 3776 2489 3831; x_wconf 83' lang='lat' dir='ltr'><strong>Veritas</strong></span> <span class='ocrx_word' id='word_1_1051' title='bbox 2516 3777 2579 3827; x_wconf 88' lang='lat' dir='ltr'><strong>de</strong></span> <span class='ocrx_word' id='word_1_1052' title='bbox 2600 3782 2739 3827; x_wconf 87' lang='lat' dir='ltr'><strong>terra</strong></span> <span class='ocrx_word' id='word_1_1053' title='bbox 2781 3784 2892 3828; x_wconf 83' lang='lat' dir='ltr'><strong>orta</strong></span> <span class='ocrx_word' id='word_1_1054' title='bbox 2920 3782 3014 3836; x_wconf 80' lang='lat' dir='ltr'><strong>est,</strong></span> <span class='ocrx_word' id='word_1_1055' title='bbox 3061 3773 3111 3826; x_wconf 88' lang='lat' dir='ltr'><strong>id</strong></span> <span class='ocrx_word' id='word_1_1056' title='bbox 3142 3786 3246 3837; x_wconf 74' lang='grc' dir='ltr'>εει,</span> <span class='ocrx_word' id='word_1_1057' title='bbox 3298 3787 3422 3827; x_wconf 88' lang='lat' dir='ltr'><strong>vera</strong></span> <span class='ocrx_word' id='word_1_1058' title='bbox 3453 3779 3701 3838; x_wconf 83' lang='lat' dir='ltr'><strong>peccato-</strong></span> 
     </span>
    </p>
   </div>
   <div class='ocr_carea' id='block_1_129' title="bbox 2128 3842 3705 3911">
    <p class='ocr_par' dir='ltr' id='par_1_129' title="bbox 2128 3842 3705 3911">
     <span class='ocr_line' id='line_1_129' title="bbox 2128 3842 3705 3911; baseline -0.006 -8"><span class='ocrx_word' id='word_1_1059' title='bbox 2128 3864 2245 3903; x_wconf 90' lang='lat' dir='ltr'><strong>rum</strong></span> <span class='ocrx_word' id='word_1_1060' title='bbox 2273 3847 2538 3902; x_wconf 86' lang='lat' dir='ltr'><strong>confessio</strong></span> <span class='ocrx_word' id='word_1_1061' title='bbox 2567 3855 2619 3897; x_wconf 90' lang='lat' dir='ltr'><strong>et</strong></span> <span class='ocrx_word' id='word_1_1062' title='bbox 2648 3845 2920 3899; x_wconf 82' lang='lat' dir='ltr'><strong>discretio.</strong></span> <span class='ocrx_word' id='word_1_1063' title='bbox 2944 3844 3195 3911; x_wconf 85' lang='lat' dir='ltr'><strong>Quisquis</strong></span> <span class='ocrx_word' id='word_1_1064' title='bbox 3220 3845 3359 3898; x_wconf 88' lang='lat' dir='ltr'><strong>enitn</strong></span> <span class='ocrx_word' id='word_1_1065' title='bbox 3384 3842 3705 3911; x_wconf 86' lang='lat' dir='ltr'><strong>vcreDeum</strong></span> 
     </span>
    </p>
   </div>
   <div class='ocr_carea' id='block_1_130' title="bbox 2128 3910 3704 3987">
    <p class='ocr_par' dir='ltr' id='par_1_130' title="bbox 2128 3910 3704 3987">
     <span class='ocr_line' id='line_1_130' title="bbox 2128 3910 3704 3987; baseline -0.006 -15"><span class='ocrx_word' id='word_1_1066' title='bbox 2128 3919 2318 3987; x_wconf 82' lang='lat' dir='ltr'><strong>diligit,</strong></span> <span class='ocrx_word' id='word_1_1067' title='bbox 2348 3915 2604 3970; x_wconf 81' lang='lat' dir='ltr'><strong>discernit</strong></span> <span class='ocrx_word' id='word_1_1068' title='bbox 2643 3930 2702 3969; x_wconf 91' lang='lat' dir='ltr'><strong>se</strong></span> <span class='ocrx_word' id='word_1_1069' title='bbox 2730 3914 2970 3983; x_wconf 80' lang='lat' dir='ltr'><strong>quamvis</strong></span> <span class='ocrx_word' id='word_1_1070' title='bbox 2999 3910 3329 3982; x_wconf 86' lang='lat' dir='ltr'><strong>peccatorem</strong></span> <span class='ocrx_word' id='word_1_1071' title='bbox 3360 3912 3427 3966; x_wconf 91' lang='lat' dir='ltr'><strong>ab</strong></span> <span class='ocrx_word' id='word_1_1072' title='bbox 3447 3910 3564 3987; x_wconf 85' lang='lat' dir='ltr'><strong>aliis</strong></span> <span class='ocrx_word' id='word_1_1073' title='bbox 3588 3925 3704 3987; x_wconf 65' lang='lat' dir='ltr'><strong>pee-</strong></span> 
     </span>
    </p>
   </div>
   <div class='ocr_carea' id='block_1_131' title="bbox 2130 3982 3705 4052">
    <p class='ocr_par' dir='ltr' id='par_1_131' title="bbox 2130 3982 3705 4052">
     <span class='ocr_line' id='line_1_131' title="bbox 2130 3982 3705 4052; baseline -0.006 -9"><span class='ocrx_word' id='word_1_1074' title='bbox 2130 3982 2417 4051; x_wconf 75' lang='lat' dir='ltr'><strong>catortbns,</strong></span> <span class='ocrx_word' id='word_1_1075' title='bbox 2467 3988 2692 4050; x_wconf 82' lang='lat' dir='ltr'><strong>scilicet,</strong></span> <span class='ocrx_word' id='word_1_1076' title='bbox 2744 3982 2803 4038; x_wconf 75' lang='lat' dir='ltr'><strong>Se</strong></span> <span class='ocrx_word' id='word_1_1077' title='bbox 2854 3995 3071 4052; x_wconf 88' lang='lat' dir='ltr'><strong>peccata</strong></span> <span class='ocrx_word' id='word_1_1078' title='bbox 3116 3987 3460 4037; x_wconf 88' lang='lat' dir='ltr'><strong>conlitentem</strong></span> <span class='ocrx_word' id='word_1_1079' title='bbox 3506 3985 3576 4033; x_wconf 88' lang='lat' dir='ltr'><strong>ab</strong></span> <span class='ocrx_word' id='word_1_1080' title='bbox 3607 3982 3705 4052; x_wconf 84' lang='lat' dir='ltr'><strong>illis</strong></span> 
     </span>
    </p>
   </div>
   <div class='ocr_carea' id='block_1_132' title="bbox 2129 4051 3708 4122">
    <p class='ocr_par' dir='ltr' id='par_1_132' title="bbox 2129 4051 3708 4122">
     <span class='ocr_line' id='line_1_132' title="bbox 2129 4051 3708 4122; baseline -0.004 -9"><span class='ocrx_word' id='word_1_1081' title='bbox 2129 4058 2560 4121; x_wconf 85' lang='lat' dir='ltr'><strong>defendentibus,</strong></span> <span class='ocrx_word' id='word_1_1082' title='bbox 2618 4070 2677 4109; x_wconf 90' lang='lat' dir='ltr'><strong>se</strong></span> <span class='ocrx_word' id='word_1_1083' title='bbox 2707 4051 2962 4108; x_wconf 87' lang='lat' dir='ltr'><strong>humilem</strong></span> <span class='ocrx_word' id='word_1_1084' title='bbox 3016 4058 3083 4107; x_wconf 91' lang='lat' dir='ltr'><strong>ab</strong></span> <span class='ocrx_word' id='word_1_1085' title='bbox 3112 4055 3212 4108; x_wconf 91' lang='lat' dir='ltr'><strong>illis</strong></span> <span class='ocrx_word' id='word_1_1086' title='bbox 3242 4054 3507 4122; x_wconf 87' lang='lat' dir='ltr'><strong>superbis,</strong></span> <span class='ocrx_word' id='word_1_1087' title='bbox 3556 4067 3615 4105; x_wconf 88' lang='lat' dir='ltr'><strong>se</strong></span> <span class='ocrx_word' id='word_1_1088' title='bbox 3641 4051 3708 4106; x_wconf 81' lang='lat' dir='ltr'><strong>de</strong></span> 
     </span>
    </p>
   </div>
   <div class='ocr_carea' id='block_1_133' title="bbox 2133 4123 3707 4199">
    <p class='ocr_par' dir='ltr' id='par_1_133' title="bbox 2133 4123 3707 4199">
     <span class='ocr_line' id='line_1_133' title="bbox 2133 4123 3707 4199; baseline -0.006 -15"><span class='ocrx_word' id='word_1_1089' title='bbox 2133 4131 2244 4184; x_wconf 90' lang='lat' dir='ltr'><strong>Deo</strong></span> <span class='ocrx_word' id='word_1_1090' title='bbox 2270 4136 2627 4199; x_wconf 66' lang='lat' dir='ltr'><strong>pricsnmente</strong></span> <span class='ocrx_word' id='word_1_1091' title='bbox 2672 4126 2739 4199; x_wconf 85' lang='lat' dir='ltr'><strong>ab</strong></span> <span class='ocrx_word' id='word_1_1092' title='bbox 2768 4127 2868 4178; x_wconf 88' lang='lat' dir='ltr'><strong>illis</strong></span> <span class='ocrx_word' id='word_1_1093' title='bbox 2899 4124 3068 4199; x_wconf 86' lang='lat' dir='ltr'><strong>_de_se</strong></span> <span class='ocrx_word' id='word_1_1094' title='bbox 3098 4123 3561 4199; x_wconf 75' lang='lat' dir='ltr'><strong>priesutneutibus.</strong></span> 
     </span>
    </p>
   </div>
   <div class='ocr_carea' id='block_1_134' title="bbox 2131 4193 3708 4267">
    <p class='ocr_par' dir='ltr' id='par_1_134' title="bbox 2131 4193 3708 4267">
     <span class='ocr_line' id='line_1_134' title="bbox 2131 4193 3708 4267; baseline -0.004 -13"><span class='ocrx_word' id='word_1_1095' title='bbox 2131 4193 2285 4255; x_wconf 63' lang='lat' dir='ltr'><strong>enini</strong></span> <span class='ocrx_word' id='word_1_1096' title='bbox 2327 4198 2637 4267; x_wconf 88' lang='lat' dir='ltr'><strong>publicanus</strong></span> <span class='ocrx_word' id='word_1_1097' title='bbox 2682 4196 2772 4267; x_wconf 86' lang='lat' dir='ltr'><strong>ille</strong></span> <span class='ocrx_word' id='word_1_1098' title='bbox 2823 4194 2913 4265; x_wconf 90' lang='lat' dir='ltr'><strong>qui</strong></span> <span class='ocrx_word' id='word_1_1099' title='bbox 2962 4195 3227 4267; x_wconf 82' lang='lat' dir='ltr'><strong>clamabat</strong></span> <span class='ocrx_word' id='word_1_1100' title='bbox 3275 4194 3327 4247; x_wconf 90' lang='lat' dir='ltr'><strong>in</strong></span> <span class='ocrx_word' id='word_1_1101' title='bbox 3361 4193 3708 4267; x_wconf 73' lang='lat' dir='ltr'><strong>templovul-</strong></span> 
     </span>
    </p>
   </div>
   <div class='ocr_carea' id='block_1_135' title="bbox 2133 4262 3709 4333">
    <p class='ocr_par' dir='ltr' id='par_1_135' title="bbox 2133 4262 3709 4333">
     <span class='ocr_line' id='line_1_135' title="bbox 2133 4262 3709 4333; baseline -0.005 -8"><span class='ocrx_word' id='word_1_1102' title='bbox 2133 4286 2260 4325; x_wconf 90' lang='lat' dir='ltr'><strong>nera</strong></span> <span class='ocrx_word' id='word_1_1103' title='bbox 2288 4262 2548 4322; x_wconf 86' lang='lat' dir='ltr'><strong>discrevit</strong></span> <span class='ocrx_word' id='word_1_1104' title='bbox 2577 4282 2636 4322; x_wconf 89' lang='lat' dir='ltr'><strong>se</strong></span> <span class='ocrx_word' id='word_1_1105' title='bbox 2661 4282 2690 4320; x_wconf 89' lang='lat' dir='ltr'><strong>a</strong></span> <span class='ocrx_word' id='word_1_1106' title='bbox 2718 4262 2986 4320; x_wconf 69' lang='lat' dir='ltr'><strong>Pharismo</strong></span> <span class='ocrx_word' id='word_1_1107' title='bbox 3011 4264 3247 4333; x_wconf 83' lang='lat' dir='ltr'><strong>jactante</strong></span> <span class='ocrx_word' id='word_1_1108' title='bbox 3272 4264 3477 4319; x_wconf 78' lang='lat' dir='ltr'><strong>merita.</strong></span> <span class='ocrx_word' id='word_1_1109' title='bbox 3510 4262 3709 4317; x_wconf 84' lang='lat' dir='ltr'><strong>Littera</strong></span> 
     </span>
    </p>
   </div>
   <div class='ocr_carea' id='block_1_136' title="bbox 2133 4334 3705 4403">
    <p class='ocr_par' dir='ltr' id='par_1_136' title="bbox 2133 4334 3705 4403">
     <span class='ocr_line' id='line_1_136' title="bbox 2133 4334 3705 4403; baseline -0.006 -7"><span class='ocrx_word' id='word_1_1110' title='bbox 2133 4342 2319 4396; x_wconf 88' lang='lat' dir='ltr'><strong>eodem</strong></span> <span class='ocrx_word' id='word_1_1111' title='bbox 2353 4342 2510 4392; x_wconf 90' lang='lat' dir='ltr'><strong>modo</strong></span> <span class='ocrx_word' id='word_1_1112' title='bbox 2531 4335 2943 4400; x_wconf 89' lang='lat' dir='ltr'><strong>continuabitur,</strong></span> <span class='ocrx_word' id='word_1_1113' title='bbox 2968 4346 3023 4389; x_wconf 91' lang='lat' dir='ltr'><strong>ut</strong></span> <span class='ocrx_word' id='word_1_1114' title='bbox 3048 4338 3211 4403; x_wconf 88' lang='lat' dir='ltr'><strong>prius.</strong></span> <span class='ocrx_word' id='word_1_1115' title='bbox 3240 4336 3424 4389; x_wconf 82' lang='lat' dir='ltr'><strong>Merito</strong></span> <span class='ocrx_word' id='word_1_1116' title='bbox 3445 4334 3705 4402; x_wconf 75' lang='lat' dir='ltr'><strong>Sperabis,</strong></span> 
     </span>
    </p>
   </div>
   <div class='ocr_carea' id='block_1_137' title="bbox 2136 4406 3709 4479">
    <p class='ocr_par' dir='ltr' id='par_1_137' title="bbox 2136 4406 3709 4479">
     <span class='ocr_line' id='line_1_137' title="bbox 2136 4406 3709 4479; baseline -0.004 -15"><span class='ocrx_word' id='word_1_1117' title='bbox 2136 4415 2257 4479; x_wconf 91' lang='lat' dir='ltr'><strong>quia</strong></span> <span class='ocrx_word' id='word_1_1118' title='bbox 2289 4410 2335 4464; x_wconf 91' lang='lat' dir='ltr'><strong>si</strong></span> <span class='ocrx_word' id='word_1_1119' title='bbox 2364 4412 2464 4463; x_wconf 90' lang='lat' dir='ltr'><strong>sub</strong></span> <span class='ocrx_word' id='word_1_1120' title='bbox 2492 4411 2678 4479; x_wconf 77' lang='lat' dir='ltr'><strong>pennis</strong></span> <span class='ocrx_word' id='word_1_1121' title='bbox 2708 4410 2823 4475; x_wconf 86' lang='lat' dir='ltr'><strong>ejus</strong></span> <span class='ocrx_word' id='word_1_1122' title='bbox 2866 4406 3164 4479; x_wconf 84' lang='lat' dir='ltr'><strong>speraveris</strong></span> <span class='ocrx_word' id='word_1_1123' title='bbox 3180 4446 3203 4479; x_wconf 15' lang='grc' dir='ltr'>,ν</span> <span class='ocrx_word' id='word_1_1124' title='bbox 3232 4408 3282 4459; x_wconf 91' lang='lat' dir='ltr'><strong>id</strong></span> <span class='ocrx_word' id='word_1_1125' title='bbox 3310 4414 3412 4470; x_wconf 86' lang='lat' dir='ltr'><strong>est,</strong></span> <span class='ocrx_word' id='word_1_1126' title='bbox 3459 4407 3502 4457; x_wconf 90' lang='lat' dir='ltr'><strong>si</strong></span> <span class='ocrx_word' id='word_1_1127' title='bbox 3534 4418 3709 4479; x_wconf 74' lang='lat' dir='ltr'><strong>veram</strong></span> 
     </span>
    </p>
   </div>
   <div class='ocr_carea' id='block_1_138' title="bbox 2527 4475 3711 4545">
    <p class='ocr_par' dir='ltr' id='par_1_138' title="bbox 2527 4475 3711 4545">
     <span class='ocr_line' id='line_1_138' title="bbox 2527 4475 3711 4545; baseline -0.002 -16"><span class='ocrx_word' id='word_1_1128' title='bbox 2527 4477 2621 4531; x_wconf 86' lang='lat' dir='ltr'><strong>Dei</strong></span> <span class='ocrx_word' id='word_1_1129' title='bbox 2649 4489 2705 4533; x_wconf 87' lang='lat' dir='ltr'><strong>et</strong></span> <span class='ocrx_word' id='word_1_1130' title='bbox 2731 4476 2956 4545; x_wconf 81' lang='lat' dir='ltr'><strong>proximi</strong></span> <span class='ocrx_word' id='word_1_1131' title='bbox 2991 4478 3261 4539; x_wconf 86' lang='lat' dir='ltr'><strong>habueris,</strong></span> <span class='ocrx_word' id='word_1_1132' title='bbox 3306 4490 3465 4528; x_wconf 88' lang='lat' dir='ltr'><strong>verus</strong></span> <span class='ocrx_word' id='word_1_1133' title='bbox 3505 4476 3632 4532; x_wconf 84' lang='lat' dir='ltr'><strong>eris.</strong></span> <span class='ocrx_word' id='word_1_1134' title='bbox 3660 4475 3711 4527; x_wconf 84' lang='lat' dir='ltr'><strong>id</strong></span> 
     </span>
    </p>
   </div>
   <div class='ocr_carea' id='block_1_139' title="bbox 2136 4544 3711 4615">
    <p class='ocr_par' dir='ltr' id='par_1_139' title="bbox 2136 4544 3711 4615">
     <span class='ocr_line' id='line_1_139' title="bbox 2136 4544 3711 4615; baseline -0.004 -10"><span class='ocrx_word' id='word_1_1135' title='bbox 2136 4567 2235 4614; x_wconf 84' lang='lat' dir='ltr'><strong>est,</strong></span> <span class='ocrx_word' id='word_1_1136' title='bbox 2266 4551 2526 4604; x_wconf 85' lang='lat' dir='ltr'><strong>conlitens</strong></span> <span class='ocrx_word' id='word_1_1137' title='bbox 2556 4544 2793 4615; x_wconf 80' lang='lat' dir='ltr'><strong>peccata,</strong></span> <span class='ocrx_word' id='word_1_1138' title='bbox 2828 4563 2931 4601; x_wconf 91' lang='lat' dir='ltr'><strong>non</strong></span> <span class='ocrx_word' id='word_1_1139' title='bbox 2960 4548 3277 4610; x_wconf 81' lang='lat' dir='ltr'><strong>defendens,</strong></span> <span class='ocrx_word' id='word_1_1140' title='bbox 3323 4557 3377 4600; x_wconf 89' lang='lat' dir='ltr'><strong>et</strong></span> <span class='ocrx_word' id='word_1_1141' title='bbox 3404 4546 3484 4598; x_wconf 85' lang='lat' dir='ltr'><strong>sic</strong></span> <span class='ocrx_word' id='word_1_1142' title='bbox 3511 4544 3711 4598; x_wconf 86' lang='lat' dir='ltr'><strong>discer-</strong></span> 
     </span>
    </p>
   </div>
   <div class='ocr_carea' id='block_1_140' title="bbox 2139 4616 3708 4683">
    <p class='ocr_par' dir='ltr' id='par_1_140' title="bbox 2139 4616 3708 4683">
     <span class='ocr_line' id='line_1_140' title="bbox 2139 4616 3708 4683; baseline -0.004 -8"><span class='ocrx_word' id='word_1_1143' title='bbox 2139 4636 2271 4675; x_wconf 87' lang='lat' dir='ltr'><strong>nens</strong></span> <span class='ocrx_word' id='word_1_1144' title='bbox 2303 4632 2353 4673; x_wconf 90' lang='lat' dir='ltr'><strong>te</strong></span> <span class='ocrx_word' id='word_1_1145' title='bbox 2377 4624 2443 4673; x_wconf 90' lang='lat' dir='ltr'><strong>ab</strong></span> <span class='ocrx_word' id='word_1_1146' title='bbox 2470 4621 2587 4672; x_wconf 90' lang='lat' dir='ltr'><strong>aliis</strong></span> <span class='ocrx_word' id='word_1_1147' title='bbox 2618 4635 2723 4671; x_wconf 86' lang='lat' dir='ltr'><strong>non</strong></span> <span class='ocrx_word' id='word_1_1148' title='bbox 2749 4618 3148 4683; x_wconf 83' lang='lat' dir='ltr'><strong>confitentibus,</strong></span> <span class='ocrx_word' id='word_1_1149' title='bbox 3193 4633 3253 4671; x_wconf 87' lang='lat' dir='ltr'><strong>se</strong></span> <span class='ocrx_word' id='word_1_1150' title='bbox 3283 4616 3708 4670; x_wconf 79' lang='lat' dir='ltr'><strong>defendentibus.</strong></span> 
     </span>
    </p>
   </div>
   <div class='ocr_carea' id='block_1_141' title="bbox 2139 4687 3710 4755">
    <p class='ocr_par' dir='ltr' id='par_1_141' title="bbox 2139 4687 3710 4755">
     <span class='ocr_line' id='line_1_141' title="bbox 2139 4687 3710 4755; baseline -0.006 -8"><span class='ocrx_word' id='word_1_1151' title='bbox 2139 4693 2204 4747; x_wconf 87' lang='lat' dir='ltr'><strong>Et</strong></span> <span class='ocrx_word' id='word_1_1152' title='bbox 2220 4696 2331 4745; x_wconf 74' lang='lat' dir='ltr'><strong>hinc</strong></span> <span class='ocrx_word' id='word_1_1153' title='bbox 2352 4693 2532 4744; x_wconf 85' lang='lat' dir='ltr'><strong>veritas</strong></span> <span class='ocrx_word' id='word_1_1154' title='bbox 2555 4690 2886 4742; x_wconf 81' lang='lat' dir='ltr'><strong>circumdabit</strong></span> <span class='ocrx_word' id='word_1_1155' title='bbox 2907 4699 2977 4754; x_wconf 86' lang='lat' dir='ltr'><strong>te,</strong></span> <span class='ocrx_word' id='word_1_1156' title='bbox 2997 4687 3047 4741; x_wconf 91' lang='lat' dir='ltr'><strong>id</strong></span> <span class='ocrx_word' id='word_1_1157' title='bbox 3072 4699 3152 4741; x_wconf 89' lang='lat' dir='ltr'><strong>est</strong></span> <span class='ocrx_word' id='word_1_1158' title='bbox 3170 4688 3461 4755; x_wconf 87' lang='lat' dir='ltr'><strong>tuos,sicut</strong></span> <span class='ocrx_word' id='word_1_1159' title='bbox 3486 4696 3710 4739; x_wconf 81' lang='lat' dir='ltr'><strong>scutum.</strong></span> 
     </span>
    </p>
   </div>
   <div class='ocr_carea' id='block_1_142' title="bbox 2138 4758 3714 4824">
    <p class='ocr_par' dir='ltr' id='par_1_142' title="bbox 2138 4758 3714 4824">
     <span class='ocr_line' id='line_1_142' title="bbox 2138 4758 3714 4824; baseline -0.006 -7"><span class='ocrx_word' id='word_1_1160' title='bbox 2138 4764 2206 4817; x_wconf 82' lang='lat' dir='ltr'><strong>Et</strong></span> <span class='ocrx_word' id='word_1_1161' title='bbox 2225 4765 2304 4818; x_wconf 88' lang='lat' dir='ltr'><strong>sic</strong></span> <span class='ocrx_word' id='word_1_1162' title='bbox 2336 4778 2434 4814; x_wconf 83' lang='lat' dir='ltr'><strong>non</strong></span> <span class='ocrx_word' id='word_1_1163' title='bbox 2464 4761 2681 4823; x_wconf 80' lang='lat' dir='ltr'><strong>timebis,</strong></span> <span class='ocrx_word' id='word_1_1164' title='bbox 2712 4762 2760 4813; x_wconf 88' lang='lat' dir='ltr'><strong>id</strong></span> <span class='ocrx_word' id='word_1_1165' title='bbox 2785 4768 2899 4824; x_wconf 87' lang='lat' dir='ltr'><strong>est,</strong></span> <span class='ocrx_word' id='word_1_1166' title='bbox 2935 4774 3038 4812; x_wconf 88' lang='lat' dir='ltr'><strong>non</strong></span> <span class='ocrx_word' id='word_1_1167' title='bbox 3071 4761 3333 4811; x_wconf 91' lang='lat' dir='ltr'><strong>timebunt</strong></span> <span class='ocrx_word' id='word_1_1168' title='bbox 3364 4769 3435 4809; x_wconf 90' lang='lat' dir='ltr'><strong>tut</strong></span> <span class='ocrx_word' id='word_1_1169' title='bbox 3479 4773 3511 4808; x_wconf 89' lang='lat' dir='ltr'><strong>a</strong></span> <span class='ocrx_word' id='word_1_1170' title='bbox 3537 4758 3714 4809; x_wconf 71' lang='lat' dir='ltr'><strong>timore</strong></span> 
     </span>
    </p>
   </div>
   <div class='ocr_carea' id='block_1_143' title="bbox 2138 4830 3713 4897">
    <p class='ocr_par' dir='ltr' id='par_1_143' title="bbox 2138 4830 3713 4897">
     <span class='ocr_line' id='line_1_143' title="bbox 2138 4830 3713 4897; baseline -0.004 -11"><span class='ocrx_word' id='word_1_1171' title='bbox 2138 4845 2410 4886; x_wconf 86' lang='lat' dir='ltr'><strong>nocturno.</strong></span> <span class='ocrx_word' id='word_1_1172' title='bbox 2443 4834 2681 4897; x_wconf 86' lang='lat' dir='ltr'><strong>Quatuor</strong></span> <span class='ocrx_word' id='word_1_1173' title='bbox 2712 4833 2797 4883; x_wconf 92' lang='lat' dir='ltr'><strong>hic</strong></span> <span class='ocrx_word' id='word_1_1174' title='bbox 2829 4830 2975 4897; x_wconf 90' lang='lat' dir='ltr'><strong>ponit</strong></span> <span class='ocrx_word' id='word_1_1175' title='bbox 2999 4845 3014 4882; x_wconf 86' lang='lat'><strong>:</strong></span> <span class='ocrx_word' id='word_1_1176' title='bbox 3041 4830 3291 4891; x_wconf 85' lang='lat' dir='ltr'><strong>scilicet,</strong></span> <span class='ocrx_word' id='word_1_1177' title='bbox 3324 4830 3570 4880; x_wconf 87' lang='lat' dir='ltr'><strong>timorem</strong></span> <span class='ocrx_word' id='word_1_1178' title='bbox 3620 4842 3713 4880; x_wconf 79' lang='lat' dir='ltr'><strong>no-</strong></span> 
     </span>
    </p>
   </div>
   <div class='ocr_carea' id='block_1_144' title="bbox 2136 4899 3715 4971">
    <p class='ocr_par' dir='ltr' id='par_1_144' title="bbox 2136 4899 3715 4971">
     <span class='ocr_line' id='line_1_144' title="bbox 2136 4899 3715 4971; baseline -0.008 -12"><span class='ocrx_word' id='word_1_1179' title='bbox 2136 4917 2407 4967; x_wconf 82' lang='lat' dir='ltr'><strong>eturnutn,</strong></span> <span class='ocrx_word' id='word_1_1180' title='bbox 2441 4913 2685 4971; x_wconf 81' lang='lat' dir='ltr'><strong>sagittam</strong></span> <span class='ocrx_word' id='word_1_1181' title='bbox 2717 4902 2981 4954; x_wconf 83' lang='lat' dir='ltr'><strong>volantem</strong></span> <span class='ocrx_word' id='word_1_1182' title='bbox 3014 4902 3063 4951; x_wconf 93' lang='lat' dir='ltr'><strong>in</strong></span> <span class='ocrx_word' id='word_1_1183' title='bbox 3091 4899 3198 4961; x_wconf 90' lang='lat' dir='ltr'><strong>die,</strong></span> <span class='ocrx_word' id='word_1_1184' title='bbox 3231 4911 3284 4952; x_wconf 89' lang='lat' dir='ltr'><strong>et</strong></span> <span class='ocrx_word' id='word_1_1185' title='bbox 3307 4903 3575 4966; x_wconf 75' lang='lat' dir='ltr'><strong>negotium</strong></span> <span class='ocrx_word' id='word_1_1186' title='bbox 3602 4912 3715 4971; x_wconf 85' lang='lat' dir='ltr'><strong>per-</strong></span> 
     </span>
    </p>
   </div>
   <div class='ocr_carea' id='block_1_145' title="bbox 2137 4970 3711 5036">
    <p class='ocr_par' dir='ltr' id='par_1_145' title="bbox 2137 4970 3711 5036">
     <span class='ocr_line' id='line_1_145' title="bbox 2137 4970 3711 5036; baseline -0.006 -8"><span class='ocrx_word' id='word_1_1187' title='bbox 2137 4976 2415 5029; x_wconf 85' lang='lat' dir='ltr'><strong>ambulatis</strong></span> <span class='ocrx_word' id='word_1_1188' title='bbox 2457 4970 2515 5025; x_wconf 88' lang='lat' dir='ltr'><strong>in</strong></span> <span class='ocrx_word' id='word_1_1189' title='bbox 2557 4971 2814 5036; x_wconf 85' lang='lat' dir='ltr'><strong>tenebris,</strong></span> <span class='ocrx_word' id='word_1_1190' title='bbox 2860 4980 2909 5022; x_wconf 88' lang='lat' dir='ltr'><strong>et</strong></span> <span class='ocrx_word' id='word_1_1191' title='bbox 2963 4971 3261 5032; x_wconf 67' lang='lat' dir='ltr'><strong>incursum,</strong></span> <span class='ocrx_word' id='word_1_1192' title='bbox 3294 4980 3347 5022; x_wconf 86' lang='lat' dir='ltr'><strong>et</strong></span> <span class='ocrx_word' id='word_1_1193' title='bbox 3396 4970 3711 5021; x_wconf 56' lang='lat' dir='ltr'><strong>diemonium</strong></span> 
     </span>
    </p>
   </div>
   <div class='ocr_carea' id='block_1_146' title="bbox 2137 5041 3716 5108">
    <p class='ocr_par' dir='ltr' id='par_1_146' title="bbox 2137 5041 3716 5108">
     <span class='ocr_line' id='line_1_146' title="bbox 2137 5041 3716 5108; baseline -0.005 -9"><span class='ocrx_word' id='word_1_1194' title='bbox 2137 5046 2511 5099; x_wconf 86' lang='lat' dir='ltr'><strong>meridianum.</strong></span> <span class='ocrx_word' id='word_1_1195' title='bbox 2546 5044 2607 5094; x_wconf 73' lang='lat' dir='ltr'><strong>Et</strong></span> <span class='ocrx_word' id='word_1_1196' title='bbox 2633 5041 2907 5094; x_wconf 86' lang='lat' dir='ltr'><strong>sciendum</strong></span> <span class='ocrx_word' id='word_1_1197' title='bbox 2958 5043 3098 5107; x_wconf 79' lang='lat' dir='ltr'><strong>quod</strong></span> <span class='ocrx_word' id='word_1_1198' title='bbox 3127 5041 3366 5108; x_wconf 77' lang='lat' dir='ltr'><strong>quisquis</strong></span> <span class='ocrx_word' id='word_1_1199' title='bbox 3412 5041 3716 5105; x_wconf 77' lang='lat' dir='ltr'><strong>ignoranter</strong></span> 
     </span>
    </p>
   </div>
   <div class='ocr_carea' id='block_1_147' title="bbox 2138 5112 3714 5187">
    <p class='ocr_par' dir='ltr' id='par_1_147' title="bbox 2138 5112 3714 5187">
     <span class='ocr_line' id='line_1_147' title="bbox 2138 5112 3714 5187; baseline -0.003 -22"><span class='ocrx_word' id='word_1_1200' title='bbox 2138 5125 2343 5187; x_wconf 84' lang='lat' dir='ltr'><strong>peccat,</strong></span> <span class='ocrx_word' id='word_1_1201' title='bbox 2373 5112 2525 5182; x_wconf 88' lang='lat' dir='ltr'><strong>quasi</strong></span> <span class='ocrx_word' id='word_1_1202' title='bbox 2552 5114 2602 5187; x_wconf 81' lang='lat' dir='ltr'><strong>in</strong></span> <span class='ocrx_word' id='word_1_1203' title='bbox 2637 5121 2792 5165; x_wconf 85' lang='lat' dir='ltr'><strong>nocte</strong></span> <span class='ocrx_word' id='word_1_1204' title='bbox 2823 5124 3040 5187; x_wconf 66' lang='lat' dir='ltr'><strong>peccat;</strong></span> <span class='ocrx_word' id='word_1_1205' title='bbox 3067 5114 3159 5180; x_wconf 89' lang='lat' dir='ltr'><strong>qui</strong></span> <span class='ocrx_word' id='word_1_1206' title='bbox 3186 5125 3315 5187; x_wconf 86' lang='lat' dir='ltr'><strong>vero</strong></span> <span class='ocrx_word' id='word_1_1207' title='bbox 3340 5112 3572 5162; x_wconf 85' lang='lat' dir='ltr'><strong>scienter</strong></span> <span class='ocrx_word' id='word_1_1208' title='bbox 3601 5123 3714 5178; x_wconf 84' lang='lat' dir='ltr'><strong>pec-</strong></span> 
     </span>
    </p>
   </div>
   <div class='ocr_carea' id='block_1_148' title="bbox 2136 5181 3715 5254">
    <p class='ocr_par' dir='ltr' id='par_1_148' title="bbox 2136 5181 3715 5254">
     <span class='ocr_line' id='line_1_148' title="bbox 2136 5181 3715 5254; baseline -0.006 -14"><span class='ocrx_word' id='word_1_1209' title='bbox 2136 5181 2245 5249; x_wconf 73' lang='lat' dir='ltr'><strong>cat,</strong></span> <span class='ocrx_word' id='word_1_1210' title='bbox 2280 5181 2427 5254; x_wconf 67' lang='lat' dir='ltr'><strong>quam</strong></span> <span class='ocrx_word' id='word_1_1211' title='bbox 2462 5187 2515 5235; x_wconf 90' lang='lat' dir='ltr'><strong>in</strong></span> <span class='ocrx_word' id='word_1_1212' title='bbox 2544 5184 2626 5236; x_wconf 89' lang='lat' dir='ltr'><strong>die</strong></span> <span class='ocrx_word' id='word_1_1213' title='bbox 2654 5192 2864 5254; x_wconf 57' lang='lat' dir='ltr'><strong>peccat.</strong></span> <span class='ocrx_word' id='word_1_1214' title='bbox 2890 5181 2990 5234; x_wconf 89' lang='lat' dir='ltr'><strong>Per</strong></span> <span class='ocrx_word' id='word_1_1215' title='bbox 3017 5188 3262 5254; x_wconf 83' lang='lat' dir='ltr'><strong>timorem</strong></span> <span class='ocrx_word' id='word_1_1216' title='bbox 3297 5182 3475 5248; x_wconf 89' lang='lat' dir='ltr'><strong>itaque</strong></span> <span class='ocrx_word' id='word_1_1217' title='bbox 3508 5192 3715 5254; x_wconf 76' lang='lat' dir='ltr'><strong>noctur-</strong></span> 
     </span>
    </p>
   </div>
   <div class='ocr_carea' id='block_1_149' title="bbox 2140 5251 3717 5321">
    <p class='ocr_par' dir='ltr' id='par_1_149' title="bbox 2140 5251 3717 5321">
     <span class='ocr_line' id='line_1_149' title="bbox 2140 5251 3717 5321; baseline -0.001 -16"><span class='ocrx_word' id='word_1_1218' title='bbox 2140 5270 2264 5307; x_wconf 89' lang='lat' dir='ltr'><strong>num</strong></span> <span class='ocrx_word' id='word_1_1219' title='bbox 2298 5251 2431 5307; x_wconf 87' lang='lat' dir='ltr'><strong>levis</strong></span> <span class='ocrx_word' id='word_1_1220' title='bbox 2469 5256 2689 5306; x_wconf 89' lang='lat' dir='ltr'><strong>tentatio</strong></span> <span class='ocrx_word' id='word_1_1221' title='bbox 2716 5252 3056 5321; x_wconf 80' lang='lat' dir='ltr'><strong>intelligitur,</strong></span> <span class='ocrx_word' id='word_1_1222' title='bbox 3089 5267 3207 5319; x_wconf 79' lang='lat' dir='ltr'><strong>qua:</strong></span> <span class='ocrx_word' id='word_1_1223' title='bbox 3234 5253 3293 5305; x_wconf 87' lang='lat' dir='ltr'><strong>lit</strong></span> <span class='ocrx_word' id='word_1_1224' title='bbox 3320 5267 3369 5302; x_wconf 87' lang='grc' dir='ltr'><strong>ιιι</strong></span> <span class='ocrx_word' id='word_1_1225' title='bbox 3401 5251 3717 5318; x_wconf 74' lang='lat' dir='ltr'><strong>tgnOrmtia.</strong></span> 
     </span>
    </p>
   </div>
   <div class='ocr_carea' id='block_1_150' title="bbox 2137 5320 3718 5393">
    <p class='ocr_par' dir='ltr' id='par_1_150' title="bbox 2137 5320 3718 5393">
     <span class='ocr_line' id='line_1_150' title="bbox 2137 5320 3718 5393; baseline -0.003 -18"><span class='ocrx_word' id='word_1_1226' title='bbox 2137 5338 2259 5391; x_wconf 81' lang='lat' dir='ltr'><strong>quia</strong></span> <span class='ocrx_word' id='word_1_1227' title='bbox 2311 5340 2402 5392; x_wconf 89' lang='lat' dir='ltr'><strong>per</strong></span> <span class='ocrx_word' id='word_1_1228' title='bbox 2434 5333 2751 5377; x_wconf 90' lang='lat' dir='ltr'><strong>nocturnum</strong></span> <span class='ocrx_word' id='word_1_1229' title='bbox 2804 5320 3104 5393; x_wconf 77' lang='lat' dir='ltr'><strong>ignbrantia</strong></span> <span class='ocrx_word' id='word_1_1230' title='bbox 3153 5320 3483 5388; x_wconf 87' lang='lat' dir='ltr'><strong>intelligitur,</strong></span> <span class='ocrx_word' id='word_1_1231' title='bbox 3536 5335 3631 5393; x_wconf 81' lang='lat' dir='ltr'><strong>per</strong></span> <span class='ocrx_word' id='word_1_1232' title='bbox 3658 5330 3718 5371; x_wconf 87' lang='lat' dir='ltr'><strong>tt-</strong></span> 
     </span>
    </p>
   </div>
   <div class='ocr_carea' id='block_1_151' title="bbox 2139 5391 3725 5460">
    <p class='ocr_par' dir='ltr' id='par_1_151' title="bbox 2139 5391 3725 5460">
     <span class='ocr_line' id='line_1_151' title="bbox 2139 5391 3725 5460; baseline -0.003 -14"><span class='ocrx_word' id='word_1_1233' title='bbox 2139 5391 2343 5449; x_wconf 85' lang='lat' dir='ltr'><strong>moretn</strong></span> <span class='ocrx_word' id='word_1_1234' title='bbox 2374 5409 2501 5448; x_wconf 92' lang='lat' dir='ltr'><strong>vero</strong></span> <span class='ocrx_word' id='word_1_1235' title='bbox 2533 5394 2683 5459; x_wconf 84' lang='lat' dir='ltr'><strong>levis,</strong></span> <span class='ocrx_word' id='word_1_1236' title='bbox 2728 5391 2850 5460; x_wconf 82' lang='lat' dir='ltr'><strong>quia</strong></span> <span class='ocrx_word' id='word_1_1237' title='bbox 2899 5393 3134 5459; x_wconf 90' lang='lat' dir='ltr'><strong>quandiu</strong></span> <span class='ocrx_word' id='word_1_1238' title='bbox 3183 5394 3383 5445; x_wconf 89' lang='lat' dir='ltr'><strong>malum</strong></span> <span class='ocrx_word' id='word_1_1239' title='bbox 3413 5391 3627 5459; x_wconf 85' lang='lat' dir='ltr'><strong>aliquod</strong></span> <span class='ocrx_word' id='word_1_1240' title='bbox 3660 5393 3725 5441; x_wconf 80' lang='lat' dir='ltr'><strong>u-</strong></span> 
     </span>
    </p>
   </div>
   <div class='ocr_carea' id='block_1_152' title="bbox 2140 5461 3723 5532">
    <p class='ocr_par' dir='ltr' id='par_1_152' title="bbox 2140 5461 3723 5532">
     <span class='ocr_line' id='line_1_152' title="bbox 2140 5461 3723 5532; baseline -0.003 -15"><span class='ocrx_word' id='word_1_1241' title='bbox 2140 5475 2331 5528; x_wconf 90' lang='lat' dir='ltr'><strong>metur,</strong></span> <span class='ocrx_word' id='word_1_1242' title='bbox 2364 5482 2468 5519; x_wconf 89' lang='lat' dir='ltr'><strong>non</strong></span> <span class='ocrx_word' id='word_1_1243' title='bbox 2494 5473 2699 5518; x_wconf 87' lang='lat' dir='ltr'><strong>tantum</strong></span> <span class='ocrx_word' id='word_1_1244' title='bbox 2725 5464 2920 5531; x_wconf 89' lang='lat' dir='ltr'><strong>patitur</strong></span> <span class='ocrx_word' id='word_1_1245' title='bbox 2947 5465 3141 5532; x_wconf 84' lang='lat' dir='ltr'><strong>aliquis</strong></span> <span class='ocrx_word' id='word_1_1246' title='bbox 3164 5465 3301 5517; x_wconf 89' lang='lat' dir='ltr'><strong>sicut</strong></span> <span class='ocrx_word' id='word_1_1247' title='bbox 3327 5466 3540 5531; x_wconf 87' lang='lat' dir='ltr'><strong>quando</strong></span> <span class='ocrx_word' id='word_1_1248' title='bbox 3562 5461 3723 5513; x_wconf 84' lang='lat' dir='ltr'><strong>infer-</strong></span> 
     </span>
    </p>
   </div>
   <div class='ocr_carea' id='block_1_153' title="bbox 2140 5532 3725 5605">
    <p class='ocr_par' dir='ltr' id='par_1_153' title="bbox 2140 5532 3725 5605">
     <span class='ocr_line' id='line_1_153' title="bbox 2140 5532 3725 5605; baseline -0.004 -17"><span class='ocrx_word' id='word_1_1249' title='bbox 2140 5546 2244 5588; x_wconf 92' lang='lat' dir='ltr'><strong>tur.</strong></span> <span class='ocrx_word' id='word_1_1250' title='bbox 2298 5536 2397 5589; x_wconf 82' lang='lat' dir='ltr'><strong>Per</strong></span> <span class='ocrx_word' id='word_1_1251' title='bbox 2436 5540 2687 5605; x_wconf 84' lang='lat' dir='ltr'><strong>sagittam</strong></span> <span class='ocrx_word' id='word_1_1252' title='bbox 2741 5535 3007 5605; x_wconf 85' lang='lat' dir='ltr'><strong>volantem</strong></span> <span class='ocrx_word' id='word_1_1253' title='bbox 3056 5535 3108 5587; x_wconf 90' lang='lat' dir='ltr'><strong>in</strong></span> <span class='ocrx_word' id='word_1_1254' title='bbox 3136 5534 3245 5596; x_wconf 86' lang='lat' dir='ltr'><strong>die,</strong></span> <span class='ocrx_word' id='word_1_1255' title='bbox 3302 5534 3433 5605; x_wconf 68' lang='lat' dir='ltr'><strong>levis</strong></span> <span class='ocrx_word' id='word_1_1256' title='bbox 3479 5532 3725 5605; x_wconf 79' lang='lat' dir='ltr'><strong>lentatio,</strong></span> 
     </span>
    </p>
   </div>
   <div class='ocr_carea' id='block_1_154' title="bbox 2138 5602 3724 5674">
    <p class='ocr_par' dir='ltr' id='par_1_154' title="bbox 2138 5602 3724 5674">
     <span class='ocr_line' id='line_1_154' title="bbox 2138 5602 3724 5674; baseline -0.001 -19"><span class='ocrx_word' id='word_1_1257' title='bbox 2138 5621 2259 5674; x_wconf 71' lang='lat' dir='ltr'><strong>qua:</strong></span> <span class='ocrx_word' id='word_1_1258' title='bbox 2291 5610 2342 5658; x_wconf 91' lang='lat' dir='ltr'><strong>in</strong></span> <span class='ocrx_word' id='word_1_1259' title='bbox 2374 5602 2668 5660; x_wconf 76' lang='lat' dir='ltr'><strong>scientibus</strong></span> <span class='ocrx_word' id='word_1_1260' title='bbox 2701 5607 2780 5669; x_wconf 88' lang='lat' dir='ltr'><strong>lit,</strong></span> <span class='ocrx_word' id='word_1_1261' title='bbox 2812 5604 3142 5673; x_wconf 81' lang='lat' dir='ltr'><strong>designatur.</strong></span> <span class='ocrx_word' id='word_1_1262' title='bbox 3196 5605 3297 5658; x_wconf 80' lang='lat' dir='ltr'><strong>Per</strong></span> <span class='ocrx_word' id='word_1_1263' title='bbox 3336 5602 3480 5661; x_wconf 84' lang='lat' dir='ltr'><strong>diem</strong></span> <span class='ocrx_word' id='word_1_1264' title='bbox 3511 5602 3724 5671; x_wconf 71' lang='lat' dir='ltr'><strong>quidem</strong></span> 
     </span>
    </p>
   </div>
   <div class='ocr_carea' id='block_1_155' title="bbox 2137 5674 3725 5753">
    <p class='ocr_par' dir='ltr' id='par_1_155' title="bbox 2137 5674 3725 5753">
     <span class='ocr_line' id='line_1_155' title="bbox 2137 5674 3725 5753; baseline -0.003 -24"><span class='ocrx_word' id='word_1_1265' title='bbox 2137 5677 2393 5753; x_wconf 74' lang='lat' dir='ltr'><strong>scientes,</strong></span> <span class='ocrx_word' id='word_1_1266' title='bbox 2440 5690 2536 5753; x_wconf 76' lang='lat' dir='ltr'><strong>per</strong></span> <span class='ocrx_word' id='word_1_1267' title='bbox 2564 5680 2808 5747; x_wconf 81' lang='lat' dir='ltr'><strong>sagittam</strong></span> <span class='ocrx_word' id='word_1_1268' title='bbox 2864 5689 2992 5729; x_wconf 87' lang='lat' dir='ltr'><strong>vero</strong></span> <span class='ocrx_word' id='word_1_1269' title='bbox 3030 5675 3161 5753; x_wconf 76' lang='lat' dir='ltr'><strong>levis</strong></span> <span class='ocrx_word' id='word_1_1270' title='bbox 3195 5677 3437 5753; x_wconf 69' lang='lat' dir='ltr'><strong>tentatio,</strong></span> <span class='ocrx_word' id='word_1_1271' title='bbox 3476 5674 3601 5743; x_wconf 83' lang='lat' dir='ltr'><strong>quia</strong></span> <span class='ocrx_word' id='word_1_1272' title='bbox 3642 5684 3725 5750; x_wconf 39' lang='lat' dir='ltr'><strong>sas</strong></span> 
     </span>
    </p>
   </div>
   <div class='ocr_carea' id='block_1_156' title="bbox 2139 5744 3725 5818">
    <p class='ocr_par' dir='ltr' id='par_1_156' title="bbox 2139 5744 3725 5818">
     <span class='ocr_line' id='line_1_156' title="bbox 2139 5744 3725 5818; baseline 0.001 -21"><span class='ocrx_word' id='word_1_1273' title='bbox 2139 5748 2267 5816; x_wconf 84' lang='lat' dir='ltr'><strong>gitta</strong></span> <span class='ocrx_word' id='word_1_1274' title='bbox 2312 5744 2516 5804; x_wconf 75' lang='lat' dir='ltr'><strong>Velanii</strong></span> <span class='ocrx_word' id='word_1_1275' title='bbox 2564 5744 2671 5804; x_wconf 77' lang='lat' dir='ltr'><strong>non</strong></span> <span class='ocrx_word' id='word_1_1276' title='bbox 2717 5755 2923 5803; x_wconf 86' lang='lat' dir='ltr'><strong>tantum</strong></span> <span class='ocrx_word' id='word_1_1277' title='bbox 2952 5745 3073 5818; x_wconf 77' lang='lat' dir='ltr'><strong>quis</strong></span> <span class='ocrx_word' id='word_1_1278' title='bbox 3122 5746 3332 5803; x_wconf 79' lang='lat' dir='ltr'><strong>laeditur</strong></span> <span class='ocrx_word' id='word_1_1279' title='bbox 3376 5758 3633 5815; x_wconf 84' lang='lat' dir='ltr'><strong>quantum</strong></span> <span class='ocrx_word' id='word_1_1280' title='bbox 3679 5744 3725 5798; x_wconf 79' lang='lat' dir='ltr'><strong>si</strong></span> 
     </span>
    </p>
   </div>
  </div>
