4026 6200
381 316 486 375 975

1147 320 1211 375 ΙΝ
1251 320 1663 378 ΡΒΑΕΜΟΒΒΜ
1705 320 1954 376 LIBRUM
1998 319 2427 375 EXEGESIS.—
2466 318 2704 373 PSALM.
2746 317 2853 372 XC.

3497 324 3602 378 97b

377 430 617 486 cominus
656 427 829 497 gladio
874 429 1109 482 feriatur.
1160 428 1317 482 Levis
1357 438 1530 483 autem
1559 429 1777 483 tentatio
1806 444 1923 497 qua:
1954 431 1998 486 A
2031 428 2281 499 fecerant,
2305 437 2356 499 et
2383 427 2501 495 quia
2524 426 2859 499 velutdevoti
2887 427 3229 499 provinciales
3253 429 3303 484 in
3329 434 3592 499 republica

380 516 482 554 non
512 508 711 553 tantum
743 509 912 566 urget,
938 508 992 552 ct
1018 499 1125 552 cito
1151 500 1460 560 declinatur,
1500 501 1593 552 sed
1624 511 1934 567 aggravetur

380 569 664 632 tribulatio,
709 576 764 620 et
790 569 995 621 duobus
1040 569 1327 635 prmmissis
1356 568 1640 621 reddantur
1680 572 1783 620 duo
1814 584 1932 635 qua:

375 647 685 708 sequuntur.
722 637 786 693 Ut
818 638 881 689 ad
912 637 1155 690 timorem
1202 647 1514 708 nocturnum
1562 638 1810 691 reddatur
1836 656 1931 695 ne-

377 707 577 776 gotium
630 707 998 773 perambulans
1047 708 1099 760 in
1162 707 1426 769 tenebris,
1471 719 1524 761 et
1571 708 1634 759 ad
1685 710 1930 775 sagittam

380 780 641 829 volantem
674 778 724 829 in
748 778 834 828 die
855 776 1098 828 incursus
1123 786 1176 829 et
1200 777 1520 829 dicmonium
1552 776 1923 834 meridianum.

382 848 515 900 Ecce
543 857 820 912 aggravata
848 856 928 899 est
969 847 1187 898 tentatio
1234 855 1339 899 tam
1381 846 1745 907 ignorantibus
1774 862 1929 913 quam
1974 885 1981 888 η

378 918 737 975 inscientibus,
791 917 910 981 quia
944 916 1027 967 illa
1051 917 1227 981 gravis
1253 916 1492 975 tentatio,
1522 930 1637 982 qua:
1662 925 1764 967 tam
1798 918 1931 970 acri-

378 997 457 1039 ter
485 996 634 1053 urget
665 988 984 1049 ignorantcs,
1032 986 1222 1037 dicitur
1252 986 1385 1038 bene
1415 986 1699 1054 negotium,
1749 985 1797 1037 id
1825 998 1928 1051 est,

379 1071 573 1123 negans
603 1056 792 1117 otium,
844 1057 963 1121 quia
991 1069 1202 1107 omnem
1252 1056 1479 1121 quietem
1526 1056 1713 1118 aufert,
1759 1067 1813 1109 et
1849 1068 1930 1111 est

376 1125 765 1194 perambulans,
800 1126 975 1194 idest,
1020 1139 1333 1194 permanens
1364 1124 1413 1194 iu
1458 1124 1707 1187 tenebris,
1746 1127 1793 1177 id
1825 1139 1926 1192 est,

379 1192 429 1248 in
466 1193 782 1259 tenebrosis,
807 1192 1025 1252 sciliCeI,
1057 1193 1107 1244 in
1132 1193 1513 1259 ignorantibus.
1539 1194 1725 1246 Gravis
1752 1207 1926 1251 autem

375 1266 663 1324 tribulatio,
695 1280 810 1331 qum
840 1263 1031 1327 ingruit
1078 1265 1385 1324 scientibus,
1436 1264 1630 1317 dicitur
1661 1265 1926 1331 incursus,

373 1337 496 1400 quia
526 1334 719 1386 acriter
750 1344 916 1401 urget,
950 1343 1002 1385 et
1029 1333 1347 1384 (lannoniunt
1392 1333 1741 1385 meridianum
1779 1353 1789 1385 :
1819 1336 1929 1388 du:-

374 1406 607 1454 monimn
652 1404 790 1466 ideo,
818 1404 936 1469 quia
982 1402 1038 1454 fit
1067 1418 1157 1466 per
1185 1405 1506 1471 suggestoris
1543 1404 1738 1455 diaboli
1783 1407 1929 1458 iusti»

375 1472 679 1538 galionem;
728 1482 781 1524 et
828 1472 1193 1542 nieridiannm,
1240 1474 1361 1538 quia
1404 1474 1454 1525 in
1503 1472 1721 1525 meridie
1764 1478 1929 1542 magis

376 1542 541 1594 fervet
569 1543 669 1610 sol,
700 1553 752 1592 et
780 1541 1041 1608 splendet.
1078 1541 1136 1593 Et
1166 1542 1471 1610 intelligitur
1512 1557 1601 1605 per
1639 1541 1923 1607 fervorem,

372 1611 567 1677 quiest
608 1609 660 1663 in
705 1612 926 1664 meridie
977 1609 1414 1681 ferventissimus,
1465 1615 1779 1675 persecutio,
1836 1630 1927 1681 per

374 1682 707 1747 Splendorem
757 1696 900 1745 vero,
934 1681 1049 1743 quia
1095 1682 1148 1732 lit
1198 1680 1561 1735 inscientibus.
1616 1682 1747 1736 Sunt
1785 1680 1924 1737 enim

2039 498 2241 568 Domini
2298 498 2493 550 cibaria
2546 507 2600 551 et
2625 497 2883 560 stipendia
2935 498 3187 553 militibus
3230 499 3366 568 ejus.
3394 497 3464 554 'id
3494 514 3596 568 est,

2034 567 2232 640 sanctis
2263 568 2537 640 monachis
2559 578 2611 640 et
2639 568 2871 640 eri-mitis
2891 578 2947 640 et
2966 569 3081 620 aliis
3105 567 3476 640 defensoribus
3507 567 3595 640 pa?

2037 634 2535 710 trireprmbucrant.
2558 635 2660 710 Sed
2690 638 2988 710 quinetiam
3012 654 3073 690 ex
3104 638 3183 690 his
3205 640 3350 693 untlti
3381 634 3600 710 urgente

2032 706 2178 772 gravi
2212 706 2533 759 necessitate
2562 707 2641 758 vol
2673 708 3006 760 tribulatione
3049 711 3164 760 victi
3193 721 3333 771 sunt,
3370 706 3485 764 ideo
3511 729 3599 765 ce-

2033 775 2279 829 ciderunt
2306 790 2334 828 a
2369 776 2591 838 dextris,
2621 776 2672 829 id
2702 786 2802 838 est,
2832 794 2858 826 a
2889 793 2981 841 spe
3012 782 3233 843 potiendi
3264 780 3326 831 ad
3354 780 3595 834 dextram

2033 853 2084 895 et
2127 846 2584 919 remunerationis
2635 847 3006 919 obsequiorum
3058 862 3297 901 suorum.
3362 850 3420 901 lit
3478 854 3595 919 quia

2033 914 2200 987 multo
2220 915 2401 987 plures
2427 924 2550 987 sunt
2578 915 2665 982 qui
2694 916 3065 981 jutlicabuntur
3103 934 3258 981 quam
3290 920 3374 986 qui
3397 914 3600 987 judica~

2031 981 2184 1048 bunt,
2219 984 2337 1037 ideo
2368 981 2628 1037 minorem
2661 1000 2932 1038 numerum
2984 988 3237 1050 protibeta
3280 981 3594 1043 collaterali-

2034 1052 2131 1105 bus
2182 1055 2349 1114 dedit,
2384 1058 2637 1119 majorem
2678 1054 3051 1123 diiudicandis,
3082 1057 3283 1118 dicens,
3338 1057 3479 1111 Mille
3517 1078 3598 1111 ca-

2030 1122 2146 1174 dent
2176 1140 2207 1175 α
2236 1126 2393 1175 latere
2423 1134 2507 1176 tuo
2553 1134 2599 1176 et
2625 1124 2794 1176 decem
2834 1125 2995 1177 millia
3042 1144 3071 1176 α
3101 1126 3287 1179 dextris
3336 1129 3451 1179 tuis.
3496 1130 3601 1185 Sed

2030 1207 2146 1259 qum
2169 1190 2331 1247 cura?
2363 1194 2535 1258 Nulla,
2564 1194 2763 1247 scilicet
2789 1234 2803 1257 ,
2854 1196 2971 1261 quia
3014 1207 3345 1264 quotcunque
3390 1198 3600 1252 videan-

2032 1272 2114 1313 tur
2143 1264 2335 1316 cadere
2358 1278 2386 1315 a
2422 1265 2584 1317 latere
2617 1266 2693 1316 vel
2740 1281 2765 1315 a
2798 1264 3021 1326 dextris,
3074 1276 3245 1318 tamen
3277 1266 3597 1325 daemonium

2032 1331 2157 1383 illud
2194 1334 2564 1397 meridianum,
2599 1334 2647 1386 id
2680 1344 2783 1400 cst,
2810 1334 3018 1388 fervens
3048 1346 3101 1388 ct
3143 1350 3333 1400 urgens
3383 1339 3598 1391 tribula-

2032 1402 2104 1453 tio
2135 1419 2239 1455 tton
2267 1404 2692 1472 apprOpinquabit
2721 1408 2787 1455 ad
2814 1415 2881 1466 te,
2912 1405 2961 1456 id
2992 1414 3095 1470 εει,
3127 1406 3190 1458 ad
3221 1407 3336 1460 illos
3364 1411 3448 1474 qui
3476 1423 3597 1462 vere

2030 1483 2153 1523 sunt
2186 1474 2278 1534 tui,
2312 1475 2361 1523 id
2393 1484 2496 1534 est,
2530 1476 2615 1541 qui
2652 1474 2774 1525 nihil
2801 1475 2866 1525 de
2908 1489 2964 1526 se
2994 1487 3334 1542 prmsumunt,
3383 1477 3474 1529 sed
3507 1483 3597 1530 ba-

2031 1542 2195 1593 bttant
2228 1547 2276 1593 in
2305 1542 2560 1613 udjutvrio
2587 1543 2848 1601 Altissimi,
2880 1555 2923 1595 et
2948 1545 2997 1595 in
3020 1547 3329 1613 proiectione
3368 1545 3461 1599 Dei
3486 1549 3599 1601 caeli

2029 1623 2467 1684 commorantur,_
2496 1622 2549 1664 ει
2602 1613 2782 1665 dicunt
2832 1614 3090 1665 Domino:
3136 1614 3413 1684 Susreptor
3462 1633 3597 1670 meus

2027 1694 2079 1751 es
2109 1690 2180 1740 tu.
2210 1690 2311 1733 ctc.
2346 1681 2423 1733 Ad
2457 1682 2575 1742 hos,
2603 1688 2835 1749 inquam,
2881 1699 2982 1735 non
3014 1681 3452 1751 appropinquahit
3476 1702 3595 1740 car.

375 1751 592 1829 quidam
640 1752 931 1829 nescientes
978 1755 1232 1829 rationem
1277 1751 1665 1829 liltristianismi
1716 1752 1818 1815 sui,
1873 1755 1920 1806 id
1960 1775 1996 1829 Β
2030 1749 2103 1814 ni,
2136 1766 2237 1829 non
2269 1752 2646 1829 appropinquat
2679 1753 2869 1829 meriti.
2906 1752 3245 1829 Langeenim
3287 1749 3438 1829 error
3466 1768 3594 1829 Atur-

372 1829 478 1879 est,
510 1821 595 1885 qui
626 1821 853 1873 nondum
901 1829 1056 1873 tanta:
1104 1820 1443 1887 perfectionis
1483 1831 1623 1883 sunt,
1674 1831 1726 1872 ιιι
1756 1833 1923 1875 atten-

371 1888 501 1960 dant
529 1889 648 1955 quia
683 1904 897 1943 necesse
927 1898 1007 1943 cst
1052 1900 1105 1942 ut
1135 1906 1305 1943 omnes
1345 1893 1433 1959 qui
1464 1895 1544 1960 pie
1572 1892 1741 1943 volunt
1767 1895 1925 1946 virere

370 1960 424 2010 in
452 1957 672 2024 Christo,
704 1962 1098 2028 persecutionem
1145 1957 1425 2027 patiantur.
1465 1957 1537 2012 Et
1563 1961 1702 2013 aliud
1735 1981 1747 2013 :
1791 1959 1918 2029 Fili,

372 2031 441 2079 ad
464 2031 742 2081 servitutem
766 2029 857 2080 Dei
885 2032 1144 2091 accedens,
1167 2040 1245 2082 sta
1268 2032 1318 2082 in
1336 2031 1559 2100 justitia.
1578 2040 1620 2082 et
1651 2032 1851 2097 timore,
1877 2043 1923 2086 et

373 2107 605 2163 tremore,
644 2114 690 2152 et
721 2115 949 2167 prwpara
978 2102 1199 2152 animam
1228 2108 1367 2152 tuam
1404 2101 1469 2152 ad
1501 2102 1840 2154 tentationem.
1867 2102 1922 2156 ltt

378 2169 459 2220 his
492 2171 679 2222 talibus
710 2172 841 2221 facta
872 2171 1103 2237 graviter
1145 2185 1334 2237 urgens
1364 2178 1416 2222 et
1460 2185 1803 2237 perseverans
1835 2176 1926 2226 tri-

373 2237 570 2290 bulatio
618 2239 811 2291 invi-nit
857 2254 972 2303 eos,
1026 2250 1077 2293 et
1115 2242 1251 2306 capit
1277 2253 1389 2302 eos,
1438 2251 1491 2292 et
1517 2240 1583 2291 ita
1621 2243 1919 2294 vincuntur.

371 2310 503 2359 Sunt
535 2307 621 2361 alii
656 2308 787 2362 bene
835 2309 1061 2363 scientes
1110 2312 1368 2362 rationem
1398 2310 1787 2363 Cbristianismi
1818 2314 1921 2373 sui,

370 2381 495 2442 quia
526 2380 816 2445 intelligunt
865 2381 1247 2445 promissiones
1295 2379 1383 2432 Dei
1435 2396 1536 2431 non
1570 2394 1688 2432 εεςε
1733 2380 1796 2432 de
1824 2382 1922 2435 hac

372 2454 533 2509 terra,
568 2464 667 2499 non
699 2463 815 2501 esse
860 2451 925 2498 de
957 2450 1051 2500 bac
1075 2449 1204 2510 vita,
1258 2458 1310 2500 et
1339 2450 1514 2501 omnia
1562 2459 1765 2501 terrena
1808 2466 1926 2504 esse

370 2518 772 2587 contemnenda,
806 2530 858 2571 et
882 2519 1111 2572 cmlestia
1141 2519 1466 2587 appetenda;
1512 2520 1603 2571 sed
1636 2520 1793 2571 inSlal.
1819 2531 1927 2573 tor-

377 2595 482 2646 tor,
512 2586 630 2651 (ulla
660 2590 894 2652 graviter
926 2597 1090 2654 urget,
1124 2590 1245 2650 urit,
1277 2598 1504 2652 torquet.
1552 2588 1712 2640 Instat
1744 2605 1926 2641 incur-

369 2668 464 2709 Sus
492 2667 543 2708 et
570 2659 885 2710 dzeuioniutn
917 2659 1286 2719 meridianum,
1333 2667 1387 2711 et
1416 2661 1482 2710 ita
1518 2656 1757 2709 vincitur.
1801 2662 1928 2724 Qua:

371 2737 547 2777 autem
575 2726 639 2778 sit
675 2727 803 2779 levis
832 2736 879 2780 et
910 2744 1025 2795 qua:
1052 2730 1228 2795 gravis
1260 2727 1544 2788 tribulatio,
1574 2741 1637 2779 ex
1664 2727 1753 2780 illo
1797 2740 1931 2781 tem-

375 2810 409 2862 p
432 2811 505 2848 ire
533 2805 701 2863 potest
729 2800 993 2861 cognosm,
1041 2814 1140 2864 quo
1170 2812 1359 2851 nomen
1406 2798 1764 2850 Christianum
1810 2813 1929 2852 cre-

372 2878 524 2917 scere
556 2865 734 2933 cmpil.
764 2866 910 2917 Tunc.
953 2871 1091 2920 enim
1125 2868 1319 2921 inimici
1349 2864 1634 2919 Christiani
1680 2869 1929 2930 nominis,

374 2949 544 2997 reges.
575 2939 797 2996 scrticet,
830 2946 881 2989 ct
908 2938 1270 3001 imperatores,
1320 2937 1557 2989 volentes
1585 2936 1707 2988 illud
1741 2952 1931 2991 nomen

370 3007 571 3067 delere,
618 3006 720 3057 tale
748 3006 976 3058 edictum
1022 3006 1256 3059 fecerunt
1288 3022 1302 3058 :
1358 3024 1374 3055 ι
1396 3005 1640 3072 Quisquis
1666 3006 1930 3060 Christum

372 3075 728 3135 Confitebitur,
762 3076 935 3139 gladio
970 3074 1238 3125 feriatur.»
1299 3076 1361 3127 Et
1389 3076 1533 3128 inulti
1587 3077 1747 3129 occisi
1784 3086 1927 3141 sunt,

368 3145 498 3209 quia
531 3145 703 3211 gladio
728 3142 868 3195 feriri
895 3159 987 3209 pro
1020 3145 1232 3197 tmtuine
1261 3143 1452 3198 Christi
1484 3148 1601 3198 leve
1629 3160 1748 3199 esse
1781 3159 1923 3212 puta-

372 3222 566 3264 \crunt
618 3213 691 3264 llli
718 3222 891 3265 autem
922 3213 1157 3267 videntes
1204 3216 1281 3269 sic
1324 3215 1562 3268 homines
1599 3214 1662 3266 ad
1710 3227 1931 3270 mortem

372 3285 697 3341 accelerare.
721 3292 784 3351 ct
813 3292 864 3334 to
890 3299 972 3334 um
1010 3286 1259 3336 mundum
1313 3295 1425 3349 post
1456 3286 1624 3351 ipsum
1654 3286 1829 3345 abire,
1858 3289 1938 3337 di-

372 3357 603 3403 xerunt:
640 3368 659 3401 r
690 3350 932 3418 Nunquid
965 3369 1060 3406 nos
1088 3354 1183 3406 soli
1233 3350 1654 3408 remanebimus?
1702 3356 1932 3419 nunquid

369 3429 541 3473 totum
589 3421 870 3491 humanum
925 3435 1090 3489 genus
1139 3424 1551 3476 interliciemus?
1580 3442 1596 3473 ι
1657 3424 1794 3491 Ergo
1837 3427 1937 3478 hoc

369 3491 515 3561 aliud
546 3494 775 3544 edictuin
806 3488 1041 3545 iecorum
1066 3510 1079 3544 :
1107 3509 1124 3542 ι
1148 3494 1394 3561 Quisquis
1420 3492 1684 3546 Christum
1715 3488 1936 3547 conﬁte—

368 3560 536 3625 bitur,
591 3562 767 3612 tandiu
818 3573 1125 3629 toqueatur
1169 3560 1338 3616 donec
1367 3563 1607 3615 Christus
1651 3572 1929 3629 negetur.)

374 3629 514 3683 Ecce
570 3630 614 3683 si
643 3630 761 3698 quis
811 3643 1045 3684 conterat
1101 3630 1246 3685 feriri
1295 3633 1469 3699 gladio
1520 3646 1583 3685 ac
1613 3636 1790 3684 tandm
1823 3644 1932 3685 tor-

372 3702 551 3765 queri,
583 3703 774 3768 pmerit
802 3701 927 3753 illud
980 3703 1146 3754 videri
1177 3706 1362 3770 Sagitta
1396 3703 1597 3764 volans,
1650 3702 1777 3755 illud
1811 3718 1936 3755 vero

373 3773 619 3823 incursus
662 3780 714 3823 et
744 3770 1061 3824 daettton‘tum
1109 3773 1481 3825 meridianum.
1534 3773 1764 3825 Instante
1815 3787 1939 3826 vero

372 3848 519 3890 tanta
568 3848 622 3891 et
650 3848 752 3891 tam
801 3852 1032 3907 graviter
1080 3852 1297 3908 urgente
1342 3840 1741 3910 persecutione,
1785 3842 1938 3895 multi

374 3917 483 3959 tam
511 3913 738 3963 scientes
778 3925 933 3977 quam
967 3915 1267 3965 nescientes
1316 3912 1570 3964 rationem
1600 3910 1940 3964 Christianis-

372 3980 447 4030 mi
496 3978 820 4032 ceciderunt.
876 3981 940 4032 Et
980 3981 1080 4033 hoc
1126 3983 1277 4045 ideo,
1308 3984 1428 4048 quia
1477 3984 1541 4034 de
1587 3981 1787 4034 viribus
1830 3983 1940 4035 suis

373 4058 735 4115 sumpserunt,
782 4051 974 4102 nonde
1006 4050 1135 4104 Deo.
1169 4052 1276 4104 Nec
1316 4052 1681 4102 habitaverunt
1709 4050 1758 4103 in
1790 4054 1940 4117 adju-

374 4117 512 4189 ιιιι-ἰο
541 4120 813 4182 Altissimi,
845 4134 941 4172 nec
972 4121 1219 4174 dixerunt
1244 4140 1254 4172 :
1306 4122 1577 4189 Susceptor
1620 4136 1759 4172 meus
1787 4138 1835 4173 es
1862 4131 1938 4184 tu,

376 4184 614 4258 Domine,
645 4198 690 4240 et
718 4190 969 4258 refugium
1003 4206 1188 4245 meum.
1230 4194 1374 4255 Quos
1410 4184 1660 4242 Dominus
1702 4192 1819 4243 ideo
1846 4206 1939 4242 ca-

372 4257 505 4308 dere
558 4259 812 4323 permisit,
840 4257 900 4312 nt
928 4263 1233 4314 ostenderet
1269 4262 1511 4315 lidelibus
1540 4260 1650 4313 suis
1678 4260 1798 4327 quia
1828 4259 1940 4328 ipse

374 4328 523 4379 solus
550 4337 631 4380 est
657 4330 744 4396 q-ii
777 4332 1018 4397 protegit,
1041 4344 1090 4382 et
1112 4334 1197 4399 qui
1230 4330 1546 4384 teutationes
1569 4341 1824 4399 temperat
1846 4370 1862 4391 ,
1887 4339 1939 4382 et

376 4405 579 4448 tantum
609 4399 788 4451 venire
819 4396 1103 4466 permittit,
1131 4396 1411 4468 ’qnantum
1459 4401 1621 4466 possit
1667 4396 1789 4452 ferri
1817 4414 1935 4452 cum

376 4469 600 4520 venerit.
633 4468 781 4520 Nunc
803 4470 864 4521 ad
897 4470 1119 4524 litteram
1154 4472 1453 4524 redeamus.
1505 4470 1677 4521 Dixit:
1710 4469 1935 4523 Circum-

376 4537 805 4608 dubittegveritas
849 4540 979 4608 ejus,
1036 4552 1087 4593 et
1134 4543 1203 4592 ita
1226 4540 1592 4601 circumdabit,
1640 4539 1777 4606 quod
1833 4556 1935 4591 noti

376 4605 592 4664 timtbis.
618 4606 667 4659 id
698 4617 795 4671 est,
829 4605 898 4661 tui
949 4625 1051 4661 non
1080 4611 1340 4664 timebunt
1385 4626 1414 4659 a
1454 4610 1631 4659 timore
1670 4620 1936 4673 nocturno,

376 4685 506 4747 etc.,
542 4676 592 4729 id
619 4688 717 4739 est,
745 4693 841 4730 nec
869 4679 934 4731 ab
960 4681 1043 4731 illa
1075 4680 1174 4733 levi
1228 4680 1308 4731 vel
1336 4679 1479 4747 gravi
1512 4673 1847 4747 tribulatione
1877 4679 1940 4747 tie

376 4739 597 4817 metuunt
638 4763 754 4813 qua:
794 4750 845 4799 lit
893 4750 942 4800 in
972 4739 1364 4817 ignorantibus:
1398 4761 1494 4800 nec
1520 4748 1586 4798 ab
1612 4746 1694 4798 illa
1730 4746 1828 4799 levi
1857 4746 1939 4800 vel

375 4815 523 4882 gravi
556 4832 670 4880 quae
713 4818 770 4870 ιιι
817 4815 1174 4872 inscientibus.

449 4884 639 4937 Cadent
679 4889 906 4941 alatere.
953 4889 1201 4952 Quamvis
1248 4886 1419 4940 dicam
1449 4884 1587 4953 quod
1638 4900 1740 4937 non
1784 4884 1936 4938 time-

377 4953 512 5007 bunt
539 4958 633 5018 tui,
665 4965 837 5010 tamen
868 4960 1019 5010 multi
1066 4959 1131 5009 de
1180 4956 1282 5009 Illis
1321 4956 1410 5023 qui
1463 4955 1771 5009 videbantur
1823 4970 1941 5007 esse

381 5027 454 5075 tui
481 5025 660 5078 cadent
681 5042 712 5076 a
740 5028 893 5079 latere
919 5040 965 5079 et
986 5043 1017 5079 a
1047 5028 1256 5080 dextris.
1291 5026 1388 5078 l’er
1412 5041 1442 5077 a
1468 5024 1623 5076 latere
1645 5025 1940 5091 intelligun-

381 5101 468 5144 tur
496 5093 569 5146 illi
601 5096 688 5162 qui
718 5111 775 5149 se
827 5098 1157 5150 collaterales
1212 5096 1433 5149 Domino
1465 5096 1597 5155 fore,
1647 5103 1843 5147 etcum
1873 5108 1939 5147 eo

379 5162 705 5229 indicaturos
756 5168 1026 5231 putabant,
1076 5168 1198 5230 quia
1243 5164 1407 5219 secuti
1458 5176 1580 5216 sunt
1628 5163 1752 5216 illud
1799 5163 1938 5230 quod

382 5232 638 5287 Dominus
664 5234 934 5302 discipulis
960 5236 1125 5288 dixit:
1152 5233 1273 5295 Vos,
1297 5237 1379 5301 qui
1398 5234 1669 5299 reliquistis
1689 5236 1877 5296 omnia,
1896 5243 1943 5285 et

380 5307 539 5354 secuti
555 5305 672 5357 estis
700 5319 796 5365 me,
818 5305 1048 5358 sedebitis
1063 5320 1210 5371 super
1232 5309 1368 5356 sedes
1373 5305 1664 5372 judirantes
1679 5302 1943 5355 duodecim

382 5372 542 5424 tribus
555 5373 848 5427 lsruel.Sed
862 5375 1005 5427 multi
1019 5388 1080 5426 ex
1099 5376 1177 5425 lns
1193 5384 1409 5441 urgente
1421 5374 1562 5438 gravi
1579 5374 1943 5439 persecutione

380 5452 434 5493 et
466 5446 802 5497 tribulatione
829 5445 949 5496 victi
979 5453 1121 5508 sunt,
1167 5453 1221 5495 et
1251 5440 1320 5494 ita
1365 5440 1741 5495 cecideruntia
1767 5445 1941 5504 latere,

383 5510 433 5561 id
461 5523 562 5570 est.
593 5528 620 5563 a
652 5529 744 5579 spe
774 5513 1213 5566 remunerationis
1253 5512 1556 5564 tribunarim
1600 5511 1760 5563 sedis.
1790 5513 1888 5562 Per
1912 5527 1943 5561 a

383 5581 576 5634 dextris
642 5598 765 5636 vero
806 5584 1145 5650 designantur
1190 5583 1259 5633 illi
1301 5597 1387 5649 qui
1433 5596 1489 5633 se
1522 5580 1825 5650 stalqentlos
1874 5581 1940 5632 ad

383 5652 644 5715 dextram,
700 5662 753 5706 ct
780 5648 1085 5705 audituros:
1123 5650 1316 5715 Venite,
1358 5650 1599 5702 benedicti
1634 5648 1803 5702 Patris
1826 5651 1939 5711 mei,

344 5732 352 5738 ·
383 5721 435 5770 in
469 5720 670 5788 juJicio
699 5724 966 5791 putabant,
996 5733 1209 5791 propter
1237 5736 1398 5788 opera
1424 5719 1797 5775 misericordia:
1828 5735 1943 5788 quae

2026 1821 2302 1885 queutium
2327 1836 2353 1870 a
2389 1822 2491 1873 lide
2519 1820 2867 1885 credentium,
2896 1825 3015 1884 quia
3048 1822 3176 1875 fides
3198 1835 3275 1875 εει
3308 1824 3359 1875 in
3392 1827 3589 1889 anima,

2027 1891 2090 1939 ad
2121 1904 2278 1964 quam
2328 1894 2561 1964 tortores
2608 1905 2710 1942 non
2741 1891 3037 1964 attendunt,
3087 1892 3204 1958 quia
3258 1902 3304 1944 et
3344 1896 3389 1945 si
3417 1910 3594 1964 corpus

2028 1960 2262 2029 occidunt
2289 1999 2302 2019 ,
2329 1961 2551 2011 animum
2590 1971 2758 2011 autem
2785 1961 3007 2012 occidere
3028 1976 3126 2011 non
3148 1973 3379 2029 posunt.

2104 2023 2479 2103 Verumtamen.
2530 2029 2654 2080 Dico
2701 2023 3273 2103 quia_tribul.itio'non
3319 2036 3595 2103 appropin-

2027 2099 2195 2164 quabit
2224 2099 2291 2150 ad
2318 2104 2386 2161 te,
2415 2099 2463 2151 id
2488 2107 2589 2161 est,
2622 2113 2725 2151 non
2756 2099 2944 2153 cadent
2977 2101 3045 2152 ιιιί
3072 2115 3163 2168 per
3186 2099 3597 2161 tribulationem.

2028 2169 2119 2220 sed
2156 2176 2486 2239 tamennon
2516 2169 2630 2222 sine
2677 2181 2836 2222 causa
2887 2170 3215 2233 tribulantnr,
3268 2173 3388 2239 quia
3434 2183 3487 2226 et
3530 2176 3595 2227 ad

2027 2250 2176 2289 Suam
2227 2238 2601 2299 eruditionem,
2653 2247 2707 2291 et
2751 2242 2815 2290 ad
2865 2240 3122 2293 malorum
3180 2238 3593 2303 damnationem,

2025 2308 2163 2374 quod
2195 2316 2250 2359 tu
2277 2309 2615 2361 considerabis
2638 2310 2796 2360 oculis
2822 2312 2941 2361 tuis.
2992 2309 3099 2364 ΙΙοε
3130 2320 3228 2373 est,
3282 2312 3350 2363 ttti
3395 2322 3593 2366 tantum

2027 2377 2163 2429 oculi
2195 2387 2247 2429 et
2276 2388 2484 2430 tuorum
2511 2394 2537 2429 a
2574 2389 2624 2431 te
2659 2379 2934 2431 illuminati
2968 2380 3066 2433 hoc
3088 2383 3382 2443 attondent,
3413 2392 3466 2433 et
3492 2398 3594 2434 non

2027 2446 2136 2497 alii.
2186 2448 2298 2498 Non
2328 2449 2467 2500 enim
2518 2449 2735 2501 lethSt
2784 2450 3125 2503 considerare
3173 2450 3445 2504 florentem
3497 2454 3599 2505 itus

2028 2518 2170 2580 pimn
2204 2518 2252 2567 in
2284 2525 2541 2584 tempore,
2566 2527 2619 2569 et
2641 2518 2824 2571 oculos
2849 2519 3052 2572 adeum
3082 2520 3298 2583 habt-re,
3333 2531 3387 2573 nt
3412 2522 3592 2574 videas

2027 2585 2147 2652 quid
2181 2599 2427 2651 passurus
2456 2587 2526 2640 sit
2567 2587 2617 2639 itt
2651 2587 2775 2641 line.
2826 2588 2923 2651 Tu,
2968 2588 3203 2655 inquam,
3254 2590 3594 2642 considerabis

2027 2664 2081 2707 et
2111 2655 2370 2723 intelliges
2398 2655 2784 2711 tribulationem
2816 2667 3023 2711 tuorum
3071 2672 3186 2711 esse
3212 2660 3583 2713 retributionem

2030 2736 2367 2791 peccatorum,
2396 2725 2444 2777 id
2467 2736 2567 2784 est.
2589 2727 2869 2790 malorum,
2890 2729 3004 2795 quia
3039 2728 3355 2781 retribuetnr
3374 2732 3452 2782 eis
3484 2745 3587 2781 non

2032 2797 2249 2856 bonum,
2281 2796 2417 2866 quod
2449 2797 2749 2865 ignorantes
2798 2796 3056 2860 fecerunt,
3086 2798 3154 2866 id
3184 2806 3284 2861 ed,
3320 2797 3587 2866 perfectus

2031 2872 2261 2917 tuorum:
2294 2865 2385 2917 sed
2418 2868 2610 2917 malum
2640 2866 2777 2934 quod
2808 2868 3032 2920 scientes
3072 2865 3330 2929 fecerunt,
3360 2869 3584 2931 scilicet,

2037 2943 2094 3004 ut
2124 2935 2203 2986 vel
2235 2943 2352 2986 tuos
2381 2934 2724 2996 devocareut,
2757 2936 2836 2990 vel
2865 2937 3073 3004 penitus
3111 2940 3463 2991 destruerent.
3501 2939 3594 2991 νει

2034 3001 2077 3054 si
2110 3013 2413 3070 peccatores
2443 3021 2546 3056 non
2581 3007 2818 3059 homines
2847 3001 3186 3073 accipiamus,
3236 3008 3328 3061 sed
3360 3018 3594 3076 peccata,

2038 3086 2320 3147 possumus
2364 3077 2497 3147 hanc
2547 3078 2947 3130 retributiOuem
3000 3078 3194 3130 referre
3225 3078 3288 3129 ad
3322 3089 3592 3147 utrosque,

2037 3142 2261 3206 scilicet,
2291 3154 2343 3196 et
2366 3146 2428 3195 ad
2462 3145 2625 3197 bonos
2656 3148 2957 3211 tolerantes,
2992 3159 3043 3200 et
3080 3148 3144 3200 ad
3170 3149 3336 3200 malos
3367 3142 3596 3203 inferen-

2039 3220 2139 3264 tes.
2194 3214 2399 3264 Eadem
2434 3216 2573 3266 enim
2626 3216 2889 3268 tribulatio
2936 3226 3016 3267 est
3055 3226 3111 3268 et
3138 3219 3341 3269 levibus
3374 3221 3599 3282 peccatis

2040 3286 2319 3355 bonorum,
2353 3298 2471 3347 qnze
2505 3298 2596 3349 per
2623 3299 2738 3335 eam
2769 3293 3077 3350 purgantur,
3125 3296 3177 3336 et
3202 3288 3448 3351 gravibus
3475 3302 3599 3355 pec-

2037 3352 2175 3423 catis
2217 3355 2496 3423 malorum,
2550 3364 2749 3423 nonut
2782 3368 2873 3423 per
2917 3355 3016 3405 hoc
3066 3363 3372 3423 purgentur,
3420 3352 3509 3409 sed
3542 3367 3599 3407 ut

2037 3422 2245 3483 gravius
2275 3422 2610 3474 damnentttr.
2667 3422 2779 3485 Vel,
2812 3422 2984 3484 aliter,
3016 3424 3137 3475 dico
3175 3422 3301 3490 quia
3332 3426 3482 3478 multi
3512 3442 3597 3477 co-

2036 3490 2155 3542 dent
2180 3506 2211 3541 a
2236 3490 2392 3543 latere
2415 3499 2500 3543 tuo
2528 3501 2573 3543 et
2615 3508 2645 3543 α
2684 3492 2871 3543 dextris
2893 3492 3012 3555 luis,
3056 3494 3147 3545 sed
3180 3504 3351 3545 tamen
3385 3506 3436 3546 tu
3482 3510 3602 3547 con-

2032 3558 2283 3632 siderabis
2328 3562 2487 3632 o_culis
2533 3562 2652 3623 tuis,
2703 3561 2840 3627 quod
2887 3563 3061 3615 nullus
3108 3564 3261 3615 cadet
3307 3563 3372 3614 de
3404 3563 3483 3615 his
3512 3568 3600 3632 qui

2036 3638 2162 3681 sunt
2190 3631 2282 3683 tui.
2335 3628 2400 3681 Et
2428 3632 2615 3683 videbis
2641 3632 3017 3683 retributionem
3048 3640 3384 3696 peccatorum,
3418 3634 3465 3684 id
3496 3628 3599 3692 est,

2038 3714 2218 3752 casum
2250 3701 2395 3753 illum
2423 3715 2542 3754 esse
2558 3701 2757 3769 justum
2788 3702 2838 3753 ιιι
2863 3703 2941 3753 his
2967 3701 3052 3769 qui
3084 3702 3295 3764 radunt,
3326 3702 3445 3771 quia
3480 3719 3602 3770 pro~

2039 3780 2347 3837 meruerant
2377 3782 2587 3835 peccata
2630 3786 2833 3837 eorum.
2880 3770 3162 3824 Sciendum
3209 3770 3476 3835 quianon
3507 3773 3600 3825 de-

2038 3836 2251 3909 fuerunt
2278 3840 2363 3908 qui
2391 3841 2518 3893 alias
2549 3836 2864 3909 teutationes
2892 3842 3132 3909 superius
3180 3856 3339 3909 quam
3370 3842 3600 3894 diximus

2039 3908 2319 3974 accipiant,
2370 3920 2423 3961 et
2458 3910 2636 3963 dicunt
2664 3910 2733 3963 ita
2760 3924 2774 3960 :
2818 3908 2946 3974 Quia
2976 3912 3157 3964 veritas
3195 3912 3526 3963 circumdabit
3559 3925 3606 3963 te

2041 3986 2097 4029 ut
2125 3988 2353 4039 scutum,
2387 3980 2434 4033 id
2464 3989 2567 4041 est,
2599 3995 2699 4031 non
2726 3981 2940 4042 timebis,
2974 3982 3022 4032 id
3059 3990 3160 4043 εει,
3211 3996 3315 4032 non
3344 3982 3605 4033 timebunt

2043 4049 2114 4117 tui
2144 4063 2175 4099 a
2204 4049 2380 4100 timore
2402 4056 2644 4101 nocturno
2665 4090 2680 4113 ,
2714 4049 2763 4101 id
2788 4059 2890 4110 est,
2939 4065 2967 4102 a
2997 4050 3187 4103 timore
3216 4051 3302 4103 illo
3333 4063 3487 4117 quem
3521 4054 3601 4103 in-

2042 4116 2216 4169 ferunt
2245 4120 2508 4182 nocturni,
2557 4119 2605 4170 id
2637 4128 2737 4184 est,
2771 4119 3004 4172 hazretici
3046 4120 3097 4172 in
3138 4132 3291 4173 noete
3332 4116 3602 4173 ambulan-

2043 4193 2142 4250 tes,
2169 4198 2221 4239 et
2251 4187 2381 4239 alios
2411 4187 2464 4240 in
2497 4197 2650 4242 nocte
2681 4190 2987 4254 pertrahere
3032 4189 3351 4243 laborantes.
3403 4192 3467 4241 Et
3496 4206 3599 4242 nou

2044 4258 2305 4309 timebunt
2330 4274 2358 4307 a
2384 4259 2569 4327 sagitta
2594 4257 2793 4309 volante
2813 4260 2862 4309 in
2885 4260 2983 4323 die,
3014 4260 3062 4311 id
3091 4268 3190 4323 est,
3221 4263 3287 4312 ab
3308 4262 3601 4327 arrogantia

2040 4338 2093 4377 ct
2139 4341 2268 4379 vana
2312 4328 2497 4395 gloria,
2548 4342 2664 4394 qure
2713 4328 3005 4394 procedunt
3054 4330 3120 4381 de
3166 4329 3273 4388 die,
3321 4330 3368 4378 id
3399 4338 3501 4389 est,
3535 4332 3603 4381 de

2043 4396 2410 4464 prosperitate.
2439 4396 2547 4450 Nec
2571 4398 2821 4451 timebunt
2844 4413 2874 4448 a
2897 4399 3117 4466 negotio,
3149 4398 3314 4462 idest,
3339 4398 3405 4449 ab
3425 4412 3606 4451 errore

1968 4455 2017 4514 ἰ)
2043 4455 2410 4520 hazréticorum
2440 4468 2786 4535 quorumdam
2818 4455 3214 4533 perambulante,
3262 4455 3312 4518 id
3343 4477 3445 4532 εει,
3473 4482 3606 4534 per-

2040 4546 2314 4590 severante
2355 4538 2405 4588 in
2446 4537 2678 4599 tenebris,
2729 4538 2782 4589 id
2808 4546 2908 4601 est,
2953 4536 3005 4588 in
3035 4550 3193 4589 carne
3240 4536 3454 4600 Christi,
3485 4553 3605 4604 qua:

2041 4606 2233 4659 dicitur
2282 4607 2513 4659 tenebrae
2557 4617 2797 4674 respectu
2836 4605 3145 4659 divinitatis.
3192 4604 3423 4671 Fuerunt
3462 4609 3601 4674 enim

2043 4676 2277 4728 hmretici
2308 4677 2395 4744 qui
2421 4673 2660 4729 dicerent
2682 4676 2957 4728 Dominum
2985 4688 3219 4727 nostrum
3244 4674 3425 4744 Jesum
3452 4673 3604 4727 Chri-

2040 4754 2177 4797 stum
2222 4743 2603 4809 pbantasticum
2630 4758 2822 4810 corpus
2855 4746 3069 4807 tiabvre,
3118 4744 3208 4796 alii
3238 4747 3324 4813 qui
3368 4743 3608 4798 dicerent

2040 4828 2161 4866 eum
2192 4828 2295 4866 non
2321 4824 2491 4866 satum
2519 4814 2585 4865 de
2610 4817 2826 4881 virgine.
2862 4816 2955 4867 sed
2982 4814 3048 4867 de
3075 4814 3314 4875 muliere,
3342 4824 3395 4865 et
3418 4817 3599 4867 multa:

2041 4884 2156 4937 aliae
2187 4886 2413 4936 haereses
2457 4882 2761 4949 hnjusmodi
2806 4885 2951 4937 fuere
2995 4884 3062 4936 de
3104 4883 3221 4949 eius
3253 4885 3601 4937 humanitate.

2040 4953 2220 5019 Neque
2259 4953 2517 5006 timebunt
2541 4955 2612 5006 tui
2640 4952 2701 5005 ab
2724 4955 2931 5006 incursu
2954 4963 2999 5007 et
3026 4954 3273 5006 dwmonio
3300 4955 3602 5017 meridiana,

2042 5023 2091 5076 id
2119 5030 2217 5085 est,
2249 5036 2278 5073 a
2299 5022 2624 5076 dmmooiaco
2655 5033 2708 5075 et
2735 5023 3032 5077 vehementi
3062 5024 3257 5088 studio,
3289 5025 3377 5092 qui
3407 5023 3474 5076 ad
3506 5028 3604 5075 hoc

2042 5092 2304 5155 laborant,
2336 5106 2390 5143 ut
2431 5092 2697 5159 decipiant
2742 5094 2793 5145 in
2823 5092 3064 5154 meridie,
3118 5092 3169 5146 id
3214 5103 3317 5154 est,
3370 5094 3420 5145 in
3453 5093 3605 5147 reita

2042 5166 2181 5216 clara
2213 5172 2263 5214 et
2292 5162 2480 5225 lucida,
2512 5164 2643 5215 sicut
2672 5164 2844 5223 clarus
2864 5172 2947 5214 est
2974 5169 3050 5215 sol
3080 5162 3131 5214 in
3156 5163 3374 5215 meridie
3394 5204 3408 5227 ,
3434 5162 3602 5223 idest,

2044 5234 2093 5286 in
2125 5232 2414 5295 divinitate,
2468 5232 2704 5286 dicentes
2736 5232 2925 5285 Filium
2973 5233 3231 5286 minorem
3274 5232 3451 5293 Patre,
3486 5245 3605 5283 cum

2044 5301 2379 5354 manifestum
2409 5302 2477 5353 sit
2502 5315 2621 5354 eum
2649 5304 2904 5369 :equaletn
2947 5317 3065 5356 esse
3096 5304 3268 5366 Patri,
3300 5309 3352 5352 et
3376 5302 3606 5353 consub-

2042 5370 2340 5424 Stautialem
2370 5386 2381 5419 :
2417 5382 2525 5422 tum
2572 5385 2634 5424 ett
2665 5380 2742 5424 tot
2768 5372 2924 5425 dictis
2950 5371 3089 5439 ejus,
3131 5370 3411 5439 quiadixit
3446 5386 3483 5439 :_
3506 5369 3609 5432 Qui

2041 5444 2173 5492 videt
2202 5455 2301 5503 me,
2332 5440 2463 5491 videt
2499 5450 2545 5491 et
2600 5439 2804 5493 Patrem
2854 5437 3060 5503 meum;
3102 5437 3192 5493 et:
3230 5438 3339 5508 Ego
3372 5448 3418 5492 et
3452 5437 3608 5490 Pater

2043 5526 2199 5562 unum
2229 5525 2422 5573 sumus,
2455 5520 2507 5562 et
2532 5513 2690 5570 multa
2738 5512 2857 5563 talia
2885 5528 2901 5575 ;
2936 5521 3043 5561 tnnt
3074 5514 3232 5564 etiam
3262 5526 3326 5563 ex
3354 5511 3607 5577 operibus

2043 5583 2179 5647 ejus,
2209 5578 2275 5632 de
2298 5580 2489 5647 quibus
2518 5582 2713 5632 dictum
2743 5592 2823 5641 est
2850 5601 2862 5632 :
2913 5579 3077 5633 Nemo
3117 5589 3274 5646 patest
3314 5583 3425 5633 haec
3457 5580 3606 5649 signa

2043 5651 2347 5721 facereun
2374 5659 2428 5699 tu
2467 5649 2613 5715 fucis,
2646 5650 2744 5703 nisi
2774 5648 2910 5703 Deus
2940 5653 3084 5721 fuerit
3114 5665 3228 5703 cum
3256 5652 3366 5702 illo.

2114 5717 2305 5771 Cadent
2334 5737 2363 5771 ιι
2386 5722 2564 5773 latere.
2600 5720 2721 5775 Ideo
2749 5722 2821 5775 tui
2852 5717 2951 5773 non
2983 5721 3239 5776 timebant
3266 5737 3296 5773 a
3318 5723 3494 5773 timore
3515 5734 3617 5771 no-
