4026 6200
469 298 577 352 975

932 296 1136 351 nso/3
1181 295 1630 351 nguentatus
1668 279 1816 349 ore.
1861 291 2034 348 PARS
2074 291 2138 346 ιι.
2180 290 2373 347 secr.
2411 292 2470 345 ll.
2503 323 2572 333 —
2613 292 2813 348 DUBIA
2857 293 2944 349 er
2983 294 3248 351 spuma.

3610 293 3718 351 976

463 426 643 468 cturno
672 421 726 466 et
768 425 795 464 a
822 411 1023 464 cunctis
1051 409 1338 478 prmdictis.
1393 410 1512 475 quia
1546 409 1687 462 ιιιίιέ
1727 407 1883 475 hujus
1917 415 2030 460 ten-
2059 409 2098 463 Α
2135 403 2310 478 minus
2341 404 2492 478 Pule_r
2522 407 2795 478 mandavit,
2827 405 2873 456 id
2895 413 3006 478 est,
3044 406 3144 458 hoc
3175 413 3490 478 praeceptum
3515 411 3722 471 angelis

464 483 677 538 tationis
706 481 915 535 cadent.
939 483 978 534 A
1011 481 1220 533 sinistra
1250 489 1425 533 autem
1457 489 1542 532 ttta
1574 480 1791 532 deberet
1828 478 2026 540 dicere,

463 557 590 624 quia
615 555 663 605 in
694 552 859 624 altera
893 560 1039 617 parte
1069 550 1216 624 ponit
1262 550 1554 624 ueretris;
1607 549 1868 624 sed-quia
1903 547 2030 600 nihil

464 618 518 680 in
553 625 658 676 Deo
686 621 956 674 sinistrum
989 629 1089 682 est,
1123 619 1242 672 ideo
1271 620 1580 685 simpliciter
1611 620 1756 686 ponit
1791 635 1822 670 α
1850 618 2029 683 latere,

463 704 518 749 et
550 701 692 745 notat
724 691 839 741 illos
869 689 954 756 qui
982 689 1224 741 laterales
1253 689 1367 756 ejus
1390 699 1565 752 erunt,
1596 689 1647 740 id
1667 698 1766 754 est,
1796 688 1883 756 qui
1910 703 2030 740 eum

461 759 892 822 circumdabant,
923 759 1171 811 radentes
1219 774 1345 811 vero
1387 774 1415 810 a
1442 760 1648 812 dextris
1689 758 1880 825 accipit
1907 772 2026 824 per-

460 832 798 886 fectissimos.
851 829 913 880 Et
953 828 1073 881 ideo
1095 829 1237 890 dicit,
1284 829 1404 892 quia
1448 831 1603 882 etiam
1653 830 1836 882 decem
1867 828 2030 880 millia

466 897 765 969 hujusmodi
787 899 1138 951 tentatianttni
1161 900 1525 951 ltaareticarnm
1543 899 1733 951 cadent
1753 899 1869 951 sine
1886 895 2030 969 omni

458 967 648 1024 allecto
678 984 704 1021 ιι
737 968 942 1021 dextris
974 969 1096 1027 tuis.
1146 968 1196 1020 id
1226 978 1327 1031 est,
1382 969 1447 1020 ab
1480 969 1584 1022 illis
1628 969 1719 1036 qui
1764 967 2031 1036 pertinent

459 1043 525 1094 ad
548 1041 786 1094 dextram
819 1050 982 1101 tuam,
1035 1038 1084 1089 id
1109 1046 1209 1100 est,
1259 1039 1322 1090 ad
1353 1038 1556 1101 potiora
1608 1041 1740 1091 bona
1772 1048 1878 1091 tua.
1925 1036 2030 1090 Sed

457 1115 547 1179 (ac
575 1112 618 1162 si
652 1109 813 1178 dicat)
859 1109 1106 1179 quamvis
1139 1107 1330 1179 cadant
1378 1123 1406 1160 a
1439 1108 1601 1161 latere
1648 1119 1702 1162 et
1745 1122 1772 1158 a
1803 1109 2024 1173 dextris,

458 1177 634 1235 tamen
675 1177 800 1231 sine
819 1177 964 1230 onttti
1002 1177 1217 1230 laesione
1264 1178 1495 1241 illomm,
1545 1180 1667 1244 quia
1699 1194 1796 1230 non
1839 1194 2028 1245 appro-

458 1249 719 1315 pinquabit
769 1250 1011 1300 incursus
1059 1259 1110 1300 et
1159 1247 1476 1300 daimonittm
1525 1249 1912 1312 meridianum,
1946 1248 2028 1302 vel

456 1320 648 1385 aliquid
680 1334 832 1384 supra
865 1317 1125 1370 dictorum
1157 1318 1222 1369 ad
1246 1327 1308 1382 te,
1357 1327 1414 1371 ut
1439 1319 1600 1375 prius.

537 1391 909 1442 Verumtamen.
959 1388 1071 1440 Non
1101 1387 1542 1455 appropinqnabit
1584 1387 1796 1456 quidem
1845 1386 2031 1457 hujus-

461 1461 600 1513 tnodi
629 1459 848 1512 tentatio
877 1457 942 1510 ad
974 1466 1112 1521 tuos,
1148 1461 1236 1509 sed
1272 1469 1446 1510 tamen
1478 1474 1580 1509 non
1611 1458 1728 1509 sine
1759 1471 1919 1510 causa
1946 1467 2031 1512 est

457 1531 594 1590 tptod
627 1538 910 1590 tentantur,
946 1529 1065 1592 quia
1100 1527 1200 1580 hoc
1236 1529 1292 1580 lit
1321 1529 1384 1580 ad
1413 1544 1595 1582 eortnn
1638 1528 2023 1596 probationem,

455 1613 509 1654 et
541 1599 884 1653 tentationunt
911 1598 1323 1650 dat‘ttnationetn.

532 1671 783 1732 Quoniam
813 1677 866 1720 tu
888 1682 958 1720 es.
1012 1669 1207 1720 Eodem
1251 1667 1405 1720 modo
1434 1669 1673 1721 continet
1717 1667 1770 1720 in
1804 1677 2027 1735 utraque

457 1740 738 1802 sententia,
775 1739 868 1800 ita,
917 1738 1160 1790 scilicet:
1220 1739 1281 1788 lit
1306 1739 1423 1790 ideo
1454 1753 1556 1789 non
1601 1738 2028 1805 appropinquabit

454 1813 519 1862 ad
543 1822 609 1873 te,
639 1808 689 1862 id
721 1817 820 1868 est,
852 1807 914 1858 ad
942 1819 1079 1866 tuos,
1130 1807 1368 1876 quoniam
1406 1815 1481 1864 tu,
1518 1807 1732 1860 Domine
1761 1811 1932 1871 Pater,
1972 1825 2026 1862 es

454 1898 566 1945 spes
599 1895 731 1937 utea,
762 1878 812 1931 id
846 1889 948 1939 εει,
1001 1891 1122 1944 spes
1169 1891 1427 1929 meorum.
1472 1876 1535 1928 Et
1581 1879 1631 1929 itt
1677 1877 1777 1930 hoc
1824 1878 1945 1931 dico
1972 1894 2031 1934 es

457 1965 580 2017 Spes
612 1947 1021 2017 tneorutn,qnia
1053 1963 1135 1999 ttte
1161 1946 1410 2015 refugium
1454 1955 1611 2009 tuum,
1642 1947 1693 2000 id
1724 1957 1825 2010 est,
1872 1963 2028 2013 quem

455 2016 557 2074 illis
585 2018 781 2073 fecistis
808 2016 1089 2085 refugium,
1117 2018 1328 2078 posuisti
1358 2018 1682 2080 altissimum,
1717 2018 1767 2070 id
1790 2026 1890 2083 est,
1919 2034 2031 2073 mu-

460 2091 798 2152 nitissimum,
825 2089 1042 2149 scilicet,
1073 2089 1137 2140 ad
1169 2103 1322 2154 qni-nt
1356 2088 1530 2141 nullus
1572 2088 1763 2154 hostis,
1797 2103 1894 2141 nec
1920 2104 2030 2144 cm-

455 2163 561 2214 lnm
593 2160 805 2216 alionod
835 2173 1066 2210 noenum
1100 2159 1395 2225 pertingere
1423 2158 1606 2222 possit.
1652 2159 1878 2212 Attende
1901 2173 2029 2226 quo-

456 2231 612 2284 tnodo
655 2229 909 2282 Daunius
941 2239 1140 2288 noster,
1189 2227 1238 2279 id
1265 2240 1364 2293 ρει,
1395 2226 1656 2290 Christus,
1703 2229 1770 2281 sit
1814 2242 1936 2292 Spes
1976 2238 2030 2283 et

459 2299 777 2356 resmrectio
805 2314 1038 2352 suorum.
1074 2299 1371 2351 llutnannnt
1401 2314 1566 2366 genus
1599 2298 1861 2351 hominem
1895 2300 2029 2353 mori

455 2380 697 2432 noverat,
729 2383 1008 2434 resurgere
1037 2379 1212 2422 autem
1247 2384 1350 2421 non
1384 2379 1643 2438 noverat;
1695 2369 1818 2438 quid
1873 2369 2027 2423 time-

454 2455 533 2495 ret
564 2441 810 2503 habebat,
842 2439 932 2490 sed
959 2438 1097 2492 unde
1123 2447 1361 2502 Speraret
1390 2455 1491 2490 non
1523 2437 1769 2493 habebat.
1803 2438 1872 2493 Ut
1901 2455 2026 2508 ergo

453 2515 540 2578 qni
571 2519 784 2578 propter
809 2509 1049 2578 timorem
1087 2509 1209 2561 Iecit
1237 2517 1461 2560 mortem
1490 2523 1705 2575 promer
1751 2510 2024 2576 praemium

455 2577 641 2634 totum
690 2580 809 2630 vita:
835 2577 987 2629 daret
1027 2592 1174 2642 spem
1230 2580 1658 2640 resurreCtionis,
1707 2580 1853 2644 prior
1884 2594 2026 2633 rnor-

454 2663 575 2703 tuus
604 2658 686 2703 est
715 2646 970 2700 Dominus
992 2647 1148 2701 Jesus
1174 2644 1436 2711 Christus,
1465 2656 1518 2701 et
1549 2649 1860 2701 resurrexit.
1885 2648 2027 2702 Mor-

454 2731 570 2773 tuus
597 2719 815 2788 quidexn
856 2728 936 2788 est
963 2717 1329 2788 postmultos,
1386 2719 1681 2788 resurrexit
1729 2732 1856 2772 vero
1901 2729 2026 2774 ante

455 2786 659 2844 omnes.
692 2786 978 2841 Moriendo
1009 2787 1130 2839 fecit
1159 2789 1296 2851 quod
1331 2787 1480 2840 multi
1510 2798 1634 2842 ante
1661 2803 1803 2854 eum,
1849 2803 2028 2843 resur-

456 2859 627 2929 gendo
653 2873 780 2929 vero
828 2857 964 2929 quod
997 2857 1168 2908 nullus
1196 2866 1316 2910 ante
1344 2872 1486 2929 eum,
1537 2867 1595 2911 ut
1620 2873 1718 2923 ego
1744 2872 1894 2929 spem
1941 2874 2026 2914 re-

455 2925 799 2982 surrectionis
829 2925 1081 2980 haberem
1113 2941 1269 2993 quam
1297 2943 1400 2979 non
1426 2927 1706 2980 habebam.
1757 2927 1915 2994 Quasi
1939 2931 2022 2984 di-

453 3010 577 3052 cat:
612 2997 992 3058 llesurrexisti,
1029 2995 1338 3077 ascendisti,
1392 3007 1447 3050 ut
1474 3011 1571 3066 ego
1615 3010 1889 3068 sperarem
1936 3015 2023 3055 me

454 3079 755 3123 secuturum
785 3078 888 3128 quo
920 3074 974 3117 tu
1005 3074 1337 3132 prasteSststi.

527 3138 645 3191 Non
668 3137 866 3208 accedet
906 3136 971 3186 ad
995 3146 1046 3208 te
1072 3135 1286 3190 malum.
1337 3136 1522 3189 Merito
1553 3135 1660 3208 dixi
1701 3146 1841 3208 tuum
1883 3140 2023 3208 refu-

454 3209 589 3275 gium
608 3207 928 3259 altissimum.
963 3205 1080 3273 quia
1110 3221 1211 3256 non
1232 3216 1431 3259 accedet
1452 3207 1679 3273 amplius
1701 3205 2026 3262 tabernacqu

455 3289 560 3331 tuo.
613 3277 1036 3345 'l‘abernaculum
1090 3275 1290 3328 Christi
1336 3283 1488 3329 vocat
1527 3291 1762 3343 carnem,
1817 3277 1884 3331 de
1923 3293 2025 3345 qua

456 3349 655 3400 dictum
684 3357 766 3399 est
790 3362 804 3398 :
859 3343 1078 3398 Verbum
1105 3360 1224 3396 caro
1253 3346 1442 3413 factum
1471 3358 1574 3409 est,
1622 3357 1668 3399 et
1709 3343 1950 3400 habitavit
1976 3351 2028 3402 in

455 3417 745 3487 nobis,ete.
781 3416 903 3487 Ιιιεε
929 3415 1112 3487 eadem
1156 3429 1281 3487 caro
1325 3416 1541 3482 Christi,
1588 3427 1669 3470 est
1713 3432 1905 3487 spoosa
1938 3419 2028 3471 illa

460 3502 617 3556 quam
646 3486 757 3556 ipsi
772 3485 872 3556 sibi
898 3485 1132 3556 adduxit.
1188 3485 1353 3554 Hujus
1385 3487 1646 3556 thalamus
1676 3485 1759 3540 est
1809 3490 2028 3556 virginis

460 3553 679 3611 uterus.
716 3553 865 3607 Unde
891 3554 1020 3608 dicit
1065 3553 1350 3622 Apostolus
1385 3575 1396 3608 :
1453 3555 1620 3608 Erunt
1646 3557 1748 3609 duo
1791 3557 1845 3610 in
1877 3553 2030 3612 carne

456 3643 582 3680 una.
625 3626 1016 3695 Sacramentun}
1057 3625 1150 3676 hoc
1177 3641 1415 3695 magnum
1451 3634 1543 3690 est,
1591 3641 1683 3695 ego
1716 3637 1884 3680 autem
1914 3630 2030 3682 dico

456 3643 582 3680 una.
625 3642 1016 3679 Sacramentum
1057 3642 1150 3676 noc
1177 3642 1258 3677 ma
1298 3642 1415 3677 num
1451 3642 1543 3690 est,
1591 3642 1683 3695 ego
1716 3642 1884 3680 autem
1914 3642 2030 3682 dtco

456 3699 512 3750 in
541 3695 739 3749 Christo
784 3705 829 3747 et
877 3695 931 3747 in
961 3692 1213 3748 Ecclesia.
1262 3642 1320 3748 in
1371 3695 1468 3748 hoc
1498 3711 1641 3764 ergo
1691 3697 2031 3752 tabernaculo

457 3768 746 3832 imperator
776 3775 954 3818 nester
986 3779 1079 3832 pro
1110 3764 1260 3818 nobis
1293 3762 1553 3819 militavit.
1581 3762 1663 3818 Ἐι
1692 3781 1756 3819 ne
1783 3783 1881 3822 nos
1911 3769 2030 3822 vin-

455 3851 720 3908 ceremur,
749 3834 938 3908 tentari
965 3847 1023 3888 se
1045 3834 1432 3908 permisit._Nec
1449 3837 1866 3908 prteterettttdutn
1891 3839 2030 3908 quod

456 3906 524 3959 ad
572 3907 975 3959 instructionem
1020 3913 1254 3956 nostram
1305 3904 1405 3957 hoc
1451 3905 1616 3960 dicit:
1668 3905 1789 3960 Non
1831 3904 2032 3963 accedet

459 3979 538 4045 ad
559 3985 604 4026 te
635 3977 843 4045 malum.
876 3983 923 4026 et
949 3973 1209 4041 ﬂagellum
1232 3991 1331 4028 non
1356 3977 1776 4045 appmpinquabit
1797 3981 2034 4032 taberna-

458 4044 575 4095 culo
603 4055 710 4106 tuo,
745 4043 964 4105 scilicet,
998 4053 1129 4114 ut_et
1173 4059 1268 4099 nos
1298 4043 1430 4111 quas
1462 4045 1576 4113 ipse
1619 4043 1806 4114 passus
1850 4063 1950 4113 εει,
1981 4061 2034 4104 ει

461 4129 568 4179 quo
609 4114 712 4164 line
738 4126 948 4190 passus,
979 4111 1260 4178 patiantur,
1308 4127 1362 4168 et
1389 4114 1456 4168 ad
1485 4111 1722 4170 eamdem
1769 4111 2032 4176 securita-

459 4192 566 4236 tem
597 4195 985 4250 perveniamus.
1169 4208 1212 4245 τι,-

534 4249 1027 4323 Quoniamongetis
1054 4251 1180 4304 suis.
1229 4252 1367 4323 Istud
1415 4253 1510 4307 fuit
1557 4257 1922 4323 prophetatum
1969 4261 2036 4317 de

460 4320 775 4376 ascensione
808 4320 1017 4374 Domini
1047 4323 1236 4383 nostri,
1263 4322 1310 4375 id
1339 4336 1441 4388 est,
1466 4320 1696 4388 Christi;
1729 4328 1824 4381 sed
1851 4331 2036 4384 diabo-

463 4393 546 4446 lus
584 4402 668 4446 est
697 4393 892 4462 abusus
922 4389 1162 4462 veritate
1201 4393 1252 4444 in
1301 4393 1415 4461 ejus
1465 4398 1774 4462 tentatione,
1824 4408 1878 4452 et
1913 4400 2035 4456 hinc

2049 3100 2097 3164 ϐ

2133 475 2242 526 suis
2271 475 2332 526 de
2360 483 2405 526 te
2451 474 2595 537 fecit,
2642 485 2696 526 ut
2724 477 3009 528 custodiant
3043 486 3089 528 te
3139 485 3195 530 et
3227 485 3343 528 tuos
3381 477 3435 529 in
3480 480 3720 532 erunibus

2134 544 2246 605 viis,
2303 545 2350 595 id
2402 553 2506 608 est,
2561 548 2611 596 ιιι
2642 545 2886 598 omnibus
2934 545 3186 612 operibus
3232 547 3336 600 tuis
3379 555 3436 599 et
3479 556 3718 602 tuorum.

2133 613 2282 684 Scire
2309 613 2561 666 debemus
2588 614 2880 684 angelicam
2911 615 3205 668 custodiam
3237 616 3452 669 Christo
3495 633 3600 670 non
3628 622 3723 671 de-

2133 681 2318 748 fuisse,
2355 685 2494 736 unde
2532 681 2689 737 etiam
2735 685 2932 738 dit-tum
2958 694 3076 737 est:
3131 685 3383 751 Apparuit
3425 688 3470 738 ei
3506 688 3721 752 angelus

2135 753 2340 805 Domini
2380 758 2672 820 confortans
2694 770 2830 807 eum.
2878 753 2942 807 Et
2973 757 3096 808 item
3122 771 3136 809 :
3169 755 3497 809 Accesserant
3523 758 3718 824 angeli,

2134 835 2180 876 et
2207 824 2561 894 ministrabant
2600 826 2665 876 ei.
2720 826 2833 877 Non
2867 837 3040 880 tamen
3089 827 3228 892 quod
3255 827 3512 880 custodiri
3540 829 3722 894 aliquo

2133 893 2291 946 modo
2319 905 2460 946 esset
2488 895 2535 948 ei
2569 895 2954 962 necessarium,
2978 895 3071 949 sed
3101 904 3277 950 tamen
3304 907 3520 965 propter
3549 893 3723 950 hono-

2134 965 2452 1018 rilicentiam
2483 973 2538 1017 et
2568 965 2942 1017 ministerium.

2202 1033 2269 1085 In
2301 1035 2534 1086 manibus
2564 1035 2856 1100 portabunt.
2886 1036 3045 1101 Quasi
3072 1037 3246 1090 dicat:
3297 1035 3430 1101 Quia
3461 1037 3718 1102 prmcepit

2138 1103 2392 1156 Dominus
2421 1104 2624 1172 angelis
2648 1105 2758 1158 suis
2784 1113 2840 1158 ut
2863 1106 3194 1161 custodirent
3217 1117 3289 1170 te,
3321 1107 3438 1159 ideo
3469 1108 3564 1174 ipsi
3596 1123 3716 1171 por-

2132 1175 2312 1225 tabunt
2350 1183 2395 1226 te
2426 1175 2657 1226 manibus
2683 1176 2786 1227 suis
2816 1177 2866 1227 itt
2895 1176 3114 1242 caelum,
3168 1192 3272 1229 non
3303 1177 3441 1244 Quod
3480 1177 3716 1230 ruiturus

2131 1258 2278 1314 esses
2303 1247 2345 1296 si
2376 1260 2478 1314 non
2507 1253 2798 1312 portarent,
2851 1247 2944 1298 sed
2976 1250 3097 1314 quia
3131 1247 3591 1299 honoriﬁcentiam
3624 1263 3717 1302 es-

2134 1313 2335 1368 hibent.
2367 1312 2651 1366 Portabant
2679 1325 2742 1379 te,
2777 1312 3010 1382 inquam,
3046 1317 3095 1368 itt
3116 1318 3328 1380 C(Billlll,
3363 1326 3420 1369 ut
3442 1317 3564 1370 inde
3593 1319 3719 1371 mit—

2134 1393 2210 1435 tas
2238 1384 2491 1452 Spiritum
2537 1398 2806 1449 sanctum,
2846 1386 2935 1448 qui
2977 1387 3137 1440 corda
3173 1399 3381 1439 tuorum
3429 1386 3499 1440 de
3523 1389 3718 1440 timore

2133 1464 2412 1506 convertat
2441 1456 2490 1506 ιιι
2514 1469 2773 1509 amorem.
2808 1454 2885 1508 Ad
2913 1456 3032 1520 hoc,
3061 1473 3122 1509 ne
3144 1461 3274 1524 forte
3298 1457 3525 1520 amplius
3554 1455 3718 1518 offen-

2132 1526 2226 1596 das
2255 1526 2428 1590 pedem
2452 1533 2617 1596 tuum,
2671 1528 2756 1596 qui
2791 1525 2965 1578 adhuc
2997 1527 3048 1578 ιιι
3075 1533 3214 1579 terra
3246 1541 3323 1586 es,
3375 1527 3442 1579 ad
3470 1527 3716 1596 lapidem.

2134 1593 2242 1646 lloc
2275 1605 2376 1656 est,
2418 1611 2482 1647 ne
2511 1595 2582 1646 illi
2614 1595 2701 1662 qui
2734 1610 2826 1663 pes
2859 1605 2977 1649 tuus
3008 1606 3132 1649 sunt
3159 1597 3492 1650 offendantur
3525 1593 3593 1648 ad
3619 1598 3718 1649 du-

2135 1663 2310 1716 ritiam
2341 1665 2472 1730 legis
2499 1667 2671 1729 potius
2703 1668 2837 1718 liene
2859 1667 3130 1731 cperando
3158 1667 3346 1721 timore
3371 1681 3538 1732 paenae
3561 1683 3715 1732 quam

2062 1756 2106 1814 Β
2133 1747 2316 1814 amore
2340 1734 2580 1802 justitite.
2634 1734 2804 1814 l’edes
2831 1736 3047 1814 Christi
3072 1739 3328 1814 d:cun_tur_
3348 1739 3418 1789 illi
3461 1750 3553 1803 per
3581 1753 3716 1804 quos

2137 1803 2247 1870 ipse
2279 1813 2443 1875 totum
2487 1804 2742 1858 mundum
2777 1807 3097 1875 peragravit,
3143 1809 3263 1875 quia
3312 1808 3364 1858 in
3391 1803 3713 1859 omnem’ter-

2134 1889 2244 1924 ram
2273 1874 2426 1926 eanvit
2455 1890 2608 1926 sonus
2629 1891 2822 1927 eorum.
2856 1874 2955 1940 Qui
2982 1878 3143 1944 pedes
3172 1891 3198 1928 a
3223 1878 3396 1942 capite
3421 1892 3538 1940 suo,
3573 1882 3713 1945 quod

2128 1945 2238 2010 jam
2265 1958 2471 2015 sursum
2500 1955 2600 2006 est,
2632 1945 3029 2015 distinguuntur
3055 1946 3184 2000 locis
3213 1948 3448 2013 quidem,
3482 1952 3576 2000 sed
3610 1963 3712 1999 non

2133 2014 2236 2078 piis
2279 2013 2667 2084 affectionibus.
2719 2013 2870 2080 Qubd
2920 2026 3096 2070 autem
3150 2015 3361 2070 affectio
3389 2018 3546 2069 simul
3585 2018 3714 2084 sint,

2134 2086 2247 2148 ipse
2278 2083 2529 2153 Dominus
2559 2087 2813 2149 ostendit,
2845 2100 2964 2139 cum
2995 2087 3322 2153 persecutori
3353 2086 3516 2140 Paulo
3542 2083 3714 2142 dixit:

2138 2153 2316 2225 Saule,
2350 2152 2537 2225 δίκαιε,
2561 2155 2684 2223 quid
2713 2171 2792 2207 me
2817 2152 3168 2225 persequeris?

2202 2223 2370 2291 Super
2390 2223 2617 2292 aspidem
2661 2235 2705 2277 et
2735 2223 3042 2279 basiltscum.
3077 2227 3142 2279 Et
3186 2229 3305 2290 quia
3351 2241 3444 2292 pes
3471 2237 3594 2282 tuus
3644 2227 3711 2281 ad

2132 2290 2360 2359 lapidem
2407 2290 2511 2346 non
2568 2293 2896 2358 offendetur,
2945 2299 3065 2348 ideo
3111 2290 3406 2350 ambulabis
3435 2338 3451 2362 ,
3508 2299 3558 2352 id
3600 2309 3709 2363 est,

2130 2363 2471 2433 ambulabunt
2519 2364 2588 2417 tui
2629 2380 2780 2433 super
2823 2367 3053 2431 aspidem
3077 2377 3124 2420 et
3165 2367 3478 2430 basiliscttrn,
3530 2369 3579 2422 id
3610 2379 3710 2430 est,

2131 2432 2231 2484 sim
2241 2433 2443 2498 pliciter
2459 2433 2640 2486 omnia
2665 2435 2848 2488 nociva
2863 2446 3207 2489 contemnent
3228 2446 3282 2489 et
3299 2438 3699 2491 conculcabunt.

2134 2501 2232 2574 Per
2284 2503 2620 2567 bnsiliscum,
2674 2505 2761 2568 qui
2808 2521 2899 2558 rex
2941 2507 3267 2573 serpentium
3309 2517 3428 2569 est,
3480 2509 3712 2574 intelltge

2131 2569 2300 2694 iﬁsum
2325 2584 2480 2652 caput
2505 2574 2912 2643 dannoniorunt,
2947 2569 3045 2644 per
3064 2577 3299 2642 asitident
3325 2593 3448 2631 vero
3471 2569 3711 2633 subditos

2131 2657 2144 2694 ι
2191 2657 2203 2692 ι
2239 2654 2418 2694 caput.

2130 2654 2203 2694 IIII
2239 2654 2418 2708 caput.

2211 2709 2278 2784 Et
2306 2711 2622 2784 conculcabis
2658 2718 2853 2767 leonem
2903 2722 2952 2769 et
2985 2717 3274 2771 draconem.
3327 2717 3468 2772 Idem
3496 2727 3577 2772 est
3609 2719 3710 2784 leo,

2129 2780 2219 2850 qui
2252 2790 2306 2834 et
2331 2783 2516 2847 draco,
2571 2783 2622 2856 id
2645 2793 2750 2848 est,
2803 2784 2918 2850 ipse
2950 2785 3214 2850 diabolus,
3266 2788 3357 2856 qui
3402 2789 3616 2854 quando
3659 2780 3708 2840 iu

2128 2866 2226 2905 nos
2257 2861 2443 2919 aperte
2473 2854 2652 2919 saevit,
2693 2863 2776 2908 est
2815 2857 2938 2920 leo;
2971 2859 3220 2922 quoniam
3253 2854 3376 2911 vero
3406 2859 3703 2918 insidiatur.

2131 2931 2214 2996 est
2255 2921 2437 2996 draco.
2497 2922 2605 2977 Sed
2635 2939 2737 2975 non
2760 2926 2949 2996 vincet
2992 2921 3047 2979 te
3089 2929 3192 2992 leo,
3248 2944 3351 2980 non
3402 2929 3631 2996 decipiet
3662 2938 3709 2982 te

2128 2994 2325 3044 draco:
2377 2993 2560 3046 vincas
2600 3008 2727 3062 ergo
2758 2993 2986 3061 leonem,
3034 3005 3089 3050 et
3131 3013 3234 3049 non
3265 2999 3474 3052 timebis
3521 2993 3706 3052 dmen-

2129 3076 2272 3137 netu.
2303 3062 2485 3137 Potest
2507 3064 2668 3116 etiam
2696 3078 2789 3137 per
2809 3065 2913 3117 duo
2941 3066 3112 3132 priora
3139 3067 3277 3121 idem
3298 3068 3540 3137 intelligi,
3571 3070 3707 3135 quod

2129 3146 2226 3200 per
2255 3133 2367 3202 ιιιυε
2414 3134 2519 3183 duo
2550 3135 2863 3199 posteriora.
2912 3137 2966 3188 Si
3008 3139 3150 3190 enim
3202 3143 3302 3191 hoc
3351 3133 3709 3202 attendamus,

2127 3200 2267 3266 quod
2291 3201 2570 3255 basiliscos
2594 3205 2708 3256 solo
2739 3203 2865 3257 ﬂatu
2894 3206 3052 3259 etiam
3084 3221 3203 3261 cum
3234 3223 3337 3261 non
3369 3209 3596 3272 videtur,
3619 3200 3713 3261 no-l

2127 3281 2230 3332 cet,
2263 3285 2358 3347 per
2378 3273 2674 3347 basiliseum
2706 3279 3006 3341 persecutio
3030 3277 3364 3331 fraudulenta
3384 3277 3710 3347 designatur,

2130 3341 2483 3412 per‘aspidetn
2514 3357 2660 3407 vero,
2692 3359 2810 3408 quae
2831 3347 2944 3398 solo
2970 3361 3174 3401 veneno
3201 3359 3380 3412 nocet,
3411 3341 3713 3403 manifesta.

2206 3409 2461 3488 Quantam
2483 3414 2534 3464 in
2560 3428 2662 3488 me.
2695 3414 2786 3488 Sic
2813 3419 3150 3472 continuabis
3178 3435 3192 3469 :
3218 3409 3476 3472 Dominus
3497 3418 3712 3488 quidem

2131 3482 2389 3557 mandavit
2419 3484 2613 3551 anglis
2642 3485 2748 3557 suis
2795 3494 2851 3537 ut
2898 3495 2948 3539 te
2987 3489 3335 3552 custodirent,
3384 3482 3529 3557 ipse,
3568 3490 3711 3552 dico,

2131 3552 2207 3604 sic
2240 3562 2290 3604 te
2319 3556 2396 3604 eis
2421 3554 2822 3624 commendans,
2855 3557 3098 3624 quoniam
3147 3559 3245 3612 iste
3276 3560 3326 3611 in
3355 3552 3418 3612 se
3441 3552 3576 3613 etin
3599 3559 3714 3613 suis

2132 3637 2237 3694 non
2269 3622 2695 3694 praesuntpsitide
2725 3639 2804 3686 se.
2858 3622 2951 3677 Sed
2981 3629 3202 3692 sprevit
3227 3629 3279 3681 in
3304 3644 3382 3681 me
3415 3629 3556 3694 Deo,
3587 3629 3713 3681 libe-

2130 3691 2254 3743 rabo
2275 3696 2462 3766 eumin
2486 3694 2596 3746 suis
2617 3693 2762 3760 ipsos
2786 3691 3112 3760 Vocando,et
3131 3711 3343 3766 peccata
3369 3691 3710 3762 remittendo,

2133 3769 2177 3814 et
2211 3773 2330 3835 post
2359 3761 2727 3835 liberationem
2775 3774 3037 3835 protegam
3088 3761 3248 3822 etiam
3295 3769 3347 3821 in
3383 3773 3495 3822 suis
3538 3761 3711 3822 abin-

2137 3832 2360 3905 centivis
2385 3833 2655 3905 vitiorum.
2684 3834 2749 3886 Et
2776 3832 2988 3899 merito,
3010 3838 3248 3905 quoniam
3283 3840 3396 3904 ipse
3422 3847 3473 3892 et
3501 3840 3554 3890 in
3583 3851 3639 3890 se
3660 3845 3712 3889 et

2136 3901 2185 3954 itt
2203 3899 2312 3954 suis
2334 3903 2558 3970 cognovit
2575 3919 2751 3956 nomen
2767 3920 2953 3968 meum,
2971 3899 3191 3972 scilicet,
3211 3899 3710 3962 ltoc'nomen:Deus.

2134 3972 2282 4046 Quod
2310 3972 2484 4024 omnis
2508 3973 2598 4027 ille
2621 3987 2745 4027 vere
2772 3978 3064 4046 cognoscit,
3083 3981 3170 4046 qui
3198 3989 3250 4030 et
3269 3992 3330 4032 se
3347 3989 3710 4032 creaturamet

2135 4040 2306 4109 ipsum
2331 4051 2624 4096 creatorem
2649 4059 2765 4098 esse
2786 4040 3062 4100 diScernit.
3092 4040 3157 4101 Et
3184 4046 3304 4102 ideo
3328 4065 3431 4101 non
3459 4049 3560 4102 sibi
3582 4049 3711 4101 deus

2135 4125 2278 4233 fisse,
2311 4125 2407 4165 nec
2430 4112 2498 4167 de
2519 4127 2615 4167 suo
2639 4124 2766 4168 nutu
2791 4116 3026 4183 pendete
3051 4121 3180 4185 vult,
3205 4118 3521 4174 sicutmiser
3544 4120 3707 4172 Adam

2157 4193 2281 4233 ecn.

2157 4193 2281 4233 eCIl.

2208 4249 2454 4327 Clamavit
2477 4253 2546 4327 ad
2571 4269 2670 4306 me.
2700 4254 2831 4320 Quia
2861 4271 3043 4310 nomen
3070 4273 3234 4311 meum
3265 4258 3494 4327 cognovit
3521 4259 3633 4324 ipse
3657 4266 3709 4307 et

2137 4321 2239 4383 sui,
2270 4321 2390 4374 ideo
2420 4325 2488 4374 ad
2516 4339 2595 4374 me
2619 4333 2841 4384 tantum.
2893 4342 2996 4379 non
3027 4329 3092 4380 ad
3123 4327 3263 4382 aliud
3307 4321 3579 4391 clamavit}
3604 4327 3707 4379 cla-

2141 4399 2419 4444 maverunt
2448 4402 2501 4445 et
2541 4393 2642 4456 sui,
2692 4407 2744 4448 et
2793 4394 2912 4449 ideo
2953 4400 3221 4450 exaudiam
3254 4415 3369 4452 eum
3407 4410 3462 4452 et
3491 4398 3544 4450 itt
3573 4411 3631 4450 se
3656 4408 3708 4448 et

459 4464 621 4515 etiam
650 4461 878 4514 maxime
918 4459 1098 4512 habuit
1125 4459 1457 4516 occasionem
1491 4465 1723 4519 tentandi
1747 4459 1888 4522 eum.
1932 4471 2032 4524 Pu-
2067 4463 2116 4522 Ι)
2142 4460 2191 4533 in
2218 4461 2358 4533 §U_iS-
2395 4459 2498 4533 Ειζο
2525 4478 2639 4514 Cum
2670 4463 2778 4533 ipso
2809 4478 2862 4518 el
2890 4482 3008 4520 cum
3033 4467 3145 4520 suis
3175 4469 3227 4520 in
3269 4469 3617 4532 tribulatione,
3643 4483 3706 4516 Hc

462 4541 595 4585 tavn
621 4533 766 4585 enim
798 4545 1014 4584 necesse
1035 4545 1154 4582 esse
1181 4533 1314 4595 fieri,
1337 4549 1454 4586 cum
1479 4537 1842 4602 prephetatum
1870 4551 2030 4596 esset.

464 4602 720 4674 Dominus
749 4612 924 4652 autem
958 4615 1082 4674 vere
1111 4601 1161 4652 itt
1192 4604 1383 4674 cwlunt
1435 4601 1671 4658 ascendit
1703 4621 1939 4674 portatus
1970 4612 2037 4666 ab

463 4673 689 4740 angelis,
741 4685 845 4723 non
896 4673 1042 4746 quod
1085 4681 1251 4746 esset__
1271 4672 1522 4746 ruiturus,
1571 4675 1615 4746 si
1662 4672 1729 4729 ab
1760 4679 1888 4746 ipsis
1932 4697 2035 4736 non

469 4739 796 4814 portaretur,
824 4740 915 4792 sed
945 4750 1001 4814 ιιι
1031 4739 1430 4814 Itonorilicmttia
1459 4755 1511 4796 et
1535 4739 1842 4814 obsequium
1869 4751 1917 4804 ei
1945 4767 2036 4805 ex-

465 4810 756 4885 hiberetur,
785 4817 838 4860 et
871 4821 922 4861 ut
953 4810 1179 4877 dignitas
1224 4815 1470 4885 ll_l_lll't{llta’.
1513 4810 1712 4868 natura:
1750 4832 2035 4885 assumptus

467 4894 560 4958 per
591 4880 688 4958 hoc
719 4883 1206 4958 demonstraretur:
1251 4881 1312 4958 Ιςὶι
1343 4883 1480 4958 sicut
1504 4886 1666 4958 prius
1715 4880 2036 4958 quinquage-

464 4951 600 5029 simo
633 4950 718 5001 die
739 4950 807 5029 ab
824 4951 942 5017 agni
975 4949 1237 5028 paschalis
1265 4951 1620 5029 immolatione
1639 4949 1890 5029 lex-data,
1918 4949 2034 5029 qua:

462 5020 726 5074 incuteret
753 5019 1016 5082 timorem,
1070 5019 1140 5071 ita
1172 5030 1448 5086 postquam
1499 5023 1752 5078 Dominus
1796 5019 2035 5083 ascendit

462 5090 898 5157 quinquagesimo
939 5089 1024 5142 die
1052 5103 1082 5140 a
1124 5090 1230 5141 veri
1261 5089 1418 5157 Agni,
1460 5093 1507 5144 id
1538 5104 1640 5157 est,
1677 5109 1704 5144 a
1737 5110 1828 5148 sua
1861 5113 2034 5158 resur:

465 5162 726 5226 rectione,
755 5160 1008 5235 Spiritum
1039 5169 1290 5235 sanctum
1315 5165 1564 5228 apostolis
1593 5163 1756 5228 dedit,
1786 5169 1872 5235 qui
1902 5184 2032 5222 cort-

461 5233 986 5304 verterebtintoretu
1036 5231 1086 5280 ιιι
1139 5243 1394 5304 amorem,
1449 5242 1505 5284 ut
1548 5236 1684 5301 quod
1731 5231 1833 5287 non
1869 5242 2035 5304 potuit

463 5301 620 5374 timor
647 5301 884 5374 elliceret
911 5313 1078 5374 artior.
1134 5298 1200 5350 Et
1227 5299 1295 5351 ita
1326 5315 1450 5354 suos
1494 5319 1522 5354 a
1548 5298 1702 5374 reatu
1743 5298 1880 5374 legis
1900 5308 2033 5362 libe-

461 5373 618 5444 ravit,
652 5381 708 5422 nt
731 5369 863 5439 jam,
913 5369 1134 5444 scilicet,
1182 5381 1420 5444 servaret
1461 5383 1513 5424 et
1538 5372 1680 5444 bene
1721 5369 1902 5444 ageret
1928 5394 2031 5433 non

464 5441 654 5492 timore
673 5438 871 5507 pinnae,
919 5440 1013 5493 sed
1041 5455 1223 5493 amore
1245 5438 1486 5508 justitite.
1534 5442 1730 5496 Littera
1757 5438 1836 5498 sic
1866 5450 2032 5502 conti-

463 5523 654 5583 nuatur
683 5528 703 5583 :_
750 5509 872 5563 Ideo
899 5510 1018 5583 dico
1043 5511 1303 5578 ﬂagellum
1348 5527 1448 5583 non
1490 5515 1915 5583 appropinquabit
1955 5528 2032 5570 ta-

465 5580 736 5631 bernaculo
763 5589 871 5654 tuo,
903 5580 1022 5654 quia
1050 5584 1176 5654 illnc
1201 5582 1483 5654 portabunt
1531 5580 1580 5634 te
1605 5580 1795 5651 angeli,
1847 5601 1952 5654 quo
1980 5589 2029 5642 in

462 5656 720 5700 :vternum
753 5651 873 5700 tnali
903 5651 1096 5714 aliquid
1141 5665 1244 5703 non
1277 5653 1498 5704 accedit.
1556 5654 1676 5706 Iltec
1718 5665 1802 5708 est
1827 5651 2028 5711 summa

465 5718 760 5780 sententiae,
791 5732 946 5784 quam
977 5719 1194 5771 intendit
1247 5733 1364 5772 cunt
1395 5722 1521 5774 dicit
1551 5738 1562 5771 :
1622 5725 1872 5787 Quoniam
1919 5727 2030 5783 Do-

2140 4529 2406 4607 deliciant.
2433 4530 2488 4583 Si
2519 4535 2662 4607 enim
2687 4529 2817 4588 lides
2841 4545 2922 4588 est
2947 4547 3217 4607 tecum,et
3239 4538 3353 4607 ipse
3383 4537 3486 4592 erit
3513 4529 3705 4590 tecum.

2144 4597 2378 4676 Eripiam
2401 4616 2515 4653 eum
2541 4605 2591 4654 in
2619 4608 2910 4676 prtrsentia
2932 4597 3292 4672 tribulatione,
3310 4611 3528 4676 eripiam
3549 4608 3703 4676 etiam

2139 4684 2287 4746 suos,
2318 4670 2386 4722 Et
2412 4686 2535 4746 vere
2561 4688 2681 4746 eum
2712 4674 3040 4743 gloriﬁcabo,
3073 4678 3195 4746 quia
3237 4670 3356 4732 cum
3391 4670 3589 4746 'plettus
3614 4675 3707 4728 [υει

2141 4738 2403 4818 brevitate
2433 4741 2636 4794 dierum
2670 4738 2863 4818 insitis
2891 4754 2946 4798 et
2970 4738 3129 4799 etiam
3167 4749 3221 4801 in
3246 4764 3324 4816 se,
3357 4738 3612 4818 quantum
3641 4750 3704 4797 ad

2141 4811 2522 4887 humanitatem
2567 4827 2580 4863 :
2639 4815 2838 4887 replebo
2884 4830 2997 4887 eum
3045 4811 3624 4887 longitudit'te'aierum,
3657 4817 3702 4865 id

2137 4887 2237 4937 est,
2269 4877 2407 4932 dabo
2437 4882 2484 4932 ei
2509 4877 2884 4936 aaterni'tatem.
2934 4885 3001 4940 Et
3032 4877 3155 4940 tunc
3185 4889 3442 4940 ostendam
3486 4890 3705 4940 salutare

2137 4962 2324 5026 ineunt,
2356 4949 2406 5002 id
2437 4958 2531 5026 est,
2565 4951 2888 5026 Salvatorem
2912 4970 3110 5022 meum,
3141 4956 3370 5010 Verbum
3393 4972 3591 5010 meum.
3618 4953 3706 5007 Illi

2137 5019 2191 5068 in
2220 5019 2348 5088 suis,
2397 5020 2515 5086 quia
2548 5031 2668 5073 tunc
2693 5024 2970 5077 videbimus
3016 5019 3129 5078 eam
3155 5028 3309 5079 sicuti
3342 5037 3434 5088 est,
3468 5039 3521 5081 et
3549 5027 3702 5078 etiam

2139 5090 2189 5162 in
2220 5101 2279 5140 se
2303 5087 2438 5162 ipso.
2468 5091 2864 5162 Quiaquautvis
2896 5094 3036 5148 Deus
3063 5107 3203 5150 esset
3225 5099 3276 5150 in
3308 5087 3530 5162 Christo,
3559 5111 3700 5146 inun-

2136 5157 2257 5207 dum
2285 5159 2382 5234 sibi
2421 5157 2776 5234 reconcilians,
2831 5165 3150 5219 credendum
3202 5176 3374 5220 tamen
3424 5157 3537 5232 est,
3569 5167 3701 5234 quod

2139 5226 2474 5302 sanctissima
2499 5228 2614 5296 ejus
2634 5234 2809 5284 anima
2839 5235 2992 5302 longe
3010 5250 3275 5302 puriorem
3295 5226 3616 5290 intellectum
3638 5238 3703 5287 de

2135 5296 2409 5351 divinitate
2439 5310 2558 5367 post
2584 5296 3026 5358 resurrectionem
3055 5305 3256 5371 habuit,
3288 5322 3442 5376 quam
3473 5307 3636 5376 prius.

2636 5394 2698 5447 IN
2733 5394 2851 5449 PSA
2863 5396 3051 5453 LMUM
3079 5399 3215 5454 CXI.

2515 5487 2652 5540 Laus
2676 5490 2869 5542 cantici
2901 5491 2951 5543 in
2975 5491 3062 5544 die
3085 5490 3324 5548 Sabbati.

2739 5595 3116 5636 ARGUMENTUI.

2209 5663 2439 5746 assyriis
2463 5666 2583 5746 _sub_
2614 5667 2836 5746 Eettcltia
2891 5673 3041 5729 victis
3092 5675 3244 5732 multi
3289 5677 3482 5746 gratias
3519 5686 3693 5742 agunt.

2139 5731 2304 5786 Aliter
2329 5749 2426 5787 vett
2461 5737 2740 5793 Ecclesiae.
