4026 6200
393 335 493 392 977

1006 477 1355 520 εχηειηλτιο.

465 578 706 634 Psalmus
751 574 1010 644 signiﬁcat
1057 591 1214 642 opera
1257 576 1575 644 spiritualia,
1601 591 1718 641 qua
1748 587 1956 626 sursum

393 651 615 706 tendunt
637 647 700 699 ad
728 648 999 698 Dominum
1027 663 1040 707 ;
1079 649 1129 699 in
1164 647 1244 698 his
1268 655 1482 700 cantare
1512 661 1743 712 semper,
1770 645 1817 696 id
1845 655 1950 705 est,

397 721 505 774 Deo
535 717 761 785 adjutori
783 717 978 783 gratias
1008 731 1162 783 agere
1183 717 1455 770 debemus.
1484 715 1603 768 Dies
1623 727 1798 768 autem
1829 714 1959 766 Sab-

398 790 502 843 bati
529 789 740 855 requies
774 788 1169 855 interpretatur,
1201 801 1293 853 per
1350 801 1506 852 quam
1554 799 1959 838 commouemur

398 861 466 911 ab
496 857 642 911 omni
695 871 852 920 prava
883 858 1088 909 actione
1127 870 1357 916 cessare.
1391 863 1445 908 et
1492 855 1714 907 futuram
1769 858 1962 917 pariter

395 932 631 993 requiem
661 927 955 979 certissima
992 926 1274 978 devotione
1301 939 1536 989 sperare.
1594 924 1855 977 Arnobius
1887 923 1954 975 ita

397 998 523 1050 dicit
555 1015 566 1050 :
599 996 690 1049 Die
733 995 949 1048 Sabbati
1008 993 1204 1049 inimici
1237 996 1443 1046 Domini
1503 1004 1742 1060 pereunt,
1778 1003 1834 1045 ut
1871 993 1959 1046 die

398 1067 670 1120 Dominica
692 1066 848 1118 amici
899 1065 1103 1118 Domini
1166 1066 1513 1132 gratulentur.
1560 1064 1788 1117 Sabbato
1817 1065 1955 1114 enim

392 1136 538 1204 jacet
566 1135 822 1187 Dominus
842 1135 896 1204 in
944 1134 1183 1204 sepulcro
1240 1143 1500 1204 mortuus,
1551 1142 1606 1186 et
1657 1133 1743 1186 die
1772 1133 1953 1204 Domi-

399 1202 515 1258 nica
549 1206 799 1256 aduratur
838 1203 977 1256 inter
995 1203 1212 1271 angelus
1244 1203 1417 1256 vivus.
1483 1202 1536 1255 In
1570 1203 1667 1255 bac
1695 1217 1752 1254 re
1796 1202 1954 1254 nimis

399 1275 672 1341 profunda:
701 1274 853 1326 factae
879 1283 1000 1326 sunt
1028 1273 1373 1341 cogitationes
1402 1273 1538 1338 ejus,
1587 1286 1721 1340 quas
1745 1273 1822 1324 vir
1870 1273 1951 1324 in-

399 1345 597 1411 ειρὶιιιιε
629 1358 731 1396 non
760 1341 1048 1411 cognoscit.
1102 1344 1279 1396 Primo
1320 1344 1558 1411 ingressu
1617 1341 1847 1395 Ecclesia
1877 1341 1954 1394 Io-

398 1415 598 1482 quitttr,
631 1414 822 1464 bonum
873 1426 992 1466 esse
1042 1427 1464 1466 commemorans
1508 1411 1688 1464 laudes
1745 1411 1950 1482 Domini

396 1481 594 1549 dicere,
629 1483 766 1551 quod
797 1483 1124 1545 insipientem
1175 1492 1227 1535 et
1285 1482 1640 1551 irreligiosum
1674 1481 1951 1551 profitetur

403 1549 673 1623 ignorare.
701 1552 944 1604 Secundo
988 1561 1292 1623 peccatores
1317 1549 1453 1604 sicut
1483 1549 1658 1623 fenum
1684 1550 1953 1623 _velociter

397 1619 588 1674 asSerit
615 1636 733 1674 esse
768 1624 1049 1688 perituros.
1097 1622 1275 1674 Tertio
1302 1623 1472 1686 justus
1500 1619 1622 1672 dicit
1678 1619 1866 1672 ﬂorere
1898 1629 1954 1672 ιιι

401 1693 930 1759 ιιτιιιιιιιιιιξει·εςυειε
975 1699 1150 1744 autem
1195 1701 1252 1744 ut
1297 1690 1484 1744 cedros
1539 1691 1744 1754 Libani,
1797 1697 1854 1742 ut
1901 1697 1954 1759 et

1095 327 1159 382 ΙΝ
1201 327 1617 384 PSALMORUM
1661 324 1912 382 LIBRUM
1957 320 2319 378 EXEGESIS.
2363 350 2432 360 —
2471 319 2712 374 PSALM.
2762 316 2887 374 XCI.

3519 321 3622 374 978

1992 444 2036 496 Α
2067 436 2122 490 Si
2155 437 2296 490 enim
2326 453 2514 491 nomen
2547 449 2784 490 nostrum
2813 435 3249 505 glorificarcmus,
3281 443 3404 489 tunc
3430 452 3620 492 nomen

2068 518 2303 558 nostrum
2334 508 2693 560 destrueretur
2723 509 2808 558 :_si
2843 515 3020 559 autem
3067 518 3318 572 quantum
3373 507 3423 558 in
3471 509 3626 561 nobis

2063 586 2161 640 681,
2195 591 2383 628 nomen
2414 576 2529 644 ejus
2557 589 2952 640 COIISCI‘VQIIHXS,
2985 584 3108 629 tunc
3140 592 3328 629 nomen
3354 590 3616 637 nostrum.

2065 645 2113 696 id
2140 655 2239 707 est,
2263 646 2430 713 gloria
2461 657 2635 698 nostra
2664 647 2730 697 ab
2752 647 2862 713 ipso
2891 654 3256 699 conservatur.
3300 646 3464 699 Sicuti
3497 661 3618 700 cum

2063 715 2348 780 discipulos
2372 715 2602 768 misisset
2638 715 2890 769 Dominus
2921 715 2983 768 ad
3015 715 3426 778 prtedicandnm,
3459 725 3510 769 et
3542 717 3620 770 illi

2059 796 2386 839 revertentes
2413 786 2697 839 dixerunt:
2732 785 2964 848 Domine,
2997 785 3144 838 etiam
3184 786 3432 838 daemonia
3459 787 3619 851 subii-

2061 854 2264 907 ciuntur
2286 855 2500 908 nobisin
2533 857 2734 909 nomine
2765 866 2869 918 tuo,
2921 856 3033 918 ipse
3069 855 3253 908 videns
3276 856 3395 922 quia
3425 856 3488 908 ad
3525 873 3620 908 nu-

2058 938 2180 977 men
2211 940 2363 978 suum
2413 925 2722 989 tenderent,
2756 926 2982 977 servavit
3011 939 3198 978 nomen
3247 940 3428 978 eorum
3455 943 3466 976 :
3497 925 3619 992 quia

2058 1005 2111 1047 et
2139 994 2234 1058 ipsi
2279 996 2420 1057 prius
2448 1002 2787 1047 servaverant
2827 1011 3000 1056 suum,
3026 994 3296 1060 corrigens
3338 1010 3429 1047 eos
3463 1003 3515 1048 et
3543 995 3622 1046 di-

2057 1077 2224 1135 cens:
2261 1063 2433 1117 Nolito
2460 1065 2679 1135 gaudere
2709 1065 2758 1115 in
2785 1063 2900 1125 hoc,
2923 1065 3012 1135 sed
3041 1064 3204 1135 potius
3252 1065 3467 1135 guodete
3505 1066 3623 1126 quia

2059 1134 2264 1184 nomina
2285 1134 2658 1203 vestruscripta
2701 1143 2816 1185 sunt
2863 1137 2912 1184 in
2941 1134 3066 1185 libro
3119 1134 3252 1187 vitae.
3312 1134 3621 1186 Psalterium

2057 1215 2139 1255 est
2167 1219 2298 1267 opus
2326 1207 2518 1257 bonum
2549 1213 2786 1257 nostrum
2814 1219 2824 1253 :
2851 1203 3024 1266 psallit
3050 1205 3136 1269 qui
3167 1203 3298 1257 bene
3325 1213 3575 1268 operatur
3604 1220 3614 1253 :

2056 1271 2244 1325 Cautat
2275 1288 2420 1336 vero,
2453 1275 2537 1341 qui
2574 1274 2738 1325 Deum
2791 1287 2919 1327 voce
2948 1273 3148 1326 laudat.
3180 1274 3464 1327 Cantemus
3491 1288 3618 1340 ergo

2059 1356 2209 1405 voce,
2247 1344 2531 1406 psallamus
2557 1358 2741 1408 Opere.

2125 1414 2204 1464 Ad
2230 1416 2638 1466 anntmiattdnm
2685 1429 2832 1464 mane
2875 1412 3270 1465 miscricortliam
3315 1419 3474 1463 tuam.
3523 1412 3621 1463 Bo—

2057 1496 2201 1547 nttm,
2220 1483 2453 1551 inquam,
2469 1494 2550 1537 est
2567 1483 2918 1550 psalleretibi,
2937 1482 3222 1543 Altissime,
3245 1481 3466 1546 psallere
3486 1482 3624 1544 dico,

2054 1553 2121 1604 ad
2149 1554 2553 1606 annuntiandum
2605 1553 2667 1605 ad
2699 1553 2819 1615 hoc,
2853 1553 2901 1605 id
2923 1564 3020 1614 εει,
3053 1561 3109 1605 ιιι
3137 1553 3473 1604 annuntietur
3514 1553 3629 1602 aliis

2056 1635 2150 1689 per
2178 1638 2276 1675 uos
2326 1623 2722 1676 misericordiam
2760 1633 2894 1675 tuam
2934 1637 3051 1676 esse
3079 1622 3130 1675 in
3179 1636 3343 1684 mane,
3375 1630 3421 1673 et
3448 1623 3628 1672 verita-

2057 1699 2153 1743 tem
2184 1701 2320 1743 tuum
2348 1709 2467 1747 esse
2522 1709 2609 1760 per
2649 1701 2860 1744 noctem.
2909 1692 3056 1744 Mane
3085 1700 3184 1753 est,
3227 1689 3438 1759 quando
3496 1691 3629 1744 bene

399 1758 695 1836 pertinaces
719 1772 888 1815 metus
909 1763 1158 1829 corrigat,
1187 1770 1239 1814 et
1269 1761 1488 1812 devotos
1517 1760 1634 1812 lehx
1670 1758 1952 1827 promissio
1995 1777 2042 1836 Β
2070 1763 2484 1836 exteriusnobis
2524 1758 2646 1836 est:
2677 1777 2955 1836 nox_veru
2986 1770 3088 1836 est,
3117 1758 3326 1836 quando
3376 1760 3528 1836 male.
3567 1761 3628 1812 Et

397 1833 666 1890 sustollat.

975 1933 1399 1976 COMIIEN'I‘ABIUS.

469 2033 669 2088 Bonum
714 2044 784 2087 est
832 2032 1064 2100 conﬁteri
1108 2031 1344 2086 Domino.
1395 2030 1634 2085 Paulinus
1689 2030 1873 2083 cantici
1919 2031 1970 2083 in

405 2105 487 2157 die
517 2105 748 2159 Sabbuti.
784 2104 1071 2157 Sabbatum
1126 2103 1396 2157 celebeant
1447 2102 1616 2154 Judaei
1649 2102 1697 2153 in
1740 2100 1969 2169 quodam

400 2174 513 2228 utio
562 2175 803 2242 languido
845 2183 900 2226 et
942 2173 1233 2226 luxurioso.
1263 2172 1461 2242 Yacant
1504 2174 1569 2224 ab
1611 2185 1772 2242 opere
1807 2170 1964 2234 bono,

400 2247 492 2297 sed
524 2259 628 2297 non
653 2240 724 2296 ab
755 2258 915 2312 Opere
946 2243 1239 2310 nugatorio.
1267 2240 1436 2312 Nobis
1445 2253 1624 2312 autem
1652 2241 1835 2312 indicit
1864 2241 1968 2312 Do-

402 2317 575 2368 minus
622 2310 804 2367 nostcr
833 2313 1138 2366 Sabbatum.
1185 2312 1390 2378 Quale?
1419 2310 1620 2364 Vacare
1659 2310 1862 2363 scilicet
1903 2311 1971 2363 ab

398 2383 651 2450 operibus
691 2385 845 2435 malis
876 2401 886 2434 :
923 2383 1021 2450 ipsi
1053 2391 1226 2436 autem
1260 2390 1444 2434 vacant
1480 2381 1547 2434 ab
1583 2381 1833 2450 Operibus
1879 2380 1972 2432 bo-

403 2457 507 2506 uis.
537 2452 823 2507 Sabbatum
860 2449 1118 2521 nostrum,
1139 2453 1192 2506 id
1230 2461 1330 2517 est,
1360 2451 1650 2521 Sabbatum
1683 2449 1968 2504 delicatum

401 2524 542 2576 intus
557 2523 707 2576 estin
741 2524 923 2576 corde.
949 2523 1092 2576 Multi
1115 2522 1257 2576 enim
1286 2520 1724 2575 vacantexterius
1750 2521 1798 2572 in
1818 2531 1969 2573 tene-

404 2593 533 2658 bris,
550 2593 642 2646 sed
679 2593 1128 2646 tumnltuanturin
1162 2592 1500 2647 canscientiis
1538 2589 1808 2652 suis,ideo
1849 2589 1970 2656 quia

404 2664 758 2715 nullusmalus
776 2663 1062 2718 Sabbatum
1096 2661 1345 2716 custodit.
1383 2660 1650 2728 Nusquam
1681 2661 1821 2712 enim
1840 2674 1968 2712 con—

402 2733 615 2785 scientia
628 2732 742 2802 ejus
753 2733 1195 2802 conquiescit,sed
1207 2746 1413 2800 semper
1427 2731 1475 2784 in
1493 2729 1971 2802 perturbationibus

405 2802 548 2856 vivit.
573 2800 670 2856 Cui
690 2800 1207 2857 autenrconseientia
1227 2816 1352 2870 pura
1372 2812 1475 2865 est,
1491 2800 1802 2866 tranquillus
1816 2809 1895 2852 εει
1918 2810 1972 2852 ει

405 2871 514 2940 ipsa
531 2872 893 2940 tranquillitas.
921 2872 1203 2928 Sabbatum
1220 2869 1301 2926 est
1323 2872 1516 2926 cordis.
1542 2872 1790 2936 Quamvis
1830 2869 1968 2922 enim

405 2943 455 2994 in
483 2944 728 3010 prasenti
757 2942 979 3005 laborat,
1009 2943 1310 2997 extenditur
1338 2949 1511 3010 tamen
1547 2954 1642 3006 Spe
1672 2940 1844 2991 futura
1871 2978 1886 3003 ,
1917 2946 1971 2990 et

403 3009 678 3065 ser’enatur
703 3026 862 3065 omne
889 3012 1124 3065 nubilum
1155 3012 1407 3063 tristitiae.
1437 3009 1608 3078 Ipsum
1635 3019 1810 3062 autem
1855 3009 1968 3076 Spei

406 3091 598 3135 nostra:
620 3121 634 3146 ,
663 3091 746 3136 est
774 3081 1061 3135 Sabbatum
1110 3090 1368 3144 nostrum,
1401 3079 1502 3132 hoc
1529 3092 1655 3148 ergo
1701 3086 1964 3143 cantatur,

407 3153 508 3204 hoc
560 3150 780 3202 docetur
829 3152 880 3202 in
937 3151 1038 3204 hoc
1093 3151 1295 3218 psalmo
1328 3189 1345 3214 ,
1421 3147 1691 3217 quomudo
1746 3147 1967 3218 quisque

402 3218 738 3273 Christianus
767 3220 957 3272 debeat
1012 3216 1132 3274 esse
1172 3219 1225 3273 in
1276 3216 1510 3274 Sabbato
1546 3217 1723 3272 cordis
1753 3219 1856 3285 sui,
1915 3216 1968 3270 id

413 3300 515 3354 est,
534 3288 850 3354 imitatione,
873 3300 923 3344 et
948 3291 1344 3363 tranquillitate,
1365 3299 1416 3363 et
1439 3291 1968 3363 puritateconseien-

415 3363 504 3414 tite
535 3378 639 3413 non
706 3363 1058 3429 perturbatus.
1083 3358 1206 3416 'li‘oc
1247 3370 1348 3426 est,
1401 3359 1638 3429 I’saltnus
1670 3359 1766 3429 iste
1810 3358 1970 3429 docet

413 3432 644 3497 qualiter
689 3427 912 3501 quisque
961 3433 1152 3486 debeat
1188 3434 1238 3486 iu
1267 3433 1427 3485 corde
1456 3447 1553 3484 ειιυ
1605 3427 1967 3483 Sabbatizare.

409 3501 588 3570 Primo
617 3503 661 3553 si
716 3511 767 3554 tu
798 3503 990 3570 aliquid
1042 3503 1332 3570 profccisd,
1381 3503 1684 3553 conlitearis
1733 3504 1778 3552 ei
1807 3514 1835 3551 a
1867 3514 1970 3567 quo

411 3569 704 3636 proiecisti.
735 3569 900 3639 Ipsius
951 3572 1086 3624 enim
1116 3580 1239 3624 sunt
1265 3571 1399 3624 dona
1423 3611 1436 3635 ,
1488 3586 1591 3622 nun
1624 3579 1709 3622 tua
1763 3584 1969 3622 merita.

412 3641 659 3694 Secundo
687 3658 790 3695 non
822 3653 873 3695 te
903 3642 1206 3696 excusando
1232 3641 1299 3694 ab
1328 3655 1392 3694 eo
1437 3640 1572 3707 quod
1607 3641 1743 3693 male
1774 3639 1969 3704 fecisti,

405 3711 498 3763 sed
523 3711 696 3777 p0tius
716 3711 1032 3765 accusando.
1058 3711 1187 3776 Quia
1206 3710 1455 3780 quidquid
1475 3711 1594 3763 mali
1623 3711 1807 3771 habes,
1836 3725 1898 3763 ex
1923 3721 1972 3762 ιε

411 3789 518 3846 εει,
546 3781 800 3849 quidquid
834 3781 954 3834 boni
1012 3781 1196 3845 habes,
1230 3779 1296 3834 ex
1333 3781 1439 3834 Deo
1486 3779 1671 3833 habes.
1730 3780 1968 3833 l’erversi

407 3862 606 3914 autem,
652 3862 704 3904 et
728 3852 816 3918 qui
845 3851 1132 3906 Sabbatum
1164 3866 1264 3904 non
1313 3850 1528 3912 habent,
1577 3851 1712 3917 quod
1741 3851 1862 3902 boni
1899 3852 1973 3902 la-

407 3921 553 3973 ciunt
598 3921 698 3973 sibi
735 3922 1026 3974 attribuunt
1053 3937 1068 3974 :
1097 3921 1238 3989 quod
1267 3935 1392 3973 vero
1420 3920 1544 3973 mali
1573 3920 1786 3981 faciunt,
1815 3933 1973 3985 quem

409 3989 535 4044 inde
558 4001 806 4044 accusent
833 4000 1096 4057 quaerunt.
1115 3991 1337 4057 Quidam
1360 3991 1500 4043 enim
1523 3991 1723 4050 dicunt,
1755 3992 1975 4042 Satanas

413 4060 515 4112 hoc
546 4059 804 4127 persuasit
825 4061 974 4126 mihi,
1005 4075 1150 4128 qnaSI
1177 4060 1369 4112 habeat
1389 4069 1700 4127 potestatem
1731 4059 1974 4126 cogendi.

409 4129 526 4196 Ipse
544 4131 752 4197 quidem
778 4136 1057 4184 versutiam
1077 4131 1230 4182 habet
1255 4129 1497 4194 nocendi,
1522 4138 1834 4196 potestatem
1854 4144 1978 4182 vero

411 4216 515 4252 non
538 4201 694 4253 habet
714 4200 956 4267 cogendi.
973 4200 1086 4254 Non
1108 4199 1517 4253 cessatSatanas
1535 4199 1669 4252 mala
1691 4202 1977 4265 persuade-

411 4284 490 4334 re,
525 4283 627 4321 ιιοιι
653 4279 827 4323 cessat
849 4271 1089 4324 Christus
1111 4271 1247 4323 bona
1269 4270 1572 4322 admonere.
1595 4270 1671 4322 'l‘u
1697 4283 1824 4336 ergo
1848 4285 1911 4336 po
1927 4269 1980 4320 -i-

415 4349 499 4390 tus
528 4339 665 4391 inter
694 4342 833 4392 hunc
861 4350 1186 4404 mouentem,
1213 4350 1265 4393 et
1293 4341 1429 4392 inter
1460 4339 1606 4392 illum
1635 4343 1977 4402 suadentem,

413 4423 576 4477 quare
603 4409 773 4476 potius
796 4411 1030 4478 applicas
1071 4425 1256 4463 aurem
1299 4409 1512 4464 Satanae
1541 4409 1877 4478 persuadeuti
1927 4419 1981 4461 et

2073 1831 2283 1898 quando
2314 1832 2446 1886 bene
2473 1843 2573 1895 est,
2605 1831 2759 1883 lauda
2792 1833 2970 1895 Detun,
3004 1832 3122 1894 quia
3155 1845 3217 1882 ex
3251 1829 3365 1894 ejus
3418 1831 3627 1882 miseri-

2072 1901 2252 1953 cordia
2283 1909 2405 1954 est:
2452 1901 2662 1970 quando
2703 1911 2878 1954 autem
2924 1898 3080 1963 male,
3124 1899 3248 1970 item
3286 1898 3441 1970 lauda
3487 1913 3630 1960 eum,

2073 1971 2194 2037 quia
2229 1986 2298 2022 ex
2331 1971 2443 2038 ejus
2471 1967 2732 2031 'veritate,
2791 1971 2837 2022 id
2869 1979 2969 2031 est,
3012 1984 3076 2020 ex
3121 1969 3234 2036 ejus
3277 1967 3476 2034 justitia
3528 1977 3628 2021 est.

2072 2039 2251 2094 Justus
2279 2040 2418 2094 enim
2444 2051 2540 2103 est,
2567 2042 2686 2106 quia
2719 2039 2942 2108 ﬂagellat
2967 2049 3017 2091 te
3038 2048 3252 2106 propter
3286 2048 3494 2108 peccata
3518 2048 3624 2098 tua,

2071 2117 2127 2162 et
2150 2109 2269 2162 ideo
2294 2124 2412 2162 cum
2451 2119 2504 2162 tu
2528 2110 2724 2177 aliquid
2760 2111 2970 2176 pateris,
3014 2122 3109 2160 nec
3149 2119 3328 2174 reputa
3358 2107 3520 2177 Deum
3550 2110 3631 2160 in-

2067 2177 2289 2247 justum,
2314 2179 2405 2232 sed
2445 2176 2679 2231 ascribas
2722 2178 2821 2230 hoc
2849 2180 3076 2246 peccatis
3105 2181 3204 2230 tuis
3231 2215 3248 2243 ,
3271 2187 3324 2228 et
3372 2176 3487 2244 ejus
3511 2194 3630 2230 cur-

2073 2247 2416 2302 rectiuni.Vel
2444 2248 2591 2300 aliter
2619 2266 2631 2298 :
2666 2249 2789 2300 Dico
2817 2249 3008 2301 bonum
3030 2261 3148 2301 esse
3178 2247 3402 2314 psallere
3420 2247 3484 2299 ad
3511 2248 3626 2311 hoc,

2071 2319 2274 2371 scilicet
2299 2327 2354 2370 ut
2380 2317 2748 2371 annuntiemus
2771 2331 2864 2384 per
2890 2317 3026 2371 bona
3055 2332 3212 2383 opera
3245 2327 3421 2369 nostra
3453 2318 3627 2383 proxi-

2074 2387 2173 2440 mis
2206 2403 2221 2440 :
2253 2403 2426 2452 mane,
2483 2388 2532 2439 id
2581 2397 2681 2452 est,
2737 2387 3174 2442 illuminationem
3227 2395 3460 2440 nostram
3511 2402 3631 2440 esse

2074 2457 2488 2525 misericordiam
2533 2465 2694 2521 tuam,
2734 2457 2783 2509 id
2814 2465 2913 2520 est,
2942 2457 3083 2525 quod
3138 2456 3369 2524 depulsis
3401 2457 3632 2509 tenebris

2072 2524 2418 2595 infidelitatis,
2449 2527 2761 2579 illuminatio
2791 2542 2885 2595 per
2905 2524 3060 2580 fidem
3087 2535 3142 2581 et
3183 2525 3422 2580 veritatis
3451 2531 3633 2592 cogni-

2074 2593 2268 2648 tionem
2300 2594 2352 2649 iu
2382 2597 2531 2649 nobis
2556 2607 2634 2648 est
2659 2610 2776 2649 esse
2795 2593 2970 2650 extua
3000 2596 3356 2650 misericordia
3377 2595 3518 2663 prius
3549 2611 3633 2645 vo-

2070 2674 2244 2730 cante,
2275 2675 2328 2719 et
2374 2676 2583 2732 peccata
2631 2666 2950 2719 dimittente.
3021 2666 3086 2720 Et
3138 2666 3512 2719 annuntiemus
3545 2680 3634 2732 per

2073 2747 2302 2800 noctem,
2329 2735 2379 2788 id
2403 2743 2505 2798 est,
2557 2750 2649 2800 per
2702 2735 3113 2800 tribulationem,
3166 2751 3322 2802 quam
3379 2737 3636 2801 patienter

2071 2806 2418 2869 Sustinenius,
2449 2805 2744 2871 veritatem,
2768 2805 2818 2858 id
2842 2816 2940 2870 εει,
2968 2805 3444 2859 remunerationem
3471 2814 3634 2866 tuam,

2074 2889 2179 2928 non
2210 2875 2349 2942 quod
2380 2889 2482 2928 nox
2507 2875 2614 2942 ipsa
2639 2877 2708 2928 sit
2729 2876 3102 2938 remuneratio,
3129 2875 3222 2928 sed
3257 2876 3378 2942 quia
3406 2875 3634 2942 quodam

2072 2947 2228 2999 modo
2252 2945 2559 3012 principium
2583 2953 2666 2998 εει
2686 2947 3142 3010 remunerationis,
3159 2944 3360 2999 scilicet
3382 2947 3499 3012 quia
3518 2944 3636 2998 facit

2073 3029 2169 3070 nos
2199 3015 2418 3070 idoneos
2445 3015 2512 3067 ad
2540 3014 3041 3068 remunerationem.
3082 3013 3175 3069 Vel
3204 3016 3355 3068 aliter
3387 3031 3401 3066 :
3436 3016 3635 3067 Bonum

2072 3097 2153 3139 est
2183 3085 2408 3152 psallere
2429 3125 2442 3150 ,
2470 3085 2699 3154 psallere
2721 3087 2839 3140 dico
2862 3085 2930 3137 ad
2964 3086 3371 3138 annnntiandum
3399 3086 3637 3154 proximo

2072 3171 2238 3220 mane,
2269 3157 2319 3209 id
2361 3164 2464 3219 est,
2509 3153 2801 3222 perfectum
2832 3157 3082 3208 virtutum
3131 3155 3182 3206 in
3222 3154 3371 3208 nobis
3395 3153 3409 3217 ,
3435 3155 3635 3208 scilicet

2071 3226 2210 3292 qttud
2235 3239 2330 3278 nos
2352 3227 2418 3277 de
2445 3223 2637 3277 virtute
2660 3224 2710 3292 in
2730 3225 2984 3292 ,virtutem
3006 3223 3337 3277 ascendimus
3357 3263 3371 3287 ,
3399 3224 3496 3276 hoc
3519 3238 3637 3277 esse

2072 3291 2136 3348 ex
2168 3303 2252 3346 tua
2286 3293 2674 3347 misericordia.
2697 3291 2764 3346 Et
2787 3293 3205 3346 annuntiaudum
3233 3309 3319 3360 per
3341 3303 3556 3358 noctem,
3589 3294 3637 3344 id

2070 3373 2171 3426 est,
2205 3379 2298 3430 pz-l‘
2329 3364 2531 3430 lapsum
2575 3376 2694 3416 esse
2736 3364 2992 3416 veritatem
3031 3371 3189 3427 tuam,
3232 3363 3281 3416 id
3329 3370 3430 3426 est,
3472 3363 3517 3416 si
3545 3363 3628 3414 ali-

2071 3435 2283 3506 quando
2331 3433 2583 3506 labimur,
2635 3431 2733 3486 hoc
2761 3447 2891 3506 esse
2921 3447 2984 3486 ex
3011 3433 3260 3506 veritate,
3303 3431 3356 3484 id
3415 3440 3518 3495 est.
3569 3447 3636 3506 ex

2072 3500 2273 3575 iustitia
2305 3514 2393 3560 tua
2425 3523 2437 3558 :
2473 3503 2675 3558 scilicet.
2698 3503 2821 3575 quia
2851 3503 2894 3555 si
2937 3500 3057 3575 quis
3082 3501 3305 3554 idoneus
3351 3511 3494 3575 esset
3534 3503 3636 3575 sal-

2073 3569 2206 3644 vari,
2239 3577 2382 3630 illum
2413 3576 2670 3643 permittis
2705 3569 2829 3637 labi,
2864 3580 2920 3623 ιιι
2941 3569 3124 3644 fortior
3143 3585 3344 3644 surgat,
3373 3571 3508 3644 sicut
3537 3571 3634 3624 Pe-

2076 3639 2304 3714 trus'per
2333 3639 2537 3714 lapsum
2569 3645 2754 3699 fortior
2779 3639 3027 3714 surrexit.
3055 3640 3260 3714 Siquis
3293 3656 3416 3714 vero
3446 3642 3634 3714 dignus

2074 3727 2155 3772 est
2180 3711 2438 3779 damnari,
2463 3715 2611 3770 illum
2632 3715 2750 3770 ideo
2771 3713 3032 3786 permittis
3055 3711 3157 3766 labi
3194 3721 3243 3766 ut
3272 3712 3358 3781 qui
3388 3711 3634 3766 sordidus

2073 3798 2175 3850 est,
2198 3789 2463 3840 sordeacat
2493 3786 2678 3855 magis.

2146 3856 2212 3908 In
2239 3852 2740 3910 decachordofDixit
2763 3856 2884 3925 quia
2906 3855 3195 3925 bonumest
3223 3852 3464 3925 psallere,
3500 3867 3638 3925 nunc

2076 3927 2308 3981 ostendit
2358 3927 2622 3994 quomodo
2673 3922 2959 3980 debeamus
3011 3922 3534 3994 psallerepscilicet
3580 3923 3634 3973 in

2079 3998 2318 4065 psalterio
2348 3993 2684 4060 diecacltordo,
2725 3998 2772 4049 ld
2801 4007 2900 4060 est,
2952 3994 3254 4065 impletione
3283 3993 3465 4046 decem
3501 4008 3635 4057 ιιι-τεο

2077 4063 2349 4135 ceptorum
2376 4066 2524 4132 legis.
2565 4067 2662 4118 Per
2693 4066 2995 4134 psalterium
3024 4065 3163 4132 quod
3212 4063 3443 4135 desuper
3461 4070 3634 4135 Sonat.

2078 4131 2348 4202 Spirituale
2377 4131 2510 4202 opus
2533 4131 2881 4204 intelligitur;
2919 4150 3012 4200 per
3038 4131 3221 4186 decem
3257 4147 3380 4186 vero
3402 4131 3630 4185 chordas

2080 4205 2264 4260 decem
2295 4205 2422 4272 legis
2447 4213 2727 4273 pra'cepta.
2763 4206 2825 4257 Et
2850 4215 2974 4259 sunt
2996 4204 3140 4257 multi
3175 4209 3444 4270 portantes
3478 4204 3633 4273 Διιεξιιτ

2080 4280 2291 4339 terium,
2323 4269 2406 4342 qui
2432 4289 2527 4326 nec
2560 4269 2712 4326 unam
2743 4275 2992 4328 churdam
3025 4269 3272 4342 tangant:
3305 4273 3438 4325 sicut
3467 4269 3637 4323 .Iudtei

2081 4346 2387 4414 psalterium
2434 4344 2643 4412 quidem
2685 4354 2914 4410 portant,
2964 4345 3089 4412 quia
3126 4342 3311 4394 decem
3354 4351 3633 4414 AprtBCDpta

2083 4411 2295 4476 habent,
2319 4415 2412 4467 sed
2438 4411 2534 4468 nec
2561 4429 2716 4466 unam
2743 4411 2992 4467 chordam
3022 4421 3261 4478 tangunt,
3279 4411 3398 4478 quia
3429 4411 3633 4462 nullum

415 4471 635 4550 fallenti,
664 4471 1062 4547 quam'Christo
1086 4482 1321 4534 monenti
1359 4488 1412 4533 et
1438 4471 1764 4532 rton'lalleuti
1797 4477 1978 4532 ?t\'ibil
2009 4471 2058 4529 ί)
2080 4499 2142 4538 ει
2174 4471 2535 4550 ίιιιέιυψιωη.
2570 4484 2656 4536 Ille
2685 4493 2858 4536 autem
2909 4498 3032 4534 vere
3071 4471 3511 4550 chordas-tangit,
3543 4484 3632 4547 qui

412 4551 554 4602 enim
574 4549 794 4602 Satanas
809 4557 859 4603 te
876 4563 1056 4602 contra
1076 4552 1394 4602 voluntatem
1421 4557 1559 4602 tuam
1579 4563 1768 4616 cogere
1785 4557 1975 4616 potest,

412 4628 468 4671 et
488 4618 605 4671 ideo
633 4619 735 4672 noli
766 4633 1014 4673 accusare
1035 4619 1180 4672 illum
1202 4620 1286 4686 qui
1315 4633 1414 4671 non
1447 4619 1603 4670 habet
1628 4632 1853 4680 velitaut,
1884 4619 1975 4672 sed

413 4702 632 4742 accuses
664 4699 714 4743 te
736 4691 904 4757 ipsum
935 4691 1023 4758 qui
1055 4690 1270 4743 habebis
1316 4688 1715 4758 indulgentiam.
1749 4687 1851 4740 Alii
1884 4703 1979 4739 au-

416 4768 520 4812 tem
549 4768 602 4810 ut
629 4773 688 4812 se
713 4757 982 4826 excusent,
1015 4770 1258 4812 accusant
1289 4759 1472 4825 fatum,
1500 4757 1679 4809 stellas
1707 4767 1760 4810 et
1785 4766 1977 4810 caetera

417 4828 536 4880 talia
572 4839 662 4880 :et
691 4830 740 4880 hi
769 4830 949 4883 volunt
1001 4831 1179 4883 venire
1208 4843 1300 4895 per
1346 4827 1677 4894 dispendium
1718 4826 1783 4878 ad
1817 4827 1975 4880 Deum

416 4899 789 4963 accusandum,
813 4899 928 4965 quia
963 4902 1146 4952 uolunt
1189 4898 1366 4951 venire
1397 4913 1489 4964 per
1510 4897 1878 4962 compendium
1909 4899 1974 4948 ad

416 4967 582 5020 D-um
615 4968 944 5036 placandum.
971 4970 1104 5023 Sunt
1125 4971 1281 5022 etiam
1309 4967 1398 5019 alii
1421 4968 1508 5034 qui
1540 4975 1681 5018 recta
1712 4968 1883 5018 l'ronte
1912 4967 1976 5019 ad

420 5035 694 5091 Dominum
743 5038 912 5105 ipsum
956 5041 1170 5093 veniunt
1217 5038 1568 5090 dicentes:Si
1627 5037 1764 5088 Deus
1792 5035 1975 5099 nollet,

413 5121 515 5176 ego
543 5110 658 5161 talis
687 5123 790 5160 non
821 5122 1012 5161 essem.
1046 5108 1178 5174 Quid
1204 5118 1379 5160 autem
1411 5107 1537 5160 dicit
1562 5107 1791 5172 psalmus
1816 5106 1837 5156 ?
1871 5108 1979 5159 lluc

419 5187 598 5245 utique
627 5179 805 5244 docet,
837 5177 937 5231 hoc
985 5179 1276 5232 admonet:
1325 5192 1430 5230 non
1485 5185 1684 5230 tantum
1737 5177 1978 5228 audiatur

419 5264 482 5300 ne
506 5263 710 5315 pecces,
744 5252 834 5302 sed
871 5248 917 5300 si
951 5262 1154 5314 pecces.
1189 5260 1243 5300 ut
1288 5255 1338 5300 te
1382 5260 1618 5299 accuses.
1654 5245 1716 5297 Et
1767 5255 1846 5298 est
1872 5259 1975 5315 vox

419 5313 688 5386 propheta:
711 5317 779 5369 ita
801 5313 1023 5372 dicentis
1049 5335 1062 5370 :
1089 5315 1304 5382 Bonum,
1330 5316 1494 5380 idest,
1525 5313 1974 5382 valdejucundunt

417 5385 471 5441 et
493 5390 619 5441 utile
669 5388 992 5455 estcon/iteri
1043 5386 1279 5448 Domino,
1337 5387 1388 5439 id
1434 5399 1539 5450 est,
1572 5396 1627 5438 ut
1659 5400 1753 5438 nos
1799 5385 1977 5455 laude-

420 5473 538 5510 mus
570 5453 870 5520 Dominum,
889 5456 1196 5510 confitentes
1218 5456 1266 5509 ei
1297 5456 1347 5511 iu
1375 5465 1598 5525 utroque
1629 5458 1787 5519 bona,
1831 5453 1978 5506 scili-

419 5541 499 5578 cet
524 5530 641 5592 quia
670 5530 781 5596 ipse
802 5527 923 5580 fecit
947 5543 962 5579 :
991 5530 1041 5579 itt
1065 5526 1202 5581 malo
1229 5526 1506 5596 vero,quia
1535 5541 1630 5579 nos
1655 5525 1978 5577 fecimus.Et

423 5597 541 5649 ideo
568 5599 836 5650 Altissimo
868 5598 1059 5650 bonum
1086 5605 1167 5650 est
1195 5597 1429 5665 psallere,
1472 5596 1520 5649 id
1547 5603 1649 5660 est,
1683 5596 1817 5649 bene
1844 5609 1975 5664 ope-

423 5668 524 5718 rari
557 5669 741 5720 nomini
782 5677 886 5731 tuo,
928 5668 980 5721 id
1033 5674 1136 5732 est,
1159 5667 1225 5720 ad
1256 5680 1446 5720 nomen
1492 5676 1637 5719 tuum
1679 5665 1975 5734 glorifican—

423 5739 548 5790 dum
585 5745 638 5792 ct
687 5737 1124 5803 conservandum,
1178 5749 1243 5791 ne
1289 5744 1470 5806 pereat
1495 5750 1684 5791 nonten
1717 5747 1973 5791 nostrum.

2081 4555 2196 4622 ipsa
2224 4548 2488 4621 praecepta
2531 4552 2582 4604 in
2635 4561 2807 4605 actum
2850 4550 3105 4622 perducit.
3133 4549 3195 4602 Et
3235 4548 3447 4622 quidam
3477 4564 3632 4599 unam

2075 4618 2326 4678 cbordam
2353 4618 2552 4674 tantum
2586 4621 2772 4688 tangit,
2800 4621 3010 4688 quidam
3036 4621 3230 4686 plures.
3276 4618 3630 4671 Perfecturuut

2078 4706 2206 4746 vero
2234 4703 2316 4746 est
2362 4705 2549 4746 omnes
2571 4691 2754 4744 decem
2786 4691 3014 4744 chordas
3041 4699 3278 4757 tangere.
3333 4689 3397 4757 Et
3423 4688 3487 4739 ad
3537 4692 3635 4739 hoc

2079 4762 2362 4816 notandum
2404 4761 2667 4828 apposuit.
2719 4756 3152 4822 Decachordum,
3187 4756 3426 4825 quamvis
3477 4771 3636 4810 omne

2078 4832 2382 4902 psalterium
2403 4829 2787 4902 decacbordum
2813 4832 2899 4902 sit:
2926 4828 3177 4902 Sequitur
3204 4845 3215 4878 :

2149 4901 2273 4953 Cum
2304 4902 2499 4952 cantico
2525 4899 2577 4950 in
2617 4899 2834 4950 cithara.
2867 4897 2994 4963 Quia
3019 4895 3120 4951 itou
3154 4906 3354 4950 tantum
3383 4895 3636 4964 Spiritua-

2078 4970 2167 5034 lia,
2198 4985 2314 5038 quge
2337 4985 2430 5038 per
2452 4971 2756 5034 psalterium
2784 4969 3167 5038 intelliguntur,
3200 4969 3454 5020 debemus
3503 4968 3632 5020 insi-

2077 5053 2218 5094 stere
2246 5056 2258 5092 :
2293 5039 2384 5092 sed
2414 5040 2572 5091 etiam
2605 5051 2724 5090 cum
2748 5039 2946 5091 cithara
2970 5038 3217 5105 psallere,
3250 5039 3350 5090 huc
3371 5049 3451 5091 est
3478 5051 3636 5102 Opera

2079 5108 2454 5162 misericordia:
2485 5110 2677 5160 facere.
2706 5106 2916 5162 Cithara
2965 5111 3104 5161 enim
3136 5118 3218 5160 est
3243 5109 3417 5160 carnis
3447 5106 3634 5158 morti—

2079 5180 2271 5233 ficatio.
2304 5175 2532 5230 Carnem
2566 5186 2742 5230 autem
2795 5177 3113 5231 mortilicare
3156 5190 3255 5238 est,
3290 5185 3347 5228 ut
3389 5185 3440 5227 tu
3493 5176 3636 5227 carni

2081 5261 2184 5301 ttne
2213 5250 2514 5312 subtrahas,
2571 5249 2708 5299 unde
2734 5261 2944 5301 carnem
2989 5248 3236 5315 pauperis
3287 5245 3538 5298 relicias:
3582 5257 3636 5298 et

2080 5320 2178 5371 hoc
2205 5321 2361 5371 debet
2400 5315 2508 5369 ﬁeri
2538 5332 2651 5368 cum
2671 5319 2887 5382 cantico,
2921 5316 2972 5370 id
2995 5327 3096 5379 est,
3131 5331 3250 5368 cum
3283 5315 3485 5380 hetitia,
3527 5329 3631 5382 non

2078 5404 2139 5442 ex
2174 5387 2403 5441 tristitia.
2457 5385 2687 5439 Hilarem
2714 5390 2843 5439 enim
2872 5381 3096 5438 datorem
3126 5386 3289 5453 diligit
3341 5383 3494 5435 Deus.
3542 5381 3632 5436 Vel

2078 5474 2188 5510 cum
2217 5461 2432 5517 cantico,
2486 5455 2537 5508 id
2567 5467 2666 5519 est,
2711 5471 2830 5510 cum
2873 5455 3249 5509 admonitionis
3287 5454 3469 5518 verbo,
3515 5453 3632 5520 quia

2079 5544 2184 5582 non
2206 5538 2404 5580 tantum
2431 5525 2684 5579 debemus
2706 5526 3004 5581 necessaria
3029 5525 3344 5593 pauperibus
3369 5523 3632 5576 ministra-

2078 5613 2155 5661 re,
2187 5596 2281 5651 sed
2303 5598 2458 5650 etiam
2487 5597 2744 5650 doctrina:
2773 5611 2915 5649 sana:
2947 5597 3162 5648 verbum
3205 5603 3261 5649 et
3296 5595 3479 5648 salutis
3507 5607 3624 5647 con-

2077 5668 2254 5723 silium
2285 5669 2516 5733 superitn
2525 5671 2773 5732 pendere.
2946 5729 2951 5734 .

2154 5737 2284 5804 Quia
2323 5731 2578 5792 (lﬁelcuuSti
2607 5751 2700 5792 me.
2736 5735 2846 5791 Dixi
2903 5731 3022 5806 quia
3060 5735 3252 5789 bonum
3283 5741 3364 5790 est
3414 5731 3629 5804 psallat
