4026 6200
390 302 499 359 079

821 302 1028 359 ΒΕῸᾹΞ
1071 301 1525 360 VENERABILIS
1558 302 1712 359 OPP.
1760 300 1939 358 PARS
1972 300 2037 357 ll.
2088 298 2283 357 SECT.
2324 299 2386 356 ll.
2423 328 2494 342 -—-
2530 299 2737 357 DUBIA
2780 300 2868 356 ET
2907 299 3172 357 SPURIA.

3544 305 3650 363 980

389 416 585 471 nomini
605 424 711 479 tuo,
739 424 792 470 ει
839 417 939 470 Ιιοε
979 418 1098 473 ideo
1124 416 1295 487 (quasi
1326 416 1489 485 dicat)
1534 416 1656 487 quia
1684 431 1783 480 ego
1824 429 1953 470 con-
1978 417 2025 474 Α
2053 420 2177 487 sunt
2198 414 2335 487 sicut
2360 413 2556 487 lenam.
2587 414 2652 468 Et
2673 430 2792 470 mox
2814 417 3295 487 cumapparuerint
3320 432 3508 481 omnes,
3545 434 3650 474 non

392 488 593 543 tristavi
620 500 704 541 me
727 488 778 539 in
807 487 1006 549 factura
1028 486 1155 550 mea,
1187 498 1240 542 tu
1281 497 1456 540 autem
1484 486 1740 540 delectusti
1784 502 1880 548 me,
1906 487 1957 545 id

391 566 495 621 est,
524 571 763 625 magnam
781 557 1166 625 iucunditatem
1206 556 1473 611 contulisti
1502 557 1628 609 mihi
1678 557 1728 610 in
1757 556 1959 614 factura

395 641 502 690 tua,
530 628 577 680 id
605 637 707 689 est,
738 628 859 691 quia
908 643 992 680 me
1020 628 1270 682 recreasti
1296 637 1360 681 et-
1406 627 1576 681 fecisti
1608 628 1661 679 in
1709 627 1961 694 operibus

393 699 563 751 bonis.
600 696 747 750 Unde
775 699 1074 764 Apostolus:
1102 698 1269 765 lpsius
1288 698 1422 751 enim
1448 698 1745 767 ﬁgmentum
1760 714 1956 766 sumus,

392 767 548 821 creati
580 770 631 817 in
668 768 899 834 operibus
921 767 1087 824 bonis.
1128 771 1188 823 Et
1214 769 1334 836 quia
1363 778 1415 820 tu
1473 766 1553 820 me
1603 766 1860 820 delectasti
1908 773 1961 825 in

391 850 479 889 tua
504 840 701 904 factura
725 877 740 901 ,
791 838 910 893 ideo
954 841 1142 894 merito
1168 841 1426 892 exsultatio
1450 838 1501 890 in
1549 839 1778 906 operibus
1810 840 1960 895 bonis

390 922 635 960 manuum
679 918 899 971 tuarum,
950 908 999 961 id
1030 918 1131 973 est,
1190 914 1241 961 in
1293 908 1645 972 recreatione,
1700 924 1856 976 quam
1909 922 1959 964 tn

389 987 642 1045 operatus
668 992 726 1031 es
772 980 820 1030 in
872 995 975 1031 me.
1036 980 1099 1031 Et
1131 988 1320 1033 merito
1351 981 1402 1031 in
1435 978 1672 1042 operibus
1721 995 1962 1033 manuum

389 1058 593 1100 tuarum
614 1048 903 1116 cxsnltabo,
926 1050 1043 1115 quia
1068 1064 1222 1116 apera
1244 1061 1348 1112 tua,
1374 1047 1617 1113 Domine,
1636 1064 1752 1116 qua:
1774 1065 1963 1116 opera-

395 1132 476 1171 tus
499 1134 556 1188 es
587 1118 638 1170 in
674 1133 756 1170 me
777 1129 827 1169 et
856 1119 906 1170 iit
936 1120 1075 1182 aliis,
1101 1122 1148 1173 td
1180 1128 1282 1182 est,
1314 1134 1406 1188 per
1452 1120 1672 1186 gratiam
1706 1129 1844 1171 luant
1881 1137 1963 1173 re-

391 1187 611 1253 paratis,
640 1204 791 1256 quam
822 1190 1149 1258 magniﬁcam
1175 1187 1321 1248 sunt,
1349 1190 1398 1242 id
1430 1199 1530 1253 est,
1559 1204 1715 1257 quam
1747 1200 1964 1253 stupen-

391 1261 457 1310 tla
487 1270 631 1323 sunt,
656 1274 810 1323 quam
832 1258 1063 1326 jucunda
1091 1269 1214 1313 sunt
1240 1262 1251 1311 !
1287 1259 1479 1313 Fecisti
1510 1261 1652 1313 enim
1683 1260 1749 1312 de
1794 1262 1963 1315 servis

394 1330 559 1385 lilios.
614 1330 680 1381 de
710 1328 973 1382 damnatis
1026 1330 1075 1381 in
1106 1346 1323 1394 regnum
1376 1341 1698 1395 assumptus.
1748 1331 1810 1382 Et
1839 1346 1963 1386 vere

392 1399 719 1468 magni/irata
746 1408 862 1451 sntit
918 1415 1071 1468 opera
1099 1410 1205 1456 tua.
1236 1402 1355 1467 quia
1404 1400 1731 1468 cagitationes
1758 1411 1877 1461 tute,
1913 1402 1961 1454 id

390 1481 483 1539 est,
502 1508 516 1528 ,
543 1483 570 1520 ιι
605 1478 654 1522 ιε
693 1468 841 1539 nubis
873 1470 1160 1536 inspirata',
1190 1472 1338 1539 factio
1360 1481 1475 1521 sunt
1504 1471 1648 1521 nimis
1672 1471 1961 1539 profundrc,

392 1538 599 1592 scilicet
628 1538 745 1605 quia
780 1555 875 1593 nos
903 1540 1195 1605 cogitamus
1225 1542 1363 1609 quod
1394 1542 1507 1593 haec
1535 1550 1742 1593 terrena
1793 1557 1960 1607 quan-

397 1619 720 1675 tnmcurtque
747 1609 847 1661 sint
883 1610 1147 1675 sublimia,
1176 1612 1284 1665 cito
1315 1622 1487 1662 tamen
1537 1621 1660 1663 sunt
1706 1610 1959 1664 desitnra.

390 1678 550 1749 Quasi
578 1679 721 1749 dicat
746 1696 757 1729 :
786 1680 1146 1749 Cogitationes
1187 1682 1262 1734 vir
1289 1682 1531 1748 insipiens
1560 1691 1606 1732 et
1648 1682 1835 1733 stultus
1860 1698 1961 1735 non

394 1748 634 1813 percipit,
684 1750 821 1817 quod
856 1748 951 1818 per
978 1752 1220 1805 ellectutn
1268 1752 1399 1804 satis
1445 1751 1696 1813 ostendit,
1736 1750 1958 1816 scilicet,

392 1820 514 1884 quia
547 1821 659 1872 haec
689 1830 896 1872 terrena
946 1822 1182 1887 appetit,
1206 1822 1296 1874 sed
1327 1836 1431 1873 non
1477 1820 1721 1887 intelligit
1770 1821 1878 1872 cito
1905 1838 1966 1875 ea

400 1890 630 1941 desitum
665 1905 804 1943 csse.
834 1889 922 1941 Vel
952 1890 1143 1943 aliter:
1172 1891 1312 1943 Dixit
1341 1889 1587 1954 superius
1613 1889 1730 1955 quia
1775 1889 1968 1943 bonum

399 1968 481 2010 est
521 1960 745 2026 psallere
768 1960 817 2011 in
858 1962 1099 2026 psalterio
1131 1963 1302 2014 decem
1355 1959 1686 2025 chordarum,
1721 1967 1775 2012 et
1821 1963 1967 2014 rttulti

400 2037 523 2081 sunt
549 2029 636 2096 qtti
665 2044 761 2083 nec
789 2029 1093 2096 psalterium
1124 2030 1338 2093 habent,
1385 2045 1482 2083 nec
1510 2046 1665 2081 nnarrt
1714 2028 1968 2085 chordam

405 2110 626 2167 tangunt
652 2116 665 2165 ;
698 2102 788 2154 sed
812 2110 994 2152 contra
1023 2102 1117 2155 bas
1142 2101 1368 2155 chordas
1398 2102 1572 2152 omnia
1597 2099 1817 2161 lat-iant,
1850 2102 1969 2168 quia

405 2169 742 2223 sumebantur
770 2169 878 2235 alii,
905 2170 993 2222 alii
1021 2171 1156 2224 bona
1205 2171 1463 2223 furantur.
1495 2170 1971 2238 Deprehendnutur

402 2254 618 2303 prorsus
648 2240 698 2293 in
728 2243 870 2293 omni
914 2255 1077 2304 apere
1132 2242 1275 2294 malo
1302 2240 1568 2305 deleCtati,
1620 2251 1671 2293 et
1714 2250 1887 2293 tamen
1916 2244 1969 2295 itr

397 2308 833 2363 omnintundana
885 2311 1234 2378 prosperitate
1264 2320 1562 2364 versantur.
1606 2311 1671 2362 Et
1710 2311 1831 2363 irtde
1853 2327 1971 2365 sur-

401 2380 536 2433 rexit
560 2395 715 2447 prava
741 2381 993 2449 cogitatio
1024 2381 1249 2435 inlirmis
1278 2382 1592 2447 quibusdam
1618 2380 1667 2433 in
1695 2381 1965 2448 psalterio,

406 2451 547 2512 prius
578 2454 626 2501 in
656 2450 855 2503 cithara
889 2451 1257 2518 psallerrtibus,
1292 2452 1412 2519 quia
1444 2451 1579 2517 apud
1612 2464 1669 2503 se
1717 2453 1967 2518 cogitant.

400 2520 506 2572 Nos
538 2519 857 2583 labatautus,
910 2535 1007 2573 nos
1037 2521 1330 2584 trislatnur,
1362 2521 1627 2572 esurimus
1676 2530 1730 2573 et
1783 2537 1968 2576 omnes

401 2590 645 2642 miserias
676 2590 904 2656 patimur
939 2608 949 2641 :
1012 2590 1126 2643 istis
1152 2606 1278 2643 vero
1306 2600 1389 2643 est
1423 2590 1627 2652 lietitia,
1690 2601 1744 2643 et
1796 2596 1968 2644 omnis

405 2658 746 2713 abundantia.
800 2661 862 2713 Et
917 2660 968 2713 in
1002 2669 1207 2713 tantum
1256 2660 1495 2713 ascendit
1553 2660 1668 2713 haec
1718 2661 1968 2729 cOgitatio

405 2742 581 2794 prava.
612 2730 753 2798 quod
785 2730 967 2784 dicunt
998 2730 1161 2783 Deum
1187 2745 1311 2784 vere
1337 2732 1503 2785 malos
1529 2731 1767 2799 diligere,
1797 2741 1851 2783 et
1877 2733 1969 2784 bo-

407 2815 502 2854 nos
547 2799 745 2864 odisse,
797 2809 850 2854 ct
878 2801 953 2855 sic
988 2816 1018 2852 a
1060 2815 1119 2854 se
1150 2800 1436 2855 Sabbaturn
1470 2801 1682 2855 chordis
1737 2801 1971 2854 excludi-

406 2880 509 2933 tur,
562 2880 613 2923 et
671 2872 939 2924 imitantur
986 2871 1167 2924 ﬂorem
1230 2872 1463 2925 illorum.
1516 2871 1624 2924 Hoc
1662 2886 1787 2939 ergo
1837 2887 1969 2938 pro-

404 2942 561 3007 pheta
602 2942 880 2995 attendens
926 2957 1045 2993 cum
1103 2943 1327 3010 quadarn
1377 2938 1803 2995 admirationem
1832 2942 1970 2997 hanc

408 3023 590 3062 ιυεειιι
622 3013 848 3077 erumpit
880 3028 893 3063 :
930 3012 1169 3073 Domine,
1222 3011 1334 3064 haec
1365 3027 1524 3079 opera
1580 3020 1689 3075 tua,
1741 3013 1964 3077 scilicet,

407 3082 548 3147 quod
606 3080 777 3136 malos
834 3080 1190 3149 permittendo
1241 3082 1540 3147 prosim-rari
1591 3081 1852 3144 damnas,
1914 3092 1969 3136 et

406 3150 662 3217 quosdam
713 3152 876 3204 etiam
910 3152 1190 3217 psallentes
1223 3152 1339 3215 tibi,
1378 3151 1494 3220 quia
1524 3150 1709 3204 ﬂorem
1757 3151 1966 3205 illormn

406 3221 682 3273 imitantur
705 3222 753 3273 in
778 3223 1191 3284 damuationern,
1209 3224 1287 3275 eis
1310 3221 1562 3286 as5ucias,
1581 3230 1697 3274 tuos
1714 3237 1840 3275 vero
1860 3237 1972 3289 per-

404 3291 663 3345 mittendo
695 3293 932 3345 tribulari
982 3293 1189 3356 salvas;
1223 3294 1357 3359 brae,
1411 3294 1645 3361 inquam,
1679 3308 1831 3362 Opera
1860 3303 1969 3358 tua,

407 3362 643 3424 llonaine,
677 3378 830 3430 quam
860 3361 1189 3433 magni/irata
1218 3374 1355 3428 sunt,
1399 3363 1450 3417 id
1477 3372 1578 3428 est,
1611 3361 1767 3430 quam
1800 3364 1971 3417 adrni-

406 3433 569 3484 randa
602 3471 615 3493 ,
661 3448 817 3499 quant
875 3432 1159 3500 stapenda,
1208 3449 1364 3499 quam
1415 3433 1971 3500 incomprehensibilia

402 3511 526 3554 sunt
555 3503 569 3555 !
601 3502 761 3567 Quasi
794 3502 971 3557 dicat:
1008 3504 1049 3554 U
1072 3504 1288 3556 altitudo
1330 3504 1618 3556 divitiarum
1639 3506 1904 3572 sapientia:
1923 3514 1971 3559 et

401 3573 623 3624 scientia:
648 3573 761 3637 Dei,
785 3590 937 3641 quant
957 3574 1477 3640 inrornprrltensibilia
1503 3575 1822 3643 suntjudicia
1836 3578 1968 3641 ejus,

399 3652 447 3694 et
464 3643 827 3712 investigabiles
850 3645 943 3696 via:
971 3644 1117 3713 ejus!
1147 3644 1209 3696 Et
1234 3646 1423 3698 merito
1448 3646 1570 3697 dico
1598 3662 1749 3713 quam
1775 3648 1969 3713 magni-

402 3714 553 3778 ﬁcata
584 3724 723 3779 sunt,
754 3714 876 3782 quia
907 3714 1255 3783 cogitaticnes,
1282 3714 1332 3767 id
1362 3724 1443 3769 est
1465 3715 1840 3781 dispositiones
1870 3730 1973 3767 tua:

401 3784 470 3837 tle
497 3785 685 3849 quibus
719 3785 831 3837 haec
883 3798 1044 3851 opera
1077 3788 1387 3851 procedunt,
1453 3788 1605 3851 (acta:
1650 3796 1767 3838 sunt
1821 3788 1972 3838 uiuus

400 3855 687 3921 profundw.
713 3853 850 3909 Vere
883 3855 1031 3907 nimis
1063 3854 1353 3923 profani/re,
1402 3857 1521 3923 quia
1572 3857 1773 3908 ttulluttt
1827 3871 1972 3909 mare

399 3924 577 3987 altius,
611 3925 813 3978 nullum
867 3939 1016 3977 mare
1047 3926 1378 3991 profundius.
1415 3928 1469 3980 lit
1515 3927 1615 3979 hoc
1660 3926 1972 3991 prolundius

404 3994 786 4061 naul'ragantar
808 4010 992 4047 omnes
1027 3996 1193 4063 impii.
1223 3996 1301 4048 'l‘u
1330 4008 1505 4050 autem
1531 3997 1574 4049 si
1627 4000 1707 4048 vis
1731 4010 1968 4059 enatare,

402 4075 524 4116 ι‹·ιιε
548 4072 599 4115 ιε
627 4067 689 4115 ad
716 4066 912 4131 lignum
946 4066 1057 4127 Dei,
1090 4068 1139 4118 id
1166 4070 1337 4119 estad
1366 4083 1548 4120 vocem
1577 4065 1800 4131 Christi,
1827 4078 1880 4120 et
1903 4072 1969 4120 ad

399 4131 516 4201 ejus
540 4133 837 4200 passionem
865 4152 874 4184 :
899 4135 1019 4201 quia
1039 4136 1150 4201 ipse
1170 4138 1312 4202 prior
1340 4136 1617 4201 laboravit,
1655 4154 1751 4189 nec
1775 4148 1826 4189 te
1857 4152 1969 4190 ser-

402 4219 524 4257 vum
547 4202 718 4270 pigeat
742 4205 1008 4256 laborare:
1026 4214 1079 4256 et
1097 4207 1246 4257 tertia
1280 4206 1365 4259 die
1387 4222 1598 4260 carnem
1624 4209 1968 4273 resuscitare,

401 4288 468 4328 ne
497 4283 549 4326 ιιι
575 4274 799 4328 haberes
828 4274 1134 4340 desperare.
1172 4275 1285 4327 Non
1318 4292 1445 4345 ergo
1494 4276 1761 4345 tertialeris
1786 4277 1969 4330 llorcnt

401 4345 692 4406 malorum,
729 4359 828 4398 nec
861 4354 1069 4395 moveat
1102 4359 1151 4399 te
1175 4344 1399 4399 felicitas
1426 4344 1731 4414 impiorum.
1768 4345 1961 4413 Βεεμὶ-

392 4430 454 4468 ce
479 4416 544 4467 ad
569 4415 685 4482 ejus
716 4413 1091 4481 intertrimenti,
1126 4418 1246 4485 quia
1280 4417 1394 4481 ipse
1428 4413 1681 4484 praspicit
1711 4430 1772 4468 ex
1800 4426 1957 4468 acter-

2067 484 2187 537 dico
2214 486 2303 548 qui
2328 483 2529 551 operati
2554 494 2700 550 sunt,
2731 486 2825 539 sed
2876 484 2964 553 qni
2999 496 3406 552 perseveranter
3435 504 3644 556 operan-

2066 565 2149 607 tur
2176 555 2511 623 iniquitatem,
2530 570 2671 615 cum,
2694 558 2927 625 inquam,
2949 555 3047 609 hoc
3071 556 3192 619 erit,
3219 556 3342 623 quid
3361 555 3539 611 statim
3567 576 3653 613 se-

2067 634 2262 692 quatur
2318 639 2423 678 non
2481 625 2727 694 intelligit
2778 626 3034 695 insipiens
3084 636 3137 678 et
3179 628 3398 694 stultus,
3445 629 3655 684 scilicet

2067 710 2172 747 non
2203 694 2449 761 intelligit
2480 705 2554 758 ut,
2586 696 2633 747 id
2666 705 2743 749 est
2776 735 2789 760 ,
2817 694 3048 764 qualiter
3096 696 3194 759 ipsi
3244 708 3552 764 peccatores
3596 711 3655 755 et

2066 764 2294 832 operarii
2324 765 2617 831 iniquitatis
2637 767 2882 819 intereant
2905 766 2956 819 in
2979 768 3218 819 siccatum
3243 769 3433 831 seculi,
3463 768 3515 823 id
3546 782 3650 835 est,

2066 835 2258 887 dentur
2304 836 2356 889 in
2406 836 2673 889 interitum
2718 851 2991 904 pinnarum
3044 852 3258 889 suarum
3308 849 3651 893 internarum.

2069 906 2173 958 Pro
2208 910 2307 959 ltac
2338 906 2479 959 enim
2514 908 2788 971 temporali
2820 907 2999 959 lartitia
3048 911 3543 974 recompensabltur
3569 913 3654 968 eis

2067 987 2278 1047 aztcrna
2299 976 2530 1029 tristitia.
2572 976 2776 1047 Etcum
2828 976 2911 1029 isti
2940 979 3019 1047 sic
3067 976 3487 1047 damnabantur,
3516 998 3653 1036 con-

2068 1054 2173 1097 stat
2193 1045 2314 1113 quia
2342 1061 2467 1100 vere
2492 1046 2638 1100 lloris
2659 1061 2845 1101 eorum
2871 1046 3207 1101 aemulatores
3229 1045 3644 1105 damnabantur.

2071 1117 2320 1177 Sequitur
2355 1135 2367 1169 :

2141 1185 2219 1238 Tu
2240 1196 2409 1240 autem
2445 1188 2745 1242 altissimus.
2798 1187 2876 1240 Illi
2906 1195 3083 1258 autem
3127 1187 3544 1258 damnabantur,
3576 1193 3651 1247 tui

2068 1266 2248 1310 autem
2307 1258 2684 1321 salvabuntur;
2731 1260 2851 1325 quia
2900 1266 2977 1321 tu,
3013 1257 3248 1322 Domine,
3278 1261 3524 1314 Salvator
3553 1280 3650 1316 eo-

2070 1341 2186 1379 rum
2217 1327 2321 1379 eris
2352 1329 2403 1379 in
2432 1337 2699 1381 wternum.
2733 1329 2775 1381 Τ
2780 1344 2831 1391 ιι,
2867 1329 3010 1390 dico,
3042 1328 3130 1393 qui
3164 1343 3223 1383 es
3249 1330 3563 1393 Altissimus,
3599 1334 3649 1386 id

2070 1408 2175 1460 est,
2210 1398 2297 1463 qui
2346 1398 2455 1465 jam
2491 1398 2755 1467 prospicis
2804 1398 2872 1450 ab
2901 1398 3179 1451 altitudine
3224 1408 3307 1451 tua
3362 1408 3414 1453 et
3442 1413 3653 1467 tempus

2073 1468 2444 1540 prosperitatis
2477 1469 2737 1540 malorunt
2767 1467 2876 1540 cito
2907 1469 3223 1540 desiturum,
3249 1480 3303 1523 et
3332 1479 3539 1540 tempus
3566 1490 3651 1527 re-

2072 1537 2459 1592 rnanerationis
2488 1538 2745 1593 bonorum
2771 1539 2878 1591 cito
2903 1539 3227 1591 adlaturum.

2147 1607 2397 1671 Quoniam
2421 1623 2533 1660 ecce
2561 1609 2755 1661 inimici
2784 1610 2878 1661 tui.
2938 1608 3071 1661 Vere
3103 1621 3408 1676 peccatores
3460 1612 3651 1666 interi-

2074 1676 2223 1751 bunt,
2255 1678 2375 1751 quia
2411 1679 2689 1751 peribunt;
2741 1679 3348 1751 ideorauteaner-ibunt,
3396 1684 3517 1751 quia
3548 1684 3652 1736 ini-

2005 1781 2044 1837 Β
2075 1749 2192 1837 ιιιὲρὶ
2216 1750 2297 1837 lt.ui
2328 1760 2469 1837 sunt.
2512 1748 2655 1837 'Ecce
2683 1750 2878 1837 inimici
2908 1750 2999 1837 tui.
3054 1748 3291 1837 Tempus
3318 1748 3473 1837 eniir't‘
3492 1753 3651 1834 breve

2073 1827 2179 1869 est.
2214 1819 2480 1884 llepetitio
2510 1819 2634 1872 iacit
2662 1818 3144 1874 continuationem.
3197 1821 3401 1874 Inimici
3437 1822 3644 1877 Domini

2072 1885 2322 1957 dicantur
2365 1902 2468 1941 non
2519 1898 2721 1943 tantum
2778 1890 2864 1956 qui
2916 1888 3275 1957 blaspltemias
3325 1892 3376 1944 itt
3405 1907 3526 1945 eum
3570 1894 3652 1947 fa-

2070 1955 2363 2019 ciunt,‘sed
2400 1960 2559 2011 etiam
2607 1960 2683 2013 illi
2732 1955 2803 2013 de
2828 1955 3226 2025 quibus—lacttb
3270 1960 3435 2015 dicit:
3491 1965 3647 2027 Quis-

2071 2028 2185 2093 quis
2211 2029 2403 2081 anticus
2426 2039 2502 2081 est
2532 2029 2733 2093 mundi,
2763 2030 3000 2082 inimicus
3030 2032 3355 2083 comtituitur
3389 2030 3507 2086 Dei.
3539 2033 3643 2087 Ta-

2071 2096 2416 2168 les_inirniCos
2446 2099 2530 2151 hic
2558 2100 2769 2166 accipit.
2804 2099 3055 2168 Sequitur
3080 2117 3093 2152 :

2143 2165 2208 2218 Et
2236 2170 2585 2241 dispergentur
2628 2165 2800 2241 omnes
2840 2165 2928 2238 qui
2967 2181 3245 2241 aperantur
3307 2172 3642 2241 iniquitatem.

2070 2234 2201 2290 Dico
2230 2234 2349 2304 quia
2377 2234 2569 2291 inimici
2590 2241 2683 2304 tui,
2714 2234 2947 2304 Domine,
2981 2234 3228 2307 peribunt.
3256 2242 3320 2296 Et
3352 2234 3533 2296 verum
3564 2257 3646 2298 est

2072 2307 2193 2369 ltoc,
2223 2310 2346 2375 quia
2376 2325 2546 2382 attines
2566 2311 2652 2379 qui
2674 2321 2948 2379 operantur
2969 2310 3306 2380 iniquitatem,
3339 2312 3389 2365 id
3415 2321 3518 2375 est,
3553 2319 3641 2382 qui

2073 2380 2496 2452 perseverantia
2521 2396 2680 2447 opere
2710 2381 3023 2452 iniquitatis,
3050 2383 3430 2452 dispergentur,
3463 2384 3514 2435 id
3536 2380 3639 2449 est,

2070 2448 2281 2522 anbonis
2312 2447 2364 2500 itr
2413 2450 2587 2522 loturo
2612 2451 2809 2518 judicio
2838 2447 3245 2522 separabantur:
3293 2452 3382 2505 Vel
3417 2447 3482 2506 in
3516 2447 3640 2522 ipsis

2071 2516 2445 2589 dispergentur,
2480 2516 2811 2587 quiaVContra
2850 2516 2992 2589 ipsos
3022 2522 3176 2574 valde
3224 2516 3554 2586 rixabunlur,
3587 2535 3643 2579 et

2070 2586 2171 2640 sibi
2200 2586 2553 2654 displicebant
2598 2591 2836 2644 dicentes
2861 2586 2884 2642 ἶ
2928 2590 3038 2643 Nos
3067 2594 3308 2646 inseruati
3348 2596 3641 2646 a'stimaba—

2069 2672 2182 2709 ntus
2208 2658 2359 2733 citam
2388 2675 2562 2712 eorum
2592 2661 2868 2726 insaniam,
2900 2672 3019 2733 etc.
3043 2662 3130 2715 Vel
3163 2665 3319 2715 etiam
3350 2665 3642 2733 dispergen-

2071 2726 2374 2800 tur_abqbac
2401 2732 2649 2800 praesenti
2682 2732 2955 2797 felicitate,
3007 2730 3058 2784 in
3092 2747 3247 2800 quam
3278 2726 3636 2786 conlideb'ant.

2070 2797 2203 2863 Quia
2231 2797 2298 2851 de
2325 2799 2405 2871 eis
2428 2798 2624 2852 dictum
2656 2813 2737 2854 est
2763 2818 2775 2852 :
2816 2802 3072 2865 Quoniam
3100 2797 3215 2853 cum
3239 2804 3505 2871 interierit,
3537 2822 3643 2857 non

2068 2877 2230 2942 sumet
2255 2870 2448 2942 omnia,
2472 2886 2631 2939 neque
2652 2872 2915 2942 descendet
2958 2888 3073 2924 cum
3101 2887 3158 2924 eo
3181 2874 3345 2938 gloria
3367 2870 3498 2942 ejus.

2141 2935 2208 3012 _Et
2225 2935 2561 3012 excitabitur;
2598 2940 2760 3009 Iniqui
2783 2942 2996 3009 quidem
3014 2935 3405 3010 dispergerttur,
3438 2942 3639 3012 etjusti

2070 3007 2440 3082 s'tlvahutttnr,
2474 3010 2573 3063 hoc
2599 3007 2732 3065 dele
2764 3007 2816 3065 et
2847 3014 3025 3065 dicere
3059 3030 3070 3063 :
3103 3007 3344 3081 sed'quia
3377 3007 3639 3082 ipsepra-

2074 3080 2231 3150 plreta
2279 3080 2475 3150 derillis
2507 3097 2639 3134 unus
2671 3094 2804 3145 erat,
2856 3083 2973 3136 ideo
3006 3097 3099 3149 pro
3130 3082 3375 3137 omnibus
3400 3080 3552 3150 ponit
3578 3100 3638 3138 se

2074 3147 2277 3201 dicens.
2310 3148 2377 3202 Et
2410 3160 2532 3205 tunc
2562 3167 2719 3204 cornu
2762 3168 2947 3215 meum,
2980 3147 3027 3205 id
3055 3164 3157 3217 εει,
3190 3147 3492 3205 sublimitas
3521 3170 3637 3207 mea

2073 3219 2397 3286 excitabitur,
2431 3221 2481 3274 id
2506 3233 2607 3282 est.
2639 3223 2707 3275 ita
2733 3224 3091 3290 comitabitur,
3122 3223 3251 3275 sicut
3273 3224 3462 3277 nterito
3488 3229 3637 3277 exal-

2077 3290 2265 3343 tandus
2295 3301 2375 3345 est
2403 3292 2515 3356 ipse
2546 3292 2634 3360 qui
2676 3303 2757 3347 est
2784 3294 3063 3357 unicornis,
3117 3292 3169 3345 id
3198 3305 3298 3359 est,
3350 3296 3554 3346 mavult
3584 3296 3635 3347 in

2076 3362 2323 3425 priesenti
2354 3376 2470 3415 esse
2494 3363 2830 3431 singulariter
2860 3364 2911 3415 iit
2943 3378 3037 3431 spe
3088 3378 3245 3431 quam
3276 3365 3639 3431 multipliciter

2075 3431 2127 3483 iit
2162 3446 2239 3483 re.
2270 3431 2415 3485 Solet
2440 3433 2596 3485 etiam
2625 3432 2916 3495 unicornis,
2963 3435 3083 3500 quia
3114 3450 3272 3486 nrtutrt
3306 3442 3507 3486 tantum
3538 3435 3635 3486 lia»

2076 3506 2161 3554 bet
2187 3516 2371 3567 cornu,
2409 3517 2503 3570 pro
2526 3506 2726 3556 unitate
2776 3501 3028 3557 Ecclesia
3075 3502 3263 3569 accipi.
3312 3504 3465 3557 Juxta
3495 3508 3635 3569 quod

2076 3570 2162 3624 hic
2188 3572 2345 3623 etiam
2378 3581 2551 3639 potest
2578 3574 2741 3642 accipi
2773 3576 2884 3626 sic:
2921 3573 3089 3625 Cornu
3122 3590 3286 3625 meum
3310 3576 3633 3639 exaltabitur,

2075 3642 2208 3693 sicut
2237 3642 2378 3694 illius
2406 3659 2569 3695 cornu
2602 3646 2792 3697 merito
2822 3646 3190 3710 exaltandum,
3216 3645 3304 3711 qui
3337 3662 3438 3697 non
3481 3660 3634 3712 sepa-

2074 3724 2216 3764 ratus
2247 3722 2329 3765 est
2362 3753 2376 3775 ,
2410 3713 2503 3767 sed
2534 3716 2815 3777 unicornis,
2845 3715 2894 3767 id
2928 3724 3030 3778 est,
3068 3728 3286 3767 manens
3328 3716 3378 3766 itt
3414 3717 3629 3768 unitate.

2074 3780 2221 3834 'l‘unc
2252 3782 2394 3835 enint
2428 3783 2601 3838 unitas
2629 3794 2829 3837 tantum
2866 3785 3225 3848 coronabitur,
3255 3785 3483 3837 scbisma
3507 3801 3634 3839 vero

2074 3852 2429 3906 damnabitur.
2464 3852 2531 3906 Et
2558 3865 2787 3907 senectus
2810 3870 2939 3917 mea,
2976 3856 3025 3908 id
3057 3866 3160 3918 εει,
3192 3856 3483 3922 posteriora
3517 3872 3631 3907 mea

2073 3932 2228 3975 erunt
2257 3926 2307 3975 in
2335 3925 2470 3977 uberi
2517 3926 2883 3988 misericordia,
2919 3942 3020 3978 non
3052 3928 3192 3993 quod
3225 3927 3290 3977 ibi
3320 3930 3387 3980 sit
3430 3927 3634 3979 miseri-

2072 3994 2273 4064 cordia,
2317 3995 2403 4047 ubi
2431 3994 2541 4047 sola
2574 3995 2677 4049 erit
2723 3995 2919 4048 veritas
2950 4013 2961 4048 :
2992 3998 3084 4049 sed
3129 4003 3305 4049 tamen
3343 3998 3463 4063 quia
3494 3997 3628 4064 quod

2075 4063 2158 4115 hic
2185 4065 2603 4119 misericorditer
2636 4065 2975 4131 promittitur,
3029 4067 3099 4119 ibi
3143 4067 3471 4132 implebttur,
3515 4063 3630 4119 ideo

2074 4134 2199 4186 dicit
2227 4134 2297 4187 ibi
2326 4150 2445 4188 esse
2482 4136 2898 4190 misericordiam
2926 4152 2939 4201 ;
2972 4144 3026 4189 et
3055 4135 3174 4203 quia
3214 4138 3356 4203 quati
3389 4152 3525 4189 nunc
3551 4146 3629 4188 est

2076 4203 2128 4256 itt
2162 4218 2276 4270 Spe,
2311 4215 2434 4257 tunc
2460 4207 2560 4257 erit
2581 4207 2634 4259 itt
2667 4220 2742 4267 re,
2776 4207 2898 4259 ideo
2927 4206 3067 4259 uberi
3095 4208 3335 4273 apponit.
3369 4208 3613 4259 Senectu-

2078 4282 2181 4325 tem
2218 4290 2341 4327 vero
2370 4275 2548 4328 statim
2600 4276 2747 4329 illum
2779 4284 2933 4329 vocat
2973 4277 3038 4327 ad
3071 4276 3495 4342 similitudinem,
3527 4278 3629 4328 sci-

2078 4344 2199 4397 litet
2230 4346 2347 4411 quia
2375 4355 2842 4414 quantumcunque
2890 4346 2979 4398 hic
3027 4346 3175 4399 uberi
3223 4347 3525 4412 despecms,
3560 4347 3624 4398 ilti

2078 4420 2324 4482 tanquam
2376 4428 2536 4468 senex
2582 4416 2685 4468 erit
2728 4415 3048 4468 reverendus
3092 4425 3146 4469 et
3176 4420 3535 4468 honorandus.
3566 4417 3628 4468 Et

391 4487 556 4563 nitate
585 4486 709 4563 quid
745 4495 924 4563 parcat
951 4486 1147 4562 impiis,
1198 4487 1409 4563 etquid
1430 4498 1673 4540 reservet
1705 4485 1823 4563 piis.
1847 4486 1955 4539 Νυο
1988 4486 2035 4542 ι)
2060 4486 2240 4549 accipe
2273 4492 2440 4562 totum
2459 4494 2789 4563 pra-sentem
2822 4485 3055 4563 laborem
3105 4494 3223 4552 post
3253 4487 3410 4563 tidem
3452 4500 3625 4563 susce-

394 4558 426 4607 li
458 4554 724 4624 respicere
753 4555 817 4609 ad
847 4554 1164 4624 paucitatem
1217 4554 1424 4610 dierum
1471 4565 1705 4619 tuorum,
1750 4558 1798 4608 iu
1850 4572 1953 4625 qua

394 4640 499 4679 non
559 4637 780 4691 possunt
824 4627 1000 4678 omnia
1054 4627 1331 4693 conrpleri,
1387 4626 1593 4680 scilicet
1651 4638 1703 4679 ut
1748 4635 1798 4678 et
1830 4628 1954 4679 boui

388 4705 815 4759 temunerentnr,
872 4705 924 4748 et
981 4696 1103 4748 mali
1152 4698 1491 4751 damnentur.
1548 4697 1651 4749 Sed
1712 4696 1797 4749 dic
1853 4696 1956 4749 Do-

390 4766 536 4837 mino
556 4766 675 4837 illeo
707 4778 795 4820 tuo
821 4783 834 4818 :
864 4764 1099 4833 Domine,
1124 4784 1275 4836 quam
1302 4768 1629 4837 ntagnifrcitta
1665 4776 1779 4820 sunt
1801 4784 1955 4833 opera

385 4847 473 4887 tua
504 4835 523 4886 .'
553 4836 630 4888 'l‘u
654 4850 895 4889 reservas
916 4837 1092 4889 omnia
1112 4835 1307 4905 judicio
1339 4835 1447 4891 tuo.
1475 4835 1828 4906 Flagellantur
1859 4838 1952 4905 p.i,

384 4906 507 4971 quia
547 4907 883 4974 corriguntur
934 4916 989 4958 at
1042 4906 1131 4976 lilii
1164 4923 1179 4972 ;
1207 4916 1585 4976 prosperantur
1638 4908 1803 4974 impii,
1835 4907 1955 4974 quia

387 4976 779 5046 damnabantur
829 4984 882 5026 ut
912 4975 1054 5046 servi
1103 4975 1341 5046 fugitivi.
1382 4978 1493 5031 Hoc
1546 4988 1726 5031 autem
1782 4977 1956 5045 (quasi

385 5046 529 5099 dicat
558 5045 839 5111 )insipiens
869 5054 915 5098 et
938 5044 1143 5113 stultus,
1166 5044 1259 5115 qui
1296 5048 1575 5101 :etnulatur
1627 5044 1961 5100 Ilorenrillo-

388 5134 527 5181 rutrt,
561 5130 664 5169 non
690 5114 933 5171 attendit.
968 5116 1027 5167 Et
1053 5116 1152 5170 hoc
1192 5114 1305 5177 est,
1339 5120 1477 5183 quod
1510 5118 1675 5170 dicit:
1707 5116 1799 5168 Vn-
1827 5118 1953 5169 insi-

389 5190 530 5257 piens
556 5204 655 5239 non
685 5194 947 5257 coynuscet
974 5188 1091 5250 hoc,
1114 5198 1159 5239 et
1185 5188 1372 5240 stultus
1397 5204 1499 5239 non
1529 5188 1787 5254 intelliget.
1823 5185 1955 5239 Insi-

388 5256 619 5324 pieutetn
671 5268 726 5311 et
752 5257 973 5311 stultuur
1007 5267 1160 5311 vocat
1197 5259 1559 5311 annulatorem
1586 5259 1735 5310 llorts
1786 5258 1957 5309 malo-

386 5344 502 5380 rum
532 5347 541 5379 :
571 5328 908 5396 insipientem
936 5327 1169 5396 quidem,
1202 5329 1322 5397 quia
1352 5344 1454 5381 non
1492 5328 1747 5395 prospicit
1774 5328 1873 5378 sibi
1906 5329 1955 5377 in

388 5403 620 5451 t‘ututunt
652 5414 665 5450 :
697 5400 916 5451 stultum
942 5413 1084 5461 vero,
1113 5400 1234 5467 quia
1265 5414 1369 5451 nott
1396 5400 1623 5451 attendit
1647 5413 1803 5465 quant
1834 5403 1957 5467 lt'a-

383 5469 505 5534 gilia
538 5479 591 5522 et
640 5484 795 5535 quam
826 5468 1003 5521 labilia
1048 5466 1189 5533 sunt,
1238 5486 1357 5537 qua:
1412 5478 1631 5537 appetit.
1666 5471 1728 5520 ει
1754 5466 1841 5533 qui
1874 5468 1955 5517 di—

386 5550 509 5591 cant
541 5554 661 5591 eum
693 5555 795 5591 non
824 5538 1145 5608 intelligere,
1176 5536 1355 5592 subdit
1384 5536 1570 5592 dicens
1602 5556 1611 5590 :
1649 5536 1774 5591 Cum
1797 5537 1959 5589 exorti

386 5610 572 5673 fuerint
603 5618 890 5677 peccatores
912 5618 963 5659 ut
985 5613 1177 5675 tenam,
1208 5609 1344 5674 quod
1370 5608 1520 5662 hodie
1546 5618 1641 5672 est,
1671 5619 1717 5660 et
1766 5623 1878 5661 cras
1905 5608 1957 5658 in

386 5676 642 5730 clibantint
683 5679 915 5731 ntittitur.
966 5680 1122 5740 Quasi
1154 5678 1300 5733 dicat
1330 5695 1343 5732 :
1376 5676 1490 5732 Non
1514 5678 1747 5733 delectet
1771 5689 1822 5731 te
1853 5679 1953 5731 llus

390 5762 601 5811 eorum,
644 5748 750 5800 into
780 5751 1047 5800 deterreat
1080 5759 1127 5802 te
1158 5751 1309 5803 velox
1331 5748 1551 5804 ariditas
1590 5763 1797 5813 eorum,
1832 5747 1950 5817 quia

2060 4563 2226 4625 ptatn,
2260 4556 2408 4622 quasi
2456 4555 2509 4606 ιιι
2537 4555 2899 4622 iuventutem,
2947 4558 3067 4624 quia
3095 4566 3175 4610 est
3204 4557 3451 4625 quaedam
3481 4559 3626 4610 irrua-

2061 4624 2199 4675 vatio
2223 4631 2285 4675 ad
2319 4626 2460 4676 illarrt
2490 4625 2892 4679 beatitudinenr.

2130 4691 2198 4744 Et
2221 4695 2467 4765 despexit.
2498 4694 2661 4759 Quasi
2689 4697 2829 4749 dicat
2854 4713 2866 4747 :
2907 4696 2967 4749 Et
2989 4696 3109 4765 quia
3134 4704 3315 4750 certus
3341 4712 3459 4750 sum
3490 4696 3626 4751 illius

2060 4763 2408 4817 beatitudinis
2438 4768 2646 4829 latone,
2698 4766 2818 4819 ideo
2848 4763 3029 4818 oculus
3067 4781 3231 4827 meus,
3282 4768 3330 4819 id
3356 4775 3459 4829 est,
3496 4778 3625 4820 ratio

2058 4849 2174 4886 mea
2203 4834 2427 4902 despexit
2460 4834 2691 4889 inimicos
2721 4852 2877 4901 meos,
2911 4836 2961 4888 id
2992 4845 3095 4901 εει,
3123 4835 3373 4889 ﬂorentes
3417 4837 3626 4903 impios.

2058 4904 2179 4970 quia
2210 4921 2312 4957 ttott
2344 4906 2510 4957 movit
2555 4920 2639 4958 mc
2671 4908 2998 4974 persecutio,
3032 4909 3112 4959 vel
3160 4907 3259 4959 llos
3300 4920 3511 4960 eorum.
3566 4908 3629 4958 Ει

2057 4989 2259 5047 semper
2293 4988 2386 5026 eos
2413 4976 2724 5047 despic.am,
2777 4977 2897 5043 quia
2928 4976 3329 5047 malignantibus
3369 4978 3627 5047 insurgen-

2060 5044 2189 5095 tibus
2216 5046 2391 5107 inme,
2421 5045 2470 5097 id
2500 5054 2603 5108 est,
2634 5050 2852 5111 quando
2881 5048 3014 5098 mala
3047 5044 3433 5111 persuadentes
3461 5044 3630 5099 in'sur-

2060 5127 2311 5166 rexerunt
2357 5126 2543 5168 contra
2592 5132 2697 5177 me,
2750 5126 2805 5167 ut
2854 5132 2939 5169 me
2967 5123 3270 5169 devocent:
3324 5128 3448 5168 tunc
3492 5118 3629 5167 auris

2059 5199 2203 5247 mea,
2235 5188 2378 5237 auris
2430 5186 2607 5237 cordis
2634 5185 2809 5237 audiet
2860 5202 2889 5238 a
2920 5188 3143 5238 veritate
3172 5187 3272 5237 sibi
3321 5186 3463 5237 intus
3498 5203 3626 5251 pne-

2060 5253 2269 5306 sidente
2301 5256 2399 5307 hoc
2422 5271 2432 5305 :
2455 5255 2571 5308 Noli
2602 5256 2714 5307 istis
2742 5258 3083 5322 acquiescere
3115 5268 3166 5308 ut
3196 5267 3415 5322 appetas
3443 5257 3625 5307 ﬂorern

2060 5336 2273 5377 eorum.
2307 5323 2420 5376 Non
2452 5325 2592 5377 enim
2627 5334 2770 5377 tuum
2801 5336 2881 5378 est
2906 5327 3098 5380 ﬂorere
3118 5341 3181 5379 ex
3214 5336 3475 5391 tempore,
3508 5341 3628 5393 quia

2062 5395 2225 5454 iustus
2254 5395 2454 5460 ﬂorebit
2480 5405 2533 5446 ut
2563 5396 2750 5464 palma,
2776 5394 2828 5448 id
2857 5405 2960 5461 est,
2993 5396 3141 5449 tarde
3169 5399 3343 5449 veniet
3388 5400 3486 5449 llos
3504 5396 3627 5464 justi

2060 5464 2198 5533 sicut
2226 5464 2323 5517 ﬂos
2352 5465 2562 5532 palmae,
2612 5480 2730 5531 qua:
2761 5481 2863 5518 non
2890 5477 3014 5520 ante
3065 5466 3393 5533 trigesimum
3435 5480 3627 5518 annum

2062 5532 2292 5606 l'ructutn
2326 5535 2469 5587 facit.
2504 5533 2594 5606 Vel
2619 5536 2739 5589 ideo
2766 5537 2895 5588 sicut
2922 5538 3117 5606 patina,
3140 5532 3262 5604 quia
3290 5537 3429 5591 sicut
3454 5537 3626 5600 palma

2062 5604 2112 5674 in
2144 5613 2329 5659 trunCo
2367 5616 2450 5658 εει
2502 5605 2729 5672 bisptda,
2778 5608 2829 5659 in
2871 5604 3175 5660 summitate
3217 5620 3343 5661 vero
3390 5608 3629 5674 pulcher-

2062 5673 2215 5745 rima,
2261 5675 2329 5726 ita
2369 5675 2628 5729 bonorum
2663 5677 2763 5730 vita
2806 5678 2854 5729 ιιι
2899 5678 3156 5745 principio
3193 5686 3280 5733 est
3307 5673 3457 5744 quasi
3491 5678 3626 5731 [teda

2062 5754 2113 5798 ct
2134 5744 2362 5816 hispida,
2400 5745 2452 5800 in
2477 5746 2581 5801 line
2607 5760 2734 5802 vero
2757 5747 2859 5801 erit
2883 5744 3287 5816 jucundissitua.
3316 5748 3381 5800 bt
3404 5748 3523 5802 ideo
3547 5751 3626 5815 ju-
