4026 6200
453 321 555 378 983

933 328 1132 383 ΒΕῡῶ
1174 326 1622 383 νΕΝΕιιΑΒιιιε
1660 329 1813 384 ΟΡΡ.
1854 327 1989 383 PAR

2095 325 2133 381 Ι.
2166 326 2357 382 SEC'I‘.
2396 327 2458 382 11.
2499 358 2563 368 -
2608 327 2807 382 DUBIA
2852 327 2934 382 ET
2975 326 3239 384 SPURIA.

3579 331 3684 384 934

448 442 991 510 omnemsuperbiam
1023 453 1079 496 et
1109 440 1355 496 hostilem
1388 444 1680 510 potentiam
1726 440 1893 495 fortes
1923 455 2004 493 es-
2039 440 2085 498 A
2115 439 2335 495 Actibus
2364 440 2724 510 apostolorum
2759 438 2949 510 legitur
2975 457 2987 491 :
3021 439 3180 494 Stans
3209 441 3259 492 in
3292 442 3455 495 medio
3485 446 3686 505 aperuit

455 519 595 563 sent.
641 509 736 564 Vel
764 509 952 565 aliter.
1000 509 1279 564 Prtecinarit
1322 509 1760 571 sefortitndine.
1794 511 1844 563 id
1890 517 2006 570 est,

453 589 576 634 ante
605 595 661 632 se
689 580 851 633 cinxit
881 580 1237 635 fortitudinem
1257 622 1271 643 ,
1297 582 1346 635 id
1374 590 1488 644 est,
1523 581 1851 647 patientiam.
1879 580 2008 646 Quia

454 663 552 702 nos
588 649 912 703 detractores
952 653 1179 718 patimur
1217 662 1266 706 et
1300 658 1420 718 post
1448 651 1663 703 dorsum
1695 660 1749 703 et
1776 660 1898 704 ante
1928 649 2006 701 fa-

454 719 610 770 ciem.
648 719 708 770 lit
739 719 856 772 ideo
896 719 1201 787 patientiam
1247 721 1505 775 debemus
1547 720 1745 775 habere
1789 721 2009 785 prtecin-

458 798 595 839 ctam
621 829 632 847 ,
666 787 715 841 id
744 798 824 840 est
846 828 860 851 ,
890 797 1012 844 ante
1039 793 1219 843 oculos
1249 792 1474 843 maxime
1507 790 1760 854 positam,
1793 791 1856 841 ad
1890 792 2008 843 illos

456 855 545 926 qui
576 855 825 910 insultant
856 859 1008 912 nobis
1039 861 1089 912 in
1124 859 1310 914 faciem
1335 901 1349 922 ,
1382 875 1447 914 ne
1477 861 1674 912 malum
1724 873 1818 926 pro
1868 860 2006 911 malo

450 925 733 979 reddamus
752 968 768 991 ,
809 929 903 982 sed
932 945 962 982 e
991 933 1259 983 contrario
1303 930 1699 983 benedicamus.
1730 925 2004 981 Patientia

447 996 588 1049 enim
622 1000 915 1051 necessaria
948 1009 1061 1065 est,
1099 1008 1155 1052 ut
1195 1010 1527 1065 reportamus
1574 1000 2003 1065 promissionem.

450 1064 704 1137 Potestet
730 1068 882 1121 aliter
908 1068 1009 1122 dici
1032 1064 1053 1132 ,
1075 1064 1297 1122 Indutus
1323 1079 1393 1122 est
1420 1072 1649 1122 decorem
1679 1080 1724 1120 et
1756 1069 2006 1137 fortitudi-

448 1151 582 1188 nem.
617 1135 871 1191 Dccorem
901 1137 1041 1192 enim
1087 1140 1294 1203 induit,
1326 1141 1573 1205 quoniam
1605 1135 1878 1206 assumptis
1909 1140 2002 1189 tri—

449 1206 540 1257 bus
572 1206 869 1273 discipulis,
902 1209 1126 1261 ascendit
1155 1211 1205 1260 in
1239 1220 1487 1270 montem,
1521 1218 1567 1259 et
1612 1211 2003 1277 transﬁguratus

445 1284 520 1327 est
547 1286 661 1329 ante
690 1292 791 1329 eos.
842 1277 1226 1332 Fortitudinem
1258 1294 1385 1331 vero
1416 1278 1619 1339 induit,
1651 1282 1860 1344 quando
1908 1278 2003 1329 ini-

452 1346 604 1399 micis
645 1348 1003 1414 qutrrentibus
1050 1363 1107 1403 se
1153 1348 1447 1411 respondit,
1475 1348 1584 1413 Ego
1626 1364 1771 1412 sum,
1821 1347 2002 1401 ethoc

450 1416 564 1466 solo
595 1415 755 1469 verbo
782 1432 875 1470 eos
907 1419 1208 1485 prostravit.
1241 1418 1368 1471 ltem
1403 1417 1763 1471 fortitudinem
1800 1417 1997 1483 induit,

444 1486 653 1549 quando
679 1487 883 1556 ﬂagello
906 1490 1039 1554 facto
1060 1489 1120 1541 de
1143 1488 1401 1557 funiculis,
1427 1488 1691 1540 uendentes
1716 1499 1763 1540 et
1784 1498 2001 1540 ementes

448 1557 515 1607 de
557 1558 740 1626 templo
786 1558 951 1622 eiecit.
1002 1558 1095 1611 Vel
1139 1560 1291 1611 aliter
1338 1559 1560 1612 habetur
1592 1558 1641 1610 in
1676 1557 1997 1626 Evangelia,

446 1624 583 1691 quod
614 1624 821 1696 quidam
862 1628 925 1680 de
962 1643 1018 1681 eo
1063 1630 1293 1682 dicebant
1332 1632 1449 1696 quia
1480 1628 1637 1680 bonus
1666 1637 1767 1690 est;
1796 1624 1884 1680 alii
1909 1644 1999 1678 au-

444 1706 590 1747 tem:
618 1697 774 1760 Non,
803 1697 892 1749 scd
920 1700 1112 1750 seducit
1159 1698 1349 1751 turbas.
1400 1699 1465 1750 Et
1510 1699 1643 1750 inter
1690 1700 1785 1749 hos
1830 1697 1998 1749 induit

2114 524 2170 560 os
2200 525 2349 561 suum
2382 520 2429 561 et
2459 510 2585 561 dixit
2610 524 2629 561 :
2667 508 2773 560 Viri
2815 513 3026 576 fratres,
3062 521 3166 563 etc.
3196 511 3451 565 Similiter
3494 521 3548 565 et
3593 514 3681 564 alii

2113 578 2464 647 audacissime
2489 581 2685 647 quique
2715 590 2893 642 prtese
2923 579 3180 633 fecerunt.
3213 581 3275 632 Et
3304 583 3402 633 hoc
3432 592 3508 633 est
3542 578 3683 647 quod

2110 648 2238 700 dicit
2268 667 2279 701 :
2315 646 2557 701 Flumina
2586 662 2705 716 quae
2737 648 2882 718 prius
2913 649 3233 714 timuerunt,
3276 651 3401 704 dum
3441 653 3591 718 quasi
3630 653 3685 706 in

2111 728 2281 789 morte
2310 729 2363 772 ει
2394 722 2636 785 passione
2671 717 2880 789 Domini
2907 719 3354 784 deSpe:°averttot,
3399 717 3521 789 post
3563 723 3685 787 Spi~

2109 788 2243 841 ritus
2289 790 2455 841 sancti
2504 786 3007 850 confirmationem,
3057 790 3144 857 qui
3198 786 3443 845 timorem
3490 786 3679 845 eorum

2108 860 2265 912 vortit
2307 859 2356 910 in
2407 873 2676 922 amorem,
2721 873 2888 909 vocem
2930 875 3075 911 suam
3116 861 3451 913 elevaverunt.
3488 860 3681 914 Vocem

2106 941 2292 992 suam,
2326 929 2375 980 id
2401 940 2480 979 est
2501 968 2516 990 ,
2546 926 2847 993 Christum,
2879 927 3195 983 fiducialiter
3221 931 3682 996 prtedicaverunt;

2105 999 2448 1062 elevaverunt,
2483 1013 2607 1050 vere
2636 998 2757 1050 dico
2775 1038 2791 1059 ,
2819 999 3035 1066 ﬂumina
3061 1015 3230 1051 vocem
3256 1016 3421 1052 suam.
3471 1001 3683 1053 lteratio

2105 1077 2188 1120 est
2237 1067 2301 1120 ad
2347 1068 2840 1129 confirmationem,
2890 1076 2944 1122 et
2990 1082 3094 1120 non
3142 1069 3312 1121 solum
3360 1069 3679 1122 elevaverunt

2104 1151 2274 1189 vocem
2303 1137 2355 1189 in
2388 1139 2489 1207 leni
2521 1136 2901 1201 admonitione,
2928 1138 3021 1190 sed
3051 1140 3208 1191 etiam
3236 1139 3554 1192 elevaverunt
3579 1143 3680 1207 ﬂu-

2103 1218 2215 1258 ctus
2241 1222 2378 1271 suos,
2405 1206 2456 1258 id
2484 1217 2597 1264 est.
2623 1207 3063 1261 comminationes
3090 1224 3246 1273 suas,
3274 1208 3514 1262 dicentes
3541 1228 3551 1261 :
3580 1206 3680 1263 Va:
3762 1208 3770 1217 ’

2105 1278 2302 1347 mundo
2314 1294 2347 1347 α
2377 1277 2660 1340 scandatis;
2687 1288 2773 1332 et:
2806 1276 2895 1329 γω
2918 1278 3052 1330 vobis
3077 1279 3173 1331 nisi
3197 1279 3540 1343 pwnitentiam
3562 1299 3677 1347 egeo

2103 1346 2234 1400 ritis.
2266 1345 2481 1400 Fluctus
2505 1347 2625 1400 dico
2652 1347 2906 1400 adauctos
2932 1363 2963 1398 a
2989 1348 3190 1400 vocibus
3215 1365 3461 1415 aquarum
3491 1345 3677 1403 multa-

2100 1430 2251 1481 rum,
2300 1416 2350 1469 id
2397 1427 2512 1481 est,
2557 1418 2840 1471 multorum
2886 1418 3232 1483 populorum;
3266 1419 3677 1483 prmdicantibus

2100 1488 2241 1538 enim
2273 1486 2474 1540 sanctis
2503 1488 2789 1554 apostolis,
2822 1489 2999 1541 statim
3041 1488 3192 1541 multi
3223 1488 3594 1551 crediderunt,
3623 1501 3677 1543 et

2101 1556 2260 1607 etiam
2289 1556 2543 1622 Spiritum
2567 1569 2806 1610 sanctum
2833 1569 3155 1623 acceperunt
3176 1598 3191 1616 .
3238 1568 3292 1611 et
3315 1561 3392 1611 sic
3420 1560 3571 1611 multi
3609 1576 3672 1612 ex

2101 1626 2176 1677 eis
2213 1641 2380 1679 vocem
2417 1624 2765 1692 elevaverunt,
2806 1626 2855 1680 id
2907 1636 3019 1689 est,
3068 1624 3335 1680 Christum
3384 1629 3672 1693 praedicare

2098 1704 2396 1764 coeperunt.
2448 1697 2514 1751 Et
2562 1696 2680 1750 ideo
2728 1707 2874 1749 tanto
2913 1696 3205 1750 fiducialius
3242 1703 3408 1750 sancti
3449 1700 3674 1766 apostoli

443 1766 690 1818 decorem
718 1775 771 1820 et
802 1766 1192 1842 fortitudinem,
1221 1768 1531 1842 quiautalem
1580 1767 1814 1842 habitum
1864 1780 1994 1833 pro-
2035 1784 2074 1842 Β
2106 1780 2286 1842 vocem
2320 1780 2468 1819 suam
2497 1767 2710 1842 elevare
2739 1776 3045 1842 potuerunt.
3081 1767 3171 1820 Vel
3212 1767 3407 1842 aliter:
3448 1770 3671 1833 Quando

449 1842 566 1900 pter
595 1845 827 1889 nostram
875 1835 1273 1889 instructionem
1316 1835 1417 1889 sibi
1464 1838 1769 1901 assumpsit,
1805 1847 1859 1887 ut
1904 1851 2001 1891 nec

444 1903 800 1975 delectaretur
828 1906 1006 1975 lingua
1034 1905 1356 1959 laudantium
1378 1946 1391 1967 ,
1424 1920 1520 1959 nec
1544 1907 1873 1975 frangeretur
1902 1907 2003 1960 lin-

444 1988 540 2037 gua
574 1973 1002 2039 vituperantium.
1032 1977 1179 2042 Quod
1214 1990 1341 2030 vere
1361 1987 1412 2029 et
1432 1973 1681 2030 decorum
1706 1974 1803 2029 fuit
1824 2018 1837 2041 ,
1862 1986 1914 2030 et
1937 1977 1999 2031 ad

443 2058 686 2111 magnam
716 2046 1072 2101 fortitudinem
1106 2048 1375 2112 pertinuit.
1404 2048 1466 2099 Et
1494 2048 1614 2100 huic
1642 2049 1848 2115 utrique
1880 2061 2002 2101 sen-

446 2117 629 2185 tentiae
653 2116 929 2183 praecinxit
955 2132 1012 2171 se
1042 2115 1384 2185 fortitudine,
1414 2126 1471 2169 ut
1506 2117 1770 2185 posterius
1800 2117 1998 2171 dietum

442 2194 557 2255 est_,
589 2184 741 2255 plane
767 2196 919 2255 potes
945 2187 1215 2254 adaptare.

506 2251 711 2306 Etenim
737 2251 956 2321 ﬁrmarit
984 2251 1152 2310 orbem
1181 2266 1349 2312 terrae.
1386 2256 1519 2310 Vere
1560 2255 1806 2310 Dominus
1848 2258 2000 2310 indu-

441 2335 519 2398 lus
548 2333 622 2378 est
652 2324 880 2398 decorem
927 2336 975 2380 et
1019 2328 1398 2398 fortitudinem,
1509 2334 1625 2393 cst,
1674 2328 1900 2382 decoros
1946 2337 1998 2398 ct

440 2393 623 2460 fortes,
647 2397 765 2464 quia
796 2393 1391 2465 ﬁrmavit'orbemterraz,
1426 2396 1476 2450 id
1507 2407 1609 2462 est,
1641 2402 1728 2464 qui
1765 2398 1911 2465 prius
1942 2397 1994 2450 in

441 2466 663 2518 terrenis
706 2466 963 2521 volubiles
1005 2478 1157 2522 erant
1200 2478 1254 2521 et
1295 2468 1569 2521 instabiles
1614 2477 1672 2519 ut
1713 2470 1895 2533 orbis,
1944 2469 1995 2521 in

446 2533 551 2587 tide
580 2534 794 2589 stabiles
823 2546 876 2589 et
906 2538 1204 2591 immobiles
1253 2536 1397 2591 fecit.
1434 2536 1523 2589 Vel
1571 2537 1791 2601 ﬁrmavit
1830 2538 1996 2590 orbem

440 2603 700 2675 lerrtBJd
732 2617 811 2658 est
833 2649 846 2672 ,
882 2608 1012 2660 tales
1042 2606 1198 2673 fecit,
1230 2607 1319 2675 qui
1370 2621 1469 2660 nec
1498 2607 1868 2659 mollescerent
1896 2607 1993 2658 litt-

444 2687 545 2745 gua
578 2674 935 2745 adulantium,
973 2690 1071 2731 nec
1097 2674 1467 2745 frangerentur
1508 2677 1683 2743 lingua
1711 2677 1995 2730 detrahen-

436 2743 596 2816 tium;
626 2744 795 2816 orbem
828 2755 1002 2814 terrm,
1034 2745 1185 2811 dico,
1215 2743 1298 2816 qui
1329 2762 1428 2800 non
1460 2746 1866 2801 commovebitur.
1903 2748 1995 2802 Est

438 2811 577 2887 enim
609 2814 819 2887 quidam
847 2811 998 2887 orbis
1024 2826 1179 2871 terra:
1204 2811 1290 2887 qui
1320 2833 1423 2870 non
1450 2816 1857 2887 commovebitur,
1890 2818 1993 2870 sci-

437 2879 592 2955 licet,
626 2879 859 2955 haeretici
882 2924 897 2949 ,
928 2900 1150 2953 quorum
1183 2879 1357 2940 motus
1385 2888 1601 2955 exponit
1642 2886 1793 2940 nobis
1836 2879 1992 2955 Apo-

430 2950 599 3025 s‘tol‘us
627 2953 678 3007 in
709 2966 854 3022 parte
883 2950 1063 3009 dicens
1088 2973 1101 3007 :
1136 2956 1210 3008 De
1236 2957 1413 3025 quibus
1456 2950 1572 3007 sunt
1606 2950 1918 3023 Hymena'u's
1945 2967 1992 3009 et

436 3018 668 3092 Philetas
689 3018 819 3092 [qui
848 3028 981 3078 circa
1007 3018 1266 3080 veritatem
1296 3025 1529 3078 aberrant
1570 3018 1788 3078 dicEntes
1817 3040 1989 3078 resur-

431 3091 701 3145 rectionem
722 3091 837 3165 jam
867 3110 973 3149 esse
1000 3098 1221 3164 factam,
1253 3106 1299 3149 et
1327 3096 1657 3161 quorumdam
1688 3094 1842 3161 ﬁdem
1869 3096 1988 3147 sub-

436 3170 658 3218 vertant.
685 3165 816 3228 Quis
839 3174 1013 3219 autem
1045 3166 1114 3218 sit
1155 3165 1298 3219 orbis
1341 3165 1426 3232 qui
1451 3180 1552 3218 non
1581 3165 1987 3231 commovebitur,

436 3232 822 3303 subsequenter
851 3235 1018 3302 aperit
1041 3235 1223 3289 dicens
1250 3251 1263 3287 :
1298 3232 1528 3287 Firmum
1552 3243 1653 3287 stat
1687 3237 1993 3303 fundamen-

431 3310 555 3376 tum.
585 3302 743 3376 Novit
771 3305 901 3357 enim
930 3303 1176 3359 Dominus
1203 3306 1290 3372 qui
1319 3316 1435 3357 sunt
1462 3306 1571 3376 ejus
1594 3322 1612 3368 ;
1640 3302 1696 3357 et
1718 3322 1732 3359 :
1768 3305 1992 3359 Rccedat

431 3368 495 3425 ab
512 3372 786 3446 iniquitate
802 3376 976 3446 omnis
1002 3377 1088 3444 qui
1113 3368 1312 3429 invocat
1340 3368 1519 3446 nomen
1547 3378 1675 3446 ejus.

502 3439 694 3513 Parant
720 3444 861 3498 sedes
893 3439 1364 3513 tuaprostropha
1397 3446 1462 3498 ad
1496 3439 1795 3499 Dominum.
1826 3446 1989 3513 Quasi

428 3511 604 3567 dicat:
638 3511 885 3569 Firmasti
921 3511 1135 3586 quidem
1176 3515 1342 3571 orbem
1383 3525 1564 3578 terrm,
1601 3525 1654 3569 ct
1691 3518 1791 3569 huc
1830 3511 1990 3571 modo

429 3596 606 3657 parata
646 3595 727 3639 est
767 3587 908 3640 sedes
951 3596 1067 3652 tua,
1099 3601 1164 3640 ea:
1206 3597 1359 3648 tunc,
1390 3587 1624 3648 scilicet,
1657 3586 1738 3639 vel
1780 3601 1843 3640 ex
1884 3602 1989 3657 quo

432 3654 675 3726 Dominus
713 3656 938 3726 regnavit
958 3696 973 3719 ,
1013 3657 1095 3710 vel
1139 3671 1202 3710 ex
1232 3671 1336 3725 quo
1366 3667 1504 3710 terra
1536 3656 1746 3708 fundata
1778 3666 1879 3710 est.
1902 3654 1989 3711 Ἐι

425 3724 696 3789 quamvis,
727 3724 880 3794 quasi
909 3727 1082 3792 dicat,
1115 3740 1177 3780 ex
1221 3724 1458 3792 tempore
1495 3735 1672 3795 parata
1710 3726 1851 3779 sedes
1896 3727 1985 3781 tibi

424 3802 537 3859 est,
578 3804 700 3848 tunc
737 3796 895 3850 sedes
933 3806 1014 3851 est
1051 3804 1279 3860 mterna,
1310 3795 1429 3865 quia
1468 3806 1521 3848 tu
1549 3812 1600 3847 es
1628 3812 1658 3846 α
1687 3796 1904 3860 siccato,
1935 3806 1989 3850 et

423 3872 476 3915 tu
505 3879 564 3935 es
587 3874 836 3920 mternus.
858 3869 983 3921 Δὶὠν
1005 3865 1140 3935 apud
1167 3865 1380 3919 Grtccos
1406 3865 1706 3935 ambiguum
1732 3876 1811 3920 est
1827 3909 1840 3929 ,
1865 3867 1986 3935 quia

428 3934 638 4005 ponitur
666 3946 718 3988 et
749 3950 846 4002 pro
875 3934 1071 3991 saeculo
1098 3945 1153 3991 et
1181 3952 1276 4005 pro
1307 3946 1508 3990 aeterno
1535 3934 1635 4001 ,ει
1665 3936 1782 3990 ideo
1815 3934 1985 3991 Latini

428 4002 746 4074 interpretes
789 4021 934 4074 saepe
974 4002 1312 4062 inveniuntur
1352 4007 1590 4073 posuisse
1631 4023 1726 4069 pro
1763 4015 1983 4061 :rterno.

426 4072 593 4146 Sedes
622 4073 710 4126 Dei
741 4072 963 4146 sunt'illi
994 4077 1045 4129 in
1072 4078 1264 4145 quibus
1294 4072 1431 4129 Deus
1458 4076 1735 4130 inhabitat.
1768 4076 1840 4129 De
1868 4079 1988 4146 qui-

427 4144 655 4215 busper
695 4144 1002 4211 prophetam
1043 4144 1276 4200 dicitur:
1321 4146 1491 4215 Super
1528 4162 1675 4213 quem
1713 4144 1986 4214 requiescet

418 4212 631 4279 spiritus
653 4228 813 4277 meus,
846 4215 944 4267 nisi
972 4231 1123 4284 super
1147 4218 1368 4284 quietum
1395 4212 1443 4268 et
1481 4212 1754 4281 humilem,
1782 4212 1847 4269 'et
1888 4227 1987 4269 tre-

423 4292 634 4355 mentem
664 4285 813 4355 verba
845 4285 993 4338 mea?
1033 4285 1159 4340 Esto
1186 4301 1313 4355 ergo
1344 4295 1396 4339 tu
1425 4288 1635 4354 quietus
1654 4324 1669 4350 ,
1704 4301 1807 4340 non
1839 4288 1984 4340 riso-

421 4367 543 4425 sus:
578 4353 790 4408 Immitis
810 4399 823 4421 ,
846 4369 967 4425 non
1012 4353 1270 4425 superbus
1300 4372 1314 4420 ;
1355 4366 1406 4410 et
1445 4353 1523 4409 sic
1551 4358 1659 4411 eris
1684 4358 1837 4425 sedes
1866 4356 1982 4411 Dei.

421 4421 602 4497 Neque
631 4425 775 4497 timet
818 4421 1093 4497 timentem
1138 4422 1227 4497 [F.
1262 4428 1389 4479 time
1417 4424 1708 4497 tenentem]
1738 4428 1789 4480 in
1820 4439 1871 4481 te
1896 4441 1984 4483 se-

419 4494 538 4546 dem
558 4534 574 4557 ,
604 4494 725 4561 quia
767 4496 881 4562 ipse
910 4494 1302 4549 firmavit'eam.

492 4562 825 4636 Elevaverunt
852 4566 1066 4634 ﬂumina
1090 4568 1299 4636 ﬂuctus.
1331 4564 1491 4631 Quasi
1523 4566 1663 4620 dicat
1692 4585 1703 4619 :
1736 4567 1815 4621 Ad
1848 4567 1985 4624 hanc

419 4634 597 4687 sedem
639 4644 779 4707 tuam
826 4634 1111 4702 parandam
1154 4638 1407 4707 ﬂumina,
1449 4652 1567 4703 quae
1606 4639 1751 4704 prius
1792 4639 1986 4692 timue-

419 4712 573 4775 r_unt,
603 4705 913 4758 elevaverunt
943 4723 1111 4760 vocem
1139 4705 1305 4761 suam.
1349 4707 1589 4760 Flumina
1632 4709 1825 4775 accipit
1866 4710 1984 4762 illos

420 4771 486 4845 de
512 4776 815 4845 ventre,_id
846 4786 956 4841 est,
1000 4778 1068 4830 de
1115 4777 1405 4843 memoria,
1452 4792 1674 4845 quorum
1718 4771 1987 4833 fluxerunt

425 4842 477 4894 itt
508 4853 692 4912 gentes
720 4843 1051 4901 abundanter
1080 4848 1371 4913 Spiritualia
1394 4842 1574 4908 dona,
1605 4848 1654 4901 id
1698 4858 1781 4902 est
1803 4890 1815 4911 ,
1859 4862 1982 4901 san-

416 4915 861 4984 ctos__apostotos.
908 4914 1108 4969 Horum
1157 4928 1331 4971 autem
1380 4917 1659 4970 fluminum
1706 4927 1897 4984 caput,
1932 4917 1982 4970 id

417 4991 495 5033 est
539 4982 693 5055 fons,
713 4995 793 5036 est
837 4986 924 5038 ille
946 5025 961 5047 ,
993 4987 1077 5055 qui
1125 4988 1254 5040 dixit
1282 5004 1295 5039 :
1330 4988 1391 5042 Si
1421 4988 1534 5055 quis
1561 4988 1694 5048 sitit,
1723 4982 1886 5041 veniat
1915 4987 1984 5039 ad

417 5065 523 5123 me,
552 5061 598 5105 et
624 5052 776 5105 bibat.
814 5055 917 5120 Qui
943 5052 1101 5107 credit
1133 5057 1182 5108 in
1213 5074 1290 5109 me
1309 5098 1321 5117 ,
1352 5052 1484 5110 sicut
1517 5057 1640 5109 dicit
1672 5057 1944 5123 Scriptura
1967 5098 1982 5121 ,

414 5122 627 5196 [Iuntina
652 5122 716 5174 de
742 5134 910 5177 ventre
934 5128 1042 5196 ejus
1067 5128 1225 5194 [luent
1251 5143 1397 5195 aqua:
1422 5129 1565 5180 vivw.
1596 5126 1680 5196 De
1701 5127 1781 5179 his
1796 5122 1984 5178 illumi-

417 5190 569 5264 nibus
594 5207 752 5245 unum
779 5236 793 5261 ,
822 5190 967 5258 quod
991 5190 1143 5248 valde
1170 5190 1315 5262 prius
1343 5196 1583 5249 timidum
1614 5195 1742 5258 fuit,
1774 5196 1985 5264 quando

414 5260 480 5314 ad
512 5276 697 5315 vocem
728 5263 936 5317 ancilla:
980 5274 1062 5318 ter
1102 5260 1343 5334 negavit,
1379 5267 1429 5319 id
1460 5276 1570 5329 est,
1605 5260 1827 5330 Petrus',
1861 5276 1985 5318 tunc

413 5346 595 5403 vocem
623 5348 771 5386 suam
802 5334 1054 5388 audacter
1082 5334 1309 5401 levavit,
1337 5336 1569 5403 quando,
1597 5336 1725 5402 ipsis
1753 5335 1986 5388 dimissis

412 5417 440 5452 a
469 5402 790 5470 principibus
812 5417 864 5456 ct
888 5406 1274 5471 sacerdotibus,
1313 5402 1587 5473 pnstquam
1610 5420 1703 5458 eos
1747 5406 1983 5458 incarce-

418 5482 688 5543 taverunt,
706 5482 758 5526 et
784 5475 1181 5543 flagellaverunt
1204 5486 1254 5527 ct
1285 5490 1351 5530 ne
1368 5475 1592 5542 amplius
1611 5478 1659 5528 in
1683 5474 1875 5529 Christi
1900 5488 1988 5526 no-

414 5543 557 5613 mine
576 5541 914 5609 loquerentur
935 5545 1244 5610 edixerunt,
1274 5541 1529 5599 audacter
1552 5544 1850 5613 respondit:
1884 5543 1986 5597 Vos

412 5610 631 5685 iudicate
646 5613 689 5661 si
696 5612 890 5685 justum
906 5623 977 5665 est
999 5613 1104 5667 Deo
1123 5617 1284 5685 magis
1302 5613 1504 5669 obedire
1525 5610 1678 5683 quam
1699 5615 1853 5667 vobis.
1874 5613 1985 5667 Nos

411 5680 537 5753 gum
564 5695 675 5753 qua;
700 5683 979 5734 audiuimus
994 5694 1039 5736 et
1056 5680 1268 5736 vidimus
1293 5700 1393 5737 non
1419 5680 1557 5751 loqui
1585 5702 1679 5737 non
1702 5700 1981 5753 possumus.

418 5738 758 5801 Tunc'etiam
804 5766 928 5805 vere
977 5766 1156 5808 vocem
1200 5755 1455 5822 elevavit,
1485 5738 1731 5824 quando',
1766 5757 1901 5809 sicut
1932 5757 1982 5809 in

2019 3126 2066 3189 C

2104 1837 2273 1889 sancti
2303 1837 2529 1903 apostoli
2572 1836 2775 1889 dimissi
2817 1843 2942 1890 sunt
2981 1852 3009 1887 a
3051 1836 3413 1891 sacerdotibus
3441 1847 3496 1891 et
3523 1841 3669 1905 prin-

2104 1906 2335 1972 cipibus,
2366 1915 2421 1958 ut
2450 1920 2607 1971 supra
2639 1906 2901 1971 diximus,
2933 1907 2999 1957 ad
3028 1921 3152 1960 suos
3181 1916 3440 1961 venerunt
3465 1917 3520 1962 et
3548 1924 3669 1961 nar-

2103 1984 2353 2028 raverunt
2396 1975 2476 2029 eis
2521 1990 2850 2044 quzecunque
2896 1975 3142 2029 dixerant
3186 1978 3269 2031 vel
3317 1976 3553 2031 fecerant
3591 1979 3670 2032 eis

2103 2045 2373 2112 principes
2403 2055 2457 2099 et
2500 2045 2826 2100 sacerdotes.
2860 2047 2926 2099 At
2969 2045 3045 2098 illi
3088 2048 3190 2100 hoc
3233 2048 3506 2100 audientes
3535 2063 3665 2101 una-

2100 2115 2312 2169 nimiter
2355 2118 2662 2169 levaverunt
2702 2130 2889 2168 vocem
2933 2114 3364 2182 dicentes:.Tu,
3415 2117 3665 2177 Domine,

2100 2184 2262 2265 [iecisti
2293 2183 2471 2238 caelum
2494 2195 2555 2265 et.
2564 2195 2755 2265 terram
2774 2228 2788 2249 ,
2806 2195 2923 2265 etc.
2951 2184 3104 2265 Etlex
3134 2187 3221 2265 tali
3246 2188 3666 2265 aggralulatione

2099 2254 2323 2309 istorum
2357 2256 2576 2322 apostoli
2608 2254 3074 2318 confortatisnnt,
3109 2264 3166 2307 ut
3208 2254 3522 2308 non'snlum
3570 2272 3659 2306 vo-

2097 2340 2212 2377 cem
2243 2324 2615 2378 admonitionis
2636 2366 2651 2389 ,
2683 2326 2775 2379 sed
2806 2325 2965 2377 etiam
3008 2325 3197 2380 fluctus
3235 2325 3661 2381 comminui-mis

2096 2396 2386 2447 «levarent.
2408 2395 2483 2465 Et
2507 2409 2633 2449 ecce
2660 2395 2854 2447 factum
2880 2404 2960 2446 est
2986 2396 3123 2464 quod
3150 2397 3410 2465 sequitur,
3439 2397 3658 2461 scilicet,

2096 2464 2236 2533 quod
2267 2464 2522 2518 mirabiles
2552 2465 2793 2517 elationes
2836 2465 3023 2528 maris,
3055 2465 3106 2519 id
3148 2464 3260 2531 est,
3295 2465 3569 2533 gentilium
3603 2468 3655 2519 in

2096 2535 2378 2589 sterilitate
2407 2549 2504 2588 sua
2535 2533 2938 2587 amaricanlium
2985 2544 3168 2588 contra
3212 2549 3304 2588 eos
3350 2536 3653 2589 insurrexe-

2095 2613 2238 2655 runt.
2262 2604 2409 2657 Tunc
2427 2605 2567 2658 enim
2598 2604 2846 2658 frendens
2875 2605 2956 2657 leo
2974 2607 3207 2658 occurrit
3234 2605 3501 2671 Samsoni,
3527 2622 3659 2659 uxo—

2096 2688 2206 2725 rem
2234 2674 2300 2727 ab
2328 2674 2610 2742 allophylis
2649 2674 2858 2727 ducenti
2884 2714 2898 2737 ,
2922 2682 2977 2726 ut
3006 2690 3162 2741 supra
3190 2674 3392 2728 dictum
3417 2687 3519 2728 est.
3549 2677 3652 2729 Sed

2094 2758 2211 2808 qua:
2242 2743 2410 2796 cura?
2437 2744 2586 2796 Nulla
2609 2784 2624 2807 ,
2671 2743 2901 2807 scilicet,
2948 2744 3069 2809 quia
3117 2743 3365 2798 Dominus
3411 2747 3659 2800 mirabilis

2095 2812 2193 2865 fuit
2220 2813 2273 2864 in
2300 2814 2420 2865 altis
2450 2813 2554 2866 illis
2587 2813 2908 2867 elationihus
2949 2813 3332 2879 deprimendis.
3377 2814 3475 2878 Qui
3517 2816 3657 2868 enim

2096 2884 2241 2945 prius
2286 2883 2511 2953 pedibus
2563 2897 2708 2936 mare
2735 2884 3167 2949 conculcaverat,
3202 2885 3314 2952 ipse
3356 2886 3659 2953 superbiam

2091 2953 2365 3020 gentilium
2392 2952 2717 3020 subjugavit.

2160 3020 2467 3074 Testimonia
2495 3032 2581 3074 tua
2610 3022 2891 3075 credibilia.
2929 3023 2989 3075 Et
3022 3023 3143 3091 quia
3172 3037 3319 3080 mare
3349 3035 3523 3079 tantas
3550 3027 3654 3081 ela-

2098 3090 2271 3145 tiones
2298 3093 2616 3157 concitavit,
2645 3093 2763 3147 ideo
2790 3093 2962 3157 nimis,
2995 3092 3043 3145 id
3076 3103 3188 3156 est,
3220 3095 3369 3149 valde
3395 3097 3653 3149 credibilia

2093 3164 2241 3235 facta
2261 3171 2372 3235 sunt
2401 3163 2469 3215 ab
2494 3163 3061 3235 apostolisltestimonia
3105 3173 3192 3235 lua
3214 3205 3227 3227 ,
3277 3166 3327 3217 id
3372 3175 3455 3235 est
3479 3208 3494 3231 ,
3542 3182 3659 3235 quas

2093 3238 2188 3294 tu,
2219 3231 2469 3294 Domine,
2500 3240 2721 3286 testatus
2752 3233 2926 3285 fueras
2968 3235 3045 3287 eis
3090 3232 3309 3287 dicens:
3359 3233 3427 3288 In
3469 3231 3657 3291 mundo

2091 3317 2381 3370 pressuram
2425 3301 2697 3366 habebitis,
2746 3302 2797 3356 in
2842 3317 2929 3357 me
2971 3313 3145 3357 autem
3190 3318 3393 3372 pacem.
3434 3305 3657 3373 Experi-

2093 3380 2324 3427 tnentum
2379 3386 2507 3425 vero
2558 3373 2747 3440 unius,
2801 3373 2852 3426 id
2904 3384 3021 3438 est,
3079 3388 3339 3440 pressurae
3391 3391 3547 3438 quam
3602 3378 3655 3430 iu

2091 3441 2289 3495 mundo
2335 3442 2689 3509 patiebantur,
2730 3452 2845 3495 erat
2873 3443 2952 3497 eis
2980 3442 3242 3497 certitudo
3268 3445 3484 3498 alterius
3506 3487 3521 3510 ,
3549 3447 3653 3499 sei-

2092 3512 2252 3575 licet,
2283 3512 2422 3579 quod
2454 3513 2504 3565 in
2537 3523 2588 3566 te
2619 3526 2742 3566 vere
2774 3528 2952 3578 pacem
2998 3524 3250 3566 aeternam
3299 3515 3523 3568 habituri
3568 3531 3656 3568 εε-

2089 3593 2230 3635 sent.
2264 3583 2325 3635 Et
2354 3584 2469 3635 bzec
2499 3584 2835 3646 sanctitudo,
2870 3583 2919 3635 id
2964 3594 3074 3647 εει,
3122 3583 3241 3635 latis
3284 3584 3513 3637 eruditio
3562 3601 3656 3653 per

2090 3653 2291 3721 flagella
2311 3692 2326 3715 ,
2356 3668 2475 3720 qua:
2506 3667 2630 3705 vere
2659 3653 2950 3705 sanctitudo
2969 3693 2985 3717 ,
3013 3653 3067 3707 id
3100 3662 3199 3715 est,
3228 3656 3573 3708 sanctificatio
3603 3666 3656 3710 et

2090 3724 2331 3790 probatio
2377 3731 2488 3786 est,
2536 3723 2673 3776 decet
2717 3725 2922 3775 domum
2966 3735 3137 3786 luant,
3183 3724 3234 3775 id
3278 3735 3386 3789 est,
3422 3726 3535 3776 illos
3563 3728 3652 3792 qui

2088 3802 2212 3845 Sunt
2254 3801 2493 3845 sanctum
2537 3792 2789 3857 templum
2838 3803 3016 3856 tuum,
3065 3793 3116 3846 in
3159 3808 3261 3860 quo
3307 3804 3359 3845 tu
3409 3794 3650 3859 habitas;

2088 3862 2301 3915 domum
2350 3863 2472 3915 dico
2519 3861 2825 3917 duraturam
2872 3864 2924 3914 in
2965 3862 3281 3930 longitudine
3325 3865 3553 3927 dierum,
3600 3867 3649 3918 id

2089 3943 2203 3997 εει,
2256 3932 2601 3986 teternaliter.
2653 3932 2744 3985 Vel
2796 3934 2992 3987 aliter:
3052 3932 3382 3987 Elevavernnt
3433 3936 3648 4002 [Iuntina

2087 4004 2275 4071 ﬂuctus
2303 4018 2442 4055 suos.
2474 4003 2633 4065 Quasi
2666 4001 2806 4056 dicat
2835 4019 2850 4056 :
2886 4005 2951 4056 Et
2980 4015 3031 4057 ut
3060 4004 3239 4057 sedem
3270 4020 3387 4070 quae
3419 4001 3514 4057 tibi
3560 4020 3648 4071 pa-

2090 4073 2302 4125 rabatur
2330 4074 2668 4139 impedirent,
2703 4073 2840 4136 ideo,
2887 4075 3135 4137 Domine,
3182 4076 3419 4143 ﬂumina,
3453 4076 3502 4127 id
3534 4085 3646 4141 est,

2088 4143 2338 4195 mundani
2370 4143 2667 4211 pllilOSOplil
2709 4144 3016 4197 elei-atterunt
3044 4159 3212 4196 vocem
3240 4160 3386 4198 suam
3406 4186 3420 4210 ,
3455 4146 3505 4197 id
3534 4158 3611 4197 εει
3630 4186 3645 4207 ,

2088 4215 2325 4283 rationes
2365 4228 2489 4265 suas
2535 4221 2590 4265 et
2633 4216 3119 4283 argumentationes
3159 4227 3340 4267 contra
3375 4215 3645 4268 veritatem

2090 4293 2254 4337 tuam.
2291 4282 2357 4334 Et
2385 4298 2488 4335 non
2528 4282 2713 4336 solum
2725 4284 2942 4352 [lumina
2979 4288 3291 4339 elevarernnt
3322 4301 3524 4348 vocem,
3554 4285 3646 4336 sed

2088 4356 2245 4407 etiam
2276 4354 2513 4422 flumina,
2543 4353 2592 4407 id
2623 4363 2725 4419 est,
2761 4355 3020 4423 principes
3051 4356 3462 4409 inamaricantes
3495 4352 3645 4422 hujus

2092 4424 2269 4477 satculi
2313 4424 2506 4476 fluctus
2549 4424 2865 4487 influentes,
2911 4429 3225 4477 elenaverunt
3269 4428 3455 4491 [luctus
3495 4441 3646 4488 suos,

2094 4494 2145 4546 id
2176 4506 2286 4558 cst,
2320 4493 2555 4545 minaces
2600 4494 3042 4547 contradictiones
3090 4509 3241 4559 suas;
3295 4496 3487 4548 fluctus
3532 4494 3649 4546 dico

2089 4565 2383 4618 concitatos
2409 4580 2438 4613 α
2466 4563 2664 4615 vocibus
2690 4579 2935 4633 aquarum
2959 4567 3268 4628 multarum,
3296 4565 3349 4618 id
3374 4575 3487 4629 est,
3518 4564 3647 4633 mul-

2090 4644 2259 4687 torum
2294 4635 2606 4700 populorum
2628 4676 2642 4696 ,
2677 4634 2796 4701 quia
2818 4673 2833 4695 ,
2863 4646 2918 4686 ιιι
2946 4636 3081 4687 alius
3112 4638 3343 4701 psalmus
3380 4636 3549 4687 dixit;
3585 4632 3647 4685 Et

2087 4706 2259 4773 populi
2287 4705 2516 4773 meditati
2544 4713 2660 4755 sunt
2689 4705 2863 4755 inania
2878 4742 2907 4773 ,γ
2925 4714 3027 4757 etc.
3050 4744 3064 4767 ,
3096 4706 3334 4757 adversus
3376 4704 3648 4756 Dominum

2087 4770 2131 4827 et
2154 4770 2396 4843 adversus
2424 4770 2678 4825 Christum
2706 4776 2838 4843 ejus.
2872 4772 2936 4824 Et
2966 4774 3065 4827 hoc
3093 4776 3249 4827 modo
3278 4777 3514 4828 elationes
3544 4790 3649 4826 ma-

2086 4845 2156 4895 ris
2189 4842 2443 4895 mirabiles
2485 4842 2635 4896 factm
2678 4842 2830 4905 sunt,
2862 4853 2917 4896 ut
2948 4848 3125 4910 prius,
3156 4846 3248 4897 sed
3284 4846 3529 4897 Dominus
3557 4846 3649 4895 mi-
3692 4847 3705 4855 ⁸

2085 4914 2264 4965 rabilis
2311 4911 2406 4964 fuit
2450 4912 2502 4964 in
2547 4913 2649 4964 illis
2695 4913 2813 4964 altis
2857 4914 3235 4979 deprimendis.
3271 4915 3332 4967 Et
3364 4915 3465 4968 hoc
3494 4914 3645 4966 modo

2088 4982 2381 5043 mirabilis,
2413 4983 2532 5049 quia
2564 4983 2846 5035 testimonia
2879 4996 2999 5047 tua,
3034 4985 3082 5035 id
3114 4992 3229 5048 est,
3278 4999 3338 5037 ea
3380 5000 3498 5051 qu;e
3548 4984 3641 5049 ipsi

2087 5054 2153 5105 de
2209 5063 2258 5105 te
2317 5052 2493 5104 testati
2541 5062 2698 5113 sunt,
2754 5069 3053 5120 quanquam
3112 5054 3419 5107 viderentur
3476 5055 3644 5108 incre-

2087 5123 2293 5193 dibilia,
2329 5132 2499 5193 tamen
2533 5138 2625 5188 per
2670 5122 3043 5193 miraculorum
3086 5124 3468 5178 exhibitioncm
3516 5125 3647 5193 facta

2085 5202 2202 5245 sunt
2230 5192 2412 5254 nimis,
2446 5191 2495 5244 id
2525 5202 2637 5254 est,
2668 5195 2817 5245 valde
2857 5192 3137 5246 credibilia.
3188 5194 3339 5260 Quod
3386 5191 3526 5247 enini
3573 5195 3648 5244 di-

2089 5272 2275 5315 xerunt
2306 5262 2455 5313 factis
2481 5261 2997 5333 comprobaverunt,
3030 5263 3245 5315 Domino
3276 5272 3646 5333 cooperantelct

2088 5346 2369 5384 sermonem
2393 5330 2725 5396 con/irruente
2766 5335 3080 5401 sequentibus
3107 5335 3285 5399 signis.
3320 5330 3385 5387 Et
3412 5337 3533 5400 quia
3561 5330 3646 5386 tli-

2089 5402 2156 5455 cit
2188 5407 2299 5454 lucc
2325 5404 2610 5453 sanctitudo
2627 5412 2678 5454 et
2697 5404 3065 5469 sanctificatio,
3091 5405 3309 5467 scilicet,
3329 5404 3470 5457 dicta
3501 5404 3645 5455 lactis

2089 5469 2404 5523 confirmare
2434 5473 2569 5522 decet
2608 5473 2814 5523 domum
2854 5482 3018 5535 tuam,
3053 5472 3295 5539 Domine,
3342 5475 3642 5527 duraturam

2091 5541 2140 5593 in
2168 5541 2419 5593 swculum
2463 5542 2676 5602 saeculi,
2708 5551 2763 5593 ut
2806 5544 2970 5609 pritts.
3016 5544 3195 5598 Potest
3221 5554 3273 5597 et
3312 5544 3466 5596 aliter
3500 5544 3643 5609 juxta

2090 5610 2319 5680 priorem
2348 5611 2663 5663 sententiam
2708 5611 2808 5680 legi
2844 5630 2853 5662 :
2898 5611 3159 5666 Hirabiles
3199 5616 3439 5667 elationes
3473 5628 3643 5665 mat-ss.

2088 5680 2243 5745 Quasi
2287 5679 2464 5732 dicat:
2500 5682 2632 5745 Quia
2677 5679 2926 5747 ﬂumina,
2974 5683 3024 5735 id
3066 5692 3180 5749 est,
3223 5685 3446 5751 aposmli
3482 5685 3642 5735 eleva-

2090 5760 2259 5803 t'crunt
2306 5763 2475 5803 vocem
2517 5766 2694 5821 suam,
2728 5753 2810 5805 vel
2842 5754 3061 5820 fluctus,
3096 5755 3468 5809 cotntniuando
3498 5762 3646 5807 mter-
