4026 6200
393 345 498 401 985
1066 345 1132 401 IN
1172 346 1590 407 PSAIMURUM
1632 352 1887 409 LIBRUM
1934 352 2298 408 EXEGESIS.
2338 383 2407 395 --
2449 352 2693 406 ρεΑωι.
2739 350 2918 406 XCIII.
3517 354 3620 407 936

389 478 483 516 uas
534 474 717 530 poenas
768 458 1070 532 hominibus
1110 462 1154 515 si
1205 477 1306 513 nun
1354 475 1807 526 converterentur,
1838 465 1957 520 ideo
1986 470 2031 526 Α
2062 465 2368 532 Apostolnm
2399 465 2661 517 dicentem
2697 462 2939 516 fidelibus
2984 463 3034 514 in
3080 463 3290 517 Christo
3320 466 3578 521 roboratis
3608 488 3621 520 :

386 548 556 605 mare,
584 533 636 605 _id
665 538 792 605 est,
813 530 1109 605 amaritudo
1155 534 1493 597 gentilitatis,
1538 550 1655 601 qum
1694 535 1840 601 prius
1875 537 1957 599 ja-
2063 530 2246 587 omnia
2273 537 2423 605 facite
2464 537 2574 587 sine
2617 533 3014 605 murmuratione
3056 545 3101 586 et
3142 535 3529 598 discentatione,
3566 548 3621 589 ut

387 603 543 673 ceba_t
583 602 635 673 in
676 599 1461 673 cupiditatibusterrenarum,
1493 599 1748 657 mirabiles
1778 605 1957 657 elatio-
2058 606 2171 655 sitis
2208 599 2698 666 irreprehcnsibiles,
2743 604 2924 656 sinceri
2965 614 3011 654 et
3055 605 3366 656 immaculati
3398 606 3493 673 ﬁlii
3529 607 3623 658 Dei

392 688 479 725 nes
509 670 666 736 fecit,
700 670 748 743 id
780 679 863 722 est
885 710 896 731 ,
929 670 1243 743 mirabiliter
1272 674 1553 733 intumuit,
1585 678 1705 741 quia
1734 677 1873 741 quod
1905 677 1955 726 in
2057 675 2109 726 in
2138 675 2303 727 medio
2344 674 2560 725 nationis
2589 675 2907 724 distortuasa:
2945 682 2994 725 et
3034 689 3301 738 perverse,
3349 670 3405 725 in
3441 677 3624 743 quibus

390 743 499 794 imo
544 747 661 794 erat
708 739 903 793 factum
953 748 1036 792 est
1081 742 1130 793 iu
1162 756 1406 805 summo,
1444 746 1544 796 hoc
1574 739 1653 798 eSI
1674 785 1689 809 ,
1722 739 1955 797 amorem
2058 744 2230 795 lucetis
2257 756 2492 811 tanquam
2523 744 2791 796 luminaria
2818 744 2870 793 in
2901 744 3106 804 mundo,
3137 744 3337 797 verbum
3362 739 3475 798 vita:
3500 763 3626 798 con-

391 822 721 864 terrenorutn
752 810 1012 880 convertit
1043 810 1093 880 in
1124 825 1359 865 amorem
1390 813 1711 868 ctelestium.
1755 816 1818 866 Et
1860 816 1959 866 hoc
2058 814 2290 867 tinentes.
2350 810 2654 865 Luminaria
2708 812 2759 864 iu
2809 812 3140 864 firmamento
3188 814 3288 865 fixa
3338 827 3620 880 quantum-

394 882 515 935 inde
544 880 736 933 factum
764 889 846 951 cst
866 920 880 944 ,
910 879 1029 951 quia
1060 879 1308 951 Dominus
1333 884 1582 935 mirabilis
1612 883 1705 937 fuit
1733 884 1786 935 in
1816 885 1954 946 altis,
2056 897 2268 951 cunque
2316 886 2381 936 de
2426 885 2505 935 eis
2545 883 2870 935 mentiantur
2900 881 3170 946 homines,
3218 879 3623 951 quantacunque

393 952 442 1001 id
475 962 554 1004 est
576 990 591 1013 ,
624 949 1000 1020 innprofundis
1046 951 1195 1017 aquis
1241 950 1382 1004 illius
1427 954 1609 1007 maris.
1655 954 1789 1020 Quia
1818 956 1959 1006 sicut
2058 949 2338 1019 opprobria
2389 956 2438 1002 in
2484 967 2545 1006 ea
2578 953 2789 1007 dicant.
2823 962 3073 1003 vocantes
3106 949 3249 1005 hanc
3279 955 3484 1006 stellam
3514 955 3620 1006 Ve-

390 1022 516 1073 olitn
552 1035 644 1087 per
673 1019 890 1090 Moysen
919 1033 1127 1090 servum
1162 1036 1328 1090 suum
1375 1037 1538 1089 aquas
1585 1025 1636 1076 in
1682 1019 1811 1077 mari
1861 1025 1959 1076 iiu-
2061 1025 2225 1087 neris,
2260 1022 2401 1075 illam
2428 1022 2595 1085 Jovis,
2634 1031 2687 1073 et
2717 1030 3123 1088 quantacunque
3151 1023 3461 1090 intemperie
3509 1024 3622 1076 lucc

393 1092 557 1162 misso
589 1091 731 1158 ligno
776 1088 1105 1162 dulcoravit,
1159 1088 1264 1162 ita,
1312 1088 1550 1145 immisso
1598 1094 1738 1162 ligno
1783 1094 1957 1147 crucis
2061 1093 2165 1145 ima
2202 1093 2612 1157 perturbentur;
2656 1091 2741 1143 illa
2785 1100 2960 1144 tamen
2989 1091 3176 1145 itinera
3207 1107 3299 1144 sua
3320 1088 3433 1145 non
3464 1096 3626 1147 relin-

394 1176 505 1231 sute
533 1161 584 1213 in
617 1172 763 1231 mare
792 1158 1136 1227 gentilitatis,
1166 1158 1217 1212 id
1246 1168 1326 1231 est
1349 1205 1363 1228 ,
1398 1158 1666 1215 notilicata
1710 1164 1956 1228 gentibus
2057 1172 2248 1231 quiuit,
2294 1163 2385 1216 sed
2433 1172 2644 1215 servant
2673 1176 2859 1213 cursus
2890 1175 2981 1231 per
3007 1162 3249 1215 cmlestes
3281 1171 3513 1224 tractus,
3564 1172 3621 1215 ut

395 1230 497 1283 tide
528 1228 793 1295 passionis
844 1238 898 1281 et
943 1230 1347 1299 resurrectionis
1385 1245 1512 1296 sum,
1554 1234 1955 1286 amaritudinem
2056 1228 2312 1299 disposuit
2339 1231 2415 1285 eis
2437 1232 2660 1285 Creator
2688 1246 2895 1283 eorum.
2931 1230 3021 1284 Sic
3047 1243 3099 1284 et
3129 1232 3369 1285 homines
3394 1249 3616 1298 quorum

393 1316 577 1371 earum
622 1299 897 1371 convertit
949 1300 998 1350 in
1056 1298 1434 1371 dulcedinem,
1489 1304 1614 1370 quia
1665 1304 1754 1371 qui
1808 1304 1953 1370 prius
2055 1298 2155 1354 cor
2198 1300 2416 1355 infixum
2466 1303 2923 1371 est‘lirmamento
2951 1302 3095 1363 caeli,
3144 1313 3199 1354 et
3240 1304 3290 1353 in
3325 1303 3458 1354 libro
3492 1303 3619 1366 legis

398 1369 579 1422 uiuudi
614 1368 817 1422 fuerant
847 1377 1147 1436 amatores,
1182 1368 1306 1422 facti
1336 1381 1461 1423 sunt
1491 1368 1611 1426 (ἕωιὶ
1658 1368 1919 1425 amatores
1939 1412 1956 1437 ,
2060 1372 2182 1435 Dei,
2223 1381 2279 1424 et
2304 1373 2391 1439 qui
2423 1386 2526 1423 non
2555 1369 2747 1422 frustra
2775 1370 2994 1422 audiunt
3026 1373 3250 1424 Sursum
3280 1373 3461 1435 corda,
3493 1387 3623 1434 quo-

394 1448 450 1492 et
480 1439 663 1492 tnundi
695 1445 1115 1506 contemptores.
1152 1439 1219 1491 Et
1248 1440 1345 1492 hoc
1377 1443 1565 1504 modo,
1602 1442 1852 1505 nomine,
1886 1453 1959 1494 te-
2058 1456 2174 1493 rum
2228 1442 2510 1494 thesaurus
2562 1449 2613 1492 et
2664 1442 2999 1493 conversatio
3046 1451 3127 1492 est
3183 1443 3232 1492 in
3275 1442 3617 1504 coelestibus;

389 1510 632 1561 alimonia
660 1519 776 1572 tua,
809 1507 857 1561 id
889 1516 1008 1571 est,
1041 1523 1159 1576 qua!
1190 1518 1242 1563 tu
1276 1519 1496 1564 testatus
1529 1513 1703 1564 fueras
1734 1513 1800 1565 de
1829 1526 1957 1564 con-
2056 1520 2523 1577 quantumcunque
2568 1510 2690 1562 mali
2725 1520 2776 1561 et
2818 1524 3159 1575 persuasuros
3198 1519 3252 1564 et
3289 1512 3620 1563 detractores

391 1578 765 1648 corporatione
816 1577 1124 1632 Judtcorum
1178 1589 1232 1633 et
1283 1582 1561 1646 gentilium
1619 1581 1755 1633 dicta
1810 1593 1954 1634 sunt.
2055 1580 2123 1633 de
2152 1580 2232 1633 eis
2263 1580 2581 1633 mentientes
2621 1578 2972 1642 maledicunt,
3026 1591 3492 1648 quantumcunque
3523 1582 3619 1632 de-

393 1650 536 1703 Alias
561 1665 675 1703 oves
704 1648 891 1712 habeo,
921 1663 1034 1711 qua:
1064 1665 1165 1702 non
1194 1660 1308 1701 sunt
1339 1666 1399 1703 ex
1440 1651 1533 1703 hoc
1574 1652 1731 1710 ovili,
1763 1662 1809 1703 et
1840 1652 1957 1702 illas
2059 1649 2300 1711 trahant,
2343 1650 2440 1715 ipsi
2474 1658 2647 1701 tamen
2680 1648 2780 1700 iter
2810 1663 2965 1701 suum
2995 1658 3283 1718 peragunt,
3333 1651 3382 1702 id
3429 1660 3509 1703 e~t
3529 1691 3543 1712 ,
3592 1665 3620 1702 a

391 1729 590 1787 oportet
620 1735 699 1771 me
726 1719 1011 1783 adducere,
1041 1730 1146 1771 etc.
1179 1720 1221 1771 Τ
1225 1720 1323 1772 alia
1359 1721 1495 1789 facta
1522 1730 1640 1774 sunt
1669 1721 1822 1774 nimis
1851 1736 1959 1774 cre-
2058 1718 2200 1789 bono
2232 1719 2508 1789 proposito
2540 1733 2644 1770 non
2672 1718 2945 1789 recedunt.
2990 1719 3051 1771 Et
3082 1718 3268 1772 horum
3303 1719 3481 1773 talium
3515 1735 3616 1771 vox

392 1789 594 1842 dibilia.
625 1789 689 1841 Et
717 1789 827 1841 haec
852 1790 1155 1863 sanctitudo,
1182 1790 1321 1856 quod
1349 1787 1508 1863 etiam
1538 1791 1654 1863 alite
1679 1805 1804 1842 oves
1829 1804 1955 1841 con-
1987 1804 2033 1863 Β
2061 1798 2142 1840 est
2168 1787 2219 1839 in
2249 1788 2352 1863 hoc
2378 1789 2602 1863 psalmo,
2628 1788 3030 1863 exltortantium
3047 1789 3286 1841 infirmos
3313 1801 3365 1843 et
3391 1804 3625 1841 murmuo

399 1869 680 1913 vertentur
706 1867 761 1912 et
789 1858 1341 1925 concorporabuntur,
1376 1860 1514 1912 decet
1543 1861 1749 1911 domum
1778 1868 1917 1911 tuam
1939 1898 1957 1924 ,
1987 1857 2028 1863 “’
2063 1866 2242 1911 rantes
2276 1858 2339 1908 ad
2374 1858 2681 1925 patientiam
2721 1857 2773 1909 in
2805 1858 2985 1911 labore
3018 1858 3276 1909 bonorum
3295 1898 3309 1919 ,
3357 1870 3408 1912 et
3438 1868 3619 1911 contra

392 1928 444 1981 id
492 1938 608 1991 est,
645 1927 949 1998 iEcclesiatn
998 1938 1171 1998 tuam,
1220 1943 1337 1997 quae
1379 1945 1483 1983 non
1530 1929 1684 1983 decet
1723 1939 1961 1998 angustis
2065 1926 2366 1980 felicitatem
2400 1928 2661 1998 malorum
2690 1937 2743 1979 et
2774 1927 3497 1998 reprehendendumimpios
3526 1929 3622 1981 llo-

394 1998 583 2071 :~_patiis
610 1997 782 2071 claudi
802 2037 814 2057 ,
845 1998 1061 2071 domum
1089 1996 1209 2052 dico
1235 1996 1541 2054 duraturam
1566 2000 1623 2053 in
1648 1996 1964 2071 longitudine
2065 2006 2263 2071 rentes,
2296 2007 2349 2050 et
2378 1997 2656 2071 veritatem
2690 2011 2792 2071 non
2820 2007 3225 2071 cognoscentes.
3280 1997 3490 2071 'l‘itnlus
3534 2001 3621 2071 sic

394 2069 595 2120 dierum
617 2111 633 2135 ,
666 2068 715 2120 id
747 2076 860 2131 est,
892 2067 944 2120 in
976 2078 1253 2122 aeternum.
1735 2063 1756 2071 ⁷
2064 2067 2383 2135 exponitur:
2419 2063 2681 2130 Psalmus,
2715 2066 2764 2119 id
2795 2063 2898 2128 est,
2929 2067 3041 2119 laus
3068 2067 3164 2119 ista
3195 2066 3501 2119 attribuitur
3528 2067 3627 2130 ipsi

2065 2134 2254 2196 David,
2298 2150 2400 2188 non
2431 2139 2744 2202 cuicunque,
2780 2137 2873 2189 sed
2904 2136 3205 2205 significato
3237 2151 3328 2201 per
3361 2152 3447 2189 res
3478 2151 3626 2189 crea-

864 2178 928 2231 IN
969 2178 1289 2234 PSALMUM
1327 2178 1505 2234 xcm-
2065 2178 2762 2273 sz't:.;.;;;"sa;1;;:a?n32.
2781 2178 3202 2259 ggzas'i't1'su;
3221 2178 3623 2259 animus.

604 2286 844 2341 psalmus
885 2287 979 2357 ipsi
1022 2288 1183 2342 David
1226 2300 1411 2359 qua,”
1451 2290 1677 2345 sabbati.
2065 2278 2263 2359 sanctis
2293 2277 2343 2355 in
2375 2274 2589 2359 Christo
2616 2275 3100 2359 rpboratishquos
3142 2285 3296 2359 vocat
3340 2274 3625 2359 Apostolus

2068 2344 2344 2397 luminaria
2377 2344 2557 2397 mundi
2584 2361 2598 2408 ;
2649 2343 2835 2396 horum
2867 2344 3007 2398 enim
3036 2359 3162 2408 vox,
3208 2352 3266 2397 ut
3294 2358 3453 2409 supra
3482 2345 3624 2399 dixi-

989 2416 1366 2456 Ancuuesruu.
2068 2430 2207 2477 mus,
2232 2425 2315 2466 est
2340 2415 2391 2466 in
2420 2413 2521 2469 hoc
2548 2414 2770 2482 psalmo,
2796 2415 3084 2479 quamlibet
3103 2421 3288 2466 contra
3315 2418 3621 2480 patientiam

471 2509 807 2581 enumerans
850 2511 1003 2563 mavis
1188 2514 1357 2568 νεοιοτ
1385 2512 1667 2566 charum
1714 2513 1963 2581 εηςμςςίι.
2067 2482 3620 2581 22‘:33:!::!L"tittt::'t.:...sicfatigatae;ﬂuidis};

396 2552 703 2654 adii'ngi'iur
730 2552 1345 2654 ρτειιὶὖῗῦίὶμ“¹,ἶὲεὲ›ὶῖ’ἔὶ
1372 2552 1963 2654 {dissentienti
2067 2552 2468 2654 I.‘.':.'.':‘:‘f"2,'.‘.‘
2477 2553 3205 2654 12213:":..S!f:‘ff‘..‘12“if}."
3214 2554 3450 2654 ἓξὲξ.ῗέῐὲ
3459 2556 3624 2654 tibi}?

398 2622 1732 2707 magna;inissa;1ausastsagittas}?
2070 2624 2317 2707 εηίαιμοεε
2489 2622 2653 2703 debes
2696 2636 3058 2707 numerare.
3090 2623 3181 2703 θεά
3217 2624 3387 2687 potius
3416 2624 3505 2703 sibi

1704 2696 1715 2711 '
2073 2695 2296 2747 vendum
2322 2702 2404 2745 est
2429 2709 2495 2746 ne
2520 2702 2571 2744 tu
2598 2694 2672 2743 sis
2696 2694 2833 2745 inter
2858 2694 2996 2754 illos,
3015 2694 3133 2758 quia
3158 2707 3281 2745 vere
3309 2694 3487 2755 puniet
3508 2706 3622 2748 eos.

1003 2757 1350 2798 E‘PMNUIO-
2069 2763 2199 2815 Nam
2233 2763 2370 2815 Dutts
2400 2773 2500 2824 cst,
2528 2770 2584 2814 et
2609 2763 2651 2814 si
2682 2763 2817 2815 Deus
2842 2770 2945 2825 est,
2973 2757 3198 2828 iniustus
3224 2776 3325 2814 non
3352 2772 3433 2816 est
3456 2781 3468 2814 :
3501 2777 3629 2829 ergo

471 2833 662 2901 Quarta
690 2836 879 2889 sabbati
932 2843 1006 2889 est
1034 2852 1065 2887 a
1092 2834 1300 2888 sabbato
1326 2844 1510 2901 quarta
1536 2833 1697 2903 feria,
1739 2850 1841 2901 qua
1884 2834 1967 2886 die
2069 2834 2200 2884 nihil
2230 2833 2369 2898 quod
2404 2842 2456 2884 tu
2488 2846 2592 2885 nou
2624 2832 2841 2897 punies,
2884 2831 3201 2903 impunitum
3237 2833 3526 2903 relinquet.
3564 2832 3628 2885 Et

402 2900 648 2958 Dominus
686 2907 963 2959 luminaria
1006 2906 1115 2957 caeli
1157 2900 1361 2957 creavit.
1416 2900 1545 2956 Hoc'
1570 2900 1851 2971 optandum
1895 2914 1969 2956 ist
2068 2904 2191 2967 quia
2223 2903 2357 2955 Deus
2403 2912 2478 2954 est
2498 2942 2537 2971 ,Α
2566 2917 2693 2969 ergo
2736 2902 2838 2955 erit
2869 2901 3129 2971 Dominus
3157 2903 3436 2964 ultionum;
3495 2900 3628 2956 Deus

395 2976 582 3027 sanctis
615 2977 736 3028 viris
777 2978 964 3029 caelesti
1002 2975 1054 3027 in
1096 2984 1227 3027 terra
1257 2969 1631 3026 conversatione
1660 2974 1965 3035 lucentibus,
2069 2972 2189 3025 dico
2221 2987 2345 3026 vere
2373 2974 2473 3024 erit
2505 2969 2750 3025 Dominus
2777 2972 3055 3034 ultionum,
3086 2970 3135 3023 id
3166 2981 3276 3037 est,
3318 2982 3625 3039 potestatem

394 3046 460 3096 de
481 3045 658 3112 quibus
679 3056 748 3098 est
768 3046 993 3114 psalmus
1014 3046 1105 3094 iste
1125 3045 1371 3114 dicturus.
1397 3043 1689 3114 Respiciens
1711 3043 1966 3109 Draplieta
2070 3052 2122 3114 et
2149 3042 2438 3114 dominium
2471 3042 2684 3114 tandem
2729 3044 2780 3095 iu
2823 3041 3129 3114 ulciscendo
3158 3042 3443 3114 exercebit.
3496 3044 3625 3096 Nam

394 3111 743 3181 insipientium
769 3111 937 3211 elorda
977 3113 1205 3175 turbari,
1248 3115 1394 3180 quasi
1435 3112 1545 3166 Deo
1586 3114 1821 3166 mortalia
1847 3130 1965 3211 Lnon
1994 3150 2038 3211 (η
2072 3112 2244 3180 (quasi
2276 3111 2635 3211 dicati-libere
2667 3120 2808 3179 aget.
2860 3112 2923 3164 Et
2950 3127 3070 3211 veil'e
3117 3122 3241 3164 tunc
3277 3111 3454 3211 Ilibere
3484 3123 3625 3178 aget,

396 3194 608 3211 ΑιιηηκΙΑ
656 3199 785 3211 ηιμ...
832 3200 857 3211 ,ι
886 3183 1067 3211 Σηιηὴη.
1100 3185 1386 3211 ..νη-ηρηηηε
1438 3192 1482 3211 Α.
1514 3186 1670 3211 ἕιιριι.-
1701 3200 1838 3211 ...ς-...ι
1880 3194 1961 3211 η...
2023 3189 2039 3211 Α
2073 3184 2191 3211 nul“
2226 3185 2367 3211 σηιξηο
2420 3185 2432 3211 ὅ
2473 3197 2550 3211 Α...
2580 3183 2675 3211 nnis
2765 3182 2884 3211 ηιιῖιι
2927 3196 2992 3211 nn
3040 3182 3051 3211 ἶ
3094 3182 3143 3211 in
3180 3196 3270 3211 vnn
3292 3196 3342 3211 ιη
3374 3183 3601 3211 ιιΛηΔοηίΙ

391 3194 629 3253 curante,
652 3186 857 3252 quando
886 3183 1067 3249 impios
1099 3185 1407 3253 prosperari,
1435 3192 1483 3236 et
1503 3186 1670 3253 justas
1697 3185 1963 3235 cernebant
1994 3182 2039 3211 υ
2072 3184 2192 3249 quia
2226 3185 2368 3249 prius
2397 3182 2550 3253 libere
2578 3183 2677 3252 egit
2700 3220 2724 3253 ,Α
2764 3182 2885 3253 quia
2914 3182 3051 3253 nulli
3094 3182 3143 3232 in
3180 3182 3623 3253 verbonepercit.

396 3252 609 3323 aﬁligi,
648 3249 700 3305 in
744 3253 908 3323 prima
950 3265 1094 3321 parte
1136 3252 1409 3305 Dominum
1439 3249 1609 3320 rogat,
1643 3264 1697 3306 ut
1724 3253 1967 3306 retiibuat
2077 3253 2329 3306 Dominus
2357 3261 2469 3304 erat
2501 3249 2757 3323 incuruis
2784 3249 3111 3323 humilitate,
3154 3251 3475 3323 sed_ti_i_tllius
3508 3265 3629 3317 per-

398 3319 658 3388 superbis,
685 3319 772 3389 per
791 3340 915 3392 quos
940 3319 1183 3376 mundum
1205 3324 1293 3375 tali
1315 3319 1648 3377 mstimatione
1667 3333 1968 3392 cognoverat
2073 3335 2257 3392 mnam
2291 3323 2529 3389 respexit
2558 3319 2613 3373 in
2641 3334 2888 3392 sermone
2918 3319 3201 3392 veritatis._
3225 3319 3631 3392 Nulliupepercit

395 3386 513 3446 esse
535 3386 813 3446 vitiatum.’
836 3392 1070 3446 Secunda
1098 3396 1232 3461 ipsos
1261 3394 1517 3459 increpat,
1560 3394 1645 3459 qui
1673 3386 1831 3445 stulta
1856 3394 1967 3445 bla-
2074 3391 2126 3444 in
2159 3386 2432 3461 verbo,jut
2459 3401 2636 3443 essent
2666 3390 2856 3461 qui_bus
2907 3399 3148 3461 parceret
3188 3386 3241 3441 in
3276 3388 3494 3458 judicio.
3555 3391 3626 3442 De

398 3463 633 3530 spliemia
666 3461 825 3516 Deum
867 3473 1047 3528 putant
1079 3456 1301 3514 humana
1334 3456 1433 3514 non
1459 3456 1658 3523 videre,
1701 3462 1820 3514 dum
1863 3464 1971 3532 ipse
2075 3474 2139 3514 eo
2168 3461 2308 3532 enim
2340 3459 2538 3513 dictum
2582 3467 2698 3532 est;
2732 3456 2799 3511 Et
2828 3469 2952 3532 erat
2980 3458 3182 3522 loquens
3226 3456 3464 3532 tauquam
3492 3471 3627 3532 pote-

399 3527 647 3587 creaturis
672 3533 775 3584 suis
799 3527 1184 3601 intelligentiam
1211 3540 1407 3601 praestet
1435 3540 1479 3583 et
1507 3547 1742 3594 sensum;
1769 3527 1972 3584 beatum
2074 3531 2487 3601 statemiltabens,
2517 3544 2619 3581 non
2659 3531 2788 3601 sicut
2817 3527 3011 3584 Scriba:
3039 3543 3210 3601 eorum
3228 3570 3242 3589 ,
3276 3539 3330 3601 _et
3351 3528 3630 3601 Pharisaai.

401 3602 655 3667 deputans
675 3602 946 3667 illum,qui
966 3598 1143 3653 mundi
1168 3600 1410 3669 fel'citate
1429 3610 1708 3667 contempta
1731 3602 1783 3653 in
1804 3601 1972 3654 divina
2077 3599 2146 3653 Et
2185 3600 2273 3667 qui
2304 3600 2433 3653 nulli
2466 3599 2702 3667 pepercit
2732 3601 2783 3651 in
2812 3601 2993 3658 verbo,
3026 3598 3625 3669 veniensjudicandus,

403 3674 676 3725 retinentia
703 3666 1003 3735 perseverat.
1047 3666 1214 3724 Tertia
1239 3671 1305 3722 ad
1329 3687 1504 3724 eorum
1531 3672 1728 3724 animos
1756 3672 1973 3724 invitan-
2078 3680 2258 3737 parcet
2298 3666 2541 3721 alicui’in’
2574 3674 2858 3733 sententia,
2892 3669 3110 3722 veniens
3153 3667 3514 3734 judicaturusl
3564 3666 3630 3719 Et

404 3743 529 3803 dos,
571 3742 846 3794 Dominum
873 3742 969 3795 sibi
995 3742 1115 3794 dicit
1143 3741 1300 3809 fuisse
1322 3743 1607 3812 refugium,
1647 3750 1692 3793 et
1722 3741 1973 3796 vindicem
2075 3739 2177 3812 qui
2197 3739 2396 3812 nullum
2428 3738 2607 3812 timuit
2637 3739 2686 3792 iu
2718 3739 3032 3812 humilitate,
3068 3737 3272 3812 timebit
3313 3738 3539 3812 aliquem
3571 3738 3630 3812 in

406 3812 515 3878 fore
552 3813 889 3881 peccantium.
1144 3807 1151 3809 V
1381 3807 1390 3810 ’
1440 3807 1457 3812 ’
2076 3809 2629 3881 majestatett‘iullum
2660 3809 2859 3875 utique,
2886 3823 3011 3876 ergo
3034 3807 3123 3877 qui
3147 3808 3292 3875 prius
3316 3807 3480 3861 libere
3504 3807 3630 3875 egit,

971 3914 1401 3957 COMMENTARIUS.
2074 3888 2131 3934 ⁸⁸
2159 3879 2372 3957 La“de
2400 3880 2568 3957 “mir?
2593 3889 2731 3957 3.39“

1555 4013 1564 4015 μ
1598 4012 1608 4015 Α
2152 3946 2392 4002 Exaltare
2416 3950 2500 4015 qui
2519 3940 2727 4015 judicas
2755 3958 2959 4002 terram.
2989 3946 3135 4000 Dixit
3160 3946 3280 4013 quia
3311 3947 3476 4001 libere
3505 3947 3631 4015 egit,

479 4014 611 4068 Deus
639 4016 890 4069 ultionum
923 4014 1189 4068 Dominus.
1241 4014 1430 4068 Solent
1463 4012 1610 4067 multi
1640 4029 1976 4070 murmurare
2082 4018 2219 4070 hanc
2246 4012 2751 4071 autem—libertatem
2780 4017 2895 4084 ejus
2923 4017 3069 4084 impii
3102 4012 3364 4080 homines,
3419 4017 3467 4069 id
3513 4012 3627 4079 est,

404 4085 661 4155 adversus
700 4086 1006 4153 patientiam
1049 4085 1176 4146 Dei,
1219 4092 1275 4137 et
1313 4084 1494 4137 dolere
1537 4084 1726 4150 impios
1766 4086 1972 4152 vivere,
2076 4086 2246 4141 Judaei
2295 4103 2398 4141 non
2450 4086 2717 4141 tulerunt:
2760 4090 2881 4155 quia
2927 4087 3178 4140 contrarii
3208 4101 3358 4140 erant
3385 4089 3636 4154 operibus

405 4154 693 4220 plurimum
724 4170 908 4224 posse,
955 4155 1173 4221 etquod
1202 4156 1415 4222 gravius
1439 4162 1551 4213 est.
1594 4156 1760 4206 bonos
1799 4156 1978 4223 oppri-
2077 4172 2287 4211 eorum.
2339 4158 2443 4211 Sed
2490 4171 2611 4209 eum
2663 4154 2960 4221 tenuerunt,
2988 4156 3409 4222 ﬂagellaverunt,
3451 4160 3632 4224 spinea

407 4239 557 4277 mere
596 4241 607 4275 :
660 4222 733 4278 et
764 4222 842 4278 sic
888 4232 1258 4287 pervertuntur
1305 4224 1639 4290 impatientes
1684 4233 1738 4275 et
1782 4222 1974 4278 infirmi
2079 4241 2276 4280 corona
2305 4227 2789 4289 circumdederunt,
2835 4226 2887 4279 iu
2932 4241 3146 4280 crucem
3197 4222 3538 4290 levaverunt,
3586 4235 3643 4278 et

404 4294 600 4357 animi,
633 4296 781 4361 quasi
810 4296 999 4348 frustra
1029 4295 1137 4347 sint
1168 4294 1323 4359 boni,
1367 4292 1487 4359 quia
1520 4291 1658 4346 Deus
1686 4296 1868 4349 oculos
1910 4296 1979 4347 ab
2081 4298 2294 4349 tandem
2324 4298 2652 4350 occiderunt.
2690 4299 2754 4348 Et
2781 4296 2899 4349 ideo
2928 4296 3267 4360 pr0pheticus
3297 4296 3512 4361 spiritus
3541 4296 3640 4348 hoc

405 4365 488 4416 eis
528 4368 736 4427 avertit,
761 4374 814 4417 et
848 4366 1026 4429 malosj
1048 4365 1098 4416 in
1141 4362 1222 4417 his
1259 4376 1379 4431 qua:
1420 4362 1643 4429 diligunt
1683 4362 1975 4417 adauxerit.
2082 4366 2378 4433 praevidens
2404 4366 2572 4419 dixit:
2607 4366 2848 4419 Exaltare
2875 4366 3188 4433 quijndicas
3221 4374 3425 4416 terram.
3477 4366 3637 4430 Quasi

406 4433 659 4487 Putantes
688 4448 814 4499 ergo
843 4434 957 4488 sine
986 4448 1144 4486 causa
1192 4435 1326 4487 bene
1357 4432 1561 4495 vivere,
1594 4433 1885 4486 invitantur
1911 4438 1975 4487 ad
2004 4495 2042 4500 _
2080 4432 2222 4489 dicat
2248 4453 2259 4487 :
2294 4436 2515 4500 Morere,
2554 4438 2792 4497 Domine,
2840 4432 2899 4487 ut
2938 4434 3207 4495 exalteris,
3236 4442 3291 4486 et
3317 4435 3540 4487 exaltare
3585 4444 3643 4485 ut

406 4503 713 4573 imitandam
751 4495 939 4555 eorum
985 4503 1267 4565 malitiam,
1301 4516 1437 4573 quos
1466 4501 1655 4555 florere
1687 4517 1974 4570 perspexe-
2004 4495 2054 4552 D
2078 4505 2344 4571 judicatus
2374 4522 2401 4555 a
2432 4495 2602 4569 terra,
2640 4495 2843 4573 iudices
2873 4512 3065 4555 terram
3092 4542 3106 4563 ,
3163 4513 3215 4555 tu
3264 4505 3381 4557 dico
3407 4506 3491 4569 qui
3520 4518 3641 4573 vere

406 4572 643 4645 rintaSi
685 4581 858 4645 autem
880 4614 897 4637 ,
948 4584 1179 4645 propter
1202 4572 1558 4645 infirmitatem
1603 4585 1849 4645 persona:
1894 4576 1974 4628 vel
2070 4576 2301 4645 Iudicas,
2334 4574 2384 4627 id
2417 4584 2517 4640 est,
2547 4572 2805 4642 judicabis
2834 4588 3046 4625 omnem
3078 4583 3284 4645 terrain,
3314 4582 3418 4624 tam
3447 4572 3640 4645 cultam

406 4643 592 4709 animi,
624 4642 758 4697 mala
794 4642 964 4696 facere
996 4642 1296 4706 formidant,
1321 4656 1386 4694 ne
1425 4651 1478 4692 et
1516 4641 1617 4706 ipsi
1651 4643 1781 4693 mala
1810 4645 1976 4697 susci—
2071 4641 2232 4708 quam
2262 4645 2511 4696 incultam
2539 4641 2554 4695 :'
2586 4656 2639 4697 et
2668 4645 2783 4697 ideo
2810 4645 2966 4695 redde
2992 4643 3367 4694 retributionem
3393 4642 3642 4707 superbis.

411 4713 554 4778 piant
577 4755 591 4773 ,
637 4713 901 4765 abstinent
931 4712 1143 4780 quidem
1174 4726 1233 4763 se
1262 4728 1290 4764 a
1324 4711 1474 4763 malis
1504 4710 1657 4763 factis
1678 4750 1693 4771 ,
1734 4712 1827 4763 sed
1872 4730 1975 4766 nou
2079 4713 2309 4780 Superbi
2339 4723 2461 4765 sunt
2495 4714 2567 4767 illi
2601 4714 2792 4779 quibus
2824 4728 3003 4778 parum
3046 4722 3128 4764 est
3156 4726 3394 4778 peccare,
3426 4712 3518 4763 sed
3552 4728 3646 4764 au-

409 4784 680 4835 abstinent
707 4798 734 4833 a
762 4781 1168 4848 cogitationibus
1200 4780 1393 4848 pravis.
1444 4781 1509 4833 Et
1537 4782 1673 4849 inter
1700 4784 1977 4849 cogitatio-
2078 4784 2203 4836 deut
2227 4786 2387 4835 etiam
2413 4792 2623 4849 peccata
2646 4784 2951 4836 defendere.
2987 4782 3049 4832 Et
3079 4781 3157 4833 his
3187 4782 3369 4834 reddet
3394 4782 3645 4835 Dominus

412 4868 508 4905 nes
541 4868 724 4905 eorum
754 4854 958 4918 iniquas
1001 4855 1112 4903 hazc
1156 4861 1236 4904 est
1276 4865 1479 4904 summa
1512 4848 1789 4915 impietas,
1835 4853 1975 4919 quod
2080 4848 2503 4905 reLributionem.
2544 4854 2709 4915 Quam
2751 4851 3194 4905 retributionem?
3248 4850 3440 4919 Utique
3486 4862 3642 4905 teter-

415 4933 598 4987 putant
630 4925 790 4995 Deum
824 4922 1085 4995 negligere
1123 4931 1179 4995 _et
1219 4935 1322 4975 non
1362 4934 1549 4995 curare
1582 4933 1666 4970 res
1697 4920 1974 4995 humanas,
2078 4922 2647 4995 natndamnatiouem,
2682 4922 2965 4995 ltuinilibtts
2993 4932 3171 4995 autem
3203 4938 3316 4995 non
3340 4924 3595 4995 retribuet
3624 4940 3637 4995 :_

412 5002 502 5043 aut
552 4991 827 5058 aequaliter
878 4991 1073 5045 habere
1122 4992 1289 5043 bonos
1339 4999 1392 5043 et
1440 4990 1645 5059 malos;
1694 5000 1804 5051 aut,
1836 4993 1975 5055 quod
2078 4992 2223 5045 verbi
2252 4992 2440 5059 gratia,
2482 4990 2715 5058 quidam
2743 4991 2809 5043 de
2841 4990 2969 5057 ipsis
2995 4991 3402 5045 crucifixorihus
3436 4992 3645 5046 Domini

417 5062 766 5126 perniciosius
806 5071 918 5122 est,
966 5060 1117 5113 malis
1147 5059 1346 5121 favere,
1381 5060 1547 5129 bonos
1576 5058 1772 5112 odisse.
1820 5060 1978 5115 Tales
2078 5062 2207 5114 visis
2237 5058 2316 5114 tot
2348 5061 2618 5114 miraculis
2666 5070 2719 5113 et
2765 5061 2923 5113 tantis
2967 5061 3325 5127 apostolorum
3369 5062 3645 5129 prcecoaiis

412 5132 758 5197 cogitationes
790 5131 1067 5183 hominum
1099 5131 1306 5193 tacitas,
1338 5130 1418 5181 vel
1450 5127 1609 5182 etiam
1637 5138 1978 5195 erumpentes
2078 5129 2304 5197 auditis,
2335 5144 2394 5184 se
2422 5132 2870 5183 ltumiliaverunt:
2914 5129 3036 5198 quia
3068 5140 3338 5196 peccatum
3369 5127 3523 5183 suum
3554 5146 3647 5182 co~

417 5202 468 5251 in
495 5200 639 5252 dicta
662 5201 743 5254 vel
768 5198 904 5253 facta
928 5209 1079 5253 curat
1102 5200 1333 5264 psalmus
1357 5200 1477 5261 iste,
1499 5198 1543 5250 si
1566 5212 1754 5252 curare
1778 5202 1939 5253 velint
1960 5219 1973 5254 :
2077 5208 2396 5268 gnoverunt,
2420 5210 2474 5253 et
2498 5202 2723 5267 pretium
2748 5200 3127 5266 redemptionis
3152 5215 3283 5264 sua},
3308 5201 3397 5267 qui
3421 5202 3647 5252 sgevien-

415 5270 538 5338 quia
567 5271 721 5324 docet
749 5271 1055 5336 patientiam
1088 5269 1138 5321 iu
1168 5270 1350 5321 labore
1381 5269 1660 5338 bonorum,
1701 5279 1755 5320 et
1791 5279 1977 5324 contra
2081 5280 2160 5324 tes
2192 5270 2458 5334 fuderunt,
2486 5270 2764 5323 credentes
2810 5271 3071 5333 biberunt,
3099 5272 3306 5336 quando
3331 5272 3646 5323 accedentes

419 5336 723 5394 felicitatem
760 5340 1040 5404 malorum,
1068 5338 1217 5403 cujus
1248 5338 1537 5409 titulusest
1560 5354 1573 5388 :
1616 5336 1856 5409 Psalmus
1882 5341 1980 5409 ipsi
2078 5340 2143 5392 ad
2167 5340 2442 5405 apostolos
2459 5340 2705 5393 dixerunt
2730 5358 2743 5393 :
2766 5340 2900 5402 Quid
2923 5340 3154 5409 facimus,
3172 5341 3267 5391 viri
3290 5338 3474 5408 fratres
3493 5340 3517 5391 ?
3536 5348 3641 5393 etc.

420 5410 583 5460 David
612 5420 789 5476 quarta
817 5410 1046 5463 Sabbati.
1100 5409 1299 5473 Quarta
1327 5407 1540 5461 Sahbati
1560 5448 1575 5469 ,
1614 5416 1671 5461 ut
1702 5407 1753 5460 in
1783 5407 1975 5463 Genesi
2083 5410 2148 5476 Et
2179 5411 2259 5462 his
2289 5410 2478 5463 talibus
2508 5425 2610 5463 non
2641 5411 2981 5463 retribuetur.
3034 5408 3287 5474 Superhis
3320 5421 3493 5462 autem
3524 5411 3645 5476 qui-

418 5474 632 5547 legitur,
659 5480 775 5547 fecit
809 5478 943 5531 Deus
973 5479 1264 5549 luminaria,
1295 5477 1346 5530 id
1374 5487 1476 5549 est,
1504 5477 1687 5549 solem
1717 5486 1771 5530 et
1799 5478 1980 5535 lunam
2083 5474 2181 5549 bus
2202 5494 2384 5549 parum
2409 5491 2491 5533 est
2520 5480 2733 5549 iecisse,
2760 5479 2852 5532 sed
2880 5483 3117 5532 nituntur
3141 5480 3301 5531 etiam
3332 5474 3641 5544 defendere,

416 5546 673 5602 amna:
717 5564 908 5611 omnes,
958 5556 1004 5600 et
1051 5548 1217 5615 posuit
1257 5562 1341 5600 eas
1386 5547 1436 5595 in
1481 5547 1799 5609 ﬁrmamento
1841 5553 1973 5603 cmli.
2081 5546 2187 5602 illis
2204 5546 2555 5603 retribuetur.
2602 5548 2805 5600 Dgcitur
2834 5560 3007 5599 autem
3041 5550 3104 5600 ad
3134 5563 3317 5601 eorum
3348 5551 3640 5602 correctio-

417 5619 550 5681 Quid
592 5634 719 5689 ergo
751 5618 866 5689 vult
906 5616 1006 5689 sibi
1037 5618 1174 5684 quod
1204 5617 1479 5689 de_qua_rta
1524 5617 1725 5689 sabbati
1769 5618 1974 5672 titulunt
2082 5634 2221 5682 nem,
2248 5628 2305 5689 ut
2327 5620 2625 5689 vel‘timore
2655 5627 3244 5689 paeane(:"uvet'tautur.
3279 5619 3343 5671 Et
3366 5620 3639 5673 sciendum

416 5698 619 5755 accepit
659 5685 939 5756 psalmus?
974 5686 1026 5739 lu
1058 5702 1160 5753 quo
1192 5685 1498 5756 patientiam
1533 5686 1784 5739 docemur
1818 5689 1866 5738 in
1904 5690 1978 5739 la-
2082 5689 2218 5755 quod
2237 5687 2383 5751 dicit,
2410 5686 2655 5739 Emttare
2677 5698 2722 5739 et
2750 5688 3230 5755 redde;pr0pltetia
3258 5698 3341 5742 est
3367 5690 3647 5754 prtvscien-

415 5758 541 5812 bore
570 5755 857 5824 bonorum,
890 5767 943 5811 et
970 5766 1153 5810 contra
1183 5755 1485 5809 felicitatem
1517 5756 1776 5809 malorum
1814 5758 1975 5812 habes
2086 5769 2179 5822 us,
2219 5771 2323 5811 nou
2366 5758 2584 5812 audacia
2613 5757 2866 5824 jttbcutis.
2920 5760 3030 5811 Non
3062 5756 3202 5812 enim
3234 5760 3351 5813 ideo
3394 5758 3645 5813 Dominus
