4026 6200
455 319 562 374 987

916 316 1118 371 BED.~E
1159 312 1607 370 VENERABILIS
1644 310 1795 368 bPP.
1836 310 2011 366 PARS
2050 309 2114 365 Il.
2156 310 2350 368 SECT.
2391 310 2455 367 11.
2487 340 2557 352 -
2597 309 2799 366 DUBIA
2844 310 2932 365 ET
2971 308 3239 365 SPURIA.

3601 304 3708 362 988

458 432 580 484 fecit
611 470 624 493 ,
674 430 796 497 quia
844 428 1082 498 praedixit
1120 428 1424 498 PrOpbeta:
1464 427 1557 481 sed
1594 426 1713 480 ideo
1754 424 2013 496 propheta
2043 426 2089 483 Δ
2123 424 2293 481 tiones
2344 425 2442 498 Dei
2483 426 2653 498 justas
2680 433 2736 480 et
2763 441 2946 491 veras;
2992 426 3198 480 scilicet
3245 426 3491 481 nesciunt
3528 442 3709 498 quare

458 496 802 570 praedixerat,
830 496 947 568 quia
978 500 1231 553 Dominus
1256 496 1490 551 facturus
1516 506 1652 570 erat.

533 571 801 640 Usquequo
858 581 1163 640 peccatores.
1231 569 1366 622 Eet-e
1412 569 1757 640 prOpIteticus
1797 568 2015 636 Spiritus

458 638 693 694 habitum
718 638 943 694 assumit
972 639 1199 710 alicujus
1228 640 1411 693 diserti
1441 638 1813 701 consolatoris,
1861 653 2014 691 asso-

458 712 562 764 ciat
611 712 748 763 enim
779 724 838 764 se
866 710 967 763 illis
1011 711 1460 763 murmurantibus
1488 749 1503 775 ,
1552 722 1682 775 quos
1730 711 1934 762 solatur
1962 710 2013 763 in

462 782 750 846 ignorantia
778 799 790 832 :
824 796 929 833 non
959 784 1079 844 quia
1109 783 1340 835 nesciret
1379 780 1517 847 quod
1565 778 1714 842 quasi
1764 779 2016 846 ignorans

458 852 675 915 quaerit,
718 853 810 903 sed
843 859 899 902 ut
924 852 1115 919 quibus
1142 852 1479 917 rompatitur,
1528 849 1907 910 acceptabilior
1947 849 2019 903 sit

458 919 574 988 ejus
620 921 935 975 consolatio.
988 922 1052 974 Et
1099 931 1182 975 est
1224 920 1375 989 quasi
1422 920 1602 973 dicat:
1638 919 1761 972 Ideo
1799 919 1919 973 dico
1959 930 2016 972 ιιι

459 990 651 1044 reddas
695 992 1095 1045 retributionem
1124 992 1396 1059 superbis,
1432 990 1551 1055 quia
1581 1006 1868 1058 usquequo,
1907 990 2012 1042 Do-

455 1060 618 1122 mine,
662 1071 943 1123 peccatores
973 1061 1371 1132 gloriabuntur?
1415 1059 1594 1132 Certe,
1642 1061 1793 1129 quasi
1834 1059 2011 1132 dicat,

459 1141 740 1202 peccatores
769 1132 1145 1202 gloriabuntur,
1175 1146 1469 1200 quousque,
1520 1131 1571 1184 id
1620 1139 1729 1191 est,
1782 1131 2013 1202 quandiu

460 1200 553 1272 tibi
584 1200 873 1268 placuerit;
913 1213 966 1254 et
994 1202 1260 1272 quomodo
1288 1201 1580 1268 glorientur
1606 1200 1860 1260 ostendit,
1894 1201 2012 1266 quia

458 1269 772 1336 e/fabuntur,
817 1273 866 1325 id
898 1282 980 1326 est
998 1269 1026 1336 ,⁷
1058 1283 1207 1327 extra
1242 1272 1527 1324 labuntur:
1564 1272 1662 1323 lIOC
1689 1282 1767 1324 ρει
1801 1286 2016 1337 persna-

460 1340 657 1410 debunt
704 1343 820 1396 aliis
868 1342 1200 1404 iniquitatem.
1254 1342 1323 1396 Et
1367 1342 1487 1394 ideo
1530 1340 1840 1404 e/fabuntur,
1891 1342 2013 1408 quia

458 1411 725 1479 loquentur
750 1428 865 1466 eam
899 1414 1043 1479 prius
1071 1412 1121 1465 in
1149 1413 1310 1466 corde
1336 1426 1451 1465 suo.
1498 1410 1740 1477 Cogitant
1771 1412 1910 1464 enim
1939 1413 2016 1466 sic

459 1481 597 1546 apttd
626 1498 685 1535 se
710 1502 720 1534 :
753 1482 910 1536 Certe
933 1483 974 1535 si
1003 1498 1062 1535 ea
1091 1498 1209 1550 quae
1232 1497 1330 1549 ego
1356 1481 1487 1534 facio
1516 1480 1850 1548 displicerent
1883 1482 2010 1545 Deo,

460 1564 563 1603 neu
598 1567 682 1605 me
708 1555 907 1606 sineret
934 1554 1142 1616 Vth'l’e,
1175 1555 1267 1606 sed
1314 1551 1422 1621 jam
1469 1553 1666 1604 dudum
1717 1568 1799 1603 me
1844 1551 2011 1605 inter-

464 1620 695 1692 lecisset.
751 1623 812 1675 Et
839 1623 959 1692 quia
994 1624 1093 1677 hoc
1121 1620 1351 1691 cogitant
1381 1623 1515 1688 apud
1546 1636 1637 1685 se,
1688 1622 1806 1692 ideo
1834 1632 2012 1688 postea

464 1691 797 1756 eloquentur,
834 1690 890 1745 ut
915 1692 1033 1744 alis
1065 1695 1203 1746 idem
1252 1692 1624 1759 pelsuadeaut.
1681 1692 1744 1744 Et
1789 1690 1887 1743 hoc
1933 1703 2015 1746 est

458 1761 599 1826 quod
627 1763 782 1822 dicit,
813 1763 1123 1829 effabunlur,
1154 1772 1208 1815 et
1239 1765 1380 1829 prius
1415 1764 1681 1829 loquentur
1720 1762 1771 1812 in
1812 1777 1870 1814 se
1912 1764 2012 1814 ini-
2046 1773 2091 1830 Β

458 1831 720 1896 quitatem.
753 1832 1058 1900 Loquentur
1090 1841 1264 1885 autem
1296 1831 1435 1893 ideo,
1486 1846 1703 1884 securus
1730 1832 1866 1886 diro.
1893 1834 2014 1899 quia

461 1913 733 1972 operantur
763 1903 920 1954 etiam
951 1903 1272 1972 injustitiam,
1303 1902 1352 1972 id
1385 1910 1493 1965 est,
1527 1902 1591 1953 ad
1621 1901 1865 1972 etii-ctum
1900 1917 2015 1969 pcr-

461 1969 1014 2040 ducentiiniquitatem
1043 1987 1199 2040 quam
1228 1970 1614 2039 cogitaverunt,
1642 1971 1741 2023 hoc
1768 1980 1849 2023 est
1875 1971 2016 2040 quod

459 2038 618 2111 dicit,
650 2039 941 2110 Loquentur
962 2038 1135 2096 omnes
1164 2042 1251 2111 qui
1282 2038 1554 2110 operantur
1578 2038 1905 2111 injustitiami
1956 2044 2019 2095 Et

460 2109 580 2175 quia
612 2120 664 2164 tu
698 2109 917 2166 Domine
960 2128 1063 2166 non
1110 2109 1331 2180 corrigis
1369 2127 1481 2175 eos,
1529 2109 1647 2164 ideo
1687 2110 2015 2178 iniquitatem

458 2192 607 2232 suam
634 2197 793 2242 super
812 2184 944 2237 alios
965 2183 1122 2235 etiam
1144 2183 1453 2244 extendent,
1475 2181 1595 2250 quia
1620 2182 2012 2235 humiliaveruul

462 2253 705 2318 populum
733 2263 891 2306 tuum.
945 2253 1123 2307 Potest
1161 2262 1215 2305 et
1254 2252 1323 2304 ita
1351 2252 1664 2317 simpliciter
1692 2252 2012 2305 continuari.

458 2319 626 2384 Quam
675 2322 986 2391 injustitiam
1037 2321 1367 2389 operantur?
1417 2323 1551 2375 hanc
1597 2321 1842 2387 scilicet,
1891 2323 2015 2390 quia

459 2392 848 2446 ltumt'liaverunt
892 2395 1110 2447 Domino
1139 2394 1465 2455 devocanda,
1516 2402 1570 2445 et
1615 2392 1715 2444 sibi
1765 2393 2016 2461 incorpo-

459 2462 627 2514 rando
676 2465 925 2532 populum
977 2476 1154 2529 tuum;
1201 2478 1357 2529 quem
1407 2475 1580 2515 autem
1632 2464 1911 2528 p0pulum,
1964 2475 2018 2517 et

459 2545 616 2598 quam
663 2534 1083 2587 liumiliationcm
1126 2534 1389 2598 accipiat,
1440 2533 1761 2584 determinat
1790 2532 2011 2586 dicens:

464 2597 528 2650 Et
555 2602 893 2656 Inrrea'itatem
921 2613 1059 2656 tuam
1081 2597 1402 2655 vexaverant.
1424 2602 1490 2653 Et
1510 2616 1654 2664 vere,
1679 2617 1747 2669 qu
1767 2601 1827 2652 isi
1852 2604 2013 2666 dicat,

460 2683 802 2741 vexaierunt,
833 2673 957 2741 quia
985 2675 1066 2727 vel
1097 2672 1315 2725 interius
1344 2672 1686 2725 devocanda:
1719 2679 1809 2723 aut
1835 2673 1879 2724 si
1912 2688 2014 2726 non

460 2738 701 2806 interius,
752 2738 939 2796 saltem
987 2744 1226 2798 exterius
1264 2742 1490 2805 viduam,
1538 2742 1587 2794 id
1634 2753 1738 2807 εει,
1787 2741 2015 2807 aliquam

460 2824 727 2881 carentem
779 2824 1025 2881 tanquam
1074 2814 1493 2867 consolationem
1540 2813 1738 2865 mundo
1769 2818 2016 2880 tanquam

462 2893 597 2951 iure.
652 2880 715 2932 I'It
745 2880 1010 2951 advenam,
1045 2885 1131 2951 qui
1165 2900 1267 2935 non
1313 2897 1371 2936 se
1416 2892 1718 2936 manentem
1750 2884 2015 2938 Civitatem

462 2949 772 3022 bicliabere
811 2949 1013 3022 credit,
1056 2949 1149 3006 sed
1192 2951 1422 3006 futuram
1465 2953 1719 3021 inquirit:
1766 2961 1809 3004 ει
1854 2954 2015 3008 etiam

461 3018 752 3091 occiderunt
785 3018 1038 3090 quosdam
1070 3023 1441 3091 corporaliter,
1478 3018 1733 3090 quosdam
1766 3022 2015 3085 spiritua-

464 3088 582 3140 liter
629 3088 875 3161 pupillos,
931 3092 980 3147 id
1028 3103 1141 3157 est,
1168 3088 1309 3145 'illos
1354 3094 1443 3161 qui
1486 3088 1655 3143 orbati
1687 3100 1836 3145 erant
1870 3104 2016 3159 patre

464 3164 678 3233 mundo.
714 3160 779 3214 Et
807 3167 917 3216 haec
940 3174 1156 3233 agentes
1180 3160 1414 3217 dixerunt
1438 3178 1459 3217 :
1486 3162 1735 3215 Dominus
1759 3177 1859 3233 non
1884 3165 2020 3216 vide~

461 3230 529 3279 bit
570 3229 665 3304 ista
694 3272 707 3293 ,
758 3234 878 3296 quia
911 3229 999 3287 nec
1026 3236 1187 3288 etiam
1215 3234 1464 3304 intelliget
1494 3249 1555 3286 ea
1588 3233 1725 3285 Deus
1751 3232 1935 3296 Jacob,
1971 3236 2020 3288 id

462 3307 564 3358 est.
593 3300 728 3373 Deus
754 3305 1139 3373 supplautator.
1160 3314 1214 3358 et
1239 3300 1517 3370 praesentia
1539 3305 2020 3371 contemnentiuin,

461 3384 616 3442 quem
648 3370 734 3424 isti
770 3370 929 3427 Dirum
962 3376 1156 3428 faciunt
1186 3374 1367 3441 linem,
1399 3374 1547 3442 quasi
1578 3374 1717 3427 dicat
1742 3390 1755 3425 :
1780 3374 1911 3439 Quia
1945 3370 2020 3441 tu,

466 3436 704 3515 Domine,
726 3445 1007 3515 prolongas
1035 3436 1385 3508 nimietatem,
1410 3436 1529 3499 ideo
1557 3452 1611 3498 et
1639 3444 1735 3510 ipsi
1764 3436 2020 3512 superadl

462 3506 590 3562 dunt
621 3506 981 3582 iniquitatem,
1011 3518 1154 3582 prius
1180 3516 1320 3569 enim
1343 3506 1641 3568 statuerunt
1659 3506 1720 3567 ἰε
1746 3506 2016 3582 injustnm,

462 3580 670 3655 quando
698 3580 1025 3655 iniquitatem
1054 3602 1201 3639 suam
1233 3588 1441 3655 placere
1472 3584 1563 3638 tibi
1587 3580 1853 3639 dixerunt.
1889 3586 2022 3640 Huic

462 3647 723 3725 iniquitati
770 3647 928 3709 aliam
963 3673 1103 3711 tlllltc
1141 3647 1540 3723 sup'eraddttnt,
1589 3657 1708 3722 quia
1754 3657 1893 3725 quod
1938 3673 2023 3712 res

466 3718 723 3791 humanas
752 3740 856 3778 non
886 3742 1072 3791 cures,
1113 3718 1359 3781 asserunt
1387 3718 1657 3791 dicentes,
1694 3718 1810 3780 Νοίι
1839 3727 2021 3781 videbit

462 3789 734 3857 Dominus,
760 3804 862 3849 ctc.

532 3858 806 3932 lntelligite
838 3867 1151 3929 insipientes.
1199 3868 1347 3922 Facit
1375 3867 1751 3937 apostropham
1785 3868 1847 3921 ad
1879 3885 2021 3925 mur-

464 3944 733 3986 murantes
761 3946 813 3989 et
842 3937 1077 3991 inlirmos
1098 3980 1112 3999 ,
1160 3942 1355 3993 (lucens
1382 3953 1473 3991 cos
1504 3956 1569 3991 ne
1599 3940 1728 3991 llure
1764 3940 2019 3993 malorum

460 4004 877 4078 seducti_ipsos
906 4008 1201 4075 imitentur,
1250 4011 1400 4078 quasi
1449 4012 1625 4063 dicat:
1677 4008 1756 4061 Illi
1808 4009 2020 4075 quidem

466 4071 788 4144 persuadent
812 4076 1163 4144 iniquitatem,
1188 4071 1241 4132 et
1269 4071 1428 4133 etiam
1459 4080 1702 4133 minuunt
1733 4071 2019 4144 potentiam

463 4154 611 4217 suam
646 4143 868 4196 Domino
893 4143 1157 4213 dicentes,
1199 4151 1335 4214 quod
1379 4165 1480 4203 non
1510 4151 1709 4202 videbit
1742 4150 1874 4201 mala
1905 4167 2021 4217 qua:

464 4207 660 4288 t‘aciunt
686 4228 697 4263 :
732 4227 822 4267 vos
850 4226 1022 4267 autem
1056 4207 1244 4270 infirmi
1274 4221 1324 4271 in
1352 4219 1537 4288 populo
1569 4220 1679 4283 Dei,
1707 4207 2019 4288 insipieiiies,

542 4290 644 4343 est,
675 4297 778 4335 ιιοιι
813 4288 1147 4350 providentes
1176 4289 1326 4341 vobis
1352 4280 1694 4352 in'l'uturum,
1722 4280 2021 4345 aemulandi}

463 4350 647 4427 liorem
670 4354 951 4427 malorum,
977 4372 1042 4410 ne
1068 4359 1258 4411 talibus
1286 4360 1619 4421 adha-reatis,
1645 4350 1733 4412 sed
1761 4361 2022 4427 intelligite

465 4421 604 4487 quod
638 4424 1190 4492 intelligendumest:
1238 4438 1282 4481 et
1314 4445 1407 4480 vos
1436 4430 1582 4482 stulti
1614 4447 1715 4481 non
1747 4421 2021 4486 attenditis

2121 505 2301 561 parcet
2344 496 2515 549 malis.
2573 497 2952 565 Relinquamus
2982 511 3111 566 ergo
3139 498 3492 563 cogitationes
3524 497 3707 551 homi-

2119 581 2246 618 num
2278 580 2459 631 vanas,
2496 577 2549 619 ut
2578 568 2806 621 sciamus
2835 567 3185 637 cogitationes
3218 567 3310 621 Dei
3346 581 3522 620 veras.
3573 567 3709 633 Quis

2118 644 2294 689 autem
2325 645 2407 689 est
2434 638 2615 693 sciens
2644 638 2993 698 cogitationes
3037 637 3241 689 Domini
3273 640 3471 690 veras?
3524 638 3706 690 nullus

2118 705 2343 776 scilicet,
2377 709 2477 761 nisi
2508 724 2663 776 quem
2698 707 2954 761 Dominus
2984 708 3260 771 erudierit,
3287 707 3335 759 id
3363 716 3466 772 est,
3493 710 3582 774 qui
3612 724 3709 762 eor

2119 775 2276 830 habet
2305 775 2532 831 afﬁxum
2558 779 2611 831 in
2639 779 2974 831 ﬁrmamento
3012 777 3165 838 caeli,
3215 779 3264 830 id
3304 790 3416 840 εει.
3465 779 3514 830 in
3565 777 3703 831 libro

2121 846 2249 912 legis
2295 848 2382 900 Dei
2411 865 2424 900 :
2457 855 2511 902 et
2543 848 2662 900 ideo
2696 849 2871 902 omnis
2914 848 3001 901 ille
3033 862 3157 901 vere
3184 848 3357 901 beatus
3386 859 3463 900 est
3490 889 3505 914 ,
3548 864 3703 913 quem

2119 924 2172 986 tu
2199 918 2466 971 erudieris.
2500 920 2564 972 Et
2591 918 2710 973 ideo
2733 920 2850 972 dico
2876 919 3073 979 beatus,
3098 920 3218 986 quia
3248 930 3301 969 tu
3330 918 3561 972 docueris
3586 936 3702 972 eum

2118 985 2180 1036 de
2207 987 2313 1055 lege
2342 1001 2463 1052 tua,
2519 988 2569 1042 id
2616 998 2728 1054 cst,
2781 989 2977 1042 faciens
3016 988 3064 1041 ei
3096 985 3475 1042 documentum
3528 990 3698 1056 legem

2119 1063 2282 1126 tuam,
2311 1056 2359 1110 id
2387 1069 2489 1120 est,
2514 1068 2734 1126 paterna
2761 1060 2966 1126 ﬂagella
2996 1070 3103 1111 tua.
3133 1059 3230 1123 Qui
3263 1059 3381 1111 ideo
3409 1074 3502 1126 per
3524 1058 3699 1125 legem

2118 1124 2502 1195 intelliguntur,
2517 1124 2654 1197 quia
2687 1128 2770 1183 lex
2806 1124 2987 1195 pinnas
3017 1129 3236 1197 irrogat,
3269 1124 3434 1183 facies
3458 1131 3507 1182 ei
3536 1124 3701 1184 docu-

2118 1207 2353 1251 mentum
2382 1198 2446 1252 ad
2477 1200 2578 1253 hoc
2605 1208 2662 1252 ut
2690 1200 2887 1269 mitiges
2912 1200 2980 1262 ei,
3016 1198 3065 1252 id
3093 1206 3195 1263 est,
3229 1208 3285 1252 ut
3314 1199 3614 1265 mitigatum
3644 1207 3703 1255 et

2118 1273 2468 1328 temperatum
2501 1269 2662 1323 iacias
2690 1285 2835 1331 eum,
2862 1286 2927 1322 ne
2953 1271 3239 1322 seducatur
3265 1285 3296 1321 a
3318 1269 3494 1321 diebus
3523 1271 3697 1324 malis.

2121 1335 2242 1408 Dies
2271 1337 2391 1391 mali
2416 1349 2560 1407 sunt,
2588 1340 2637 1392 in
2661 1339 2852 1408 quibus
2880 1340 3003 1392 mali
3028 1337 3242 1401 ﬂorent,
3270 1340 3389 1393 boni
3415 1340 3696 1393 laborant:

2117 1406 2209 1458 sed
2240 1408 2390 1460 labor
2420 1406 2698 1469 bonorum,
2724 1419 2806 1464 est
2835 1421 3109 1476 paternum
3138 1409 3402 1476 ﬂagellum
3430 1427 3443 1462 :
3477 1409 3579 1463 llos
3606 1426 3700 1463 au-

2121 1484 2224 1550 tem
2260 1482 2548 1550 malorum,
2594 1480 2749 1535 fovea
2779 1496 2987 1550 eorum.
3042 1480 3108 1532 Et
3136 1479 3257 1533 ideo
3286 1481 3452 1545 dicit,
3496 1478 3701 1550 Hitiges

2117 1547 2163 1617 ei
2189 1564 2220 1617 (ι
2246 1548 2422 1602 diebus
2450 1550 2618 1616 malis,
2654 1551 2776 1617 quia
2807 1549 2921 1605 dies
2949 1551 3069 1604 mali
3095 1550 3332 1603 duraturi
3365 1560 3510 1617 sunt,
3536 1547 3700 1603 donec

2119 1615 2348 1688 [odiatur
2377 1625 2522 1688 fovea
2547 1662 2560 1685 ,
2613 1615 2679 1673 id'
2709 1630 2791 1674 est
2812 1661 2827 1685 ,
2872 1630 2928 1673 ut
2958 1619 3105 1684 quasi
3151 1620 3217 1673 ad
3250 1621 3465 1686 plenum
3495 1615 3694 1674 aeterna

2120 1687 2392 1744 damnatio
2442 1700 2767 1758 praeparetur
2811 1691 3081 1758 peccaturi.
3134 1690 3195 1743 Et
3240 1700 3323 1745 est
3365 1692 3514 1758 quasi
3555 1691 3699 1744 dicat

2124 1770 2473 1828 murmuranti
2499 1762 2715 1815 cuilibet
2742 1772 2926 1813 contra
2962 1760 3270 1827 patientiam
3304 1761 3395 1815 Dei
3424 1781 3435 1813 :
3472 1762 3549 1814 Tu
3577 1764 3697 1828 qui-

2121 1825 2242 1878 dem
2272 1829 2349 1880 vis
2379 1832 2596 1896 impium
2627 1832 2732 1898 jam
2763 1825 2995 1898 sepelire
3017 1870 3031 1894 ,
3083 1829 3177 1883 sed
3218 1832 3451 1884 nondum
3482 1825 3693 1897 tempus

2119 1906 2231 1957 est,
2266 1897 2382 1962 quia
2418 1897 2649 1952 nondum
2683 1901 2833 1954 fovea
2883 1910 3058 1968 parata
3091 1911 3195 1954 est.
3249 1901 3514 1969 Exspecta
3543 1917 3691 1969 ergo.

2120 1969 2283 2038 donec
2324 1972 2574 2036 peccatori
2618 1971 2844 2036 fodiatur
2892 1971 3057 2038 fovea.
3114 1970 3459 2025 Peccatorem
3504 1973 3697 2037 accipit

2122 2035 2151 2086 h
2178 2051 2209 2090 c
2236 2035 2378 2091 illum
2407 2042 2492 2105 qui
2526 2043 2575 2094 in
2602 2035 2936 2096 eonteSsioue
2962 2053 3299 2102 peccatorum
3327 2035 3690 2108 penitentiam

2118 2117 2277 2170 agere
2306 2123 2410 2162 non
2439 2112 2571 2173 vult,
2598 2120 2651 2164 ut
2680 2128 2771 2177 per
2799 2112 3148 2165 humilitatem
3172 2112 3429 2165 salvetur.
3463 2113 3692 2166 Necesse

2119 2178 2364 2251 est_eni_m
2391 2180 2441 2233 iii
2467 2196 2784 2251 quocunque
2808 2183 2919 2236 sive
2943 2181 3041 2244 vir,
3066 2183 3182 2236 sive
3206 2182 3417 2235 flemina
3441 2182 3530 2243 sit,
3558 2198 3692 2248 pra:-

2119 2245 2274 2324 cedat
2313 2245 2525 2324 humilis
2550 2245 3129 2324 confessio,_sequatur
3146 2251 3388 2324 salubria
3427 2245 3689 2324 paenitens

2122 2320 2212 2391 lla,
2243 2332 2362 2391 qua:
2396 2321 2566 2391 valeat
2608 2324 2673 2375 ad
2720 2322 2988 2375 hominem
3019 2320 3391 2391 corrigendum
3415 2364 3428 2384 ,
3478 2338 3582 2376 non
3627 2321 3691 2373 ad

2120 2382 2286 2459 Deuttt
2322 2388 2668 2446 irridendum.
2724 2392 2787 2445 Et
2815 2392 2860 2446 si
2890 2392 3027 2445 bona
3059 2382 3219 2459 OpeFa
3250 2382 3555 2456 facit,'inde
3582 2393 3692 2445 Deo

2119 2456 2480 2534 gratiasagat,
2514 2478 2609 2534 nec
2640 2461 2802 2515 alium
2832 2456 3168 2526 coiitemnat,
3204 2464 3352 2534 quasi
3388 2463 3695 2516 misericor-

2120 2524 2201 2601 ‘lif'
2241 2526 2359 2601 Dei.
2379 2524 2510 2598 ’(Ιυέιξ
2542 2532 2683 2601 larga
2716 2542 2797 2598 est
2825 2536 2872 2585 in
2902 2548 3109 2599 omnes,
3141 2524 3193 2586 in
3222 2524 3286 2585 co
3314 2533 3383 2586 sit
3410 2534 3688 2599 praeclusa.

2123 2593 2423 2669 Pltarismus
2448 2617 2573 2656 vero
2603 2593 2707 2657 rion
2740 2594 2861 2657 inde
2888 2593 3167 2657 damnatus
3191 2612 3291 2664 est,
3324 2593 3422 2669 qui
3443 2605 3511 2657 de
3539 2603 3693 2656 bonis

2119 2665 2368 2741 operibus
2394 2673 2503 2725 suis
2527 2676 2724 2741 gratias
2745 2675 2871 2739 egit,
2896 2674 3016 2741 quia
3042 2676 3177 2728 dixit
3198 2715 3211 2737 ,
3244 2665 3451 2727 Gratias
3477 2690 3573 2741 ago
3601 2672 3691 2727 tibi

2122 2731 2374 2814 Domine;
2428 2731 2690 2809 sed'quia
2737 2731 3074 2811 publicanum
3118 2731 3432 2809 contempsit
3464 2731 3687 2797 dicens:

2122 2802 2254 2883 Ωςιία
2283 2823 2383 2883 non
2413 2827 2525 2883 sum
2554 2802 2698 2883 sicut
2737 2802 2904 2867 cteteri
2931 2815 3216 2874 hominum,
3247 2802 3499 2883 raptores,
3533 2815 3610 2866 rel
3639 2824 3691 2867 ut

2120 2878 2282 2951 etiam
2312 2878 2396 2932 hic
2436 2882 2755 2951 publicanus.
2805 2885 3079 2951 Superbus
3131 2884 3222 2937 ille
3268 2878 3385 2936 erat
3436 2888 3485 2936 in
3537 2886 3689 2937 bonis

2119 2946 2366 3025 operibus
2395 2946 2526 3017 suis,
2573 2956 2718 3025 quia,
2751 2946 2938 3025 inquit,
2972 2954 3244 3008 Descendit
3267 2955 3348 3007 hic
3368 2956 3687 3023 justiﬁcatus

2118 3016 2172 3092 in
2201 3016 2406 3092 domum
2437 3016 2615 3087 suam}
2657 3024 2725 3078 ab
2763 3016 2853 3076 illa
2885 3027 2964 3077 via
3005 3041 3106 3077 non
3137 3016 3385 3092 repellit.-
3409 3016 3546 3077 Dixit
3574 3026 3689 3079 die-

2126 3083 2222 3163 bus
2266 3091 2419 3163 malis
2461 3083 2755 3160 duraturis,
2789 3095 2946 3146 donec
2980 3083 3207 3163 fodiatur
3236 3096 3485 3160 percntari
3523 3097 3685 3163 fovea.

2134 3155 2195 3233 Ιςι
2222 3162 2367 3221 quasi
2400 3163 2575 3215 dicat:
2611 3155 2788 3218 Donec
2819 3165 2953 3231 plebi
2980 3155 3098 3231 ejus
3131 3155 3453 3233 prie-paretur
3479 3155 3686 3219 cierei-

2130 3235 2290 3290 ttum,
2334 3234 2453 3295 quia
2477 3237 2767 3305 exercebit
2793 3236 3008 3305 quidem
3045 3235 3294 3288 Dominus
3326 3235 3517 3302 plebem
3546 3253 3687 3288 suam

2129 3309 2221 3376 per
2243 3307 2441 3376 alterna
2470 3302 2693 3376 ﬂagella,
2719 3302 2826 3358 nou
2846 3315 3021 3358 autem
3047 3306 3250 3376 repellet
3276 3320 3412 3359 eam.
3447 3305 3515 3358 Et
3539 3322 3689 3360 exer-

2128 3368 2340 3444 citando
2386 3387 2485 3424 non
2535 3368 2879 3440 derelinqut't,
2934 3377 3042 3429 itno
3092 3368 3263 3444 potius
3311 3379 3543 3430 altraliet
3587 3378 3687 3429 sibi

2128 3433 2208 3515 (ea:
2237 3440 2483 3515 editatem
2504 3460 2666 3499 suum.
2704 3433 2814 3499 Hoc
2842 3433 2922 3499 est
2951 3433 3161 3514 plebem
3191 3459 3361 3509 suam,
3392 3462 3510 3515 quae
3537 3460 3614 3500 es:
3639 3450 3687 3499 ei

2131 3504 2429 3584 litereditas.
2467 3513 2532 3565 lit
2582 3518 2775 3568 tamdiu
2826 3532 2928 3570 non
2952 3504 3309 3584 'derelmquet,
3340 3504 3685 3584 quoadusque,

2209 3589 2322 3657 esti,
2374 3598 2536 3657 usque
2566 3587 2630 3636 ad
2662 3595 2867 3655 tempus
2900 3586 3021 3639 illud
3054 3588 3103 3638 in
3132 3575 3239 3654 quo
3270 3575 3509 3649 tempore
3531 3575 3689 3657 justi;

2129 3649 2220 3705 tia.
2255 3649 2304 3699 id
2335 3660 2435 3713 est,
2468 3653 2641 3725 justus
2682 3649 2884 3724 ille'qui
2914 3649 3214 3723 emphatice
3243 3657 3436 3709 dicitur
3460 3649 3684 3725 justitia,

2126 3728 2444 3796 convertatur
2475 3724 2542 3775 ab
2572 3725 2865 3778 humilitate
2897 3729 2946 3778 in
2970 3728 3242 3794 judicium.
3285 3726 3486 3780 SClllcel
3513 3736 3573 3779 υῑ
3600 3730 3686 3796 (ἰαί

2130 3790 2276 3864 prius
2310 3790 2449 3845 Venit
2480 3796 2711 3864 _humilis
2745 3790 3086 3862 judicandus.
3120 3797 3368 3850 teriibilis
3396 3799 3575 3850 veniat
3599 3790 3655 3864 ιιι

2128 3856 2418 3937 dicaturus.
2468 3860 2535 3937 Et
2565 3866 2651 3932 qui
2681 3856 2839 3920 erunt
2866 3876 2986 3920 tunc
3020 3856 3171 3937 juxta
3203 3867 3349 3919 illam
3382 3856 3639 3934 justitizni
3666 3868 3688 3920 ‘.'

2130 3924 2230 4005 hoc
2260 3941 2342 4005 est
2364 3971 2377 3993 ,
2417 3935 2519 4005 qui
2551 3924 2700 3988 ciunt
2738 3946 2861 3989 tunc
2893 3924 3227 3990 colla'terales
3257 3924 3405 3991 istius
3442 3938 3567 4005 juSti
3600 3952 3685 3988 vu-

2130 4003 2324 4053 nientls
2364 4004 2427 4075 ad
2466 4003 2761 4069 judicium,
2815 4016 2872 4059 ut
2917 4022 3035 4061 cum
3066 4003 3687 4075 cojudfeentt'Sciticet

2129 4081 2299 4147 omnes
2327 4074 2409 4137 qui
2439 4084 2555 4125 sunt
2584 4085 2718 4128 recto
2749 4077 2919 4129 corde.
2968 4078 3055 4129 Vel
3088 4079 3240 4129 aliter
3265 4094 3278 4128 :
3310 4078 3579 4144 Quousque
3597 4081 3685 4147 ju-

2128 4147 2264 4190 stum
2310 4152 2489 4195 nostra
2532 4156 2852 4200 convertatur
2880 4150 2932 4201 in
2972 4150 3213 4208 iudicium
3250 4150 3482 4208 scilicet,
3535 4160 3587 4200 ut
3634 4151 3682 4200 in

2128 4168 2264 4190 unm
2310 4168 2489 4195 nuntia
2532 4168 2852 4200 convertatur
2880 4168 2932 4201 ιιι
2996 4168 3213 4201 udicium
3250 4168 3482 4208 SCIIICCI,
3535 4168 3587 4200 ιιι
3634 4168 3678 4200 ΙΙΙ

2128 4209 2320 4286 quibus
2349 4214 2492 4279 prius
2524 4217 2830 4286 prmcessit,
2882 4168 3085 4286 judjices
3117 4220 3261 4270 liant.
3313 4220 3471 4282 Quasi
3502 4219 3678 4271 dicat:

2128 4277 2277 4357 lflunc
2303 4277 2557 4357 justitiam
2592 4285 2745 4353 habe,
2783 4277 2920 4343 nuuc
2946 4289 3200 4357 justitiam
3233 4277 3371 4349 tene,
3399 4287 3524 4341 dum
3556 4304 3683 4341 non-

2127 4348 2251 4428 duin
2284 4355 2478 4428 poteris
2505 4348 2758 4423 judicium
2789 4348 3005 4413 habere.
3055 4357 3235 4413 Sancti
3280 4348 3421 4411 enim
3461 4360 3680 4425 apostoli

2132 4423 2273 4494 prius
2297 4423 2552 4489 justitiam
2586 4428 2923 4493 habuerunt,
2973 4430 3021 4482 id
3052 4438 3134 4481 est
3156 4468 3170 4491 ,
3227 4428 3415 4494 impios
3445 4423 3682 4482 homines

466 4508 622 4567 quam
655 4488 843 4567 vanum
874 4506 928 4549 et
959 4498 1143 4563 fragile
1187 4499 1255 4553 sit
1284 4501 1422 4565 quod
1454 4500 1701 4567 appetitis
1722 4540 1735 4561 ,
1785 4501 1828 4552 si
1880 4504 2025 4567 prius
2057 4488 2105 4543 Ῑ)
2133 4488 2526 4567 ιυιθτθνίέτηιιιν
2582 4510 2763 4563 Postea
2808 4488 3165 4567 Ιυάίεθῦυιιῑί
3193 4498 3256 4550 El
3288 4488 3399 4562 ipse
3433 4498 3682 4551 DUmi'lUS

464 4562 820 4635 aberravislis,
854 4568 934 4619 vel
968 4562 1242 4635 aliquando
1285 4562 1499 4633 sapite,
1525 4562 1655 4635 quia
1705 4562 2031 4624 mentiuntur

464 4632 540 4708 illi
568 4633 867 4708 quidieunt
893 4652 906 4687 :
952 4632 1069 4690 Non
1098 4641 1278 4692 videbit
1310 4656 1396 4690 nec
1424 4632 1691 4708 intelliget.
1743 4640 1869 4690 Nam
1907 4656 2031 4695 Vt'l'e

467 4702 708 4779 intelligit
732 4705 998 4779 Dominus,
1022 4719 1073 4760 et
1095 4712 1256 4762 videt.
1287 4710 1385 4773 Qui
1406 4714 1544 4762 enim
1568 4702 1813 4779 plnntnt'it
1835 4726 2025 4775 aurem,

467 4770 517 4824 id
549 4770 653 4831 est:
686 4774 807 4845 l't-cit
839 4776 971 4828 hanc
1003 4781 1274 4831 materiam
1306 4770 1579 4840 aitdieiid.,
1611 4795 1728 4845 quin
1758 4793 1833 4831 es:
1866 4770 2027 4842 auris,

464 4842 701 4915 nunqu'd
730 4861 827 4897 non
857 4849 1029 4899 audiet
1054 4850 1077 4900 ἶ)
1128 4849 1189 4899 Et
1219 4851 1305 4915 qui
1334 4852 1478 4915 ﬁnxit
1511 4842 1713 4901 oculum
1755 4860 2028 4903 ιιιθιι-ιηιιιιι

468 4911 676 4987 videndi
710 4916 758 4964 in
790 4915 963 4987 nobis,
996 4911 1238 4984 nunquid
1256 4911 1352 4972 non
1384 4921 1716 4980 considerat?
1747 4920 1806 4970 Et
1831 4921 1918 4971 ille
1944 4922 2028 4987 qui

469 4982 660 5049 ubique
682 4986 895 5055 corripit
925 4982 1134 5052 gentes,_
1161 5004 1431 5053 praecones
1469 5005 1594 5041 suos
1619 4982 2029 5055 circumquaque

470 5054 749 5116 mittendo,
793 5056 877 5119 qui
910 5066 962 5108 et
994 5058 1342 5122 pra-dicarem
1373 5060 1673 5120 veritatem,
1709 5067 1763 5112 et
1789 5054 2027 5125 cori-ipe-

468 5132 585 5173 runt
608 5125 908 5196 lalsitatcin,
936 5128 1165 5192 nunquid
1198 5130 1403 5181 tandem
1433 5144 1532 5181 non
1558 5142 1735 5196 arguet
1762 5129 1811 5179 iii
1837 5144 2027 5183 vanum

467 5196 688 5261 gratiam
728 5192 1083 5265 accipientes?
1131 5197 1195 5248 Et
1228 5199 1372 5260 quasi
1404 5199 1590 5263 aliquis
1618 5192 1791 5251 dicat:
1827 5201 2027 5265 Argue-

467 5276 543 5313 ι·‹·ι
593 5267 791 5332 utique,
836 5263 882 5316 si
928 5265 1079 5318 siiret
1113 5283 1125 5329 ;
1158 5269 1335 5319 subdit
1368 5268 1578 5321 :Stulte
1601 5308 1615 5333 ,
1658 5268 1744 5321 ille
1771 5271 1855 5331 qui
1887 5263 2028 5321 doctt

467 5334 714 5404 [tantinem
736 5352 772 5387 sv
792 5335 1015 5399 ientiam,
1042 5352 1142 5389 non
1164 5339 1350 5391 nescit.
1388 5336 1594 5403 Utique.
1626 5338 1754 5404 Quia
1779 5338 2030 5391 Dominus

466 5403 707 5457 absoluze
744 5418 842 5466 est,
878 5409 924 5458 id
958 5416 1056 5471 est,
1086 5409 1260 5460 omnia
1310 5407 1362 5460 in
1414 5417 1670 5473 potestate
1714 5423 1810 5461 sua
1850 5406 2024 5461 habet.

470 5474 537 5527 Et
565 5476 607 5526 si
636 5475 836 5537 omnia,
872 5491 997 5541 ergo
1025 5477 1321 5530 scientiam.
1367 5478 1421 5530 Et
1455 5480 1573 5545 quia
1605 5477 1876 5531 scientiam
1911 5493 2001 5543 pos

470 5545 626 5617 sitiet,
653 5559 781 5611 ergo
804 5545 1139 5617 manifestum
1160 5562 1239 5617 est
1268 5549 1388 5617 quia
1419 5551 1512 5600 scit
1539 5563 1641 5601 non
1673 5549 1842 5600 solum
1871 5548 2025 5613 facta,

467 5615 748 5683 sedetiam
776 5616 1102 5683 cogitationes
1144 5615 1451 5672 hominum:
1482 5633 1584 5671 non
1626 5627 1799 5670 autem
1843 5630 1899 5670 ιιι
1939 5633 2029 5669 eas

468 5682 695 5757 probet,
745 5682 851 5757 imo
897 5693 953 5737 ut
1001 5685 1295 5754 improbet,
1346 5690 1467 5757 quia
1496 5689 1590 5741 scit
1624 5689 1863 5756 quoniam
1889 5704 2028 5741 vana:

461 5762 599 5806 sunt.
649 5750 897 5807 Homines
935 5750 1109 5809 autem
1143 5750 1310 5825 (quasi
1342 5750 1503 5827 dicat)
1550 5750 1791 5812 nes-ciunt
1831 5760 2022 5827 cogita-

2136 4572 2314 4640 noster
2341 4562 2516 4640 Jesus
2536 4562 2782 4622 Christus
2809 4562 2975 4637 'prius
3008 4569 3173 4640 voluit
3215 4568 3439 4635 judicari
3466 4608 3484 4635 ,
3527 4585 3679 4634 quam

2128 4633 2389 4709 judicare.
2436 4636 2587 4709 Prius
2616 4641 2757 4690 enim
2789 4633 2991 4709 tempus
3022 4633 3298 4705 passionis,
3332 4633 3522 4709 deinde
3546 4633 3679 4689 tein-

2135 4717 2227 4766 pus
2252 4703 2586 4770 juilicationis
2614 4724 2625 4758 :
2657 4709 2797 4772 prius
2826 4703 3032 4776 tempus
3061 4708 3457 4770 humiliationis,
3492 4710 3681 4762 deinde

2135 4782 2340 4848 tempus
2376 4777 2762 4848 exultatiouis;
2814 4795 2944 4848 ergo
2975 4794 3110 4831 nunc
3144 4779 3401 4841 justitiam
3432 4790 3589 4844 tene,
3638 4781 3680 4832 si

2134 4842 2343 4894 tandem
2367 4845 2619 4911 judicium
2645 4849 2721 4900 vis
2744 4842 2955 4902 bahci'e.
2993 4850 3057 4900 lit
3076 4849 3354 4915 qui’(quasi
3382 4850 3539 4915 dicat)
3565 4842 3683 4902 sunt

2121 4915 2277 4982 juxta
2306 4915 2445 4965 illum
2470 4918 2747 4981 justitiam,
2778 4920 2875 4971 hoc
2902 4930 3005 4981 e~t,
3027 4922 3112 4986 qui
3143 4930 3264 4970 sunt
3296 4918 3389 4985 illi,
3414 4922 3509 4969 etsi
3546 4934 3681 4973 nunc

2131 4998 2245 5056 eam
2262 4998 2363 5037 non
2385 4985 2605 5039 habeant
2632 4988 2849 5055 integre,
2869 4985 3312 5056 tamenquantum
3338 4988 3587 5050 possibile
3604 5002 3682 5041 est

2132 5053 2351 5119 botnini,
2383 5058 2446 5127 ad
2477 5072 2591 5127 eam
2618 5053 2896 5111 accedunt.
2930 5060 3037 5111 Hoc
3065 5053 3202 5109 enim
3237 5076 3326 5120 per
3350 5060 3504 5127 juxta
3535 5069 3680 5111 nota-

2132 5135 2233 5187 tur,
2264 5126 2402 5192 quod
2431 5125 2687 5181 accedere
2724 5130 2933 5194 quidem
2983 5128 3047 5180 ad
3091 5125 3360 5195 justitiam
3399 5127 3677 5195 poSsinms,

2133 5198 2295 5259 ipsam
2328 5207 2505 5248 autem
2555 5197 2757 5262 integre
2786 5198 2980 5251 habere
3029 5214 3130 5250 non
3181 5213 3480 5264 possumus.
3529 5200 3675 5264 Qui».

2132 5266 2341 5333 inquam
2370 5306 2383 5328 ,
2424 5267 2578 5332 juxta
2623 5268 2767 5319 illuni
2788 5268 2813 5320 ?
2859 5269 3060 5321 scilicet
3091 5283 3259 5320 omnes
3289 5269 3374 5334 qui
3402 5280 3521 5321 sunt
3550 5281 3680 5320 recto

2128 5338 2295 5389 corde.
2323 5337 2488 5387 Βεειο
2516 5340 2676 5390 corde
2704 5348 2826 5390 sunt
2858 5338 2956 5400 illi,
2985 5338 3175 5405 quibus
3205 5340 3377 5402 placet
3404 5340 3544 5407 quod
3580 5339 3681 5391 Deo

2131 5409 2318 5475 placet,
2342 5418 2393 5459 et
2416 5410 2501 5471 qui
2528 5420 2726 5459 rectum
2750 5421 2843 5459 cur
2872 5407 2959 5460 Dei
2984 5410 3045 5459 ad
3070 5424 3220 5460 sutnn
3249 5424 3341 5460 cur
3366 5425 3468 5460 non
3492 5408 3670 5462 distor.

2128 5486 2328 5543 queat:
2363 5477 2453 5527 sed
2486 5478 2528 5530 si
2559 5478 2841 5545 aliquando
2870 5477 3040 5544 aliqua
3075 5479 3313 5529 voluntas
3353 5477 3405 5531 in
3445 5479 3524 5531 eis
3564 5492 3679 5528 sur-

2126 5547 2219 5611 git,
2253 5562 2367 5613 qua:
2397 5546 2502 5598 Deo
2532 5548 2843 5612 displiceat,
2894 5548 3069 5599 statim
3118 5562 3232 5598 eam
3273 5547 3528 5600 voluntati
3570 5552 3680 5614 rius

2128 5619 2274 5685 quasi
2317 5616 2511 5684 regula:
2552 5617 2751 5671 directe
2793 5618 3094 5670 collineant.
3148 5618 3297 5681 Quod
3343 5629 3520 5671 autem
3565 5618 3679 5669 diue

2129 5688 2422 5740 voluntates
2471 5687 2522 5740 iii
2571 5687 2721 5740 nobis
2765 5690 2908 5745 sint,
2960 5686 3211 5739 Dominus
3252 5686 3406 5739 Jesus
3441 5686 3680 5740 Christus

2128 5760 2370 5825 dignatus
2399 5770 2474 5811 est
2511 5758 2562 5810 in
2596 5772 2651 5811 se
2683 5759 3035 5825 pra'ligurare.
3071 5757 3172 5811 l’er
3192 5765 3365 5823 guttas
3391 5760 3532 5813 enim
3558 5772 3663 5810 san.
