4026 6200
494 347 589 403 991

1102 465 1451 506 EXPLANATIO.

570 548 735 603 David
761 546 1013 601 Christum
1041 543 1233 608 accipe,
1267 542 1409 605 cuius
1449 539 1610 591 honor
1637 538 1688 590 in
1720 536 1813 589 hoc
1844 535 2060 606 psalmo,

498 628 820 692 potestasque
871 623 1125 665 cantatur.
1196 609 1265 692 In
1304 612 1469 692 prima
1516 609 1736 692 sartione
1783 617 2063 692 commonet

499 676 755 760 'prophetd
777 687 1033 760 universos
1071 681 1282 760 populos
1307 680 1525 760 Christd
1545 676 1762 760 quinp
1793 676 2061 760 eoin/iterii,

498 744 617 823 quia
639 757 906 826 judicium
932 764 976 805 et
1010 744 1266 826 justitiam
1286 750 1470 826 fecerit
1508 749 1562 799 in
1588 745 1772 826 dacob.
1826 744 2067 824 Secunda

501 814 776 881 commonet
808 814 1549 893 plebem'adorareDominum
1582 817 1906 893 Salvatorent
1926 854 1940 875 ,
1984 814 2067 882 qui

506 897 673 966 Moysi
700 907 744 948 et
772 888 940 948 Aaron
981 903 1027 946 et
1058 891 1270 966 Samuel
1298 892 1549 966 propitius
1576 888 1824 966 eazstiterit
1843 925 1859 950 ,
1898 893 2069 966 utppte

506 955 752 1033 prti'cepta
789 967 900 1034 ejus
942 962 1271 1034 servantibus.
1298 955 1473 1034 ride
1500 960 1834 1034 exaltandum
1865 955 2069 1034 ct__ado-

505 1026 720 1089 randum
742 1026 847 1089 esse
867 1034 1158 1095 Dominum,
1178 1032 1266 1100 qui
1289 1030 1459 1098 [ideles
1483 1044 1599 1081 suos
1623 1028 1869 1081 exaudire
1890 1026 2069 1095 digna-

503 1117 585 1160 tus
610 1116 702 1161 est.

972 1173 1035 1228 IN
1067 1171 1385 1229 PSALMUM
1415 1169 1599 1225 XCIX.

925 1266 1167 1320 Psalmus
1206 1265 1257 1318 in
1298 1262 1655 1318 confessione.

1104 1373 1479 1413 ARGUMENTUM.

582 1452 855 1522 Tanquam
882 1451 1129 1505 reductos
1155 1451 1260 1518 iam
1286 1450 1352 1503 de
1382 1448 1672 1522 Babylone,
1699 1457 1752 1501 et
1779 1446 1829 1522 iu
1857 1444 2076 1522 proprio

512 1515 809 1577 habitarites
838 1523 974 1584 solo,
1005 1515 1268 1575 relaturos
1306 1515 1507 1586 gratias
1534 1519 1621 1570 Dei
1657 1518 1911 1582 templum
1944 1515 2077 1586 lior-

512 1602 653 1647 tatur
690 1594 909 1646 intrare.
958 1590 1121 1644 Curat
1160 1585 1335 1643 autem
1383 1588 1648 1656 frequenti
1696 1585 2078 1654 praedicatione

511 1672 671 1733 atque
700 1659 1125 1733 ex'liortameuto,
1174 1671 1232 1713 ut
1281 1659 1383 1733 illis
1430 1670 1482 1713 et
1527 1658 1956 1733 desperationem
1990 1669 2079 1707 re-

518 1727 780 1792 vertendi,
816 1742 869 1785 et
902 1727 1161 1785 incuriam
1193 1731 1391 1799 gratias
1422 1728 1608 1799 agendi
1639 1727 1861 1779 sedulus
1895 1738 2081 1799 [none-

517 1812 620 1867 tur,
652 1812 704 1854 et
735 1803 988 1869 propheta
1018 1794 1437 1865 certus'eripiat.
1461 1797 1649 1862 Aliter,
1670 1811 1772 1849 vox
1801 1794 2077 1861 apostolo-

518 1890 629 1926 rum
659 1872 722 1927 ad
754 1872 1027 1940 p0pulum.

1124 1952 1476 1993 εκΡιΑΝΑτιο.

592 2029 726 2083 Dum
764 2031 1047 2099 frequenter
1090 2031 1144 2083 in
1192 2028 1402 2099 psalmis
1449 2028 1613 2099 posita
1660 2026 1723 2099 sit
1774 2041 1865 2099 pro
1913 2040 2085 2099 rerum

516 2095 890 2168 opportunitate
913 2100 1182 2168 confessio.
1207 2097 1289 2151 hic
1313 2095 1479 2168 tamen
1506 2098 1557 2148 in
1582 2095 1730 2148 titulo
1756 2097 2086 2168 singulariter

518 2165 808 2232 ascribitur.
839 2170 961 2238 quia
990 2165 1119 2222 totus
1150 2169 1230 2220 hic
1258 2167 1483 2238 psalmus
1506 2167 1573 2238 ad
1600 2174 1815 2238 utraque
1847 2165 2085 2238 pertinet,

517 2233 861 2305 confessiones
905 2250 953 2292 et
996 2241 1318 2305 pmnitentite,
1365 2236 1630 2301 videlicet,
1682 2244 1729 2289 et
1778 2236 1965 2290 laudis.
2020 2233 2087 2289 In

522 2311 689 2379 prima
721 2319 861 2377 parte
889 2310 1073 2379 psalmi
1118 2309 1366 2378 prapheta
1400 2316 1680 2363 commonet
1710 2308 2089 2360 universitatem

520 2378 795 2431 Dominum
817 2378 1116 2433 exsultando
1143 2378 1375 2441 laudate,
1404 2389 1449 2432 et
1477 2396 1538 2432 ne
1565 2394 1762 2447 semper
1788 2379 1883 2431 hoc
1909 2393 2090 2446 genere

520 2449 845 2513 ranfessionis
876 2450 1118 2514 utendum
1148 2450 1404 2512 crederes,
1454 2451 1677 2502 secunda
1708 2465 1799 2501 nos
1839 2448 2086 2517 promittit

522 2519 822 2589 delictorum
846 2523 1145 2587 paenitentes
1176 2520 1507 2589 indulgentia:
1531 2519 1693 2587 ipsius
1730 2533 1876 2588 posse
1915 2526 2089 2586 portas

518 2588 731 2643 intrare.

1051 2659 1116 2712 IN
1146 2658 1462 2714 PSALMUM
1496 2658 1553 2712 C.

1004 2752 1244 2806 Psalmus
1282 2752 1381 2820 ipsi
1424 2752 1606 2804 David.

1112 2858 1491 2898 ARGUMENTUM-

597 2932 675 2986 Ex
706 2946 929 3001 persona
952 2934 1218 3004 justorum
1249 2935 1300 2988 in
1336 2934 1605 3003 Babylone
1635 2933 1864 2999 canitur,
1898 2934 2090 3002 prtedi-

526 3012 824 3072 cunturque
852 3020 915 3057 ea
945 3019 1063 3072 quae
1093 3004 1316 3071 singulis
1344 3019 1440 3072 pro
1469 3006 1799 3059 consvieutia
1844 3018 1954 3057 suae
1999 3004 2091 3055 tri-

530 3071 816 3126 bulationis
846 3071 1083 3141 tempore
1111 3071 1481 3130 convenirent.
1536 3074 1730 3138 Aliter,
1762 3089 1862 3127 vox
1889 3072 2090 3129 Christi

530 3141 595 3197 ad
626 3142 836 3198 Patrem
864 3144 930 3198 de
958 3145 1194 3212 reliquiis
1220 3154 1546 3197 sanctorum.

1132 3251 1480 3292 EXPLANATIO.

598 3323 803 3379 Titulus
829 3336 976 3379 notus
1006 3337 1076 3378 est
1096 3367 1110 3389 ,
1146 3338 1205 3398 et
1247 3328 1356 3395 ipse
1393 3326 1622 3396 psalmus
1649 3328 1704 3382 in
1732 3330 1952 3391 formam
1981 3345 2098 3398 per-

529 3396 675 3467 fecttc
722 3397 1003 3450 sanctitatis
1052 3395 1302 3461 inclusus,
1349 3395 1436 3466 qui
1464 3401 1828 3467 centenarium
1872 3395 2100 3463 fructum

533 3465 711 3537 debeat
739 3478 1027 3535 exspectare
1056 3469 1402 3537 prtemiorurn.
1450 3465 1515 3521 In
1545 3469 1709 3534 prima
1738 3479 1885 3537 parte
1914 3469 2101 3537 psalmi

537 3534 765 3590 Ecclesia
814 3534 1018 3589 cantare
1067 3552 1119 3589 se
1162 3537 1284 3588 dicit
1334 3536 1553 3590 Domitio
1600 3534 2004 3594 misericordiam
2053 3548 2102 3593 el

522 3607 802 3678 judicium,
828 3606 1178 3678 consortioque
1206 3608 1439 3678 refugere
1468 3609 1824 3678 pessimorum.
1859 3610 2101 3664 Secunda

533 3693 587 3750 se
612 3678 786 3750 asserit
817 3676 1027 3743 diligere
1057 3677 1231 3743 ﬁdeles
1270 3676 1530 3750 eteorum
1567 3677 1943 3733 cohabilatione
1968 3697 2099 3750 gau-

535 3746 680 3810 dere,
729 3746 982 3799 dtemones
1008 3756 1175 3799 autem
1204 3763 1321 3801 cum
1356 3749 1460 3801 suis
1487 3748 1887 3803 immissionibus
1918 3746 1986 3803 de
2007 3766 2102 3803 suo

530 3815 683 3890 corde
710 3816 967 3883 repellere,
992 3832 1117 3886 quos
1143 3820 1282 3872 novit
1306 3835 1420 3872 cum
1447 3818 1540 3872 Dei
1564 3819 1771 3890 famulis
1796 3837 1896 3874 non
1920 3820 2103 3873 habere

535 3887 837 3953 portionem.

1042 3956 1105 4010 ΙΝ
1146 3957 1465 4014 PSALMUM
1504 3959 1588 4013 Cl.

537 4046 720 4101 Oratio
748 4048 993 4117 pauperis
1021 4063 1138 4101 cum
1168 4052 1356 4103 anxius
1386 4052 1561 4115 luerit,
1589 4062 1642 4105 et
1667 4068 1845 4107 coram
1880 4054 2103 4107 Domino

972 4118 1216 4172 effuderit
1248 4136 1458 4187 precem
1490 4138 1661 4176 suam.

1125 4225 1297 4265 Αιιςυιι
1307 4224 1503 4265 επιτωι.

612 4299 948 4371 Babylonica:
977 4300 1294 4367 captivitatis
1327 4304 1595 4370 prmdictis
1636 4308 1890 4361 arumnis
1937 4308 2103 4361 tristi-

539 4371 639 4445 bus
665 4373 824 4425 etiam
858 4372 1007 4445 laeta,
1037 4371 1215 4445 ‘idcst
1235 4413 1250 4436 ,
1275 4376 1805 4445 _spem_reversionis
1843 4378 2101 4445 adjungit.

539 4442 730 4503 Aliter,
777 4457 875 4493 vox
926 4440 1120 4494 Christi
1169 4453 1225 4496 et
1270 4443 1559 4509 Ecclesiae,
1604 4460 1725 4499 cum
1776 4440 2106 4502 incendis—st

539 4510 788 4567 Christus
815 4511 880 4564 ad
910 4510 1140 4567 Patrem.

1149 4621 1496 4662 EXPLANlTIO.

613 4698 850 4761 Quamvis
878 4696 1041 4767 aliqui
1070 4709 1363 4767 praesentem
1396 4700 1648 4757 pra/mum
1678 4701 1892 4754 Domino
1925 4702 2106 4755 Salva-

541 4770 638 4819 tori
689 4765 975 4830 optandum
1025 4786 1131 4821 esse
1171 4765 1464 4832 putaverint
1493 4810 1506 4829 ,
1563 4772 1855 4823 conveniins
1908 4773 2108 4825 videtur

543 4837 714 4906 amicti
742 4838 901 4905 magis
930 4848 975 4889 et
1003 4840 1245 4905 gementis
1271 4841 1529 4907 pauperis,
1565 4840 1693 4892 sicut
1719 4850 1766 4892 et
1793 4843 1976 4894 titulus
2003 4844 2110 4896 iuse

543 4909 796 4977 continet,
828 4908 1165 4961 introductam
1192 4924 1298 4961 esse
1326 4927 1611 4977 personant.
1660 4909 1795 4963 Nam
1834 4928 1949 4964 cum
1989 4914 2109 4965 dicit

542 4992 715 5029 coram
744 4976 961 5048 Domino
990 4976 1556 5043 in'enttouent'orantis,
1589 4982 1808 5034 ostendit
1837 4984 1984 5048 quia,
2017 4985 2109 5036 de-

550 5048 710 5109 pulsis
739 5046 802 5099 ab
831 5050 1004 5100 animo
1032 5051 1393 5116 cogitatiOnum
1424 5051 1747 5110 tumultibus.
1770 5046 1899 5103 nihil
1931 5063 2110 5115 prmter

544 5135 598 5169 se
624 5128 669 5170 et
696 5135 809 5171 eum
836 5121 919 5169 cui
943 5121 1199 5187 supplicat
1225 5121 1525 5173 meminerit.
1574 5119 1641 5172 Et
1670 5132 1808 5187 nota,
1841 5124 1960 5187 quia
1988 5124 2109 5174 dum

548 5190 730 5256 ubique
764 5189 816 5240 in
844 5188 1005 5241 titulis
1036 5190 1239 5240 nomina
1267 5199 1381 5241 sunt
1427 5191 1621 5251 posita,
1667 5191 1748 5243 hic
1779 5208 1973 5257 pauper
2001 5193 2109 5246 sine

547 5262 748 5313 nomine
770 5259 976 5321 loimens
1000 5260 1358 5323 introducitur,
1376 5260 1583 5325 scilicet,
1608 5272 1661 5314 ut
1686 5277 1797 5312 cum
1821 5262 1910 5313 uni
1933 5267 2108 5325 datur,

549 5347 719 5383 omnes
760 5330 853 5381 sibi
894 5345 1140 5398 pauperes
1169 5328 1355 5382 Christi
1394 5341 1751 5398 coquosceient
1792 5333 2106 5384 attributum.

553 5398 755 5463 Pauper
776 5401 867 5453 iste
892 5399 1037 5452 rebus
1060 5416 1227 5467 egens,
1255 5403 1341 5453 sed
1366 5402 1630 5454 virtutibus
1658 5401 1792 5453 dives
1820 5403 1871 5453 in
1900 5402 2111 5455 exordio

552 5472 736 5538 psalmi
787 5470 1140 5538 multipliciter
1188 5470 1454 5523 Dominum
1499 5480 1644 5538 rogat
1693 5472 1802 5539 ejus
1856 5473 2110 5524 intendere

555 5542 800 5611 precibus,
829 5542 1066 5607 quoniam
1086 5542 1202 5610 jugi
1234 5542 1502 5611 afﬂictione
1526 5541 1790 5595 contritus.
1821 5557 1934 5592 ossa
1963 5542 2111 5594 veluti

550 5610 787 5681 confrirra
818 5609 1116 5675 gestavcrtt,‘
1168 5609 1391 5681 sequitur
1418 5609 1600 5676 [Lbilis
1642 5612 1980 5677 mauifestutio
2022 5626 2111 5661 ne-

552 5680 865 5743 cessitatum,
908 5690 955 5731 et
996 5696 1058 5732 uc
1100 5690 1209 5744 post
1249 5692 1319 5731 tot
1357 5682 1668 5734 calamitates
1695 5682 1756 5732 de
1785 5681 2113 5744 castigatione

554 5762 648 5798 sua
669 5749 917 5800 rideretur
938 5752 1183 5817 ingtatus.
1219 5750 1387 5803 Tertia
1407 5763 1548 5819 parte
1576 5749 1775 5804 Domini
1804 5752 1976 5805 laudes
2000 5765 2111 5818 pro-

987 332 1188 390 DEDAS
1231 328 1671 386 \‘ENERABILIS
1707 324 1855 380 OPP.
1898 317 2071 376 PARS
2110 316 2172 371 11.
2195 316 2384 372 SECT.
2421 314 2482 368 ll.
2522 343 2591 355 -—-
2619 312 2821 368 DUBIA
2863 310 2947 366 ET
2987 310 3257 368 SPURIA.

3626 312 3731 366 9:9.

2094 437 2142 492 A
2169 432 2413 497 sequitur,
2441 432 2587 498 cujus
2612 429 2830 481 adventu
2855 426 3243 498 construendum
3271 425 3391 477 dicit
3423 425 3737 487 Ecclesium:

2166 512 2216 554 et
2243 518 2359 553 cum
2386 497 2685 554 siut’omuia
2714 498 3070 567 permutanda,
3115 497 3223 563 ipse
3250 506 3415 548 tamen
3446 510 3737 565 permaneat

2166 573 2219 624 in
2254 582 2517 624 internum.
2569 568 2798 637 lnfertur
2844 568 2995 619 etiam
3044 567 3195 637 nimis
3240 568 3424 637 votiva;
3453 570 3737 635 conclusio,

2167 650 2463 694 sanctorum
2491 635 2658 693 semen
2688 640 2756 691 ibi
2781 653 2888 690 esse
2917 636 3263 704 dirigendum,
3298 638 3381 687 ubi
3406 635 3597 689 habitat
3629 637 3736 693 Do-

2166 713 2334 764 minus
2364 713 2416 764 in
2443 711 2605 779 gloria
2636 708 2970 779 sempiterna;
3010 707 3544 779 sicoratiorpauperis
3564 748 3578 769 ,
3624 724 3736 772 qua:

2167 782 2420 835 inchoavit
2445 776 2480 833 ξι
2508 778 2765 850 lacrymis,
2794 776 3056 845 perﬁcitur
3081 776 3134 828 in
3161 777 3422 844 gaudium.

2736 905 3142 947 COIHIENTMUUS

2244 985 2487 1049 Domine,
2533 987 2717 1040 exaudi
2747 986 3028 1040 orationem
3056 1000 3217 1036 meam
3238 1022 3253 1046 ,
3295 992 3339 1035 et
3379 983 3575 1036 clamor
3603 1001 3743 1037 meus

2171 1056 2239 1110 ad
2268 1067 2315 1109 te
2344 1057 2528 1109 veniat.
2579 1056 2754 1110 Oratio
2795 1056 3032 1121 pauperis
3058 1070 3171 1107 cunt
3198 1057 3436 1106 anxiatus
3471 1056 3653 1120 fuerit.
3695 1065 3739 1107 et

2173 1126 2404 1193 effuderit
2432 1143 2602 1179 coram
2632 1127 2848 1178 Domino
2892 1140 3061 1192 preces
3090 1140 3227 1176 suas.
3282 1124 3488 1187 Pauper
3528 1125 3617 1178 ille
3660 1127 3739 1175 lo-

2174 1198 2352 1265 quitur
2375 1202 2428 1249 in
2457 1200 2556 1249 hoc
2584 1197 2807 1265 psalmo,
2832 1197 2920 1262 qui
2948 1210 3066 1247 cum
3092 1194 3242 1246 dives
3268 1204 3441 1265 esset,
3464 1209 3559 1257 pro
3585 1195 3740 1246 nobis

2178 1263 2379 1334 pauper
2408 1263 2709 1326 factusest,
2757 1274 2816 1317 ut
2847 1274 2898 1316 et
2932 1280 3026 1317 nos
3059 1272 3369 1331 paupertate
3398 1263 3514 1332 ejus
3544 1266 3743 1317 ditare-

2180 1352 2316 1397 tuur,
2350 1353 2376 1386 a
2404 1352 2510 1402 quo
2538 1345 2664 1389 sunt
2689 1349 2877 1388 omnes
2905 1334 3104 1387 divitias
3137 1342 3240 1386 tam
3278 1348 3416 1386 verre
3446 1347 3608 1398 quam
3639 1350 3740 1385 non

2180 1422 2339 1458 verte.
2389 1405 2599 1459 Divitim
2628 1406 2743 1470 ejus
2768 1412 2887 1458 sunt
2915 1421 2928 1457 :
2978 1403 3040 1456 In
3085 1403 3334 1472 principio
3365 1412 3474 1455 erat
3502 1402 3742 1461 Verbum,

2181 1485 2229 1529 et
2277 1476 2413 1529 Deus
2459 1487 2565 1528 erat
2619 1474 2881 1535 Verbum;
2936 1483 3217 1541 paupertas
3261 1488 3387 1526 vero
3434 1474 3575 1525 illius
3620 1484 3741 1525 est:

2184 1546 2521 1611 Semetipsum
2550 1545 2825 1599 exinanivit
2857 1546 3071 1612 formam
3099 1544 3227 1596 servi
3254 1544 3536 1609 accipiens,
3580 1542 3650 1594 ibi
3691 1558 3747 1595 se

2194 1618 2536 1681 pauperavit,
2570 1616 2656 1668 ubi
2690 1629 2787 1668 nos
2816 1615 3023 1667 ditavit.
3076 1613 3367 1666 Audiamus
3395 1628 3521 1676 ergo
3553 1628 3672 1677 pan;
3693 1627 3749 1666 e-

2187 1701 2299 1738 rem
2329 1686 2619 1741 voluntate.
2649 1695 2887 1738 orantem
2912 1699 3007 1748 pro
3030 1684 3181 1736 nobis
3204 1682 3521 1750 pauperibus
3554 1697 3744 1734 neces-

2118 1766 2159 1823 B
2187 1758 2362 1817 sitatc,
2390 1755 2615 1817 scilicet,
2640 1755 2908 1809 Christum
2949 1755 3001 1806 in
3036 1754 3188 1807 nobis
3218 1767 3527 1818 pauperem,
3563 1752 3744 1805 nobis-

2188 1840 2308 1877 cum
2340 1839 2650 1891 pauperem,
2678 1833 2731 1878 et
2752 1832 3081 1892 propternos
3112 1838 3425 1888 pauperem;
3446 1824 3743 1875 Orationem

2190 1894 2306 1961 ejus
2336 1894 2633 1956 audiamus,
2665 1904 2718 1948 et
2746 1909 3024 1957 personam
3056 1907 3475 1960 cognoscamus,
3516 1904 3567 1947 et
3597 1892 3744 1958 quid-

2188 1964 2313 2029 quid
2344 1964 2642 2017 vidcliimis
2686 1963 2803 2032 ejus
2846 1964 3110 2030 majeSIati
3144 1979 3245 2015 non
3277 1963 3602 2026 convenire,
3651 1962 3748 2015 hoc

2190 2033 2538 2087 attribuauius
2585 2034 2877 2086 infirmitati
2923 2042 3138 2087 nostra}.
3190 2033 3449 2087 Anxiatur
3476 2040 3655 2085 autem
3696 2042 3751 2085 et

2189 2113 2307 2156 orat
2337 2119 2441 2155 non
2473 2115 2692 2171 prapter
2719 2118 2811 2170 se,
2859 2104 2951 2157 sed
2987 2112 3200 2169 propter
3232 2116 3357 2165 nos,
3389 2103 3631 2156 docendo
3655 2117 3755 2155 nos

2191 2184 2247 2227 ut
2274 2189 2382 2228 non
2413 2174 2552 2226 anxii
2583 2175 2748 2226 simus
2782 2182 2992 2241 propter
3019 2188 3136 2238 nos,
3164 2172 3229 2226 ad
3259 2173 3380 2238 hoc,
3406 2184 3459 2226 ut
3488 2182 3543 2226 et
3571 2188 3751 2224 vocem

2190 2255 2244 2299 et
2269 2245 2407 2313 genii
2435 2260 2496 2299 os
2525 2246 2838 2305 evadamus,
2884 2252 2939 2297 et
2967 2254 3194 2296 .rternos
3225 2242 3343 2297 dies
3362 2283 3376 2305 ,
3406 2257 3540 2309 quos
3567 2243 3749 2295 amisi-

2191 2330 2329 2373 mus.
2372 2328 2770 2378 recuperemus;
2819 2323 2872 2368 et
2913 2329 3015 2366 n0u
3043 2322 3245 2366 tantum
3270 2323 3487 2377 propter
3517 2327 3633 2374 nos,
3658 2313 3752 2365 sed

2191 2386 2348 2439 etiam
2372 2400 2466 2451 pro
2490 2384 2755 2437 fratribus.
2778 2386 2838 2437 Et
2862 2383 2985 2436 dicit
3012 2383 3109 2436 ita:
3136 2382 3353 2435 Domine
3378 2384 3549 2442 Pater.
3568 2385 3754 2434 exaudi

2194 2456 2474 2533 orationem
2504 2470 2665 2506 meam
2698 2454 2889 2533 factam
2923 2469 3017 2533 pro
3051 2451 3441 2533 perseverantia
3477 2466 3713 2533 meorum
3738 2493 3756 2515 ,

2192 2534 2239 2578 et
2279 2525 2474 2576 clamor
2505 2540 2641 2576 meus
2680 2524 2878 2585 veniat,
2926 2523 2978 2575 id
3017 2532 3130 2583 est.
3178 2524 3561 2575 introuiittatur
3588 2523 3656 2573 ad
3686 2532 3753 2573 ιτ.

2194 2593 2457 2661 Repetitio
2486 2602 2588 2655 est.
2621 2604 2674 2645 ut
2699 2596 2769 2646 ait
2800 2594 2984 2645 beatus
3010 2594 3349 2660 Augustinus.
3380 2602 3434 2645 ut
3461 2594 3759 2644 ostendatur

2195 2665 2391 2716 orantis
2416 2662 2653 2730 affectus.
2696 2665 2873 2717 l’otest
2901 2674 3077 2717 autem
3111 2664 3275 2728 accipi
3307 2673 3362 2715 ut
3393 2661 3585 2729 majus,
3616 2662 3759 2714 scili-

2194 2742 2310 2796 cet,
2344 2748 2439 2799 pro
2470 2734 2676 2786 intensa
2709 2733 2794 2786 illa
2825 2735 3066 2785 oratione
3096 2747 3255 2799 quam
3288 2747 3411 2786 vere
3452 2732 3755 2785 exauditam

2194 2803 2425 2856 ostendit
2459 2804 2741 2870 Apostolus
2780 2801 3003 2856 dicens:
3037 2804 3137 2866 Qui
3168 2804 3218 2854 in
3251 2802 3424 2855 diebus
3452 2803 3625 2854 carnis
3654 2818 3760 2852 sate

2196 2887 2309 2925 cum
2334 2872 2502 2925 valido
2527 2872 2749 2925 clamore
2774 2889 2940 2935 preces
2965 2871 3033 2924 ad
3061 2873 3220 2925 Deum
3243 2872 3397 2940 fudit,
3422 2880 3467 2924 et
3490 2872 3761 2925 exauditus

2195 2952 2268 2997 est
2294 2960 2386 3012 pro
2413 2952 2497 2994 tua
2523 2944 2813 2995 reverentia.

2271 3011 2391 3066 Non
2422 3023 2615 3065 avertas
2653 3012 2830 3081 faciem
2866 3021 3025 3065 luant.
3078 3011 3221 3071 Ideo.
3251 3011 3395 3073 dico,
3426 3012 3616 3064 exaudi
3643 3027 3758 3062 ora-

2201 3083 2388 3134 tionem
2416 3098 2598 3152 aream,
2630 3099 2731 3135 non
2759 3092 2955 3135 avertas
2989 3083 3167 3152 faciem
3196 3093 3333 3135 tuam
3364 3098 3396 3133 a
3420 3098 3531 3143 me,
3571 3082 3620 3134 id
3646 3092 3753 3140 est.

2123 3123 2171 3185 ο
2205 3168 2231 3203 a
2267 3153 2396 3205 meis
2428 3124 2612 3205 faciem
2647 3162 2808 3206 tuam.
2848 3153 2956 3205 lloc
2983 3123 3083 3205 ium
3116 3154 3241 3205 dicit
3272 3123 3531 3216 quantuni
3572 3152 3635 3203 ad
3679 3124 3755 3204 se:

2205 3222 2426 3288 Quando
2455 3223 2594 3274 enim
2625 3223 2763 3275 Deus
2793 3222 2985 3275 avertit
3016 3237 3072 3274 se
3101 3224 3166 3275 ab
3203 3223 3317 3283 illo,
3364 3222 3433 3274 de
3476 3236 3586 3289 quo
3628 3222 3757 3275 dicio

2206 3302 2323 3344 tur:
2360 3291 2496 3345 Deus
2532 3302 2641 3345 erat
2679 3293 2733 3345 in
2761 3291 2962 3346 Christo
2994 3295 3236 3345 mundum
3272 3292 3364 3344 sibi
3392 3293 3762 3344 reconcilians!

2202 3370 2293 3414 aut
2321 3362 2529 3429 quando
2552 3362 2708 3416 Pater
2737 3380 2763 3414 ει
2798 3362 2968 3415 Filio?
3010 3362 3119 3416 lloc
3146 3372 3319 3415 autem
3352 3361 3477 3413 dicit
3508 3371 3759 3427 quantum

2203 3434 2267 3485 ad
2297 3448 2442 3492 suos.
2468 3446 2497 3484 a
2527 3433 2721 3500 quibus
2751 3442 2874 3486 tunc
2906 3432 3046 3485 Deus
3072 3448 3194 3486 vere
3222 3431 3405 3485 faciem
3434 3445 3583 3482 suam
3614 3446 3758 3482 aver-

2206 3512 2374 3570 teret,
2416 3504 2459 3556 si
2489 3517 2583 3555 eos
2611 3503 2856 3556 devocari
2890 3505 3246 3569 permitteret.
3280 3500 3402 3554 Non
3431 3513 3651 3561 avertas,
3686 3502 3765 3552 iu—

2203 3588 2380 3639 quam,
2416 3573 2597 3642 faciem
2628 3583 2788 3637 tuam,
2830 3572 2925 3626 sed
2957 3574 3129 3639 potius
3155 3574 3405 3626 advertas
3432 3585 3551 3624 eam
3582 3572 3650 3622 ad
3683 3585 3765 3621 me

2204 3644 2256 3695 in
2300 3658 2599 3710 quacunque
2650 3644 2732 3695 die
2782 3642 3023 3706 tribulor,
3074 3642 3124 3696 id
3174 3652 3292 3705 est,
3347 3643 3396 3693 in
3448 3654 3764 3710 quocunque

2208 3709 2447 3779 tempore
2501 3709 2817 3767 tribulautur
2867 3715 2990 3768 mei.
3057 3712 3281 3777 Semper
3328 3713 3471 3765 enim
3520 3709 3765 3763 Christus

2207 3783 2485 3837 tribulatur
2534 3792 2591 3836 et.
2637 3783 2973 3837 tribulabitur
3025 3783 3077 3836 iu
3129 3783 3239 3835 suis
3286 3781 3669 3834 decedentibus
3713 3790 3764 3831 et

2204 3853 2609 3908 succedentibus
2648 3870 2812 3921 usque
2852 3855 2903 3905 in
2939 3854 3093 3905 linem
3125 3853 3325 3905 surculi.
3383 3851 3451 3904 Et
3481 3850 3603 3903 ideo
3633 3850 3765 3902 bene

2204 3923 2333 3977 dicit
2357 3941 2370 3976 :
2402 3921 2465 3975 In
2487 3920 2787 3993 quacunque
2808 3925 2888 3976 die
2910 3923 3146 3987 tribulor,
3172 3922 3221 3974 id
3244 3931 3345 3977 est.
3374 3920 3424 3972 in
3450 3934 3763 3993 quocunque

2205 3994 2293 4046 die
2322 3991 2644 4048 tribulaiitur
2674 3991 2774 4047 mei
2797 4035 2811 4056 ,
2844 3995 2893 4047 id
2924 4002 3006 4045 est
3027 4036 3041 4057 ,
3073 3993 3353 4046 attendunt
3380 3991 3763 4058 peregrinatio-

2209 4078 2326 4116 nem
2358 4064 2509 4117 istam
2539 4078 2657 4117 esse
2688 4064 3101 4123 tribulationem,
3133 4062 3273 4131 quod
3307 4063 3483 4115 facere
3511 4076 3619 4115 non
3648 4074 3768 4127 pos—

2208 4144 2332 4187 sunt
2379 4134 2477 4188 nisi
2534 4134 2859 4186 humiliando
2906 4150 2998 4196 se;
3054 4144 3179 4187 tunc
3228 4142 3281 4185 tu
3329 4132 3415 4198 qui
3462 4132 3529 4183 ab
3574 4131 3765 4184 erectis

2208 4218 2389 4257 aurem
2427 4203 2621 4255 avertis
2640 4244 2655 4267 ,
2704 4205 2896 4257 inclina
2926 4204 2992 4255 ad
3022 4221 3103 4256 me
3132 4204 3182 4255 in
3216 4202 3347 4255 meis
3374 4217 3553 4253 aurem
3572 4242 3588 4262 ,
3634 4202 3767 4253 sicut

2206 4275 2348 4326 altus
2394 4274 2457 4326 ad
2504 4272 2794 4338 humilem,
2848 4274 3085 4328 medicus
3131 4273 3197 4326 ad
3246 4280 3619 4341 argrotantein.
3670 4270 3764 4324 Vel

2207 4345 2395 4397 aliter:

2283 4413 2347 4465 In
2373 4429 2670 4480 quacunque
2694 4414 2794 4466 die.
2828 4413 2882 4466 ln
2908 4428 3221 4477 quocunque
3248 4413 3565 4472 illuminato,
3593 4411 3639 4463 id
3664 4422 3763 4469 est.

2138 4478 2186 4536 D
2213 4478 2637 4551 quandﬁocunque
2668 4485 2767 4537 Inei
2800 4484 3072 4536 illuininati
3120 4501 3212 4551 per
3238 4483 3461 4549 gratiam
3507 4493 3649 4534 tuam
3685 4497 3766 4533 re-

2212 4563 2533 4620 cognoscent
2562 4562 2874 4619 praesentem
2908 4555 3065 4605 vitam
3097 4570 3214 4607 esse
3242 4554 3632 4605 tribulationem
3655 4592 3668 4611 ,
3710 4560 3763 4601 et

2210 4637 2268 4676 se
2300 4626 2604 4687 humiliant,
2649 4634 2772 4677 tunc
2814 4636 2866 4675 tu
2909 4624 3100 4676 inclina
3140 4625 3204 4675 ad
3246 4639 3337 4675 eos
3378 4638 3553 4673 aurem
3593 4633 3765 4681 tuam,

2211 4696 2334 4759 quia
2357 4703 2482 4747 tunc
2500 4693 2669 4763 (quasi
2690 4694 2849 4755 dicat)
2869 4695 3186 4745 invocabant
3209 4706 3277 4745 te.
3312 4694 3373 4745 Et
3395 4694 3446 4744 in
3468 4707 3768 4759 quattuorque

2212 4764 2313 4827 die,
2340 4765 2388 4815 id
2415 4775 2518 4826 est,
2545 4766 2594 4816 in
2622 4779 2934 4831 quocunque
2960 4774 3215 4826 tempore,
3240 4765 3318 4814 vel
3348 4764 3769 4827 quandocunque

2215 4836 2317 4887 mei
2351 4833 2628 4886 illuminati
2659 4833 3015 4886 invocaveiiut
3061 4843 3109 4884 te
3140 4836 3187 4886 in
3220 4850 3295 4893 se,
3328 4849 3430 4884 non
3461 4831 3629 4894 aliud,
3664 4844 3768 4881 non

2208 4904 2316 4969 jam
2346 4914 2401 4956 ut
2430 4906 2623 4956 terreni
2644 4943 2656 4963 ,
2686 4904 2776 4955 sed
2811 4913 2864 4955 ut
2895 4904 3182 4968 redempti,
3218 4918 3320 4954 non
3352 4901 3461 4969 jam
3496 4909 3767 4967 portantes

2214 4975 2494 5041 imaginem
2526 4974 2810 5035 terrestris,
2841 4974 2931 5026 sed
2961 4973 3212 5033 caelestis,
3242 4972 3429 5025 exaudi
3457 4988 3555 5033 me,
3586 4970 3637 5023 id
3665 4978 3764 5032 est,

2213 5058 2380 5104 ηις-ωε,
2413 5053 2468 5095 et
2497 5045 2595 5096 hoc
2627 5041 2882 5095 velociter.
2936 5043 3047 5094 Non
3077 5044 3215 5094 enim
3248 5042 3344 5094 nisi
3380 5042 3470 5094 tali
3501 5041 3765 5093 desiderio

2212 5114 2390 5166 dixisti
2417 5152 2433 5176 ,
2477 5113 2648 5165 adhuc
2683 5122 2733 5164 te
2766 5117 3048 5180 loquente:
3090 5113 3225 5165 l'Icce
3254 5112 3461 5164 adsunt.
3522 5111 3587 5163 Et
3617 5111 3763 5175 quasi

2210 5182 2478 5237 diceretur
2522 5184 2611 5236 ei:
2663 5181 2812 5236 Unde
2860 5183 3116 5233 invocas?
3170 5198 3263 5245 pro
3307 5196 3408 5248 qua
3458 5189 3765 5247 paupertate

2211 5253 2442 5318 clamas,
2484 5267 2578 5319 pro
2606 5268 2707 5313 qua
2739 5252 2911 5312 iumiia
2944 5252 3164 5319 pulsas?
3211 5251 3528 5316 Responsio.
3583 5250 3763 5302 Merito

2210 5322 2400 5383 clauim.
2442 5324 2630 5376 merito
2661 5322 2868 5381 invoco,
2914 5338 3033 5387 quia
3073 5323 3179 5374 dies
3220 5322 3306 5388 qui
3350 5320 3611 5374 deberent
3648 5334 3764 5373 esse

2211 5394 2309 5444 mei
2338 5402 2391 5445 et
2418 5407 2678 5450 meorum.
2711 5402 2765 5443 et
2791 5402 2971 5443 essent
3000 5392 3098 5443 nisi
3128 5393 3292 5444 Adam
3327 5392 3723 5458 przevaricasset
3747 5427 3761 5451 ,

2214 5463 2264 5515 id
2294 5472 2402 5525 est,
2445 5464 2558 5515 dies
2583 5463 2797 5519 aeterni,
2830 5462 3150 5527 defecerunt,
3196 5462 3243 5513 id
3276 5472 3390 5522 est,
3439 5470 3767 5514 evanuerunt

2212 5534 2339 5584 sicut
2371 5536 2562 5599 fumus.
2609 5535 2651 5584 υ
2694 5531 2832 5589 dies.
2874 5530 2916 5584 si
2960 5532 3093 5584 dies.
3149 5531 3244 5585 lilii
3273 5531 3384 5583 dies
3414 5531 3647 5590 auditur,
3679 5529 3761 5581 ius

2212 5601 2540 5669 intelligitur.
2595 5602 2697 5655 Sed
2752 5601 3045 5667 defecerunt
3095 5603 3200 5653 dies
3255 5603 3348 5652 mei
3394 5601 3527 5651 sicut
3576 5600 3762 5669 fumus.

2214 5667 2402 5736 Quare
2434 5673 2571 5724 sicut
2614 5671 2832 5724 finitus?
2886 5672 3109 5738 Propter
3136 5672 3438 5724 elationem.
3479 5669 3663 5722 Valete
3690 5667 3765 5718 l'u-

2215 5758 2358 5797 niutn
2409 5743 2594 5797 similis
2640 5740 2900 5811 superbire
2932 5753 3345 5806 tumescentem,
3393 5739 3767 5794 ascendentem
