4026 6200
376 332 481 390 993

1126 335 1185 386 ΙΝ
1232 332 1644 390 Ρδςιιλιοιιυιι
1688 332 1944 388 LIBRUM
1991 331 2353 389 £XEGESIS.
2394 362 2463 372 —
2501 332 2747 388 PSALM.
2787 330 2874 387 Cl.

3515 338 3617 394 994

374 458 425 497 et
456 454 898 507 evanescentem;
931 443 1113 516 utique
1142 443 1473 516 deﬁcientem
1505 452 1691 516 etnon
1722 458 1927 516 perm-i-
1956 448 2002 500 A
2036 443 2257 516 pupillus
2287 453 2409 516 erat
2430 454 2647 509 propter
2670 444 3157 516 praevaricationem
3191 465 3204 501 :
3238 456 3289 501 et
3317 449 3438 516 quia
3470 465 3605 516 pra:-

374 525 607 568 uentein.
638 516 792 569 Tales
818 517 929 566 dies
954 514 1141 581 dignus
1168 513 1264 565 fuit
1285 514 1528 579 accipere
1557 514 1645 566 ille
1670 514 1930 579 superbus

372 588 565 650 Adam,
597 602 659 637 ex
692 601 795 651 quo
823 584 1062 637 Christus
1093 598 1305 636 carnem
1337 584 1569 649 accepit,
1604 590 1659 636 et
1689 583 1933 635 liberavit

376 672 476 710 nos
506 673 533 707 a
565 655 753 709 diebus
782 655 928 707 fumi.
968 655 1069 719 Qui
1106 665 1320 720 propter
1348 668 1445 706 nos
1474 654 1717 719 dignatus
1746 662 1829 707 est
1857 653 1930 705 uti

375 739 510 778 voce
556 726 760 777 dierum
810 724 973 784 fumi,
1023 732 1077 776 et
1124 723 1299 775 subdit
1358 737 1568 776 causam
1606 737 1769 790 quare
1824 723 1932 775 dies

372 796 661 864 defecerunt
693 809 713 848 :
742 795 858 847 ideo
889 793 1091 847 scilicet
1118 794 1238 857 quia
1269 792 1354 845 illa
1382 807 1500 860 quae
1530 792 1788 846 deberent
1813 807 1933 847 esse

368 863 545 918 omnia
575 881 689 917 ossa
720 879 852 925 mea,
886 864 935 915 id
963 874 1063 925 est,
1105 863 1433 915 (irritamenta
1466 863 1655 915 anima:
1686 864 1737 915 in
1774 864 1928 927 meis,

368 936 574 988 scilicet
598 935 737 988 ratio
760 944 813 986 et
833 933 1200 999 intelligentia,
1226 941 1488 1000 aruerunt,
1516 934 1566 986 id
1593 939 1696 997 est,
1726 931 1851 985 vilia
1879 942 1931 986 et

369 1006 595 1058 invalida
628 1014 846 1071 promer
875 1004 1166 1055 contuitum
1199 1002 1437 1056 veritatis
1460 1043 1476 1067 ,
1529 1017 1686 1068 quem
1738 1005 1931 1055 amise-

364 1083 510 1140 runt,
538 1085 659 1128 sunt
680 1078 808 1125 sicut
836 1074 1095 1125 cremium.
1127 1072 1392 1126 Cremium
1419 1073 1613 1125 dicitur
1637 1073 1764 1125 illud
1793 1074 1931 1127 unde

364 1147 604 1213 sagimen
637 1142 924 1209 eliquatur,
974 1152 1249 1209 postquam
1294 1143 1343 1195 in
1393 1151 1595 1196 tantum
1640 1152 1926 1203 erematur,

364 1215 506 1281 quod
534 1217 651 1267 sine
681 1214 823 1265 omni
852 1213 1075 1266 humore
1102 1213 1356 1277 efﬁcitur,
1386 1213 1525 1282 quod
1558 1213 1687 1266 satis
1717 1213 1821 1266 vile
1849 1223 1928 1267 est

362 1293 417 1335 et
442 1284 748 1338 invalidum.
982 1296 1041 1332 μιν

442 1354 737 1407 Percussas.
781 1352 893 1407 Non
923 1352 1091 1405 solum
1135 1351 1185 1404 in
1225 1350 1477 1405 exteriori
1512 1351 1581 1405 ita
1628 1350 1927 1404 inﬁrmatus

363 1438 504 1489 sum,
534 1425 626 1476 sed
658 1425 815 1477 etiam
849 1438 1115 1490 percussus
1144 1437 1256 1473 sum
1288 1423 1338 1475 in
1363 1421 1707 1486 exteriori,et
1736 1423 1786 1474 in
1812 1438 1917 1486 me,

363 1504 418 1544 cl
450 1494 498 1546 in
528 1493 659 1546 meis
687 1495 850 1546 factus
877 1508 992 1546 sum
1020 1502 1073 1544 ut
1097 1493 1287 1559 fenum,
1313 1494 1430 1557 quia
1464 1492 1529 1545 de
1564 1492 1723 1559 priori
1751 1494 1928 1544 virore

367 1564 417 1613 in
453 1569 585 1617 hanc
617 1562 883 1616 miseriam
913 1562 1124 1615 cecidit.
1157 1562 1253 1614 llic
1280 1571 1359 1614 est
1392 1576 1675 1629 percussus
1704 1562 1791 1615 ille
1814 1601 1827 1623 ,
1860 1563 1928 1615 de

361 1650 466 1699 quo
498 1649 592 1698 per
622 1634 803 1686 lsaiam
828 1633 1040 1694 dicitur,
1072 1630 1189 1683 Non
1218 1631 1269 1682 in
1292 1639 1537 1683 internum
1560 1632 1773 1684 irascar.
1803 1633 1925 1697 Spi-

360 1706 488 1755 ritus
512 1705 646 1755 enim
672 1720 702 1755 a
732 1718 807 1753 me
832 1702 1075 1769 procedit.
1110 1700 1318 1753 Omnem
1346 1702 1524 1765 ﬂatum
1555 1717 1645 1769 ego
1674 1702 1788 1770 feci,
1814 1717 1928 1770 pro-

362 1783 473 1835 pter
497 1786 753 1841 peccatum
783 1783 947 1851 (intem
980 1771 1231 1851 modicum
1256 1772 1379 1840 quid
1404 1771 1692 1851 contristavi
1714 1787 1850 1850 eum,
1877 1781 1925 1851 et
1957 1791 1999 1851 Β

359 1840 586 1908 percussi
613 1858 745 1895 eum.
788 1840 853 1893 Et
883 1841 1038 1893 averti
1069 1842 1248 1909 faciem
1279 1856 1439 1894 meam
1468 1841 1531 1892 ab
1558 1856 1618 1893 eo
1641 1879 1657 1900 ,
1689 1850 1735 1893 et
1768 1841 1923 1893 tristis

363 1912 486 1964 abiit
511 1914 563 1963 in
588 1912 680 1964 viis
709 1912 833 1964 suis.
871 1911 991 1964 lliec
1018 1910 1289 1977 percussio
1314 1911 1365 1963 in
1393 1909 1646 1964 exteriori
1675 1913 1924 1965 convenit

363 1984 523 2034 etiam
555 1983 651 2049 ipsi
683 1980 860 2049 capiti,
893 1990 1106 2048 propter
1136 1994 1319 2047 poenas
1352 1979 1573 2049 peccati,
1606 1994 1737 2048 quas
1764 1995 1925 2035 coui-

361 2066 550 2104 iiiunes
596 2051 869 2105 nobiseum
902 2050 1101 2103 habuit.
1138 2050 1203 2103 Et
1246 2051 1438 2118 repetit
1468 2050 1605 2117 quod
1638 2050 1920 2118 praedixit,

359 2132 416 2173 ut
463 2136 674 2174 causam
714 2120 869 2188 hujus
897 2134 1015 2175 esse
1044 2119 1305 2174 ostendat.
1350 2120 1509 2185 Quasi
1549 2119 1728 2184 dicat,
1781 2124 1919 2189 quod

360 2207 629 2251 percussus
653 2208 765 2245 sum
793 2195 842 2245 in
870 2200 1008 2245 extet
1026 2190 1146 2253 iori,
1191 2191 1308 2244 ideo
1342 2190 1533 2244 factum
1559 2200 1660 2255 est,
1686 2190 1806 2258 quia
1837 2207 1924 2245 cor

355 2276 519 2314 meum
544 2301 558 2325 ,
592 2260 641 2313 id
671 2270 788 2323 est,
827 2263 998 2313 anima
1043 2276 1282 2314 meorum
1315 2260 1488 2323 aruit,
1531 2258 1578 2311 id
1611 2269 1692 2313 est
1726 2261 1879 2313 viluit
1903 2301 1919 2323 ,

356 2332 569 2383 amissis
613 2332 812 2383 viribus
851 2331 1209 2394 intelligantur:
1250 2340 1301 2383 et
1342 2332 1584 2384 rationis.
1632 2331 1693 2382 Et
1733 2333 1923 2385 merito

354 2404 517 2465 aruit,
543 2402 661 2468 quia
683 2402 867 2453 oblitus
887 2417 999 2452 sum
1024 2404 1073 2453 in
1099 2401 1229 2453 meis
1249 2403 1511 2452 comedere
1532 2415 1712 2467 panem
1734 2416 1920 2464 meum,

364 2472 413 2521 id
438 2482 538 2533 est,
569 2471 852 2525 observare
874 2470 1205 2523 Dominicuin
1232 2479 1572 2535 prmccplum.
1597 2469 1922 2536 Suggereute

354 2539 498 2592 enim
549 2548 797 2608 serpente
838 2550 890 2592 et
940 2541 1043 2593 Eva
1085 2539 1499 2607 praevaricante,
1548 2538 1709 2591 misor
1755 2540 1920 2591 Adam

357 2608 555 2662 oblitus
585 2610 912 2663 Dominicum
944 2621 1288 2676 priet'eptiim,
1319 2608 1460 2672 quod
1482 2608 1702 2661 deberet
1726 2608 1775 2662 ei
1804 2622 1923 2663 esse

352 2679 418 2730 ad
451 2679 895 2743 delectationem,
937 2682 1075 2733 sicut
1114 2682 1262 2745 panis
1291 2678 1542 2731 edulium.
1584 2678 1796 2732 Manum
1826 2693 1921 2732 ex-

353 2749 527 2801 tendit
551 2749 616 2801 ad
646 2750 890 2815 vetitum,
924 2760 977 2802 et
1008 2763 1111 2802 non
1144 2748 1343 2801 invenit
1368 2748 1507 2816 quod
1539 2747 1782 2815 promisit
1808 2748 1922 2802 dia-

351 2817 526 2885 bolus,
557 2819 649 2873 sed
680 2818 819 2889 quod
852 2819 1078 2871 minatus
1105 2826 1189 2872 est
1228 2818 1385 2871 Deus.

420 2888 463 2939 Α
491 2904 607 2942 voce
635 2888 846 2957 gemitus
876 2889 992 2941 mei.
1029 2889 1168 2941 Dixit
1208 2891 1343 2941 aruit
1388 2903 1478 2939 cor
1518 2902 1682 2939 meum
1713 2903 1733 2939 :
1782 2902 1922 2941 nunc

348 2959 581 3026 ostendit
608 2956 872 3026 quomodo
910 2958 1052 3011 dicat
1080 2973 1134 3010 os
1163 2972 1328 3009 meum
1362 2957 1579 3026 adlucsit
1605 2956 1747 3008 carni
1774 2972 1918 3022 mete,

349 3024 399 3076 id
424 3036 523 3089 est,
553 3024 756 3081 ﬁrmius
782 3042 956 3081 meum
986 3026 1036 3077 iii
1062 3027 1198 3080 meis
1225 3026 1446 3079 adhaesit
1475 3024 1751 3078 inﬁrmiori
1778 3041 1917 3089 meo,

345 3095 931 3189 SCllicelrfMlilnll‘lnC‘llS
963 3096 1083 3150 Evze
1111 3112 1220 3177 suis
1248 3093 1617 3189 consensitnid
1646 3103 1749 3159 est,
1770 3098 1918 3189 oratiq
1944 3132 1988 3189 Ο

343 3168 694 3219 seiisualitati.
725 3168 875 3232 Quod
922 3166 1176 3236 processit
1213 3183 1243 3218 a
1274 3182 1393 3220 voce
1429 3167 1639 3233 gemitus
1682 3166 1818 3230 mei,
1865 3168 1914 3221 id

342 3244 443 3294 est.
476 3250 505 3286 a
535 3250 664 3289 voce
686 3242 967 3305 serpentis,
1000 3237 1087 3303 qui
1116 3236 1249 3290 dixit
1280 3255 1291 3289 :
1327 3236 1485 3291 Erilis
1512 3236 1641 3290 sicut
1666 3236 1759 3288 dii.
1787 3237 1917 3305 Quae

344 3319 445 3375 vox
480 3313 564 3358 est
592 3304 819 3373 gemitus
850 3308 952 3359 mei
986 3321 1104 3370 vox,
1137 3310 1256 3375 quia
1290 3322 1381 3373 pro
1413 3307 1499 3359 illa
1546 3320 1759 3374 semper
1788 3304 1914 3360 mihi

342 3373 396 3426 in
430 3378 563 3445 meis
603 3376 911 3439 dolendum,
945 3373 1164 3442 semper
1186 3377 1312 3437 mihi
1348 3373 1816 3445 ingemiscendum.
1849 3377 1916 3431 Et

340 3444 570 3510 prohac
595 3459 723 3498 voce
752 3445 802 3498 iii
834 3445 967 3498 meis
997 3445 1246 3510 dolenda,
1276 3461 1389 3498 sum
1412 3444 1516 3513 ego
1543 3449 1707 3514 factus
1732 3446 1912 3500 similis

339 3514 574 3581 pelicano
603 3514 893 3567 solitudinis
921 3515 1220 3584 nascendo,
1242 3525 1295 3569 et
1324 3518 1452 3569 sicut
1480 3515 1773 3584 nycticorax
1799 3530 1913 3569 mo-

342 3585 550 3652 riendo,
576 3595 629 3637 et
656 3584 794 3638 sicut
823 3599 1004 3651 passer
1024 3583 1291 3639 solitarius
1318 3586 1371 3637 in
1400 3583 1538 3639 tecto
1562 3584 1907 3652 resurgendo.

339 3648 613 3707 Pelicauus
634 3654 747 3708 avis
767 3648 1007 3723 quaedam
1030 3665 1132 3720 est,
1156 3655 1363 3709 deserta
1387 3669 1651 3722 quaerens,
1681 3648 1911 3709 maxime

341 3730 515 3776 tamen
548 3723 789 3779 habitans
834 3726 886 3778 in
916 3725 1145 3779 desertis
1174 3725 1300 3793 ripis
1340 3725 1440 3778 Nili
1482 3723 1748 3788 ﬂuminis;
1798 3724 1909 3780 haec

336 3793 451 3845 avis
484 3795 653 3859 pullos
684 3807 811 3847 suos
845 3796 1117 3859 interﬁcit,
1150 3805 1328 3863 postea
1358 3809 1513 3863 super
1542 3808 1635 3848 eos
1666 3794 1863 3863 plangit
1888 3836 1905 3863 ,

336 3871 388 3913 et
419 3863 608 3918 iterum
641 3865 887 3919 verberat
914 3880 974 3920 se
1004 3867 1121 3929 alis,
1157 3872 1213 3920 et
1241 3874 1434 3932 rostro,
1477 3863 1617 3931 quod
1662 3864 1715 3918 in
1755 3868 1905 3920 tertia

333 3932 422 4004 die
452 3936 759 4002 sanguinem
791 3934 1035 3997 effundit.
1073 3951 1178 4004 quo
1208 3950 1335 3989 mox
1369 3945 1424 3989 ut
1472 3935 1784 3999 irrorantur,
1822 3951 1909 3990 re-

334 4001 597 4056 viviscunt
628 4004 773 4070 pulli.
823 4005 934 4059 Hoc
963 4021 990 4057 a
1032 4001 1257 4059 Domino
1296 4015 1479 4059 nostro
1525 4005 1650 4059 Jesu
1692 4004 1905 4062 Christo

334 4086 438 4123 non
469 4074 838 4139 disconvenit,
888 4076 976 4143 qui
1010 4076 1123 4129 avis
1153 4084 1234 4129 est
1264 4074 1584 4128 solitudinis.
1616 4076 1715 4141 Qtii
1758 4078 1900 4130 solus

332 4146 397 4194 de
425 4143 627 4209 virgine
656 4156 808 4196 natus
833 4185 847 4208 ,
883 4144 1027 4197 solus
1053 4146 1166 4198 sine
1193 4145 1544 4199 delectatione
1573 4157 1857 4211 conceptus
1886 4187 1900 4209 ,

329 4223 381 4262 et
411 4213 526 4263 sine
555 4214 737 4267 dolore
780 4223 934 4266 natus
964 4232 974 4265 :
1006 4217 1093 4281 qui
1129 4215 1297 4280 pullos
1324 4231 1478 4276 suns,
1512 4215 1561 4267 id
1593 4225 1695 4275 est,
1730 4217 1901 4268 homi-

332 4296 425 4333 nes
452 4295 571 4353 agse
602 4283 789 4345 factos,
816 4282 961 4351 justo
982 4284 1182 4349 judicio
1206 4299 1303 4337 suo
1333 4285 1710 4353 interlecitsEt
1740 4300 1899 4353 super

328 4365 422 4401 eos
455 4351 694 4417 planxit,
727 4353 845 4421 quia
880 4368 973 4419 pro
1002 4353 1081 4405 eis
1124 4353 1379 4406 inﬁrmari
1406 4355 1585 4407 voluit.
1623 4351 1818 4417 Unde,'
1844 4363 1899 4408 ut

325 4420 448 4471 alibi
465 4418 758 4493 Adiximus;
779 4418 1045 4493 Sapientia
1080 4422 1173 4476 Dei
1202 4424 1352 4476 etiam
1391 4424 1596 4493 gallina:
1622 4439 1895 4490 compara—

2037 511 2359 565 varicatores
2387 512 2620 587 fuerunt,
2654 514 2772 566 ideo
2799 515 3066 568 hominem
3102 532 3279 585 regem
3312 511 3607 587 elegerunt,

2035 597 2252 634 omnem
2284 597 2411 635 vero
2443 585 2607 649 legem
2637 595 3070 650 contempserunt
3100 603 3114 638 :
3146 598 3199 638 et
3238 585 3497 643 latronem
3528 591 3610 644 di-

2036 650 2168 704 mitti
2196 652 2297 705 sibi
2330 653 2622 719 petierunt,
2655 652 2922 706 Christum
2957 670 3081 707 Vero
3114 659 3511 711 crucilixeruut.

2115 720 2347 791 Vigilavi.
2380 726 2536 796 Quasi
2566 724 2705 796 dicat
2731 764 2746 788 ,
2776 723 3005 777 dormivi
3036 734 3089 778 et
3115 728 3377 793 evigiliiii,
3421 730 3539 796 quia
3573 746 3600 781 a

2034 802 2203 845 morte
2233 793 2516 845 resurrexi.
2563 791 2627 843 Et
2658 795 2823 859 factus
2852 810 2962 846 sum
3008 797 3136 846 sicut
3166 791 3358 863 passer.
3392 791 3450 851 id
3481 811 3603 863 est,

2033 863 2270 936 avolans,
2304 877 2399 936 ens
2428 864 2686 936 solitarius
2713 865 2764 915 in
2785 874 2951 936 tecto,
2985 865 3032 936 id
3060 875 3178 929 est,
3211 866 3261 918 in
3294 868 3452 933 cwlo,
3485 873 3607 936 quia

2032 931 2180 983 solus
2206 931 2435 999 pontifex
2468 932 2556 985 ille
2580 936 2753 986 adhuc
2784 934 3020 986 introivit
3048 936 3095 987 iii
3124 947 3411 989 secretiora
3439 931 3607 990 taber-

2033 1001 2226 1065 naculi,
2259 1002 2345 1053 ubi
2375 1003 2568 1054 sedens
2602 1004 2666 1054 ad
2696 1004 2969 1056 dexteram
3007 1004 3174 1056 Patris
3201 1008 3411 1059 assidue
3443 1009 3606 1060 inter-

2034 1072 2191 1142 pellat
2239 1086 2332 1142 pro
2363 1071 2535 1126 nobis.
2588 1072 2648 1124 Et
2687 1075 2807 1139 quia
2840 1075 3029 1142 (quasi
3073 1076 3257 1141 dicat)
3315 1079 3365 1129 iu
3405 1088 3605 1130 tantum

2033 1156 2117 1193 me
2150 1141 2440 1203 litimiliavi,
2488 1143 2626 1209 quod
2664 1141 2984 1209 fictus'sum
3014 1145 3193 1196 similis
3236 1148 3467 1210 pelicano
3494 1188 3507 1209 ,
3557 1160 3605 1199 et

2030 1210 2157 1261 sicut
2187 1212 2498 1278 iiycticorax,
2532 1212 2650 1264 ideo
2678 1214 2865 1264 inimici
2899 1224 3004 1267 tota
3033 1218 3131 1274 die,
3169 1216 3217 1267 id
3259 1229 3359 1279 est,
3392 1218 3605 1271 assidue

2031 1281 2335 1349 exprobrant
2376 1283 2538 1346 mihi,
2586 1290 2688 1335 etc.
2728 1284 2903 1335 l’otest
2936 1284 3047 1335 ιιεεο
3091 1284 3271 1337 avium
3312 1288 3603 1340 similitudo

2028 1350 2235 1421 corpori
2268 1352 2500 1404 attribui.
2536 1352 2639 1405 Sed
2689 1356 2927 1419 quaedam
2958 1367 3115 1420 supra
3149 1355 3285 1407 dicta
3309 1397 3322 1421 ,
3357 1358 3594 1420 scilicet,

2034 1418 2164 1495 Ussa
2203 1436 2312 1471 mea
2342 1422 2470 1473 sicut
2514 1418 2755 1495 crcmiunt
2796 1418 3069 1495 aruerunt,
3095 1438 3143 1478 et
3177 1442 3207 1474 a
3246 1418 3361 1479 uoce
3390 1418 3602 1495 gemitus

2027 1489 2165 1561 mei,
2199 1498 2408 1561 oportet
2440 1494 2649 1561 mutari.
2682 1494 2813 1544 Ossa
2840 1502 3012 1546 tamen
3046 1492 3270 1547 Domino
3297 1496 3345 1547 iu
3380 1489 3603 1561 corpore

2027 1558 2222 1611 Christi
2256 1560 2575 1624 robustiora,
2626 1562 2812 1614 horutu
2849 1564 3123 1615 l'rixorium
3176 1579 3267 1629 per
3295 1558 3599 1619 similitudi-

2028 1643 2147 1701 item
2178 1637 2301 1701 sunt
2331 1629 2547 1694 inﬁrmi,
2576 1631 2662 1701 qui
2694 1647 2833 1700 smpe
2866 1633 3228 1699 periclitantur
3258 1635 3514 1701 labemlo,
3545 1646 3599 1689 et

2030 1698 2293 1768 interdum
2338 1699 2688 1767 persecutioni
2720 1698 2980 1755 cedendo.
3027 1703 3306 1768 Friguntur
3335 1706 3475 1758 enim
3502 1698 3598 1759 lir-

2032 1767 2228 1838 miores
2269 1768 2336 1820 ab
2382 1768 2464 1821 his
2513 1771 2771 1834 inﬁrmis,
2820 1781 3034 1838 propter
3074 1767 3499 1838 compassionem
3545 1789 3596 1828 et

2026 1835 2389 1902 dilectionem,
2422 1853 2587 1913 quam
2623 1841 2683 1913 in_
2706 1855 2800 1913 eos
2821 1835 3118 1895 habebunt.
3171 1835 3234 1913 Et
3263 1847 3595 1913 unumquod-

2025 1922 2130 1974 que
2170 1922 2229 1960 οε
2268 1916 2416 1979 tanto
2451 1911 2620 1979 magis
2662 1909 2900 1977 frigitur,
2950 1922 3149 1979 quanto
3181 1912 3296 1979 plus
3331 1909 3490 1967 amat.
3538 1916 3593 1970 Si

2025 1979 2165 2052 enim
2202 1992 2358 2052 amor
2382 1976 2520 2052 desit
2540 2020 2560 2052 7,
2593 1976 2792 2052 nullum
2821 1995 2881 2052 os
2912 1976 3139 2048 frigitur.
3172 1976 3235 2035 Et
3279 1983 3398 2035 ideo
3427 1985 3590 2052 dicit,

2028 2046 2163 2120 Ossa
2188 2063 2318 2113 mea,
2346 2046 2395 2120 id
2419 2060 2504 2120 est
2533 2049 2795 2101 ﬁrmiores
2816 2050 2883 2102 de
2908 2046 3041 2102 meis
3069 2065 3308 2105 aruerunt
3339 2068 3431 2120 per
3451 2046 3597 2106 com;

2026 2118 2327 2183 passionem
2356 2117 2683 2170 inﬁrmorum
2709 2120 2837 2169 sicut
2860 2121 3121 2173 cremium.
3147 2117 3387 2191 Sequens
3410 2139 3596 2178 versus

2027 2200 2129 2238 tiou
2161 2196 2411 2239 mutatur.

2180 2270 2299 2329 voce
2342 2260 2575 2329 gemitus.
2607 2254 2749 2309 Dixit
2778 2272 3046 2325 percussus
3075 2276 3187 2312 sum
3216 2269 3269 2311 ut
3298 2261 3491 2329 fenum.
3530 2263 3594 2315 Et

2026 2325 2149 2377 inde
2198 2326 2384 2393 (quasi
2404 2325 2586 2395 dicat)
2637 2338 2719 2379 est
2768 2329 2865 2379 hoc
2912 2330 3050 2395 quod
3084 2346 3138 2381 os
3167 2325 3334 2382 meum
3378 2332 3590 2385 adltasit

2025 2395 2168 2467 carni
2212 2408 2365 2467 mete,
2401 2394 2452 2447 id
2481 2405 2601 2467 est,
2635 2396 2775 2465 quod
2824 2396 3073 2451 fortiores
3119 2400 3169 2451 in
3215 2414 3440 2467 corpore
3466 2417 3588 2455 meo

2024 2464 2294 2529 conjuncti
2322 2474 2446 2537 sunt
2492 2464 2745 2537 invalidis
2774 2482 2871 2537 per
2901 2464 3352 2537 compassionein.
3389 2472 3585 2525 Et-hoc

2024 2549 2056 2584 a
2085 2549 2200 2586 voce
2228 2535 2441 2609 gemitus
2469 2535 2567 2586 mei
2602 2536 2651 2587 in
2686 2536 2813 2603 ipsis
2843 2535 3069 2609 inﬁrmis
3090 2578 3103 2602 ,
3140 2541 3348 2592 scilicet
3377 2541 3464 2607 qui
3494 2557 3587 2609 ge-

2022 2614 2177 2678 mu_nt
2220 2603 2363 2656 unde
2411 2620 2514 2657 non
2547 2615 2688 2678 esset
2728 2608 3081 2678 gemendum,
3117 2609 3199 2660 vel
3234 2624 3336 2661 nou
3368 2603 3587 2678 gemunt

2025 2672 2165 2749 unde
2195 2682 2337 2727 esset
2361 2675 2705 2749 gemendum.
2736 2672 2932 2749 ’Gemit
2956 2678 3097 2730 enim
3127 2678 3321 2743 aliquis
3348 2672 3436 2748 q'ui
3468 2695 3587 2749 per-

2023 2742 2159 2815 didit
2188 2745 2461 2815 pecuniam
2484 2787 2497 2808 ,
2531 2745 2626 2797 sed
2661 2760 2765 2799 nou
2796 2744 2961 2813 gemit
3000 2763 3088 2815 qui
3120 2742 3300 2801 amisit
3329 2742 3585 2804 innocen-

2026 2811 2172 2887 tiam.
2218 2812 2281 2865 Et
2316 2813 2369 2887 in
2412 2812 2511 2887 hoc
2551 2811 2929 2887 se_geincudos
2960 2811 3158 2870 iaciunt
3182 2860 3194 2879 .
3226 2833 3324 2871 nec
3357 2832 3579 2887 possunt

2026 2882 2296 2955 firmiores
2315 2883 2410 2955 hos
2435 2884 2571 2955 tales
2595 2884 2877 2949 deserere;
2911 2888 3051 2953 quia,
3079 2898 3135 2939 ut
3164 2888 3237 2941 ait
3265 2882 3575 2955 Aposmlus,

2025 2949 2220 3026 Debent
2260 2952 2507 3026 firmiores
2556 2953 2893 3019 inﬁrmiorum
2928 2949 3288 3022 inﬁrmitatem
3317 2949 3581 3026 'portare',

2023 3022 2143 3093 quia
2190 3022 2385 3093 debent
2425 3037 2519 3076 eos
2557 3026 2822 3093 corrigere
2867 3034 2920 3079 et
2966 3028 3249 3083 instruere.
3282 3022 3347 3082 Et
3378 3031 3499 3084 inde
3528 3022 3585 3084 tit

2023 3091 2150 3145 illud
2178 3092 2319 3160 quod
2351 3093 2528 3145 subdit
2556 3091 2735 3147 dicens
2763 3111 2776 3148 :
2811 3096 3006 3150 Similis
3036 3098 3197 3159 {actus
3223 3116 3334 3151 sunt
3369 3100 3418 3153 in
3452 3105 3585 3155 meis

2020 3164 2246 3235 pelicauo
2277 3164 2595 3229 solitudinis,
2622 3174 2727 3235 etc.
2758 3166 2882 3235 Tria
2929 3183 3123 3234 genera
3171 3172 3346 3220 avium
3397 3171 3579 3235 ponit,

2015 3241 2067 3284 et
2097 3232 2340 3308 trianloca
2368 3248 2380 3283 ε
2414 3245 2464 3285 et
2499 3247 2591 3308 per
2621 3232 2993 3308 liocdesignat
3036 3238 3132 3289 tria
3181 3232 3451 3290 hominum
3484 3232 3579 3308 ge-l

2015 3315 2162 3376 uera.
2194 3302 2418 3376 Quidam
2450 3303 2591 3354 enim
2615 3304 2690 3376 de
2722 3304 2801 3376 his
2830 3306 2920 3371 qui
2954 3320 3072 3376 ossa
3104 3316 3229 3359 sunt
3271 3308 3323 3359 in
3355 3302 3579 3376 corpore

2014 3371 2249 3435 Christi,
2304 3372 2554 3424 timentes
2613 3370 2943 3426 Dominicaiu
3006 3375 3149 3428 illam
3212 3370 3573 3433 sententiain:

2014 3441 2171 3495 Serve
2215 3440 2358 3515 piger
2398 3450 2444 3492 et
2474 3455 2719 3509 nequam,
2766 3458 2925 3510 quare
2968 3460 3068 3497 non
3098 3447 3281 3497 dedisti
3310 3450 3575 3515 pecuniam

2012 3526 2173 3588 meum
2200 3514 2267 3561 all
2295 3525 2539 3588 mensam,
2564 3525 2608 3563 et
2634 3526 2725 3588 ego
2754 3516 2953 3588 veniens
2979 3529 3089 3566 cum
3115 3517 3280 3568 usuris
3299 3514 3578 3588 exegsscm

2009 3580 2155 3651 illam
2180 3620 2196 3648 ,
2224 3582 2465 3651 volentes
2491 3583 2632 3651 lucra
2662 3580 2859 3636 Chi-isti
2887 3599 3159 3651 quaerere,
3191 3598 3242 3639 et
3273 3580 3575 3645 thesaurum

2008 3650 2110 3726 sibi
2138 3650 2483 3726 commissum
2515 3650 2743 3726 ﬁdeliter
2773 3650 2998 3721 erogare
3020 3697 3035 3720 ,
3072 3657 3206 3707 liuut
3248 3658 3449 3710 similes
3481 3676 3575 3726 pe-

2010 3721 2214 3792 licauo,
2264 3722 2348 3775 avi
2387 3720 2467 3792 illi
2512 3722 2720 3775 deserta
2765 3720 3023 3790 quzc’renti
3052 3742 3066 3788 ;
3098 3740 3218 3792 quia
3268 3720 3571 3781 vadunt’ail

2006 3791 2399 3863 desertum,id
2428 3798 2554 3863 est.»
2574 3792 2638 3843 ad
2670 3794 2788 3863 illos
2818 3793 2907 3861 qui
2940 3791 3174 3847 nonduin
3204 3797 3359 3848 Iidem
3392 3813 3570 3863 perce-

2010 3870 2292 3934 perunt,et
2316 3860 2385 3914 ibi
2416 3861 2753 3934 praedicando
2780 3860 2843 3916 et
2861 3863 3123 3929 docendo,
3154 3867 3267 3919 sive
3297 3860 3573 3934 proﬁciant

2005 3933 2120 3985 sive
2168 3945 2303 4003 non,
2358 3938 2531 4003 tamen
2582 3931 2955 4003 quodieorum
3005 3945 3088 3988 eet
3138 3931 3414 4003 peragunt.
3467 3939 3570 3992 Alii

2006 4015 2218 4070 quoque
2261 4002 2328 4053 de
2371 4001 2583 4053 OSSlbtls
2629 4001 2859 4069 Christi,
2910 4003 2994 4056 Vel
3038 4005 3202 4057 etiam
3250 4001 3421 4059 eidem
3464 4010 3570 4061 alio

2007 4083 2249 4145 tempore
2290 4078 2448 4145 sunt,
2496 4073 2623 4145 sicut
2669 4082 2965 4139 nycttcorax
2998 4076 3050 4145 in
3094 4077 3405 4141 domiciliis;
3445 4080 3567 4145 quia

2005 4144 2224 4193 veniunt
2251 4140 2317 4192 ad
2350 4140 2500 4203 illos,
2530 4140 2618 4206 qui
2647 4151 2771 4194 sntit
2815 4144 3140 4198 domicilium
3161 4184 3176 4208 ,
3223 4148 3271 4197 id
3316 4140 3397 4201 est
3419 4186 3433 4210 ,
3464 4140 3566 4200 de-

2000 4221 2260 4282 structum
2290 4210 2600 4282 a'diliciuni,
2637 4212 2774 4278 quod
2808 4227 2849 4282 ει
2870 4214 2969 4267 (ide
2995 4223 3447 4282 apostataveruut.
3487 4220 3562 4271 De

1999 4282 2191 4354 quibus
2223 4281 2301 4354 sic
2330 4284 2407 4331 ait
2436 4280 2723 4354 Apostolus
2753 4298 2767 4332 :
2802 4280 3114 4351 Hymenaeus
3143 4293 3190 4336 et
3216 4284 3451 4338 Philetas
3474 4290 3565 4354 qui

1998 4351 2133 4422 circa
2160 4350 2422 4403 veritatem
2447 4350 2743 4403 aberrantes
2771 4350 3047 4406 multorum
3073 4355 3224 4422 [idem
3252 4350 3562 4421 pervertunt.

2002 4420 2065 4471 Et
2096 4424 2147 4493 in
2180 4423 2281 4473 hoc
2316 4430 2442 4493 sunt
2468 4428 2772 4488 nycticorax
2797 4459 2813 4484 ,
2844 4424 2933 4489 qui
2966 4420 3099 4476 sicut
3128 4426 3241 4476 avis
3272 4425 3359 4477 illa
3389 4425 3562 4493 diligit

327 4498 428 4541 tur.
454 4490 588 4565 _Post
632 4493 799 4565 legem
832 4490 1007 4547 autem
1031 4534 1045 4556 ,
1077 4493 1127 4547 id
1158 4503 1278 4558 est,
1313 4495 1362 4547 in
1393 4490 1632 4565 tempore
1663 4498 1847 4565 grati-.8
1875 4536 1889 4559 ,
1928 4491 1977 4550 D
2004 4492 2284 4565 leni-bra,
2316 4491 2389 4543 ita
2420 4491 2517 4554 ipSI
2560 4492 2893 4557 frequentant
2919 4503 2971 4545 et
2996 4501 3175 4565 amant
3205 4499 3449 4565 tenebras
3476 4490 3559 4547 ἐι·-

325 4560 645 4631 quodquasi
676 4564 791 4615 dies
819 4566 971 4615 tertia
996 4571 1098 4625 est,
1128 4574 1382 4631 quantum
1412 4564 1548 4631 quod
1580 4560 1703 4617 ante
1733 4568 1896 4630 legem

325 4638 378 4679 et
408 4630 507 4700 sub
551 4631 665 4698 lege
709 4633 964 4700 sanguine
1004 4648 1101 4686 suo
1141 4630 1255 4685 luSo
1297 4635 1346 4685 in
1390 4630 1546 4684 cruce
1586 4635 1726 4700 ipsos
1770 4634 1899 4685 vivi-

326 4698 522 4750 licavit.
559 4700 737 4753 Potest
766 4698 922 4753 etiam
972 4702 1055 4754 illa
1098 4703 1295 4755 occisio
1318 4741 1333 4763 ,
1364 4701 1414 4753 id
1447 4712 1529 4754 est
1554 4740 1568 4765 ,
1605 4698 1898 4770 impiorum

322 4770 609 4841 conversio
653 4771 737 4823 hic
767 4770 964 4838 accipi,
1007 4775 1074 4825 de
1102 4787 1200 4839 qua
1241 4774 1353 4837 ipse
1400 4773 1524 4825 dicit
1563 4788 1574 4821 :
1608 4769 1719 4841 Ego
1764 4776 1899 4824 occi-

322 4840 467 4909 dam,
496 4848 542 4889 ct
571 4841 733 4891 vivere
764 4842 969 4905 faciam,
1004 4843 1281 4909 percutiam
1308 4852 1352 4892 ct
1382 4845 1592 4893 sonabo.
1622 4842 1898 4908 Nunquam

321 4908 466 4979 enim
494 4909 832 4963 occideretur
859 4908 1052 4963 Saulus
1096 4911 1289 4979 impius
1321 4921 1646 4977 persecutor,
1676 4923 1729 4964 et
1770 4911 1899 4964 vivi-

324 4977 573 5031 ticaretur
604 4980 795 5033 l’aulus
820 4982 1052 5045 Optimus
1085 4977 1417 5047 praedicator,
1453 4983 1551 5032 uisi
1593 4982 1899 5049 redemptus

320 5049 581 5113 sanguine
610 5066 727 5113 suo,
763 5060 913 5103 tertia
946 5051 1055 5111 die,
1087 5050 1135 5102 id
1165 5060 1264 5114 est,
1302 5062 1420 5116 post
1449 5054 1613 5113 legem
1644 5051 1779 5102 fuso.
1811 5052 1899 5105 Sic

319 5127 375 5167 et
408 5117 458 5169 in
504 5123 709 5171 caeteris
748 5121 823 5171 sic
853 5119 1046 5173 occisis
1079 5128 1180 5172 tam
1208 5131 1333 5173 ante
1363 5122 1529 5187 legem
1553 5128 1606 5172 et
1634 5120 1733 5172 sub
1761 5122 1893 5187 lege,

317 5201 478 5258 quam
507 5201 621 5255 post
654 5190 842 5258 legem.
881 5192 939 5242 Et
974 5194 1071 5242 hoc
1092 5198 1177 5242 est
1200 5192 1338 5257 quod
1367 5190 1497 5242 dicit
1526 5206 1538 5240 :
1578 5188 1765 5241 Factus
1786 5207 1899 5242 sum

316 5256 502 5309 similis
531 5256 765 5325 pelicaiio
802 5260 1112 5312 solitudinis.
1152 5258 1341 5312 Factus
1366 5275 1476 5311 sum
1516 5261 1643 5311 sicut
1674 5263 1899 5328 nyctico-

317 5341 416 5399 rex
446 5328 689 5399 habitans
721 5332 771 5380 in
802 5331 1078 5381 domicilia.
1114 5328 1426 5399 Nycticorax
1464 5331 1575 5382 avis
1603 5342 1685 5382 est
1718 5330 1899 5383 volans

318 5396 370 5468 in
404 5398 659 5451 tenebris.
693 5399 788 5451 Cui
832 5402 1077 5452 Christus
1106 5396 1464 5465 comparatur;
1507 5398 1627 5468 quia
1669 5400 1719 5452 in
1753 5409 1898 5452 tene-

318 5464 462 5529 bras,
496 5468 546 5519 id
574 5478 657 5521 est
686 5469 736 5521 in
768 5470 1115 5536 ignorantiam
1144 5464 1446 5521 .ludaeorum
1479 5464 1643 5522 venit.
1674 5469 1735 5523 Si
1763 5473 1898 5522 enim

315 5538 679 5609 cognovissent,
710 5554 971 5607 nunquam
998 5539 1277 5593 Dominum
1303 5539 1482 5609 gloriae
1502 5540 1891 5607 cruciﬁxisseut.

316 5602 649 5659 Doniicilium
683 5624 807 5661 vero
827 5602 918 5661 "est
951 5609 1276 5662 destructum
1303 5602 1612 5672 induit-ium,
1644 5602 1737 5663 ubi
1779 5611 1896 5662 sci-

316 5676 439 5744 licet
480 5678 576 5729 siili
610 5678 836 5744 parietes
862 5688 1005 5731 sunt.
1059 5678 1208 5733 Unde
1237 5680 1339 5732 alia
1387 5681 1659 5731 translatio
1695 5679 1847 5733 habet
1876 5719 1892 5743 ,

315 5739 381 5796 In
410 5739 694 5811 parietinis.
753 5748 1092 5803 Destruetum
1124 5762 1300 5804 autem
1331 5748 1611 5803 aedilicium
1641 5739 1890 5803 .Iiidaicus

2005 4561 2142 4612 roris
2166 4561 2373 4613 illorum
2393 4600 2406 4621 ,
2431 4574 2534 4612 non
2564 4568 2619 4612 ut
2641 4572 3018 4627 permaneant,
3043 4562 3133 4614 sed
3159 4572 3214 4616 ut
3237 4564 3303 4616 de
3331 4564 3564 4617 tenebris

2003 4631 2285 4698 splendere
2313 4632 2483 4682 lucem
2517 4629 2731 4681 faciant.
2761 4632 2897 4683 Sunt
2943 4631 3067 4683 item
3112 4632 3198 4683 alii
3242 4633 3309 4684 de
3351 4635 3563 4688 ossibus

2002 4702 2233 4760 Christi,
2264 4702 2350 4767 qui
2385 4699 2603 4752 veniunt
2630 4700 2695 4751 ad
2728 4699 2867 4763 illos,
2895 4702 2981 4768 qui
3016 4702 3140 4754 licet
3168 4702 3219 4753 iu
3252 4702 3356 4755 ﬁde
3385 4712 3557 4766 stent,

2005 4780 2179 4823 tamen
2224 4774 2323 4823 sub
2370 4779 2508 4823 tecto
2554 4778 2714 4833 sunt,
2763 4771 2885 4837 quia
2930 4772 3217 4825 carnaliter
3266 4774 3465 4826 vivunt.
3498 4772 3560 4828 Et

2004 4841 2141 4912 inter
2162 4839 2269 4912 rhus
2298 4841 2448 4907 quasi
2481 4840 2818 4912 dormientes
2838 4841 3084 4912 vigilant,
3117 4842 3166 4894 id
3199 4853 3310 4909 est,
3350 4845 3559 4912 inquie-

2004 4910 2171 4962 tudini
2216 4906 2326 4961 dati
2372 4922 2516 4961 sunt.
2564 4906 2719 4960 Juxta
2766 4906 2940 4963 illud':
2984 4906 3169 4964 Justus
3214 4906 3433 4966 tradidit
3476 4931 3564 4967 cor

2001 4994 2149 5053 suum
2174 4980 2242 5031 ad
2272 4979 2586 5047 vigilandum
2615 4979 2864 5053 diluculo.
2916 4981 3148 5053 Ειλειιιιι
3192 4984 3321 5035 sicut
3365 5000 3559 5053 passer,

2011 5049 2060 5122 id
2093 5060 2175 5101 est
2202 5060 2341 5122 cauti
2374 5059 2425 5101 et
2451 5049 2660 5115 queruli
2680 5088 2693 5111 ,
2727 5050 2846 5122 quia
2876 5051 3160 5106 condolent
3189 5054 3293 5107 illis
3327 5072 3339 5107 :
3365 5049 3559 5122 passer

2002 5118 2123 5170 dico
2153 5119 2412 5171 solitarius
2441 5134 2494 5169 in
2525 5129 2671 5180 tecto,
2701 5120 2822 5187 quia
2854 5137 2958 5173 nou
2991 5132 3111 5176 sunt
3155 5138 3275 5177 cum
3323 5118 3417 5178 illo
3460 5124 3562 5176 sub

2005 5199 2167 5249 tecto,
2215 5192 2307 5240 sed
2352 5190 2448 5240 soli
2494 5198 2618 5241 sunt
2665 5191 2714 5241 in
2765 5200 2946 5243 tecto:
2995 5196 3118 5260 quia
3161 5204 3216 5247 et
3243 5196 3284 5247 si
3315 5195 3369 5247 in
3399 5208 3561 5247 catnc

2007 5260 2319 5323 ambulant,
2352 5273 2457 5311 nou
2486 5261 2777 5311 secundum
2814 5275 3027 5314 carnem
3057 5270 3268 5327 vivunt,
3305 5264 3389 5317 vel
3423 5264 3559 5317 utili-

2004 5335 2116 5379 taut
2142 5329 2207 5379 ad
2239 5334 2338 5381 hoc
2358 5367 2373 5389 ,
2399 5337 2469 5398 ut
2500 5329 2621 5380 illos
2648 5330 2806 5382 etiam
2839 5335 2926 5398 qui
2955 5332 3008 5385 in
3038 5342 3174 5386 tecto
3211 5348 3392 5386 secum
3435 5343 3559 5386 sunt

2000 5398 2286 5450 attrahaut.
2322 5397 2411 5451 Vel
2436 5398 2613 5463 aliter,
2645 5411 2699 5451 ut
2736 5415 2828 5467 per
2859 5397 2958 5454 hoc
2991 5403 3086 5454 tria
3115 5417 3311 5469 genera
3341 5404 3514 5455 avium
3537 5444 3553 5468 ,

2000 5482 2144 5540 I]D:B_
2170 5470 2347 5533 ponit,
2400 5479 2552 5540 notes
2597 5470 2754 5521 etiam
2805 5470 2905 5540 t_ria
2940 5473 3209 5525 hominum
3241 5488 3466 5540 genera,
3499 5484 3553 5527 et

2002 5537 2102 5589 tria
2133 5536 2246 5590 loca
2271 5577 2285 5598 ,
2323 5539 2416 5591 sed
2446 5538 2549 5591 alio
2578 5541 2754 5592 modo.
2804 5538 2874 5592 Et
2901 5542 3104 5592 accedit
3130 5536 3459 5596 continuatio
3486 5544 3553 5595 ad

2004 5612 2225 5673 primam
2258 5609 2572 5677 lectionem,
2604 5610 2671 5660 de
2701 5613 2913 5675 capite;
2946 5623 3160 5677 propter
3194 5614 3335 5665 enim
3364 5628 3553 5666 vocem

1998 5678 2226 5745 gemitus
2254 5676 2569 5740 delendam,
2600 5680 2686 5730 alii
2735 5687 2789 5729 et
2831 5678 2881 5730 iti
2929 5694 3153 5747 corpore
3197 5683 3389 5736 Christi
3435 5696 3554 5737 sunt

2001 5748 2201 5801 similes
2232 5749 2463 5815 pelicano
2496 5747 2817 5813 solitudinis,
2852 5753 2972 5818 quia
3017 5752 3345 5807 crcmitieam
3393 5755 3550 5809 vitam
