4026 6200
491 300 595 357 995

964 312 1164 367 BEDE
1206 309 1652 366 \‘ENERAUILIS
1691 310 1836 364 UPP.
1886 309 2061 366 PARS
2100 310 2164 365 ll.
2205 309 2397 365 SECT.
2444 309 2504 363 ll.
2537 339 2604 349 —
2639 308 2835 363 DUBIA
2884 307 2967 362 ET
3007 306 3275 363 SPURIA.

3632 310 3739 366 99R

494 434 771 495 appetunt.
803 424 902 480 Alii
932 442 1056 479 vero
1085 434 1207 478 sunt
1248 424 1379 476 sicut
1422 423 1750 492 nycticorax,
1797 421 1921 495 quia
1967 421 2049 495 lu-
2082 426 2127 484 Α
2226 421 2305 475 Tu
2344 432 2517 495 autem
2558 421 2937 495 Domine._Ego
2976 420 3189 487 quidem
3213 420 3369 495 justo
3404 418 3617 487 judicio
3647 432 3743 475 tuo

498 491 648 565 giiiut
683 507 1019 564 conSpecmm
1061 496 1331 565 hominum
1371 491 1703 565 communem
1725 532 1739 554 ,
1769 493 1907 544 sicut
1935 491 2051 544 avis

501 561 589 620 illa
630 561 833 623 lucem;
882 566 961 617 vel
1013 574 1070 616 lit
1116 563 1280 616 sancti
1314 564 1556 614 nionacbi
1590 561 1822 622 faciunt,
1867 570 1921 614 et
1952 576 2057 613 non

500 648 625 691 sunt
656 636 704 687 in
736 635 977 695 aedilicio,
1010 634 1101 687 sed
1132 635 1181 684 in
1212 633 1495 695 domicilio,
1529 631 1578 682 id
1608 641 1691 683 est
1712 672 1726 693 ,
1761 636 1813 683 in
1844 630 2061 683 destru-

505 718 589 759 cto
617 704 837 757 a-dilicio
864 721 875 754 :
907 708 1024 770 quia
1058 704 1357 754 destructus
1386 713 1465 754 est
1492 703 1572 753 eis
1618 700 1868 754 mundus.
1915 700 1982 753 Et
2009 700 2059 752 hi

504 778 773 827 dormiunt
800 789 827 825 a
857 788 979 824 cura
1011 773 1248 825 szcculari
1270 814 1282 833 ,
1313 780 1437 825 sunt
1464 780 1639 823 autem
1688 771 1777 822 alii
1817 772 1903 837 qui
1936 772 2065 837 vigi-

506 848 644 900 lant.
668 846 783 909 quia
815 844 1006 895 habent
1030 842 1187 904 lilios,
1214 856 1453 902 uxorem,
1480 850 1534 893 et
1564 841 1723 891 multa
1754 840 2059 906 possident,

500 917 637 967 sicut
667 915 764 965 Job
794 924 844 965 et
873 913 1133 965 Abraham
1167 915 1432 970 fecerunt.
1463 921 1515 962 et
1565 922 1741 962 tamen
1774 918 1897 962 sunt
1927 909 2062 962 sicut

503 998 706 1051 passer,
741 983 788 1034 id
818 992 898 1034 est
921 1024 935 1045 ,
968 982 1123 1033 cauti.
1173 982 1233 1033 Et
1266 982 1389 1051 ideo
1413 979 1533 1032 dico
1562 990 1683 1051 sunt
1713 980 1839 1032 sicut
1866 996 2059 1048 passer,

502 1048 623 1119 quia
654 1064 774 1104 sunt
805 1053 1026 1103 solitarii
1060 1052 1109 1102 in
1144 1062 1312 1113 lecto,
1346 1050 1395 1102 id
1424 1059 1541 1109 est,
1577 1048 1626 1100 ill
1670 1050 1897 1100 humana
1937 1064 2066 1099 con-

508 1124 840 1183 versatione,
890 1137 983 1187 per
1030 1121 1127 1173 hoc
1173 1121 1290 1185 quia
1337 1121 1403 1171 ila
1448 1129 1571 1171 sunt
1598 1121 1776 1170 omnia
1811 1119 2065 1171 habentes

510 1202 753 1259 tauquam
787 1207 892 1243 non
925 1190 1144 1243 habeant
1176 1207 1189 1242 :
1222 1200 1275 1243 et
1301 1191 1419 1256 quia
1454 1198 1669 1241 utuntur
1713 1189 1910 1259 niltndo
1954 1199 2066 1259 lan-

506 1256 667 1329 quam
714 1276 816 1312 non
864 1269 1096 1312 utantur.
1149 1260 1212 1311 Et
1257 1263 1359 1311 hoc
1397 1269 1479 1311 est
1509 1261 1646 1329 quod
1680 1260 1833 1319 dicit,
1871 1256 2067 1329 Similis

508 1328 671 1401 frictus
698 1346 809 1401 sum
837 1332 886 1381 in
918 1330 1229 1401 quibusdam
1260 1344 1493 1401 meorum
1524 1328 1752 1401 pelicauo
1778 1328 2067 1401 solitudinis

509 1398 608 1454 hoc
652 1403 729 1453 vel
778 1399 866 1450 illo
912 1400 1087 1451 modo.
1139 1399 1191 1450 In
1236 1399 1549 1465 quibusdam
1598 1399 1760 1464 factus
1806 1415 1915 1450 sum
1942 1398 2069 1449 sicut

511 1474 803 1539 nycticorax
837 1470 1076 1520 habitans
1106 1470 1154 1521 in
1187 1470 1419 1522 deserto.
1463 1469 1526 1520 Et
1565 1469 1615 1519 in
1646 1469 1964 1535 quibusdam
1995 1468 2069 1519 vi-

510 1538 657 1605 giluvi
678 1581 691 1603 ,
723 1550 767 1591 et
808 1540 968 1605 [actus
1004 1555 1114 1589 sum
1154 1539 1283 1591 sicut
1316 1554 1505 1600 passer.
1538 1539 1796 1590 solitarius
1836 1538 1888 1589 in
1920 1544 2067 1589 tecto.

510 1599 923 1667 Uude’scilicet,
954 1611 1070 1681 quia
1105 1599 1351 1681 ιρι-εγεςρ
1377 1620 1429 1681 et
1459 1610 1587 1681 tales
1620 1609 1719 1681 mei
1750 1618 1921 1681 erant.
1958 1606 2069 1657 lni-

511 1681 629 1732 mici
660 1681 755 1732 mei
784 1678 1149 1746 exprobrabant
1180 1678 1303 1728 milii
1332 1678 1431 1739 ipsi
1463 1677 1735 1730 dicentes:
1769 1677 1939 1739 Quare
1962 1693 2074 1727 ma-

2163 495 2311 558 arui,
2352 493 2521 546 cecidi
2543 533 2558 553 ,
2602 492 2809 544 insentli
2844 489 2954 544 :itu
2991 500 3161 542 autem
3204 489 3419 543 Domine
3450 504 3555 543 non
3586 495 3732 545 ceci-

2164 563 2324 626 disti,
2376 575 2473 615 nec
2520 562 2834 620 insenuisti.
2884 562 3006 629 quia
3052 575 3318 629 permanes
3365 561 3421 612 in
3464 570 3736 616 tetanum.

2173 631 2311 699 Ergo
2366 640 2418 683 tu
2464 642 2696 685 aeternus
2739 646 2891 685 serva
2939 645 3022 683 me
3073 630 3439 696 temporalem.
3477 629 3637 698 Viges
3665 635 3734 684 ad

2166 716 2252 754 me
2286 701 2619 754 liberandum
2644 741 2657 759 .
2691 701 2828 753 sicut
2864 701 3073 768 viguisti
3106 701 3170 751 ad
3219 714 3305 752 me
3345 700 3732 754 damnandum.

2168 770 2279 834 Tu,
2328 772 2574 838 inquam,
2621 787 2887 834 permanes
2932 772 2986 822 in
3032 780 3316 832 mternum,
3344 777 3395 821 et
3439 771 3738 824 memoriale

2166 849 2308 893 tuum
2334 880 2349 900 ,
2398 840 2447 892 id
2495 850 2615 904 est,
2648 840 2837 892 factum
2873 850 3019 892 tuum
3052 841 3265 904 dignum
3314 842 3569 891 memoria
3619 856 3738 906 per-

2168 910 2404 963 manebit
2434 925 2598 977 usque
2628 912 2680 962 in
2711 911 3081 979 generationem
3112 908 3479 969 decedentem,
3510 918 3557 961 et
3586 925 3739 978 gene-

2166 982 2414 1032 rationem
2445 978 2837 1033 succedentem.
2864 978 2998 1046 Quid
3025 990 3200 1031 autem
3227 980 3351 1031 illud
3386 980 3737 1032 tlicmorlale?

2171 1050 2271 1101 hoc
2303 1050 2536 1113 scilicet,
2572 1051 2691 1115 quia
2726 1060 2777 1099 tu
2810 1054 2898 1119 qui
2927 1049 3139 1117 jacuisti
3174 1050 3225 1100 in
3257 1049 3427 1101 servis
3456 1048 3639 1100 missis
3670 1049 3739 1102 ad

2169 1122 2375 1171 vineam
2398 1159 2411 1180 ,
2446 1136 2720 1184 exsurgens
2752 1120 2801 1171 ill
2834 1136 2915 1171 me
2961 1121 3171 1171 llairede
3203 1128 3291 1169 tuo
3323 1119 3732 1180 resuscitando,

2176 1205 2259 1242 nie
2289 1202 2339 1242 et
2371 1206 2461 1255 per
2491 1205 2575 1242 me
2606 1190 2847 1242 faciendo
2875 1190 3010 1240 alios
3060 1204 3375 1255 exsurgere,
3424 1190 3739 1241 misereberis

2174 1260 2334 1319 Sion,
2373 1261 2675 1311 misericors
2703 1260 2809 1311 eris
2842 1259 3043 1311 ludaici
3090 1260 3306 1325 populi,
3356 1260 3621 1319 vocando,
3652 1262 3737 1325 ju-

2172 1329 2452 1382 slilicaudo
2477 1368 2490 1390 ,
2524 1340 2572 1381 et
2606 1337 2817 1396 peccata
2853 1329 3191 1381 remittendo.
3232 1329 3298 1379 Et
3344 1343 3471 1381 vere
3515 1333 3736 1382 misere-

2176 1400 2315 1452 beris
2339 1439 2352 1460 ,
2382 1401 2499 1466 quia
2537 1400 2665 1449 venit
2698 1407 2894 1463 tempus
2925 1399 3192 1451 miserendi
3220 1398 3361 1466 ejus,
3397 1408 3606 1459 tetlipus
3635 1404 3741 1453 sci-

2176 1470 2302 1521 licet
2359 1469 2737 1532 pleuitudinis,
2789 1471 2857 1521 de
2907 1484 3011 1529 quo
3062 1468 3343 1530 Apostolus
3374 1486 3385 1519 :
3421 1467 3551 1522 Cum
3599 1471 3736 1521 venit

2174 1540 2433 1607 plenitudo
2465 1538 2720 1606 temporis,
2740 1538 2874 1589 misit
2908 1538 3044 1590 Deus
3074 1535 3267 1589 Filium
3297 1554 3445 1590 suum
3476 1548 3652 1589 natum
3679 1556 3741 1592 ea:

2174 1610 2409 1668 muliere,
2442 1609 2629 1673 factum
2658 1610 2749 1659 sub
2779 1609 2919 1674 lege,
2952 1619 3004 1660 ut
3034 1624 3116 1660 eos
3154 1610 3240 1676 qui
3278 1610 3369 1661 sub
3414 1608 3520 1676 lege
3561 1621 3739 1669 erant,

2180 1678 2230 1731 id
2264 1689 2345 1730 est
2370 1678 2498 1730 Sion
2531 1681 2817 1730 redimeret.
2858 1678 3011 1730 \‘euit
3043 1680 3164 1730 dico
3195 1689 3434 1745 tempus,
3465 1682 3587 1746 quia
3619 1694 3741 1731 vere

514 1752 669 1819 gister
695 1759 848 1799 vester
873 1764 985 1827 cum
1013 1750 1353 1827 peccatoribus
1382 1759 1427 1827 et
1458 1748 1741 1827 publicanis
1770 1748 2068 1826 manducat,
2108 1772 2150 1827 Β
2182 1748 2309 1798 venit
2338 1757 2532 1817 tempus
2554 1787 2570 1812 ,
2604 1750 2739 1827 sicut
2771 1757 2999 1827 testatur
3027 1749 3236 1814 quidam
3269 1750 3281 1800 i
3326 1758 3408 1801 ter
3446 1748 3737 1827 aediﬁcato-

517 1816 572 1871 et
616 1822 777 1871 multa
826 1821 968 1869 talia.
1023 1820 1084 1868 let
1130 1816 1521 1883 espl'obrabant
1561 1819 1720 1869 etiam
1754 1820 1918 1876 meis,
1952 1818 2071 1880 quia

518 1904 641 1941 vere
671 1889 852 1955 primis
882 1886 1207 1952 temporibus
1253 1888 1628 1949 esprobratutu
1679 1886 1773 1937 luit
1805 1886 1872 1937 ab
1904 1885 2077 1952 impiis

517 1968 717 2012 δειιριιε
746 1957 1175 2023 praedicatoribus
1198 1955 1338 2023 quod
1368 1958 1624 2007 humanas
1654 1955 1797 2025 leges
1819 1964 1871 2006 et
1900 1970 2077 2008 mores

521 2036 956 2092 corrumperent,
999 2036 1051 2077 et
1080 2029 1220 2092 quod
1256 2024 1497 2076 homines
1529 2027 1880 2090 promissione
1912 2028 2079 2077 venia:

523 2097 746 2150 latenter
778 2110 997 2162 peccare
1032 2095 1284 2147 lacerent.
1316 2094 1420 2147 Sed
1452 2094 1581 2146 dicit
1610 2094 1794 2147 beatus
1824 2096 2069 2161 Angusn-

521 2183 617 2219 nus
658 2168 777 2234 quia
820 2165 1190 2230 deSperalioue
1239 2179 1407 2216 venite
1454 2166 1619 2231 magis
1672 2173 1971 2231 peccareut.
2021 2164 2077 2218 Si

512 2240 656 2290 enim
689 2248 740 2287 tu
770 2236 962 2303 aliquid
995 2250 1239 2302 Sperares
1261 2276 1274 2298 ,
1309 2250 1410 2285 non
1444 2244 1645 2287 restare
1693 2234 1784 2286 tibi
1829 2235 1927 2285 nisi
1972 2242 2081 2286 tor-

519 2320 726 2370 menta,
758 2309 918 2358 velles
954 2307 1035 2356 bie
1063 2306 1283 2371 implere
1309 2306 1485 2355 omnia
1516 2305 1746 2355 carnalia
1779 2304 2076 2367 desideria;

520 2387 572 2430 et
614 2377 747 2429 bene
802 2385 853 2427 te
895 2376 1142 2440 corrigit,
1185 2374 1273 2441 qui
1318 2373 1693 2441 indulgentiam
1739 2374 1997 2438 promittit
2028 2388 2083 2426 et

518 2445 687 2500 dicit:
723 2446 921 2507 lledite,
954 2446 1381 2512 praevaricatores,
1432 2444 1497 2493 ad
1546 2459 1652 2496 cor.
1686 2443 1865 2511 l‘eque
1916 2443 2080 2497 Deum

515 2530 823 2570 contemnas
846 2556 860 2580 ,
892 2517 1039 2580 quasi
1077 2513 1428 2579 promissione
1460 2514 1627 2564 venia:
1660 2524 1966 2579 peccatores
1997 2530 2082 2565 se-

519 2601 676 2637 curos
722 2585 897 2637 lactat.
948 2584 1155 2636 Etenim
1205 2599 1271 2635 ne
1317 2584 1685 2647 chpCI'alitllle
1719 2583 1884 2634 venia:
1932 2582 2083 2650 pejus

520 2658 847 2716 viveremus,
883 2655 1123 2717 promisit
1166 2651 1510 2717 indulgenti-.e
1551 2662 1779 2717 portum.
1833 2653 1959 2703 item
2016 2667 2082 2707 ne

519 2740 614 2793 spe
642 2726 806 2777 venite
837 2722 986 2791 pejus
1014 2722 1337 2793 viveremus,
1371 2720 1512 2773 diem
1542 2725 1727 2774 mortis
1760 2722 1881 2774 fecit
1912 2724 2082 2775 incer-

523 2792 817 2855 tissilnum,
868 2792 1334 2860 providentissime
1380 2804 1662 2859 utrumque
1709 2793 2081 2857 constituens,

524 2866 726 2917 scilicet
755 2872 810 2915 ut
837 2875 982 2916 esset
1012 2873 1337 2915 revertentes
1364 2877 1469 2929 quo
1498 2874 1880 2927 reeiperentur,
1912 2873 1964 2915 et
1992 2878 2081 2916 es-

520 2944 604 2986 set
646 2938 784 2985 unde
833 2933 1137 2985 ditl'crenles
1186 2941 1529 2983 terrerentur.
1576 2931 1723 2983 Nuiic
1749 2934 1813 2983 ad
1848 2934 2080 2985 litteram

520 3003 816 3055 redeamus.
852 3001 1232 3070 [Caprobrabant
1262 3002 1382 3052 milli
1412 3002 1600 3052 inimici
1629 3001 1755 3066 mei,
1785 3012 1831 3053 et
1856 3002 1941 3069 qui
1968 3004 2082 3054 lau-

522 3074 707 3125 dabant
736 3089 813 3124 nte
841 3083 890 3122 et
923 3086 1069 3123 meos
1088 3112 1101 3135 ,
1128 3071 1369 3137 jurubanl
1401 3074 1665 3122 adversum
1692 3086 1786 3121 mc.
1812 3072 1915 3123 Ure
1944 3072 2082 3125 enim

524 3144 839 3203 laudabant,
882 3152 1041 3194 coree
1086 3156 1209 3193 vero
1264 3140 1479 3193 insidias
1530 3142 1802 3209 parabant.
1862 3143 1927 3193 Et
1982 3142 2080 3195 hoc

524 3215 659 3277 ideo,
717 3215 835 3281 quia
866 3211 1227 3262 manducabam
1258 3216 1471 3263 cinerem
1496 3250 1512 3276 ,
1544 3212 1592 3262 id
1625 3220 1736 3274 est,
1778 3209 1899 3275 quia
1944 3216 2077 3264 reci-

526 3287 732 3352 piebam
777 3296 829 3335 et
871 3282 1271 3348 ineorporabam
1314 3282 1441 3333 mihi
1485 3284 1695 3334 steriles
1736 3283 2080 3352 etdespera-

527 3350 786 3415 iissimos,
820 3353 954 3405 sicut
987 3354 1203 3403 l’aulum
1235 3359 1627 3419 persecutorem
1671 3350 1957 3416 pessimum
1978 3393 1989 3409 .
2024 3364 2080 3405 et

528 3424 827 3476 Manlianum
858 3426 1193 3483 lelonariuui,
1221 3430 1457 3486 tauquam
1486 3436 1690 3485 panem,
1720 3420 1768 3472 id
1800 3432 1875 3473 est
1895 3460 1911 3484 ,
1941 3423 2079 3474 sicut

526 3494 736 3546 l’etrum
762 3493 1059 3557 simplicem
1103 3491 1369 3543 hominem
1400 3502 1454 3544 et
1488 3499 1821 3557 piseatoreiu.
1857 3492 1918 3543 Et
1947 3494 2079 3545 alios

527 3564 837 3630 simpliciter
868 3563 1127 3622 viventes,
1155 3564 1273 3627 quia
1305 3571 1453 3613 erant
1480 3560 1629 3626 quasi
1676 3561 1825 3628 punis
1870 3561 2075 3627 idonei,

524 3649 657 3699 quos
686 3648 784 3699 ego
812 3643 865 3684 et
894 3634 994 3683 mei
1026 3632 1489 3693 niauducaremus,
1522 3639 1575 3683 et
1601 3634 1754 3684 nouis
1780 3645 2077 3699 concorpo-

523 3718 799 3765 rareluus,
840 3713 887 3753 et
917 3712 1087 3768 potum
1119 3715 1283 3751 meum
1310 3714 1422 3751 cum
1464 3704 1588 3768 ﬂetu
1630 3702 1927 3766 miscebant,
1979 3705 2079 3755 hoc

522 3784 604 3826 est
638 3792 651 3824 :
688 3772 741 3826 Si
773 3776 982 3839 quando
1014 3770 1107 3823 luit
1139 3772 1263 3821 llllltl
1300 3772 1375 3822 vel
1408 3786 1538 3822 meis
1570 3771 1739 3838 aliqua
1772 3773 2078 3838 temporalis

524 3842 855 3910 iucunditas,
890 3842 963 3894 illi
993 3840 1351 3893 admiscebam
1396 3842 1608 3903 lletum,
1645 3842 1694 3892 id
1726 3851 1811 3894 est
1853 3844 2078 3896 tristitia:

526 3913 954 3966 amaritudinem.
998 3911 1097 3981 ,νει
1127 3913 1303 3972 aliter,
1355 3920 1413 3963 ut
1455 3913 1523 3963 sit
1569 3910 1876 3980 hypallage,
1930 3915 2077 3981 quasi

523 3986 691 4046 dieat,
726 3980 1100 4033 Mauducabum
1142 3996 1321 4041 panem
1352 3992 1404 4032 et
1434 3981 1484 4033 ill
1517 3996 1601 4034 Ine
1627 3991 1682 4033 et
1711 3982 1762 4033 ill
1794 3986 1925 4035 meis
1949 3980 2076 4035 itau-

520 4067 673 4117 quam
697 4054 911 4102 cinerem
929 4089 947 4115 ,
967 4063 1012 4102 et
1041 4052 1304 4102 miscebunt
1335 4055 1576 4116 poeulum
1602 4066 1768 4103 meum
1792 4068 1908 4105 cum
1931 4054 2075 4120 ﬂetu,

527 4136 711 4188 magna
756 4122 962 4172 trisntia
1004 4121 1132 4173 mihi
1173 4122 1270 4172 luit
1309 4120 1446 4187 quod
1478 4124 1811 4175 necessmius
1837 4126 1965 4176 milii
1996 4128 2079 4177 ci-

523 4192 621 4243 bus
647 4199 702 4243 et
728 4199 899 4256 potus.

595 4264 638 4312 Α
678 4260 808 4326 [acie
842 4260 953 4313 ire.
995 4257 1123 4312 Dico
1161 4261 1278 4329 quia
1319 4258 1684 4312 manducabam
1720 4261 1936 4314 cinerem
1966 4272 2078 4316 tan-

524 4345 671 4397 quam
697 4344 899 4398 panem.
936 4330 1001 4382 Et
1030 4331 1130 4382 hoc
1156 4340 1271 4384 erat
1296 4345 1329 4381 a
1358 4331 1487 4397 [acie
1513 4330 1604 4383 ira:
1631 4340 1685 4383 et
1712 4333 2076 4401 indignationis

524 4412 658 4463 tute,
700 4403 751 4452 id
790 4411 900 4460 est,
932 4401 999 4451 ab
1041 4415 1113 4451 ira
1155 4416 1271 4468 quae
1319 4409 1497 4453 secuta
1539 4410 1619 4453 est
1664 4402 2074 4467 indignationem

529 4482 667 4523 tuam
687 4508 704 4531 ,
734 4472 883 4535 cujus
914 4470 1073 4522 l'acies
1093 4508 1107 4531 ,
1142 4472 1190 4523 id
1222 4482 1303 4523 est
1333 4471 1612 4537 praisentia
1639 4472 1811 4525 adhuc
1842 4474 1892 4525 iii
1926 4476 2077 4526 nobis

523 4548 608 4592 est
637 4554 730 4608 per
759 4556 940 4607 plenas
973 4542 1194 4607 peccati.
1243 4542 1339 4593 Ira:
1384 4540 1504 4593 dico
1546 4539 1703 4609 hujus
1746 4543 1867 4610 quia
1897 4555 1949 4596 tu
1976 4547 2078 4597 ele-

525 4626 644 4662 vans
672 4610 873 4662 allisisti
902 4626 997 4662 me.
1031 4610 1146 4678 Ipsa
1175 4614 1315 4665 enim
1343 4610 1568 4663 elevatio
1598 4613 1700 4663 luit
1726 4616 1922 4679 allism,
1956 4613 2077 4683 quia

528 4683 580 4732 ili
609 4693 862 4747 quantum
893 4682 1160 4733 hominem
1195 4698 1302 4747 pra:
1331 4684 1538 4734 Ct’lCI’lS
1580 4684 1895 4737 animalibus
1935 4682 2079 4737 exal-

527 4751 687 4811 tavit,
716 4750 767 4803 in
800 4759 999 4803 tantum
1030 4751 1467 4819 prmvaricaiitem
1494 4754 1736 4819 graviore
1762 4767 1915 4821 pinna
1943 4755 2079 4807 mul-

524 4827 702 4874 ctavlt.

599 4887 718 4940 Dies
758 4888 855 4941 mei
895 4890 1024 4941 sicut
1071 4890 1265 4943 umbra.
1320 4891 1445 4943 Dico
1490 4890 1695 4944 allisisti
1727 4907 1837 4955 me,
1868 4902 1921 4946 et
1958 4907 2083 4947 ecce

525 4961 824 5023 quonmdo:
850 4963 1085 5023 scilicet,
1124 4965 1248 5029 quia
1289 4963 1395 5013 dies
1436 4964 1532 5013 mei
1578 4962 1983 5027 declinaverunt,
2029 4964 2082 5017 id

526 5038 644 5093 est,
674 5029 1019 5083 declinabiles
1058 5041 1112 5083 et
1154 5034 1425 5083 instabiles
1468 5036 1592 5084 tacti
1623 5041 1781 5097 sunt,
1811 5035 1939 5085 sicut
1971 5049 2083 5084 um-

525 5104 616 5151 bra
666 5103 923 5153 instabilis
967 5111 1068 5153 est.
1118 5101 1387 5171 luterserit
1436 5103 1621 5155 beatus
1662 5104 1992 5171 Augustinus
2028 5113 2083 5155 et

526 5174 653 5223 dicit
680 5188 692 5220 :
725 5173 882 5225 Certe
910 5172 1022 5223 dies
1055 5170 1127 5224 tui
1161 5186 1263 5224 non
1293 5172 1624 5225 declinarent
1645 5212 1659 5235 ,
1702 5170 1759 5225 si
1790 5186 1843 5227 tu
1886 5189 1913 5225 a
1960 5189 2084 5225 vera

526 5243 606 5293 via
640 5257 743 5293 non
776 5242 1122 5296 declinasses.
1173 5242 1308 5306 Quid
1341 5241 1483 5295 enim
1536 5245 1726 5297 mirum
1768 5245 1811 5296 si
1850 5244 1966 5297 dies
2010 5248 2084 5296 tui

525 5312 731 5366 similes
760 5314 878 5366 lacti
909 5323 1030 5365 sunt
1057 5314 1171 5365 libi.
1212 5313 1302 5365 γει
1332 5313 1487 5365 aliter
1514 5328 1529 5365 :
1567 5312 1686 5367 Dies
1731 5314 1827 5365 mei
1856 5314 2086 5366 declina-

526 5393 734 5445 verunt,
783 5384 902 5437 lacti
951 5397 1043 5451 per
1094 5383 1195 5436 hoc
1237 5385 1368 5435 sicut
1418 5385 1637 5435 umbra:
1666 5384 1920 5452 quianon
1964 5392 2089 5436 sunt

525 5460 670 5514 dies,
700 5454 792 5505 sed
823 5456 1005 5506 umbra
1055 5463 1255 5506 tantum
1298 5467 1543 5505 verorum
1588 5457 1816 5505 dierum.
1862 5452 1926 5506 Et
1968 5456 2088 5507 ideo

526 5524 642 5575 dies
669 5524 1103 5589 declinaverunt,
1154 5526 1273 5591 quia
1320 5536 1412 5591 ego
1456 5523 1573 5575 arui
1615 5524 1745 5575 sicut
1787 5525 1987 5591 fenum,
2036 5524 2088 5576 id

526 5602 642 5653 est,
697 5594 765 5646 de
819 5594 995 5648 virore
1049 5595 1212 5661 priori
1265 5595 1315 5644 in
1371 5597 1509 5647 hanc
1560 5594 1835 5646 miseriam
1891 5594 2084 5647 cecidi.

533 5662 838 5740 Itevirescut
873 5680 998 5733 ergo
1039 5667 1215 5718 lenoni
1254 5664 1511 5732 sanguine
1549 5664 1844 5719 Salvatoris
1882 5667 1964 5720 sui
2006 5666 2091 5719 ir-

528 5742 749 5796 tignum.

2182 1831 2266 1869 res
2298 1834 2596 1883 pt'.’l‘ClpllllS
2627 1820 2807 1871 dicens
2836 1835 2849 1870 :
2884 1817 3014 1870 Ecce
3040 1828 3233 1886 tempus
3262 1820 3566 1886 acceptabite
3585 1858 3601 1883 ,
3630 1834 3739 1872 ecce

2181 1903 2311 1937 nunc
2341 1889 2445 1938 dies
2475 1890 2585 1941 salu
2610 1889 2680 1947 is,
2712 1896 2765 1938 et
2794 1900 3006 1941 caetera.

2256 1958 2508 2021 Quoniam
2557 1960 2875 2023 placuerunt.
2925 1960 3050 2011 Dico
3095 1958 3399 2010 misereberis
3442 1956 3604 2019 Sion.
3639 1958 3739 2013 hoe

2180 2028 2382 2080 scilicet
2417 2028 2573 2079 modo
2594 2067 2609 2089 ,
2641 2031 2882 2095 quoniam
2912 2030 3069 2081 servis
3099 2031 3196 2081 tuis
3244 2032 3471 2080 maxime
3516 2032 3607 2081 tibi
3658 2029 3737 2081 la-

2182 2098 2511 2161 miliaribus,
2544 2097 2593 2148 id
2624 2109 2738 2161 est,
2772 2101 3039 2167 Apostolis
3071 2099 3171 2150 tuis
3216 2098 3544 2168 placuerunt,
3575 2100 3626 2151 id
3658 2110 3741 2152 est

2180 2167 2465 2233 placebunt
2509 2168 2704 2235 lapides
2754 2170 2863 2237 ejus
2908 2170 3068 2230 Sion,
3117 2168 3167 2221 id
3213 2179 3292 2222 est
3327 2168 3637 2233 Piolilietae,
3672 2171 3736 2220 ad

2184 2241 2285 2288 Iloc
2316 2246 2373 2288 ut
2405 2246 2576 2303 portet
2603 2252 2695 2288 eos
2716 2276 2730 2299 ,
2771 2240 2818 2290 id
2851 2248 2963 2303 est,
2997 2248 3265 2305 exponant
3292 2253 3411 2306 qlia:
3443 2238 3514 2291 illi
3547 2241 3740 2306 praedi-

2184 2316 2379 2358 xerunt
2423 2306 2491 2359 de
2533 2306 2886 2360 :cdilicatione
2934 2323 3070 2362 vera:
3111 2308 3261 2362 Sion.
3312 2317 3374 2358 Μ
3416 2308 3619 2361 laciatis
3645 2323 3742 2361 eos

2185 2376 2624 2441 fundamentum,
2655 2391 2816 2443 super
2863 2381 3001 2446 quod
3051 2380 3176 2430 Sion
3219 2380 3526 2440 a-dilicettlr,
3572 2386 3621 2430 et
3662 2382 3742 2433 sic

2184 2446 2555 2498 miserebantur
2585 2457 2731 2498 terra:
2761 2452 2899 2511 eius,
2951 2447 3002 2500 id
3047 2458 3160 2509 est,
3207 2448 3416 2501 illorum
3462 2447 3552 2513 qui
3597 2460 3737 2501 terra

2186 2520 2347 2585 eratis
2371 2519 2426 2585 in
2469 2515 2668 2569 carnali
2699 2516 2825 2570 Sion
2851 2560 2864 2581 ,
2900 2519 3200 2582 recipiendo
3249 2535 3342 2572 eos
3385 2528 3442 2570 ut
3471 2518 3570 2570 vivi
3604 2520 3739 2585 lapi-

2186 2577 2282 2633 des
2339 2583 2446 2639 sint
2501 2588 2552 2638 in
2586 2602 2778 2639 novtnn
2819 2577 3121 2641 aedilicium.
3167 2588 3327 2643 Terra
3370 2598 3547 2640 autem
3586 2577 3745 2642 erant

2182 2648 2262 2706 illi
2297 2671 2348 2707 lli
2380 2656 2606 2719 lapidem
2636 2654 2980 2719 ollensiouis,
3014 2668 3067 2710 et
3097 2670 3294 2725 petram
3334 2658 3602 2721 scandali,
3636 2660 3746 2710 scio

2186 2726 2306 2797 licet
2335 2726 2639 2797 inlapidem
2666 2728 2755 2793 qui
2789 2726 2956 2779 lactus
2982 2739 3063 2781 est
3092 2732 3141 2781 in
3169 2739 3323 2794 caput
3347 2728 3555 2795 anguli,
3577 2742 3742 2797 quem

2186 2793 2285 2861 ipsi
2314 2793 2635 2848 ludiﬁcantes
2666 2798 3105 2861 reprobaverunt.
3156 2799 3218 2850 Et
3248 2799 3368 2850 ideo
3417 2793 3467 2849 in
3510 2793 3743 2861 terram,

2184 2871 2253 2917 de
2280 2880 2379 2927 qua
2412 2866 2555 2931 prius
2586 2864 2709 2919 facti
2744 2878 2905 2927 sunt,
2937 2869 3262 2921 ceciderunt.
3296 2866 3402 2921 Sed
3437 2882 3539 2919 non
3572 2871 3749 2931 potuit

2186 2934 2423 3007 inefﬁcax
2454 2950 2576 3007 esse
2604 2951 2698 2988 vox
2729 2935 2816 2988 illa
2854 2938 3152 3007 peliltOnis,
3187 2936 3342 2989 Pater
3373 2939 3573 3007 ignosce
3599 2939 3742 3002 illis,

2184 3005 2301 3073 quia
2328 3006 2555 3058 nesciunt
2583 3007 2703 3073 quid
2736 3007 2951 3075 faciunt.
2984 3006 3047 3059 Et
3076 3009 3194 3061 ideo
3213 3047 3229 3072 ,
3261 3009 3309 3060 id
3340 3005 3415 3060 est
3439 3046 3455 3069 ,
3484 3019 3579 3059 tria
3621 3010 3747 3060 mil-

2190 3078 2256 3125 lia
2287 3084 2341 3127 et
2369 3075 2599 3143 quinque
2628 3078 2825 3139 millia,
2866 3079 2915 3129 id
2946 3088 3062 3143 est,
3092 3092 3280 3131 omnes
3306 3078 3378 3130 illi
3412 3078 3620 3131 luerunt
3650 3078 3743 3146 qui

2191 3148 2414 3212 pretium
2448 3146 2779 3200 venditarum
2812 3162 2991 3201 rerum
3021 3163 3234 3200 suarum
3264 3157 3385 3200 ante
3432 3149 3587 3214 pedes
3613 3164 3748 3215 apo-

2183 3216 2444 3286 Stolorum
2475 3230 2782 3280 posuerunt.
2840 3219 2904 3269 Et
2935 3218 3034 3271 hoc
3066 3220 3187 3270 iecit
3216 3218 3283 3271 de
3314 3219 3412 3269 hac
3454 3228 3626 3281 terra,
3656 3221 3744 3286 qui

2185 3284 2351 3336 Adam
2373 3285 2593 3352 primum
2619 3286 2738 3340 fecit
2760 3289 2825 3341 de
2848 3298 3006 3342 terra.
3032 3288 3122 3341 Vel
3148 3290 3333 3341 aliter:
3356 3287 3484 3351 lloc,
3510 3284 3745 3356 inquam,

2186 3357 2344 3407 modo
2372 3357 2680 3409 misereberis
2711 3357 2837 3411 Sion
2859 3400 2874 3424 ,
2906 3361 3027 3424 quia
3060 3360 3215 3411 servis
3237 3360 3340 3410 suis
3362 3398 3377 3423 ,
3409 3358 3461 3410 id
3503 3368 3586 3411 est
3612 3374 3744 3424 apo-

2183 3426 2335 3497 Stolis
2364 3427 2643 3492 placebunt
2671 3426 2868 3497 lapides
2893 3430 3003 3496 ejus
3028 3428 3152 3482 Sion
3171 3465 3186 3489 ,
3217 3428 3268 3481 id
3296 3437 3409 3493 est,
3438 3431 3744 3497 quicunque

2182 3495 2462 3566 credentes
2496 3498 2565 3550 de
2599 3495 2790 3566 popqu
2821 3495 2921 3550 illo
2942 3509 2997 3552 et
3030 3500 3146 3551 lacti
3180 3500 3280 3551 vivi
3308 3497 3508 3563 lapides
3537 3498 3589 3550 in
3634 3495 3743 3563 pri-

2184 3565 2363 3618 lnitiva
2410 3565 2679 3633 Ecclesia,
2719 3578 2765 3621 et
2816 3570 2894 3622 sic
2920 3569 3285 3621 miserebantur
3331 3571 3441 3635 ejus
3483 3579 3658 3633 terrae,
3696 3572 3745 3621 id

2182 3645 2299 3700 est,
2331 3636 2467 3707 illius
2499 3638 2699 3705 populi.
2735 3638 2802 3691 Et
2832 3639 3055 3692 Subinde
3083 3650 3252 3707 gentes
3293 3640 3533 3689 timebunt
3562 3655 3750 3691 nomen

2182 3712 2339 3770 tuum,
2361 3705 2594 3769 Domine,
2613 3709 2731 3774 quia
2755 3708 2893 3762 servi
2917 3710 2987 3761 tui
3011 3705 3132 3762 inde
3156 3708 3358 3777 expulsi
3386 3708 3745 3776 pradicabunt

2182 3779 2449 3849 munibus:
2483 3777 2638 3831 Juxta
2681 3780 2807 3832 illud
2827 3819 2841 3838 .
2884 3777 3038 3831 Vobis
3067 3781 3326 3846 oportebat
3356 3780 3579 3848 primum
3606 3781 3746 3849 loqui

2181 3846 2379 3899 verbum
2410 3846 2538 3919 Dei,
2568 3850 2661 3919 sed,
2686 3850 2924 3917 quoniam
2954 3851 3210 3917 reputtstis
3238 3846 3365 3901 illud
3384 3888 3400 3912 ,
3426 3859 3476 3901 et
3504 3846 3744 3919 indignos

2179 3932 2264 3968 vos
2292 3933 2398 3970 esse
2416 3918 2712 3986 judicustis,
2741 3936 2852 3974 ecce
2876 3922 3209 3972 convertimur
3236 3921 3303 3971 ad
3333 3926 3521 3990 gentes.
3548 3918 3741 3972 Et’non

2180 3990 2351 4039 solum
2386 3991 2647 4052 utiliores.
2677 3990 2771 4042 sed
2800 4001 2845 4043 et
2873 4005 3044 4043 omnes
3085 4004 3225 4060 reges
3255 3998 3414 4042 totius
3453 4000 3631 4056 teme,
3661 3993 3742 4043 vel

2181 4072 2367 4111 omnes
2399 4061 2531 4113 bene
2573 4070 2820 4126 regentes
2867 4072 3062 4114 terram
3109 4075 3256 4112 suam
3292 4060 3359 4113 de.
3385 4062 3631 4126 gentibus
3676 4062 3741 4112 ti-

2180 4128 2413 4192 mebunt,
2448 4130 2498 4181 id
2528 4141 2608 4183 est
2639 4130 3023 4183 reverebantur
3071 4130 3288 4199 gloriam
3330 4139 3493 4181 tuam.
3542 4128 3740 4185 Nomen

2180 4208 2237 4277 et
2269 4201 2490 4266 gloriam
2523 4217 2617 4268 pro
2646 4204 2833 4256 eodem
2868 4202 2953 4255 lue
2981 4202 3207 4266 accipit,
3236 4200 3439 4253 scilicet
3471 4214 3566 4268 pro
3593 4202 3744 4255 laude

2179 4283 2311 4335 elus.

2255 4338 2389 4403 Quia
2414 4338 2705 4406 tcdi/icabit.
2753 4341 2875 4394 Ideo
2905 4340 3046 4394 servi
3085 4339 3403 4409 incipientes
3431 4341 3500 4392 ab
3524 4339 3743 4393 Jerusa-

2184 4408 2283 4478 leni
2316 4412 2379 4461 ad
2410 4425 2593 4478 gentes
2622 4426 2681 4465 se
2718 4420 3075 4473 convertunt,
3107 4408 3228 4477 quia
3262 4412 3441 4463 taliter
3471 4411 3743 4477 aediﬁcabit

2108 4457 2155 4518 Ι)
2183 4457 2441 4531 tibicinia?
2452 4457 2592 4534 ’ἐέἇᾶ
2610 4457 3742 4548 (genitalialaruans;stantis};

2180 4564 2337 4617 quam
2381 4549 2448 4603 de
2492 4552 2700 4604 duobus
2743 4550 3031 4619 parietibus
3074 4567 3104 4603 e
3144 4551 3358 4604 diverso
3406 4552 3743 4605 venientibus

2181 4620 2274 4672 sed
2304 4620 2514 4674 diversa
2548 4636 2652 4673 non
2684 4619 3059 4674 sentientibus.
3097 4619 3161 4673 Et
3190 4621 3241 4673 in
3288 4621 3386 4674 hac
3435 4623 3563 4675 Sion
3606 4626 3743 4673 eide-

2182 4688 2336 4752 bitur,
2369 4692 2421 4743 id
2451 4700 2562 4750 est,
2597 4702 3009 4760 recognoseetur
3037 4699 3093 4743 et
3121 4692 3206 4743 hic
3249 4693 3461 4744 tandem
3496 4691 3548 4742 in
3580 4693 3741 4758 gloria

2180 4774 2277 4811 sua
2301 4798 2316 4821 ,
2348 4761 2552 4813 scilicet
2582 4760 3018 4824 resurrectionis,
3048 4761 3377 4815 ascensionis
3396 4802 3412 4828 ,
3444 4764 3743 4816 consessio-

2183 4829 2306 4899 nis_:
2343 4830 2487 4895 prius
2520 4830 2795 4884 videbatur
2824 4830 2877 4883 in
2910 4830 3192 4899 ignominia
3223 4844 3340 4882 sua.

2254 4896 2493 4967 Respexit
2533 4901 2586 4952 in
2627 4904 2906 4952 orationem
2933 4896 3237 4954 'huntilium.
3273 4900 3402 4954 Dico
3430 4900 3553 4969 quia
3583 4900 3744 4968 edi/i.

2183 4969 2315 5020 cabit
2343 4970 2589 5022 Dominus
2618 4970 2767 5032 Sion,
2798 4969 2887 5037 qui
2921 4970 2972 5022 in
3002 4971 3088 5023 illa
3116 4972 3315 5024 carnali
3338 4972 3463 5024 Sion
3498 4972 3599 5023 hoc
3627 4986 3740 5023 mo-

2184 5041 2283 5101 do,
2314 5039 2516 5092 scilicet
2543 5041 2663 5101 quia
2705 5040 2959 5106 respexit,
2992 5038 3041 5092 id
3071 5051 3153 5093 est
3192 5042 3444 5106 respiciet
3470 5041 3525 5093 in
3552 5042 3741 5093 oratio.

2185 5125 2297 5160 nent
2326 5112 2593 5160 humilium
2612 5152 2626 5173 ,
2660 5110 2711 5161 id
2740 5120 2822 5162 est
2847 5110 3178 5179 medentium
3208 5118 3265 5163 et
3291 5114 3358 5164 de
3405 5113 3507 5163 hoc
3551 5113 3742 5179 populo

2187 5190 2241 5231 et
2270 5181 2337 5232 de
2367 5180 2456 5231 illo
2503 5183 2602 5232 hoc
2643 5184 2931 5261 orantium.
2964 5177 3029 5231 Et
3060 5196 3171 5259 non.
3190 5182 3375 5261 sprevit
3395 5221 3410 5243 ,
3446 5182 3497 5233 id
3526 5177 3741 5261 est—nou

2186 5260 2399 5315 spernet
2423 5264 2617 5315 precem
2638 5264 2832 5317 eorum,
2864 5250 2913 5301 id
2936 5259 3040 5316 est,
3069 5250 3287 5318 recipiet
3318 5262 3533 5320 propter
3552 5254 3743 5306 contir-

2186 5322 2491 5371 niationcm.
3120 5337 3146 5371 s

2261 5389 2560 5443 Scribuntur
2587 5388 2717 5443 ha'c.
2764 5389 2885 5442 llaec
2914 5388 3116 5442 scilicet
3143 5389 3283 5455 quod
3314 5390 3570 5444 Dominus
3600 5391 3743 5458 prius

2189 5460 2527 5513 miserebitur
2555 5460 2682 5512 Sion
2702 5501 2718 5523 ,
2749 5470 2803 5512 et
2828 5458 3021 5512 deinde
3045 5463 3300 5527 gentium.
3339 5462 3403 5513 Et
3431 5464 3499 5512 de
3530 5462 3611 5512 llis
3640 5476 3740 5511 non

2191 5545 2285 5597 per
2333 5530 2556 5592 merita,
2607 5531 2701 5581 sed
2756 5544 2849 5598 per
2900 5529 3068 5580 solam
3125 5533 3543 5583 misericordiam
3592 5546 3741 5581 suam

2192 5599 2473 5653 tedilicabit
2493 5601 2637 5652 Sion.
2666 5598 2810 5663 llazc,
2836 5598 3071 5665 inquam,
3096 5601 3400 5664 scribantur,
3426 5602 3475 5651 id
3498 5609 3599 5662 est,
3633 5615 3742 5651 lan-

2192 5685 2347 5735 quam
2376 5671 2570 5733 scripta
2602 5680 2653 5721 et
2684 5674 2831 5722 tirma
2878 5680 3258 5723 annunticntur
3303 5685 3332 5723 ε
3383 5670 3648 5737 prioribus
3692 5686 3741 5718 in

2194 5743 2409 5791 alteram
2438 5740 2850 5807 generationem,
2882 5738 2932 5791 id
2964 5754 3076 5804 est,
3118 5743 3171 5794 ill
3216 5744 3542 5810 Spll’lltlalem
3584 5756 3738 5807 getic-
