4026 6200
385 298 486 352 997

1124 292 1185 346 IN
1228 292 1649 348 PSALMORUM
1694 292 1949 349 LIBRUM
1995 293 2352 348 EXEGESIS.
2396 322 2460 334 -—
2502 294 2745 349 Ρε-ιωι.
2790 294 2871 350 Cl.

3521 304 3627 358 913

386 408 646 462 rationem
694 403 1097 467 succedentem,
1148 410 1210 482 et
1248 402 1313 457 ab
1358 403 1442 482 illa
1497 403 1546 482 in
1596 402 1868 482 alterani_,_
1903 414 1957 456 ut
1987 409 2035 465 Α
2066 405 2145 456 via
2177 404 2373 482 virtutis
2399 422 2524 457 suaz.
2562 406 2653 459 \‘ia
2690 408 3003 482 virtutisest
3031 411 3303 476 Christus,
3348 417 3466 482 quia
3500 430 3625 474 ante

389 486 779 545 recognoscant
809 489 868 528 se
900 490 1004 527 non
1039 474 1243 545 meritis
1264 514 1279 537 ,
1313 475 1406 526 sed
1438 474 1549 545 sola
1594 474 1761 542 gloria
1816 475 1952 545 lihe-

390 544 537 601 ratos
550 588 564 611 ,
600 555 645 598 et
676 546 753 597 sic
781 560 993 607 semper
1024 544 1247 612 populus
1291 544 1586 595 succedens
1632 544 1718 611 qui
1765 544 1959 596 creabi-

388 628 494 680 tur,
526 618 578 668 iii
608 616 860 684 operibus
891 615 1041 665 bonis
1073 614 1305 684 laudabit
1340 612 1634 684 Dominum.

464 687 599 753 Quia
630 680 886 754 prospexit
919 687 1224 754 deemcetso.
1260 682 1324 734 Et
1355 686 1543 735 merito
1573 680 1807 733 laudabit
1846 681 1955 734 Do-

393 753 769 821 miniiiu,quia
824 755 921 821 ipsi
970 753 1035 806 de
1087 754 1392 806 inlirmitate
1446 766 1538 804 sua
1592 767 1696 804 non
1744 754 1955 805 sursum

393 833 717 893 aspexertint
763 823 825 877 ad
876 823 1188 893 Dominum,
1235 822 1325 872 Sf‘ll
1375 822 1630 893 Dominus
1661 824 1955 887 prospexit,

395 891 591 960 idest,
627 909 655 947 a
704 894 859 960 longe
904 891 1133 960 inspexit
1176 897 1237 942 de
1279 892 1476 944 excelso
1520 901 1696 943 sancto
1743 908 1871 955 suo,
1907 893 1955 945 id

394 977 507 1032 est,
537 981 631 1033 per
663 972 1011 1033 me-sanctum
1040 972 1342 1033 sauciorum
1374 962 1640 1033 excelsum
1672 976 1822 1013 suum
1845 1002 1859 1021 ,
1891 962 1957 1015 ad

398 1030 502 1091 hoc
533 1030 589 1087 nt
617 1035 680 1087 ad
715 1035 938 1086 humiles
969 1030 1353 1091 descenderet,
1384 1041 1436 1083 ei
1482 1031 1708 1082 humiles
1754 1032 1960 1083 exalia-

394 1118 497 1160 rct.
532 1104 777 1157 Dominus
806 1104 924 1155 dico
949 1103 1143 1170 aspexit
1174 1102 1222 1151 in
1270 1110 1454 1151 terram
1483 1101 1543 1152 de
1570 1101 1694 1153 calo
1714 1139 1727 1159 ,
1765 1102 1811 1151 id
1845 1110 1954 1167 est,

397 1192 493 1246 per
524 1191 608 1230 me
639 1175 835 1246 caelum
865 1187 1017 1246 suum
1040 1211 1054 1233 ,
1090 1182 1139 1221 nt
1175 1172 1367 1246 Diceret
1404 1184 1595 1246 terram
1630 1180 1681 1222 et
1710 1172 1926 1224 cmlum.

472 1246 538 1300 Ut
576 1244 769 1297 audiret
812 1242 1484 1312 gemitusrcompedilorum.
1538 1241 1672 1312 Ecce
1716 1256 1807 1292 cur
1840 1256 1958 1306 pro-

395 1316 633 1386 spexerit
676 1310 925 1368 Dominus
961 1330 972 1365 :
1009 1311 1129 1386 ideo
1173 1310 1376 1363 scilicet
1421 1318 1474 1362 ut
1523 1311 1721 1386 audiret
1749 1314 1959 1378 gemitus

398 1381 833 1457 compeditorum;
866 1381 1193 1457 compcditos
1222 1382 1688 1457 voc:i_t_apusti_ilos
1737 1388 1793 1433 et
1837 1396 1957 1457 san-

398 1450 523 1510 ctos'
547 1465 843 1523 martyres,
875 1452 966 1520 qui
1011 1451 1299 1523 compedes
1345 1451 1463 1502 illas
1509 1450 1840 1523 habuerunt,
1887 1453 1953 1503 de

398 1528 593 1592 quibus
624 1519 819 1578 dictum
852 1519 934 1576 est
965 1539 976 1574 :
1015 1519 1179 1592 Injice
1203 1521 1377 1588 pedem
1409 1531 1552 1573 tuum
1597 1522 1649 1573 in
1693 1523 1958 1592 compedes

397 1590 542 1667 ejus,
592 1596 785 1667 idest,
834 1594 885 1645 in
935 1590 1272 1667 disciplinam
1326 1592 1571 1667 Domini,
1618 1590 1702 1667 qui
1748 1591 1957 1656 corripit

399 1661 599 1720 omnem
630 1665 792 1728 ﬁlium
821 1679 967 1731 quem
998 1663 1203 1731 recipit,
1233 1671 1285 1713 et
1315 1662 1555 1713 timorem
1587 1661 1701 1728 ejus
1729 1670 1783 1712 et
1827 1676 1959 1724 pra--

399 1748 552 1804 cepia
585 1735 722 1805 ejus.
754 1733 847 1786 Hie
865 1734 1162 1805 compedes
1192 1732 1290 1805 hoc
1322 1731 1560 1805 fecerunt
1584 1769 1599 1791 ,
1649 1740 1703 1782 ut
1749 1745 1854 1782 non
1888 1732 1951 1780 ti-

401 1801 756 1861 nierent'illos
785 1803 875 1872 qui
899 1818 1082 1871 corpus
1112 1802 1349 1872 occidunt
1370 1842 1384 1863 ,
1412 1801 1634 1851 animam
1661 1809 1829 1851 autent
1860 1815 1959 1853 non

402 1885 610 1942 possunt
641 1870 899 1936 occidere,
929 1870 1016 1924 sed
1046 1874 1211 1941 potius
1234 1870 1384 1942 illum
1429 1872 1513 1942 qui
1525 1941 1530 1942 ν
1557 1880 1714 1935 potest
1755 1880 1803 1921 et
1841 1872 1957 1942 ani-

399 1940 533 2001 mum
564 1954 610 1999 et
641 1961 820 2015 εον-ριιε
850 1945 1055 2015 perdere
1084 1945 1133 1992 in
1162 1941 1461 2015 gehennam.
1498 1941 1563 1993 Et
1593 1956 1695 1991 non
1727 1952 1846 1992 sunt
1880 1940 1959 2015 hic

401 2016 689 2086 compedes
703 2010 949 2081 cuiquam
972 2010 1253 2086 evitandas,
1271 2027 1334 2064 ne
1359 2010 1790 2086 lorieappeiatur
1817 2010 1956 2086 peri-

399 2080 582 2141 culosa
613 2080 871 2142 securitas
899 2093 951 2137 et
982 2084 1286 2149 temporalis
1331 2082 1451 2132 vita:
1500 2082 1655 2147 hujus
1701 2080 1953 2143 dulcedo,

399 2174 557 2225 quam
588 2157 828 2225 sequitur
858 2148 1110 2223 perpetua
1140 2152 1463 2225 amaritudo.
1514 2148 1675 2225 Audit
1704 2150 1957 2225 Dominus

398 2219 627 2295 gemitus
654 2219 972 2295 saiictor'umi
990 2231 1279 2292 martyrum
1311 2223 1363 2295 in
1396 2219 1660 2295 pressuris
1688 2231 1735 2273 ει
1772 2220 1957 2295 inliu-

401 2290 625 2352 iuilitate
652 2299 716 2351 ad
749 2297 847 2349 hoc
876 2304 931 2348 ut
960 2292 1012 2346 in
1042 2290 1181 2346 tanta
1208 2293 1375 2359 gloria
1406 2290 1603 2344 nostris
1631 2291 1956 2354 temporibus

400 2378 547 2421 esset
579 2367 844 2429 Ecclesia,
879 2373 1131 2433 quantam
1164 2363 1321 2415 hodie
1348 2360 1587 2413 videmus
1608 2403 1622 2427 ,
1667 2361 1875 2433 scilicet
1902 2372 1957 2413 ut

402 2453 563 2506 regna
604 2454 721 2507 quin
766 2430 935 2507 prius
957 2448 1075 2507 cam
1122 2433 1599 2507 persequebantur,
1648 2430 1808 2507 modo
1849 2430 1955 2507 Do-

402 2500 545 2561 mino
593 2500 848 2562 serviant.
902 2505 966 2559 Et
1014 2500 1133 2558 hoc,
1161 2512 1243 2557 est
1284 2502 1423 2567 quod
1455 2500 1623 2554 dicit:
1659 2500 1725 2553 Ut
1756 2501 1956 2553 audiret

402 2580 619 2648 gemitus
648 2576 1151 2648 compeditorum,_et
1176 2573 1248 2625 sic
1276 2571 1489 2648 solveret
1516 2585 1545 2623 a
1578 2581 1718 2623 metu
1770 2572 1957 2625 mortis

401 2642 537 2716 ﬁlios
588 2642 1031 2717 interemptorum,
1081 2644 1130 2698 id
1177 2652 1289 2717 est,
1330 2642 1620 2717 imitatores
1649 2653 1953 2717 sanctorum

405 2711 697 2789 martyrum
718 2760 732 2783 ,
765 2711 854 2786 qui
886 2712 1190 2789 interempti
1222 2721 1383 2777 sunt;
1414 2711 1637 2789 itaﬁdico
1670 2712 1913 2789 solveret
1936 2751 1953 2775 ,

399 2800 456 2841 ut
486 2777 571 2842 ist'i
600 2777 903 2857 jam'libere
932 2777 1235 2857 annuntient
1254 2798 1443 2857 nomen
1464 2777 1680 2857 Domini
1712 2784 1763 2834 in
1794 2782 1921 2834 Sion
1940 2822 1954 2845 ,

403 2859 453 2911 id
485 2867 567 2913 est
581 2852 679 2924 {in
712 2856 969 2912 Ecclesia.
1001 2856 1149 2909 Tunc
1180 2854 1322 2908 enim
1356 2852 1590 2924 Ecclesia
1624 2854 1676 2905 in
1708 2866 1954 2920 pressura

400 2937 540 2995 erat,
569 2923 781 2998 quando
803 2926 1038 2998 impediti
1070 2924 1542 2998 interficiebantur.
1578 2923 1698 2976 l’ost
1728 2930 1953 2974 mortem

403 2994 600 3051 autem'
626 3000 831 3052 illorum
874 2997 1008 3050 facta
1053 3006 1133 3048 est
1167 2994 1403 3046 Ecclesia
1447 2994 1496 3044 in
1528 3004 1671 3044 tanta
1705 3008 1861 3059 pace,
1895 3000 1953 3044 ut

399 3071 625 3135 quisque
657 3069 821 3121 libere
854 3068 903 3119 in
936 3081 996 3119 ea
1031 3078 1221 3117 nomen
1256 3060 1464 3135 Domini
1496 3066 1717 3135 auderet
1744 3078 1949 3115 annun-

400 3133 554 3191 tiare.
592 3139 653 3191 Et
685 3140 783 3189 hoc
812 3136 969 3189 modo
1013 3150 1042 3187 a
1089 3144 1233 3187 metu
1278 3133 1465 3184 mortis
1513 3133 1738 3198 Solutio,
1795 3136 1957 3187 inter-

394 3221 694 3276 emptorum
728 3207 847 3259 ﬁliis
879 3205 1013 3259 facta
1058 3213 1160 3257 εει.
1194 3203 1312 3276 Fuit
1337 3203 1512 3276 getiam
1541 3204 1595 3276 in
1630 3203 1708 3276 eis
1738 3204 1956 3276 solutio,

398 3273 513 3343 ipsa
578 3287 917 3345 peccatorum
970 3276 1239 3330 remissio.
1296 3273 1421 3328 Ideo
1467 3274 1606 3345 enim
1657 3275 1701 3325 si
1747 3275 1961 3345 quando

398 3350 535 3400 mori
566 3343 822 3412 compulsi
852 3356 1011 3410 sunt,
1045 3356 1273 3399 mortem
1321 3358 1426 3397 non
1475 3344 1791 3406 timuerunt,
1836 3343 1959 3411 quia

400 3426 495 3485 per
525 3429 861 3486 peccatorum
894 3416 1262 3486 remissionem
1293 3412 1467 3466 securi
1499 3412 1568 3467 de
1595 3428 1660 3467 eo
1685 3413 1827 3481 quod
1876 3428 1960 3467 se-

399 3484 580 3557 quitur
610 3497 833 3541 mortem
868 3486 1103 3557 fuerunt.
1138 3484 1390 3557 Sequitur
1422 3499 1433 3534 :

472 3554 538 3611 Et
561 3558 762 3610 laudem
786 3559 897 3626 ejus
934 3558 987 3610 in
1008 3550 1312 3626 Jerusalem.
1339 3550 1599 3626 Repetitio
1626 3560 1707 3605 est
1747 3560 1961 3626 propter

401 3621 883 3681 contiruiatimiein.
918 3627 1058 3680 Idem
1107 3625 1248 3679 enim
1287 3624 1479 3690 accipit
1511 3621 1637 3675 Sion
1666 3630 1719 3674 et
1744 3623 1959 3677 Jerusa-

402 3696 530 3760 lem,
568 3697 877 3759 Ecclesiam,
909 3698 1130 3750 scilicet.
1167 3693 1369 3747 Nomen
1394 3706 1605 3762 quoque
1635 3691 1878 3763 Domini,
1907 3703 1962 3748 ct

401 3764 613 3820 laudem
636 3767 752 3834 ejus
780 3767 981 3835 accipit
998 3781 1089 3831 pro
1112 3765 1323 3819 eadem.

482 3836 547 3888 In
578 3832 937 3890 conveniendi).
972 3834 1099 3888 Dico
1126 3843 1178 3885 ut
1199 3832 1517 3885 annuntient.
1553 3834 1614 3886 Et
1642 3833 1740 3887 hoc
1761 3834 1956 3899 taliter,

401 3906 626 3969 scilicet,
650 3909 701 3957 in
725 3905 1085 3967 convenientia,
1118 3903 1167 3957 id
1190 3912 1289 3967 est,
1314 3903 1365 3956 iii
1394 3905 1713 3971 alloqiieiido
1744 3909 1960 3971 papulas

400 3984 449 4027 et
468 3983 623 4029 etiam
656 3992 797 4045 reges
847 3976 991 4043 prius
1046 3983 1454 4045 persequentes,
1486 3974 1745 4045 hortando
1782 3991 1874 4029 eos
1905 3980 1958 4030 in

401 4061 557 4097 unum
581 4044 851 4113 quiddam,
880 4046 929 4099 id
953 4052 1067 4109 est,
1098 4046 1148 4097 iii
1182 4044 1337 4096 [idem
1363 4044 1699 4113 catholicam,
1729 4046 1793 4097 ad
1837 4048 1956 4110 hoc,

400 4124 455 4164 ut
478 4111 721 4183 jam'nou
754 4119 975 4169 serviant
1015 4115 1240 4177 mundo,
1293 4113 1385 4165 sed
1416 4111 1657 4169 Domino.
1693 4114 1841 4170 Unde
1866 4132 1961 4169 aii-

404 4196 513 4237 ιειιι
538 4185 637 4239 hoc
660 4186 853 4239 factum
876 4195 975 4249 est,
997 4187 1092 4237 nisi
1113 4188 1254 4251 quia,
1273 4193 1326 4236 ut
1343 4198 1500 4249 supra
1521 4186 1772 4251 diximus,
1798 4201 1961 4240 exau-

399 4255 496 4377 giti
516 4265 636 4309 sunt
659 4256 710 4309 iii
736 4258 1017 4324 pressuris,
1041 4262 1095 4307 et
1117 4256 1167 4308 in
1185 4254 1481 4308 humilitate
1498 4265 1726 4323 gemitus
1745 4273 1961 4327 compe-

438 4334 653 4377 uorum.

438 4334 653 4379 iturum.

477 4393 755 4466 itespondit
780 4396 846 4449 ei.
877 4394 1077 4463 Qiiierit
1102 4394 1288 4466 beatus
1338 4394 1664 4466 Augustinus
1711 4394 1776 4448 ad
1824 4397 1948 4466 quid

1982 3110 2031 3174 C

2064 478 2509 546 resurrectionem
2544 492 2648 528 non
2676 478 3090 544 agnoscebatur,
3123 483 3213 535 sed
3248 478 3416 546 potius
3447 490 3623 540 cruci-

2059 545 2194 596 lixus
2221 560 2284 597 ex
2310 544 2617 604 inﬁrmitate
2642 547 2788 599 latuit
2810 587 2826 612 ,
2874 558 2928 600 ut
2976 552 3026 602 in
3053 544 3439 609 resurrectione
3470 557 3623 612 tortis

2057 622 2360 693 appareret.
2386 613 2451 667 In
2478 615 2583 693 hac
2603 616 2686 693 via
2718 618 2917 693 uirtutis
2954 622 3212 686 respondit
3238 624 3282 674 ei
3301 664 3315 686 ,
3346 627 3462 691 quia
3505 641 3624 693 post

2061 685 2509 751 resurrectionem
2546 684 2834 739 Ecclesium
2872 688 2938 739 de
2970 684 3079 742 toto
3114 693 3241 744 orhe
3276 684 3481 747 voc-abit
3505 684 3618 751 ἰιοιι

2060 750 2307 833 inﬁrmus
2327 756 2378 805 in
2403 769 2581 833 cruce,
2607 760 2699 809 sed
2729 760 2836 821 jam
2860 760 3006 811 l'ortis
3027 762 3079 833 in
3099 767 3256 814 casio.
3282 764 3473 817 lithicc
3494 750 3626 833 pra-4

2058 823 2213 889 cipua
2242 822 2413 877 virtus
2443 825 2563 877 lidei
2588 836 2805 890 nostra-,
2836 837 2889 878 ut
2916 829 3197 882 credamus
3224 848 3342 884 eum
3368 850 3471 887 non
3494 822 3616 888 'tan-

2062 899 2173 944 tum
2206 903 2471 946 mortuum
2493 910 2611 948 esse
2631 934 2645 957 ,
2673 896 2765 949 sed
2792 898 2952 950 etiam
3009 902 3373 954 resnscitatiim
3396 944 3410 966 ,
3466 912 3521 958 et
3566 916 3622 958 ιιι

2058 976 2338 1035 speremus
2368 978 2461 1015 nos
2484 979 2694 1035 quoque
2726 970 3124 1022 resuscitandas
3150 987 3241 1035 per
3269 972 3436 1025 illum.
3468 975 3620 1030 Unde

2058 1031 2185 1084 dicit
2209 1031 2528 1109 Apostolus:
2557 1032 2615 1087 Si
2639 1036 2917 1109 credideris
2944 1039 2995 1089 in
3025 1031 3175 1091 corde
3199 1050 3307 1103 tuo,
3330 1044 3451 1109 quia
3483 1043 3627 1097 Chri-

2060 1112 2173 1181 s'tus
2198 1111 2271 1155 est
2301 1101 2581 1181 Dominus,
2600 1116 2652 1181 et
2680 1106 2941 1181 confessus
2973 1109 3155 1181 [ueris
3176 1111 3227 1161 in
3266 1101 3353 1163 ore
3392 1124 3478 1165 tuo
3506 1118 3626 1181 quia

2062 1169 2200 1225 Deus
2221 1175 2545 1244 resuscitavit
2572 1176 2738 1238 illum,
2772 1169 2940 1229 saltus
2966 1169 3085 1230 eris.
3122 1178 3254 1244 Quia
3282 1183 3433 1234 corde
3462 1169 3625 1236 credi-

2058 1248 2141 1314 tur
2160 1242 2228 1293 ad
2248 1243 2526 1312 justitiam,
2556 1260 2643 1296 ore
2671 1256 2839 1298 autent
2870 1249 2924 1310 ﬁt
2968 1242 3219 1314 confessio
3243 1253 3309 1302 ad
3344 1252 3505 1304 Deum
3538 1256 3621 1307 vel

2059 1312 2124 1389 ad
2149 1313 2561 1389 salutem._Nui_ic
2585 1314 2649 1389 ad
2685 1316 2909 1389 litteram
2935 1312 3233 1375 redeamus.
3268 1319 3549 1389 Respondit
3580 1326 3626 1377 ei

2058 1380 2355 1458 Jerusalem
2380 1384 2433 1458 in
2476 1383 2934 1458 via_virtutisisuaz
2970 1390 3150 1440 dicens
3181 1391 3250 1442 ita
3302 1408 3313 1442 :
3370 1380 3617 1458 'Dominc,

2059 1453 2238 1504 nuntia
2267 1453 2389 1503 mihi
2434 1455 2741 1522 paucitatem
2789 1456 2984 1508 dierum
3014 1474 3240 1512 meorum
3266 1501 3281 1523 ,
3330 1460 3378 1512 id
3410 1471 3509 1525 est,
3537 1453 3623 1515 iac

2060 1536 2145 1573 me
2176 1525 2450 1599 attendere
2473 1534 2663 1599 quanta
2698 1528 2960 1599 paucitate
3008 1530 3211 1599 dierum
3258 1534 3615 1599 constringar,

2061 1606 2125 1665 ne
2155 1593 2302 1658 pauci
2332 1594 2446 1645 dies
2477 1595 2577 1665 mei
2612 1597 2881 1647 retrahunt
2906 1613 2988 1649 nic
3010 1611 3037 1648 a
3064 1597 3249 1651 diebus
3272 1603 3372 1653 tuis
3402 1593 3615 1665 multis;

2062 1662 2159 1712 hoc
2189 1670 2270 1713 est
2293 1665 2430 1735 quod
2461 1664 2644 1735 subdit
2676 1666 2856 1717 dicens
2893 1684 2903 1716 :
2946 1666 3026 1719 Ne
3055 1684 3249 1721 revoces
3288 1686 3366 1722 me
3387 1711 3400 1729 ,
3433 1673 3480 1724 id
3516 1662 3615 1735 est,

1989 1759 2038 1820 Β
2065 1744 2137 1812 ηε.
2160 1732 2557 1820 permittasme,
2581 1734 3083 1820 Doniine,‘rev.ocari
3106 1740 3410 1820 abcieiernis
3431 1732 3621 1797 diebus

2068 1802 2170 1852 tuis
2198 1802 2250 1853 in
2274 1802 2509 1866 dimidio,
2538 1817 2631 1870 per
2656 1804 3110 1868 iinperl'ectionem
3139 1809 3339 1862 dierum
3368 1827 3612 1867 meorum.

2064 1872 2234 1946 Dnine
2259 1875 2399 1946 enim
2421 1873 2567 1946 Aquod
2592 1872 2867 1946 dimidium
2897 1885 2997 1946 est,
3030 1878 3392 1945 imperfectum
3419 1892 3534 1946 est;
3562 1896 3614 1936 et

2065 1939 2185 2019 ideo
2212 1942 2380 2019 (quasi
2402 1939 2566 2019 dicat)
2593 1943 2713 1996 dico
2742 1945 2863 2019 quia
2894 1944 3007 1998 dies
3024 1939 3125 1999 mei
3159 1948 3471 2015 imperfecti,
3498 1939 3618 2019 quia

2063 2012 2183 2061 anni
2206 2012 2284 2088 tui
2309 2013 2605 2088 perlectiet
2634 2015 2820 2067 :cterni
2845 2023 2969 2067 sunt
3000 2026 3201 2069 tantum
3227 2012 3276 2070 iu
3300 2012 3618 2088 generatione

2060 2084 2465 2147 generationum,
2495 2082 2543 2135 id
2566 2092 2680 2154 est,
2714 2099 2881 2154 annos
2910 2095 3027 2139 tuos
3068 2082 3343 2154 participat
3370 2108 3471 2143 non
3504 2094 3617 2145 hinc

2062 2166 2177 2203 inea
2219 2156 2526 2226 generatio,
2576 2153 2668 2226 sed
2715 2153 2803 2206 illa
2846 2155 2966 2226 sola
3021 2153 3293 2219 generatio
3350 2174 3465 2226 qua:
3521 2165 3621 2215 erit

2059 2224 2330 2290 generatio
2360 2223 2780 2288 generatiouum,
2809 2225 2856 2277 id
2875 2235 2975 2287 est,
3006 2239 3104 2279 con
3122 2236 3256 2279 taus
3279 2244 3343 2281 ex
3365 2223 3613 2283 omnibus

2059 2293 2509 2363 generationibus.
2542 2293 2826 2346 Sciendum
2857 2295 2975 2363 quia
3018 2299 3137 2348 anni
3172 2298 3261 2349 Dei
3302 2309 3423 2352 sunt
3465 2314 3619 2353 teter-

2062 2362 2217 2437 nitas.
2254 2362 2543 2437 [Eteriiitas
2565 2374 2737 2437 autem
2762 2376 2843 2437 es_t
2876 2362 3318 2437 incommutabilis
3340 2369 3454 2437 ejus
3481 2373 3611 2423 sith-

2060 2432 2270 2491 stantia.
2305 2434 2387 2485 cui
2418 2450 2522 2487 non
2572 2435 2777 2487 accedit
2807 2433 2925 2487 Fuit
2974 2436 3053 2488 vel
3108 2437 3252 2493 Erit.
3306 2432 3397 2490 sed
3444 2443 3614 2495 solum

2062 2501 2173 2553 Est.
2223 2503 2397 2580 Sicut“
2422 2507 2531 2580 ipse
2571 2504 2710 2580 dixit
2764 2508 2826 2556 ad
2873 2504 3164 2580 lll_oysetii_:
3221 2505 3331 2576 Ego
3372 2525 3482 2561 sum
3533 2513 3622 2580 qui

2057 2586 2193 2636 sum,
2220 2573 2459 2648 etc._Q_ui
2481 2575 2734 2648 cst,_misit
2761 2574 2927 2648 mead
2950 2592 3049 2648 vos.
3100 2573 3295 2648 Tamen
3326 2592 3392 2631 ne
3431 2573 3622 2648 despe-

2059 2656 2164 2703 res,
2202 2644 2351 2710 qiiasi
2384 2646 2545 2707 dicat,
2579 2644 2807 2697 humana
2848 2645 3126 2698 inlirniitas
3156 2662 3170 2710 ;
3204 2646 3316 2710 Ego
3345 2649 3477 2700 enim
3508 2644 3621 2703 sunt

2061 2702 2199 2764 Deus
2220 2702 2485 2766 'Abraliom
2504 2702 2594 2779 ,ἐι
2624 2714 2758 2767 Deus
2798 2712 2968 2777 Isaac,
3000 2725 3044 2766 et
3075 2702 3211 2769 Deus
3239 2702 3421 2770 Jacob.
3455 2702 3623 2774 Audi-

2058 2782 2326 2849 vistiquid
2356 2784 2455 2835 sim
2506 2783 2643 2849 apud
2693 2799 2817 2847 me,
2866 2785 3109 2838 audivisti
3157 2788 3316 2839 etiam
3349 2791 3485 2854 quod
3518 2792 3619 2844 sim

2062 2861 2279 2917 propter
2311 2861 2382 2915 ιε,
2411 2854 2509 2905 hoc
2532 2856 2829 2906 maximum
2860 2854 3109 2920 quiddam
3139 2868 3241 2909 εει.
3274 2856 3473 2912 Tamen
3505 2860 3618 2913 Iure

2060 2923 2332 2993 asternitas
2362 2924 2569 2976 vocavit
2601 2938 2722 2985 nos,
2755 2934 2807 2975 et
2832 2938 2901 2993 ex
2929 2926 3228 2980 aeternitate
3267 2930 3463 2993 eripuit
3495 2929 3624 2985 Ver-

2058 2990 2206 3044 bum.
2236 2990 2350 3042 Jain
2379 2994 2668 3055 aeternitas,
2693 2993 2802 3059 jam
2831 2992 3080 3059 Verbum,
3106 2996 3196 3048 sed
3222 2990 3453 3051 nonduin
3479 3010 3614 3053 teni-

2064 3076 2182 3142 pus,
2214 3062 2337 3142 quia
2359 3062 2552 3142 laetum
2584 3064 2747 3142 etiam
2772 3074 2857 3142 εει
2879 3072 3108 3142 tempus.
3148 3066 3331 3119 Umnia
3359 3071 3498 3121 enim
3532 3088 3621 3139 per

2061 3130 2231 3206 ipsum
2261 3130 2400 3199 [acta
2431 3141 2578 3206 sunt.
2598 3131 2737 3185 Ecce
2772 3130 3005 3185 Veibuui
3043 3146 3169 3189 ante
3209 3146 3451 3203 tempus,
3498 3130 3618 3206 quia

2062 3202 2456 3274 fecitrteinpus;
2488 3203 2579 3274 sed
2605 3211 2989 3274 tamenrnatuni
3018 3216 3099 3255 est
3122 3220 3187 3256 es
3216 3202 3475 3274 tempore,
3502 3202 3619 3261 cuni

2059 3272 2129 3325 sit
2160 3273 2263 3323 vita
2295 3282 2516 3323 aeterna.
2540 3272 2603 3324 Et
2626 3273 2835 3325 vocavit
2866 3288 2960 3325 nos
2981 3272 3400 3341 temporales,7ut
3423 3279 3621 3331 faceret

2059 3352 2310 3418 aeternos.
2347 3341 2651 3418 Ethaacest
2683 3342 2771 3393 illa
2822 3346 3142 3418 geii_er_atio,_
3177 3359 3328 3418 qiiai,
3377 3355 3433 3418 ut
3462 3363 3621 3418 supra

2058 3410 2271 3483 dictum
2290 3418 2393 3473 est,
2434 3410 2879 3483 participatannis
2909 3412 3023 3467 Dei.
3053 3412 3143 3466 Vel
3167 3410 3317 3469 aliter
3348 3433 3359 3467 :
3388 3410 3620 3483 Respon-

2060 3480 2133 3533 dit
2161 3482 2209 3553 ei
2245 3481 2542 3553 Jerusalem
2591 3484 2643 3534 in
2668 3482 3007 3553 convenientia
3031 3483 3244 3553 populos
3273 3486 3326 3538 in
3348 3480 3536 3553 unum,
3569 3489 3619 3541 id

2060 3560 2161 3614 est,
2195 3550 2248 3605 in
2279 3550 2481 3605 unitate
2511 3552 2861 3620 responditei.
2885 3552 2983 3618 Qui
3005 3550 3145 3607 enim
3168 3569 3274 3607 non
3301 3567 3380 3608 est
3414 3557 3465 3609 in
3499 3550 3618 3609 uni-

2062 3630 2191 3693 tate,
2246 3637 2350 3693 non
2401 3622 2688 3691 respondet
2735 3622 2805 3686 ei,
2855 3624 2946 3676 sed
2992 3624 3102 3676 sola
3135 3622 3308 3677 unitas
3338 3627 3623 3693 respondet

2061 3692 2175 3759 uni,
2199 3692 2322 3761 quia
2357 3692 2468 3759 ipse
2491 3703 2573 3748 est
2601 3708 2758 3755 unus,
2785 3700 2839 3747 et
2868 3694 3102 3747 Ecclesia
3146 3698 3341 3747 unitas.
3392 3695 3626 3749 Fuerunt

2059 3771 2237 3817 autem
2263 3762 2475 3829 quidam
2521 3766 2608 3831 qui
2640 3763 2776 3816 hanc
2804 3765 3054 3817 unitatem
3087 3764 3392 3831 discerpere
3432 3768 3624 3821 vellent

2060 3834 2297 3887 dicentes
2333 3850 2344 3885 :
2372 3834 2663 3887 Ecclesiam
2694 3848 2796 3885 non
2844 3849 3010 3902 uSque
3048 3837 3097 3886 in
3132 3834 3289 3886 finem
3322 3838 3500 3890 sieculi
3527 3837 3627 3891 dii-

2061 3912 2326 3976 raiuram,
2374 3905 2612 3976 sedcito
2638 3906 2946 3976 desiturum.
2992 3905 3141 3976 Quod
3190 3905 3486 3976 praevidens
3533 3921 3626 3976 per

2060 3974 2306 4039 spiritum
2341 3974 2599 4041 propheta
2626 3975 2880 4037 futurum,
2911 3973 3193 4026 introducit
3229 3973 3623 4030 Ecclesiam'sic

2060 4046 2323 4096 dicentem
2355 4062 2367 4096 :
2417 4044 2668 4108 Domine,
2711 4047 2887 4095 nuntia
2925 4045 3049 4097 mihi
3077 4045 3387 4112 paucitatem
3430 4047 3628 4100 dierum

2062 4128 2306 4167 meorum.
2326 4114 2638 4180 Quasidicat
2661 4131 2674 4166 :
2702 4112 3017 4167 Futurisunt
3042 4114 3252 4180 quidam
3277 4116 3620 4182 perditissimi

2060 4182 2298 4237 dicentes
2328 4199 2412 4237 me
2437 4184 2544 4237 cito
2566 4183 2911 4253 perdendam,
2941 4197 3038 4237 nec
3069 4197 3233 4252 usque
3259 4186 3310 4236 in
3338 4187 3495 4239 linem
3523 4202 3626 4239 saa-

2061 4253 2163 4305 culi
2188 4256 2523 4318 duraturam;
2555 4252 2704 4322 ergo,
2737 4252 2977 4316 Domine,
3020 4255 3198 4306 nuntia
3239 4255 3363 4306 mihi
3395 4256 3445 4307 in
3477 4259 3627 4308 testi-

2063 4326 2298 4377 monium
2329 4335 2517 4377 contra
2548 4327 2680 4377 tales
2728 4323 3035 4392 paucitatem
3065 4325 3263 4376 dierum
3292 4340 3538 4387 meorum,
3568 4327 3621 4377 id

2061 4401 2174 4454 est,
2207 4394 2421 4448 notilica
2454 4394 2581 4447 milii
2625 4394 2853 4461 quandiu
2879 4392 2985 4447 sint
3013 4394 3252 4447 duraturi
3300 4396 3626 4461 temporales

398 4459 661 4519 referatur
684 4459 942 4536 respondit
964 4468 1030 4530 ei,
1062 4464 1201 4531 quod
1227 4472 1310 4519 est
1337 4459 1636 4536 singulare,
1668 4479 1787 4519 cuin
1818 4459 1943 4532 piae
1982 4459 2032 4520 ι)
2057 4463 2170 4517 dies
2191 4463 2450 4536 m_ei,quia
2474 4465 2625 4531 pauci
2647 4459 2793 4536 sunt,
2807 4473 3063 4536 quantum
3088 4463 3155 4536 ad
3178 4459 3439 4536 diesgiuns
3462 4475 3621 4536 aeter-

400 4538 554 4588 cedat
578 4544 776 4589 tantum
807 4538 1026 4602 pluralis
1072 4550 1345 4598 numerus,
1375 4535 1613 4603 populos,
1658 4537 1879 4599 scilicet,
1910 4547 1956 4589 et

398 4620 578 4673 reges;
605 4608 697 4659 sed
729 4607 855 4659 dicit
905 4606 1026 4673 quia
1076 4606 1299 4659 refertur
1343 4604 1409 4657 ad
1457 4620 1520 4658 ea
1550 4620 1666 4672 qua:
1708 4609 1955 4672 praedicta

398 4683 543 4737 sunt,
573 4679 635 4728 ad
680 4676 914 4738 laudem,
946 4675 1029 4728 vel
1056 4675 1119 4727 ad
1148 4674 1461 4728 Jerusalem.
1514 4674 1580 4726 Et
1622 4684 1705 4727 est
1730 4676 1909 4728 dicere
1940 4693 1953 4727 :
1996 4698 2009 4704 ν-

400 4745 457 4798 Ιιι
485 4746 887 4799 annuutiatione
937 4746 1025 4797 illa
1079 4744 1352 4812 respondit
1381 4744 1460 4803 ei,
1508 4744 1558 4796 id
1589 4754 1699 4805 est.
1735 4744 1958 4797 Domitio

399 4820 515 4866 laus
543 4818 678 4879 ejus,
710 4817 759 4867 id
788 4824 889 4878 est,
913 4814 1223 4877 Jerusalem,
1248 4814 1360 4866 laus
1379 4826 1475 4866 ens
1495 4813 1638 4882 ejus,
1668 4816 1954 4881 eiiespou-

397 4886 511 4947 det,
548 4884 757 4949 quando
778 4888 973 4951 gratias
994 4885 1041 4936 ei
1064 4893 1244 4950 agunt,
1275 4885 1397 4950 quia
1428 4883 1494 4935 ab
1517 4898 1581 4934 eo
1612 4884 1779 4937 \tlt‘all
1810 4893 1952 4936 sunt.

397 4952 518 5019 Ipse
545 4965 717 5018 vocat,
752 4971 847 5007 nos
878 4956 1278 5017 respondemus.
1310 4953 1366 5005 Si
1397 4962 1573 5004 autem
1615 4954 1684 5005 ita
1713 4955 1847 5006 bene
1876 4957 1955 5005 vi-

398 5024 590 5088 vimus,
624 5035 678 5077 ut
710 5039 821 5092 ipse
872 5039 965 5091 per
992 5038 1086 5075 nos
1130 5023 1559 5092 laudetur,_tuiic
1599 5021 1714 5074 laus
1754 5024 1872 5088 ejus
1905 5026 1954 5076 in

402 5095 559 5146 nobis
586 5096 633 5148 ei
666 5090 971 5161 respondet.
1000 5094 1065 5145 Et
1095 5093 1384 5145 secundum
1415 5090 1515 5142 hoc
1540 5092 1665 5143 dicit
1691 5092 1811 5157 quia
1844 5094 1959 5147 laus

399 5166 521 5226 ejus
551 5166 812 5232 respondit
843 5164 909 5215 ei.
942 5164 1229 5216 Jerusalem
1254 5175 1463 5229 quoque
1491 5163 1763 5225 reSpoudit
1782 5164 1828 5215 ei
1852 5177 1955 5214 non

398 5233 489 5302 illa
536 5231 652 5302 qua:
683 5244 867 5286 vorata
920 5247 1023 5285 non
1075 5233 1303 5294 audivit,
1359 5234 1425 5282 de
1454 5245 1553 5296 qua
1593 5231 1800 5302 dictum
1831 5245 1907 5284 εει
1940 5248 1953 5284 :

398 5301 535 5355 Ecce
559 5301 873 5373 relinquetur
897 5302 1031 5373 robis
1051 5303 1231 5356 domus
1257 5311 1415 5373 uestra
1435 5302 1481 5350 dt
1498 5311 1650 5361 serta,
1675 5302 1767 5373 sed
1788 5301 1874 5353 illa
1892 5302 1957 5354 de

398 5388 503 5440 qua
532 5370 727 5427 dictum
757 5384 847 5425 est
871 5390 882 5423 :
918 5372 1132 5431 Laztare,
1161 5370 1368 5432 sterilis,
1397 5387 1508 5438 quia
1535 5388 1632 5421 non
1657 5372 1815 5434 paris,
1838 5375 1958 5438 quia

400 5445 547 5513 multi
578 5445 675 5513 [itii
701 5444 929 5505 desertae,
953 5442 1115 5509 magis
1155 5454 1305 5508 quam
1336 5440 1447 5513 ejus
1469 5453 1579 5513 qua:
1601 5440 1951 5513 liabetvirum.

398 5512 527 5565 "ire
554 5507 778 5582 namque
806 5523 987 5565 vocata
1016 5507 1120 5563 non
1144 5507 1809 5582 contempsit.__lpse_pluit,
1842 5510 1954 5579 ipsa

397 5583 627 5636 fructum
658 5576 799 5637 iécit.
831 5582 925 5636 Ubi
967 5591 1143 5635 autem
1193 5579 1241 5633 ei
1279 5577 1583 5645 respondit?
1617 5576 1803 5645 Utique
1851 5576 1953 5633 non

400 5654 454 5705 in
477 5669 555 5716 se,
576 5658 695 5720 quia
722 5656 923 5706 nullum
949 5652 1177 5705 habebat
1200 5650 1249 5703 in
1271 5664 1328 5703 se
1347 5664 1657 5714 responsum
1672 5688 1685 5711 ,
1714 5650 1815 5701 nisi
1840 5664 1953 5704 res-

398 5719 627 5791 ponsuni
675 5726 892 5788 mortis,
938 5721 1017 5778 vel
1068 5721 1378 5790 iniquitatis.
1412 5719 1516 5775 Sed
1545 5720 1801 5787 respondit
1830 5723 1869 5773 ei
1901 5722 1953 5773 in

2061 4548 2180 4586 nos.
2213 4534 2322 4588 lloc
2348 4543 2523 4587 autem
2555 4534 2909 4586 testimonium
2957 4532 3216 4585 nuntiavit
3265 4534 3312 4585 ei
3342 4532 3621 4598 Dominus,

2057 4619 2178 4656 cum
2203 4603 2339 4657 dixit
2364 4618 2376 4655 :
2407 4602 2541 4655 Ecce
2564 4618 2658 4670 ego
2678 4602 2931 4655 vobiscum
2955 4617 3070 4653 sum
3101 4617 3255 4668 usque
3282 4603 3349 4653 ad
3387 4618 3622 4655 consum-

2058 4674 2334 4725 motionem
2372 4673 2565 4726 saeculi.
2607 4672 2712 4725 Sed
2753 4676 2872 4735 quia
2918 4673 3129 4725 inerunt
3176 4673 3390 4737 quidam
3418 4711 3433 4735 ,
3487 4674 3627 4727 sicut

2059 4740 2377 4805 Donatistae,
2422 4742 2515 4810 qui
2560 4756 2655 4808 per
2683 4739 3033 4810 ignorantiam
3064 4740 3391 4793 aliirinarent
3430 4742 3530 4795 hoc
3556 4746 3624 4796 de

2058 4826 2118 4864 se
2147 4811 2347 4864 dictum
2389 4809 2527 4876 esse,
2553 4812 2793 4881 dicentes
2838 4809 3148 4862 catholicam
3177 4810 3466 4881 Ecclesiam
3508 4812 3618 4881 jam

2059 4881 2381 4934 destructam
2409 4895 2527 4933 esse
2548 4918 2563 4941 ,
2606 4880 2736 4933 dicit
2762 4880 2948 4932 beatus
2976 4878 3320 4945 Augustinus,
3354 4894 3409 4933 ut
3437 4878 3621 4936 contra

2059 4949 2157 5004 hos
2194 4953 2284 5003 det
2328 4951 2758 5019 testimonium;
2814 4948 2881 5001 Et
2920 4950 3293 5015 prwdicabitur,
3319 4951 3509 5019 inquit,
3534 4954 3627 5006 hoc

2061 5019 2392 5089 Evangetium
2422 5020 2475 5072 in
2504 5028 2610 5071 tota
2638 5017 2756 5090 orbe
2800 5020 2850 5072 in
2875 5020 3216 5071 testimmium
3242 5017 3470 5075 omnibus
3497 5038 3623 5090 gen-

2061 5088 2219 5153 tibus,
2265 5100 2313 5141 et
2364 5102 2482 5140 tunc
2506 5089 2626 5155 finis
2646 5129 2663 5156 ,
2694 5088 2744 5143 id
2771 5101 2871 5152 εει,
2905 5098 3178 5157 postquam
3208 5092 3433 5144 credent
3463 5088 3626 5158 aliqui

2061 5166 2129 5212 de
2156 5162 2404 5212 omnibus
2432 5159 2681 5227 gentibus
2711 5168 2834 5211 tunc
2858 5160 2958 5214 erit
2982 5160 3099 5211 linis
3120 5162 3322 5216 szeculi.
3350 5162 3464 5213 Non
3497 5175 3627 5222 ergo

2062 5228 2403 5286 blandiantur
2429 5228 2529 5281 sibi
2557 5241 2741 5283 contra
2773 5245 2857 5281 ine
2884 5230 3114 5282 hanedci
3136 5269 3149 5289 ,
3197 5230 3346 5297 quasi
3386 5232 3495 5283 cito
3518 5230 3623 5282 sini

2066 5299 2323 5364 desitina,
2346 5310 2399 5355 et
2430 5314 2535 5351 non
2566 5312 2911 5366 permansura
2941 5315 3106 5364 usque
3141 5300 3191 5350 in
3230 5301 3386 5351 tinem
3418 5302 3623 5353 seculi.

2061 5366 2121 5420 Et
2143 5380 2195 5421 ut
2222 5384 2327 5424 non
2343 5368 2541 5436 possint
2565 5370 2663 5421 Sibi
2683 5369 2931 5431 blandiri,
2952 5384 3014 5421 ne
3030 5382 3225 5421 revoces
3246 5383 3347 5433 me,
3376 5368 3624 5433 Domine,

2058 5438 2111 5507 in
2141 5439 2378 5502 dimidio,
2408 5438 2458 5491 id
2501 5449 2603 5506 est,
2637 5442 2688 5493 in
2720 5438 3119 5507 imperfectione
3170 5436 3357 5507 borum
3401 5439 3618 5492 dierum.

2059 5506 2260 5561 Pertice
2289 5509 2401 5563 dies
2430 5524 2574 5562 meos
2592 5505 2819 5577 exiguos
2840 5550 2856 5572 ,
2890 5505 2947 5561 ut
2974 5508 3184 5560 tandem
3225 5505 3321 5559 des
3352 5509 3479 5560 mihi
3510 5509 3624 5560 dies

2060 5587 2176 5631 tuos
2199 5589 2447 5632 internus.
2485 5580 2549 5630 Et
2578 5592 2763 5632 revera
2805 5578 2977 5641 dabis,
3006 5578 3125 5644 quia
3149 5578 3271 5628 anni
3299 5578 3370 5630 tui
3393 5588 3550 5633 erunt
3572 5579 3624 5631 iu

2057 5650 2380 5717 generatione
2410 5650 2808 5716 geneiatianum,
2844 5648 2976 5699 sient
3010 5647 3172 5713 prius.

2130 5718 2288 5771 Initio
2313 5729 2387 5785 tu,
2414 5719 2646 5774 Domine.
2668 5718 2827 5787 Quasi
2874 5718 3078 5774 diceret
3130 5737 3142 5773 :
3176 5718 3325 5785 Quod
3352 5717 3629 5789 generatio
