  <div class='ocr_page' id='page_1' title='image "/cluster/home/n/w/nwhite01/storage/ocr_20150623/93/hvd.32044052820016/509.png"; bbox 0 0 4026 6200; ppageno 0'>
   <div class='ocr_carea' id='block_1_1' title="bbox 431 522 2075 612">
    <p class='ocr_par' dir='ltr' id='par_1_1' title="bbox 431 522 2075 612">
     <span class='ocr_line' id='line_1_1' title="bbox 431 522 2075 612; baseline -0.011 -24"><span class='ocrx_word' id='word_1_1' title='bbox 431 551 669 612; x_wconf 76' lang='lat' dir='ltr'><strong>tanquam</strong></span> <span class='ocrx_word' id='word_1_2' title='bbox 700 534 794 612; x_wconf 66' lang='lat' dir='ltr'><strong>ﬂos</strong></span> <span class='ocrx_word' id='word_1_3' title='bbox 823 532 966 612; x_wconf 80' lang='lat' dir='ltr'><strong>u_gri._</strong></span> <span class='ocrx_word' id='word_1_4' title='bbox 1000 531 1184 611; x_wconf 78' lang='lat' dir='ltr'><strong>Nullus</strong></span> <span class='ocrx_word' id='word_1_5' title='bbox 1215 530 1351 608; x_wconf 79' lang='lat' dir='ltr'><strong>enim</strong></span> <span class='ocrx_word' id='word_1_6' title='bbox 1394 527 1492 579; x_wconf 83' lang='lat' dir='ltr'><strong>llos</strong></span> <span class='ocrx_word' id='word_1_7' title='bbox 1539 524 1652 596; x_wconf 84' lang='lat' dir='ltr'><strong>agri</strong></span> <span class='ocrx_word' id='word_1_8' title='bbox 1690 532 1993 612; x_wconf 66' lang='lat' dir='ltr'><strong>perennat;</strong></span> <span class='ocrx_word' id='word_1_9' title='bbox 2030 522 2075 580; x_wconf 76' lang='grc' dir='ltr'>Α</span> 
     </span>
    </p>
   </div>
   <div class='ocr_carea' id='block_1_2' title="bbox 428 596 1999 666">
    <p class='ocr_par' dir='ltr' id='par_1_2' title="bbox 428 596 1999 666">
     <span class='ocr_line' id='line_1_2' title="bbox 428 596 1999 666; baseline -0.015 -2"><span class='ocrx_word' id='word_1_10' title='bbox 428 611 507 664; x_wconf 90' lang='lat' dir='ltr'><strong>sic</strong></span> <span class='ocrx_word' id='word_1_11' title='bbox 530 596 938 666; x_wconf 40' lang='lat' dir='ltr'><strong>omnis-dignitas</strong></span> <span class='ocrx_word' id='word_1_12' title='bbox 956 600 1182 654; x_wconf 80' lang='lat' dir='ltr'><strong>hominis</strong></span> <span class='ocrx_word' id='word_1_13' title='bbox 1210 610 1314 651; x_wconf 82' lang='lat' dir='ltr'><strong>tam</strong></span> <span class='ocrx_word' id='word_1_14' title='bbox 1338 598 1387 649; x_wconf 87' lang='lat' dir='ltr'><strong>in</strong></span> <span class='ocrx_word' id='word_1_15' title='bbox 1410 611 1485 659; x_wconf 91' lang='lat' dir='ltr'><strong>se,</strong></span> <span class='ocrx_word' id='word_1_16' title='bbox 1510 610 1666 665; x_wconf 89' lang='lat' dir='ltr'><strong>quam</strong></span> <span class='ocrx_word' id='word_1_17' title='bbox 1690 596 1739 646; x_wconf 86' lang='lat' dir='ltr'><strong>iu</strong></span> <span class='ocrx_word' id='word_1_18' title='bbox 1767 596 1999 646; x_wconf 77' lang='lat' dir='ltr'><strong>exterio-</strong></span> 
     </span>
    </p>
   </div>
   <div class='ocr_carea' id='block_1_3' title="bbox 432 668 1471 735">
    <p class='ocr_par' dir='ltr' id='par_1_3' title="bbox 432 668 1471 735">
     <span class='ocr_line' id='line_1_3' title="bbox 432 668 1471 735; baseline -0.016 0"><span class='ocrx_word' id='word_1_19' title='bbox 432 682 576 735; x_wconf 78' lang='lat' dir='ltr'><strong>rihUs</strong></span> <span class='ocrx_word' id='word_1_20' title='bbox 605 682 724 726; x_wconf 83' lang='lat' dir='ltr'><strong>ante</strong></span> <span class='ocrx_word' id='word_1_21' title='bbox 754 674 926 730; x_wconf 87' lang='lat' dir='ltr'><strong>durat.</strong></span> <span class='ocrx_word' id='word_1_22' title='bbox 958 671 1047 724; x_wconf 73' lang='lat' dir='ltr'><strong>sed</strong></span> <span class='ocrx_word' id='word_1_23' title='bbox 1078 673 1181 721; x_wconf 82' lang='lat' dir='ltr'><strong>cito</strong></span> <span class='ocrx_word' id='word_1_24' title='bbox 1203 668 1471 720; x_wconf 76' lang='lat' dir='ltr'><strong>dilabitur.</strong></span> 
     </span>
    </p>
   </div>
   <div class='ocr_carea' id='block_1_4' title="bbox 504 739 2001 810">
    <p class='ocr_par' dir='ltr' id='par_1_4' title="bbox 504 739 2001 810">
     <span class='ocr_line' id='line_1_4' title="bbox 504 739 2001 810; baseline -0.011 -12"><span class='ocrx_word' id='word_1_25' title='bbox 504 746 756 810; x_wconf 85' lang='lat' dir='ltr'><strong>Quoniam</strong></span> <span class='ocrx_word' id='word_1_26' title='bbox 780 741 1002 807; x_wconf 76' lang='lat' dir='ltr'><strong>spiritus.</strong></span> <span class='ocrx_word' id='word_1_27' title='bbox 1056 740 1187 793; x_wconf 83' lang='lat' dir='ltr'><strong>Vere</strong></span> <span class='ocrx_word' id='word_1_28' title='bbox 1216 739 1375 810; x_wconf 81' lang='lat' dir='ltr'><strong>homo</strong></span> <span class='ocrx_word' id='word_1_29' title='bbox 1407 752 1508 810; x_wconf 82' lang='lat' dir='ltr'><strong>non</strong></span> <span class='ocrx_word' id='word_1_30' title='bbox 1538 742 1835 810; x_wconf 64' lang='lat' dir='ltr'><strong>permanet,</strong></span> <span class='ocrx_word' id='word_1_31' title='bbox 1859 744 2001 810; x_wconf 12' lang='lat' dir='ltr'><strong>quo,-</strong></span> 
     </span>
    </p>
   </div>
   <div class='ocr_carea' id='block_1_5' title="bbox 431 802 2001 878">
    <p class='ocr_par' dir='ltr' id='par_1_5' title="bbox 431 802 2001 878">
     <span class='ocr_line' id='line_1_5' title="bbox 431 802 2001 878; baseline -0.015 -5"><span class='ocrx_word' id='word_1_32' title='bbox 431 802 571 873; x_wconf 38' lang='lat' dir='ltr'><strong>niawm</strong></span> <span class='ocrx_word' id='word_1_33' title='bbox 604 814 727 866; x_wconf 86' lang='lat' dir='ltr'><strong>illud</strong></span> <span class='ocrx_word' id='word_1_34' title='bbox 751 802 887 878; x_wconf 70' lang='lat' dir='ltr'><strong>quod</strong></span> <span class='ocrx_word' id='word_1_35' title='bbox 914 810 1153 863; x_wconf 85' lang='lat' dir='ltr'><strong>stabilius</strong></span> <span class='ocrx_word' id='word_1_36' title='bbox 1184 807 1389 859; x_wconf 90' lang='lat' dir='ltr'><strong>videtur</strong></span> <span class='ocrx_word' id='word_1_37' title='bbox 1418 807 1469 859; x_wconf 91' lang='lat' dir='ltr'><strong>in</strong></span> <span class='ocrx_word' id='word_1_38' title='bbox 1501 819 1585 865; x_wconf 91' lang='lat' dir='ltr'><strong>eo,</strong></span> <span class='ocrx_word' id='word_1_39' title='bbox 1621 802 1871 878; x_wconf 82' lang='lat' dir='ltr'><strong>mutabile</strong></span> <span class='ocrx_word' id='word_1_40' title='bbox 1893 808 2001 878; x_wconf 76' lang='lat' dir='ltr'><strong>est,</strong></span> 
     </span>
    </p>
   </div>
   <div class='ocr_carea' id='block_1_6' title="bbox 425 869 1999 949">
    <p class='ocr_par' dir='ltr' id='par_1_6' title="bbox 425 869 1999 949">
     <span class='ocr_line' id='line_1_6' title="bbox 425 869 1999 949; baseline -0.013 -8"><span class='ocrx_word' id='word_1_41' title='bbox 425 869 553 941; x_wconf 63' lang='lat' dir='ltr'><strong>nam</strong></span> <span class='ocrx_word' id='word_1_42' title='bbox 596 869 827 949; x_wconf 72' lang='lat' dir='ltr'><strong>spiritus,</strong></span> <span class='ocrx_word' id='word_1_43' title='bbox 871 879 959 946; x_wconf 90' lang='lat' dir='ltr'><strong>qui</strong></span> <span class='ocrx_word' id='word_1_44' title='bbox 1010 889 1092 932; x_wconf 91' lang='lat' dir='ltr'><strong>est</strong></span> <span class='ocrx_word' id='word_1_45' title='bbox 1120 878 1170 931; x_wconf 88' lang='lat' dir='ltr'><strong>in</strong></span> <span class='ocrx_word' id='word_1_46' title='bbox 1210 878 1322 942; x_wconf 85' lang='lat' dir='ltr'><strong>illo,</strong></span> <span class='ocrx_word' id='word_1_47' title='bbox 1366 890 1476 949; x_wconf 80' lang='lat' dir='ltr'><strong>non</strong></span> <span class='ocrx_word' id='word_1_48' title='bbox 1516 872 1864 942; x_wconf 78' lang='lat' dir='ltr'><strong>permanebit,</strong></span> <span class='ocrx_word' id='word_1_49' title='bbox 1900 869 1999 949; x_wconf 76' lang='lat' dir='ltr'><strong>sed</strong></span> 
     </span>
    </p>
   </div>
   <div class='ocr_carea' id='block_1_7' title="bbox 420 945 2002 1025">
    <p class='ocr_par' dir='ltr' id='par_1_7' title="bbox 420 945 2002 1025">
     <span class='ocr_line' id='line_1_7' title="bbox 420 945 2002 1025; baseline -0.015 -14"><span class='ocrx_word' id='word_1_50' title='bbox 420 945 778 1025; x_wconf 60' lang='lat' dir='ltr'><strong>pertransibit.</strong></span> <span class='ocrx_word' id='word_1_51' title='bbox 814 945 1103 1016; x_wconf 82' lang='lat' dir='ltr'><strong>Separatur</strong></span> <span class='ocrx_word' id='word_1_52' title='bbox 1130 962 1172 1025; x_wconf 30' lang='lat' dir='ltr'><strong>an</strong></span> <span class='ocrx_word' id='word_1_53' title='bbox 1196 959 1421 1025; x_wconf 72' lang='lat' dir='ltr'><strong>corpore</strong></span> <span class='ocrx_word' id='word_1_54' title='bbox 1465 945 1515 1024; x_wconf 76' lang='lat' dir='ltr'><strong>in</strong></span> <span class='ocrx_word' id='word_1_55' title='bbox 1549 951 1818 1025; x_wconf 36' lang='lat' dir='ltr'><strong>morte,‘et</strong></span> <span class='ocrx_word' id='word_1_56' title='bbox 1844 945 2002 1025; x_wconf 71' lang='lat' dir='ltr'><strong>etiam</strong></span> 
     </span>
    </p>
   </div>
   <div class='ocr_carea' id='block_1_8' title="bbox 427 1013 2000 1083">
    <p class='ocr_par' dir='ltr' id='par_1_8' title="bbox 427 1013 2000 1083">
     <span class='ocr_line' id='line_1_8' title="bbox 427 1013 2000 1083; baseline -0.014 -2"><span class='ocrx_word' id='word_1_57' title='bbox 427 1013 554 1080; x_wconf 49' lang='lat' dir='ltr'><strong>dum</strong></span> <span class='ocrx_word' id='word_1_58' title='bbox 604 1021 665 1074; x_wconf 85' lang='lat' dir='ltr'><strong>in</strong></span> <span class='ocrx_word' id='word_1_59' title='bbox 705 1034 772 1072; x_wconf 87' lang='lat' dir='ltr'><strong>eo</strong></span> <span class='ocrx_word' id='word_1_60' title='bbox 814 1013 902 1072; x_wconf 74' lang='lat' dir='ltr'><strong>est</strong></span> <span class='ocrx_word' id='word_1_61' title='bbox 945 1033 1046 1070; x_wconf 88' lang='lat' dir='ltr'><strong>non</strong></span> <span class='ocrx_word' id='word_1_62' title='bbox 1092 1016 1341 1076; x_wconf 83' lang='lat' dir='ltr'><strong>subsistet,</strong></span> <span class='ocrx_word' id='word_1_63' title='bbox 1389 1014 1511 1083; x_wconf 84' lang='lat' dir='ltr'><strong>quia</strong></span> <span class='ocrx_word' id='word_1_64' title='bbox 1568 1013 1871 1065; x_wconf 75' lang='lat' dir='ltr'><strong>inconstans</strong></span> <span class='ocrx_word' id='word_1_65' title='bbox 1899 1016 2000 1062; x_wconf 88' lang='lat' dir='ltr'><strong>est.</strong></span> 
     </span>
    </p>
   </div>
   <div class='ocr_carea' id='block_1_9' title="bbox 423 1085 2003 1161">
    <p class='ocr_par' dir='ltr' id='par_1_9' title="bbox 423 1085 2003 1161">
     <span class='ocr_line' id='line_1_9' title="bbox 423 1085 2003 1161; baseline -0.013 -12"><span class='ocrx_word' id='word_1_66' title='bbox 423 1094 581 1161; x_wconf 74' lang='lat' dir='ltr'><strong>Sapit</strong></span> <span class='ocrx_word' id='word_1_67' title='bbox 607 1089 776 1152; x_wconf 74' lang='lat' dir='ltr'><strong>enim,</strong></span> <span class='ocrx_word' id='word_1_68' title='bbox 807 1087 1020 1161; x_wconf 83' lang='lat' dir='ltr'><strong>desipit,</strong></span> <span class='ocrx_word' id='word_1_69' title='bbox 1049 1087 1279 1161; x_wconf 72' lang='lat' dir='ltr'><strong>gaudet,</strong></span> <span class='ocrx_word' id='word_1_70' title='bbox 1310 1085 1569 1144; x_wconf 88' lang='lat' dir='ltr'><strong>tristatur.</strong></span> <span class='ocrx_word' id='word_1_71' title='bbox 1602 1091 1656 1135; x_wconf 90' lang='lat' dir='ltr'><strong>et</strong></span> <span class='ocrx_word' id='word_1_72' title='bbox 1678 1090 1871 1161; x_wconf 70' lang='lat' dir='ltr'><strong>caetera</strong></span> <span class='ocrx_word' id='word_1_73' title='bbox 1898 1093 1939 1161; x_wconf 39' lang='lat'><strong>;_.</strong></span> <span class='ocrx_word' id='word_1_74' title='bbox 1958 1086 2003 1130; x_wconf 87' lang='lat' dir='ltr'><strong>et</strong></span> 
     </span>
    </p>
   </div>
   <div class='ocr_carea' id='block_1_10' title="bbox 424 1148 2003 1233">
    <p class='ocr_par' dir='ltr' id='par_1_10' title="bbox 424 1148 2003 1233">
     <span class='ocr_line' id='line_1_10' title="bbox 424 1148 2003 1233; baseline -0.012 -16"><span class='ocrx_word' id='word_1_75' title='bbox 424 1148 540 1218; x_wconf 70' lang='lat' dir='ltr'><strong>sive</strong></span> <span class='ocrx_word' id='word_1_76' title='bbox 566 1148 896 1233; x_wconf 77' lang='lat' dir='ltr'><strong>pertranseat</strong></span> <span class='ocrx_word' id='word_1_77' title='bbox 924 1148 1038 1211; x_wconf 75' lang='lat' dir='ltr'><strong>sive</strong></span> <span class='ocrx_word' id='word_1_78' title='bbox 1052 1148 1268 1233; x_wconf 74' lang='lat' dir='ltr'><strong>labatur</strong></span> <span class='ocrx_word' id='word_1_79' title='bbox 1302 1193 1318 1218; x_wconf 93' lang='lat'><strong>,</strong></span> <span class='ocrx_word' id='word_1_80' title='bbox 1356 1170 1455 1205; x_wconf 87' lang='lat' dir='ltr'><strong>non</strong></span> <span class='ocrx_word' id='word_1_81' title='bbox 1486 1158 1753 1233; x_wconf 77' lang='lat' dir='ltr'><strong>cognoscet</strong></span> <span class='ocrx_word' id='word_1_82' title='bbox 1783 1148 2003 1233; x_wconf 78' lang='lat' dir='ltr'><strong>amplius</strong></span> 
     </span>
    </p>
   </div>
   <div class='ocr_carea' id='block_1_11' title="bbox 432 1218 2003 1304">
    <p class='ocr_par' dir='ltr' id='par_1_11' title="bbox 432 1218 2003 1304">
     <span class='ocr_line' id='line_1_11' title="bbox 432 1218 2003 1304; baseline -0.012 -15"><span class='ocrx_word' id='word_1_83' title='bbox 432 1248 528 1304; x_wconf 83' lang='lat' dir='ltr'><strong>per</strong></span> <span class='ocrx_word' id='word_1_84' title='bbox 548 1218 608 1288; x_wconf 63' lang='lat' dir='ltr'><strong>s&#39;e</strong></span> <span class='ocrx_word' id='word_1_85' title='bbox 634 1228 801 1304; x_wconf 74' lang='lat' dir='ltr'><strong>locum</strong></span> <span class='ocrx_word' id='word_1_86' title='bbox 828 1240 1013 1304; x_wconf 77' lang='lat' dir='ltr'><strong>suum;</strong></span> <span class='ocrx_word' id='word_1_87' title='bbox 1040 1225 1158 1293; x_wconf 86' lang='lat' dir='ltr'><strong>quia</strong></span> <span class='ocrx_word' id='word_1_88' title='bbox 1191 1238 1367 1304; x_wconf 72' lang='lat' dir='ltr'><strong>neque</strong></span> <span class='ocrx_word' id='word_1_89' title='bbox 1389 1232 1505 1292; x_wconf 92' lang='lat' dir='ltr'><strong>post</strong></span> <span class='ocrx_word' id='word_1_90' title='bbox 1536 1218 1757 1304; x_wconf 80' lang='lat' dir='ltr'><strong>mortem</strong></span> <span class='ocrx_word' id='word_1_91' title='bbox 1786 1218 1851 1304; x_wconf 76' lang='lat' dir='ltr'><strong>ad</strong></span> <span class='ocrx_word' id='word_1_92' title='bbox 1880 1232 2003 1304; x_wconf 43' lang='lat' dir='ltr'><strong>cor:</strong></span> 
     </span>
    </p>
   </div>
   <div class='ocr_carea' id='block_1_12' title="bbox 433 1289 2001 1373">
    <p class='ocr_par' dir='ltr' id='par_1_12' title="bbox 433 1289 2001 1373">
     <span class='ocr_line' id='line_1_12' title="bbox 433 1289 2001 1373; baseline -0.011 -18"><span class='ocrx_word' id='word_1_93' title='bbox 433 1289 531 1373; x_wconf 70' lang='lat' dir='ltr'><strong>pus</strong></span> <span class='ocrx_word' id='word_1_94' title='bbox 560 1289 1109 1373; x_wconf 77' lang='lat' dir='ltr'><strong>resuscitandumper</strong></span> <span class='ocrx_word' id='word_1_95' title='bbox 1134 1308 1195 1373; x_wconf 78' lang='lat' dir='ltr'><strong>se</strong></span> <span class='ocrx_word' id='word_1_96' title='bbox 1238 1289 1403 1373; x_wconf 41' lang='lat' dir='ltr'><strong>redit,</strong></span> <span class='ocrx_word' id='word_1_97' title='bbox 1439 1305 1610 1373; x_wconf 76' lang='lat' dir='ltr'><strong>neque</strong></span> <span class='ocrx_word' id='word_1_98' title='bbox 1637 1299 1754 1373; x_wconf 74' lang='lat' dir='ltr'><strong>post</strong></span> <span class='ocrx_word' id='word_1_99' title='bbox 1796 1289 2001 1373; x_wconf 79' lang='lat' dir='ltr'><strong>lapsum</strong></span> 
     </span>
    </p>
   </div>
   <div class='ocr_carea' id='block_1_13' title="bbox 433 1360 1998 1443">
    <p class='ocr_par' dir='ltr' id='par_1_13' title="bbox 433 1360 1998 1443">
     <span class='ocr_line' id='line_1_13' title="bbox 433 1360 1998 1443; baseline -0.012 -16"><span class='ocrx_word' id='word_1_100' title='bbox 433 1360 528 1443; x_wconf 71' lang='lat' dir='ltr'><strong>per</strong></span> <span class='ocrx_word' id='word_1_101' title='bbox 556 1385 615 1443; x_wconf 81' lang='lat' dir='ltr'><strong>se</strong></span> <span class='ocrx_word' id='word_1_102' title='bbox 660 1366 942 1443; x_wconf 76' lang='lat' dir='ltr'><strong>resipiscit,</strong></span> <span class='ocrx_word' id='word_1_103' title='bbox 966 1360 1088 1443; x_wconf 73' lang='lat' dir='ltr'><strong>quia</strong></span> <span class='ocrx_word' id='word_1_104' title='bbox 1118 1365 1184 1418; x_wconf 88' lang='lat' dir='ltr'><strong>de</strong></span> <span class='ocrx_word' id='word_1_105' title='bbox 1214 1363 1297 1415; x_wconf 83' lang='lat' dir='ltr'><strong>via</strong></span> <span class='ocrx_word' id='word_1_106' title='bbox 1333 1361 1619 1443; x_wconf 84' lang='lat' dir='ltr'><strong>iniquitatis</strong></span> <span class='ocrx_word' id='word_1_107' title='bbox 1642 1360 1841 1413; x_wconf 90' lang='lat' dir='ltr'><strong>dictum</strong></span> <span class='ocrx_word' id='word_1_108' title='bbox 1876 1367 1955 1411; x_wconf 90' lang='lat' dir='ltr'><strong>est</strong></span> <span class='ocrx_word' id='word_1_109' title='bbox 1986 1373 1998 1408; x_wconf 95' lang='lat'><strong>:</strong></span> 
     </span>
    </p>
   </div>
   <div class='ocr_carea' id='block_1_14' title="bbox 431 1435 1650 1506">
    <p class='ocr_par' dir='ltr' id='par_1_14' title="bbox 431 1435 1650 1506">
     <span class='ocr_line' id='line_1_14' title="bbox 431 1435 1650 1506; baseline -0.012 -9"><span class='ocrx_word' id='word_1_110' title='bbox 431 1435 618 1498; x_wconf 70' lang='lat' dir='ltr'><strong>Omnis</strong></span> <span class='ocrx_word' id='word_1_111' title='bbox 643 1439 729 1506; x_wconf 87' lang='lat' dir='ltr'><strong>qui</strong></span> <span class='ocrx_word' id='word_1_112' title='bbox 754 1436 985 1489; x_wconf 89' lang='lat' dir='ltr'><strong>ambulat</strong></span> <span class='ocrx_word' id='word_1_113' title='bbox 1012 1435 1062 1487; x_wconf 92' lang='lat' dir='ltr'><strong>in</strong></span> <span class='ocrx_word' id='word_1_114' title='bbox 1091 1448 1173 1506; x_wconf 69' lang='lat' dir='ltr'><strong>ea,</strong></span> <span class='ocrx_word' id='word_1_115' title='bbox 1208 1448 1310 1485; x_wconf 84' lang='lat' dir='ltr'><strong>non</strong></span> <span class='ocrx_word' id='word_1_116' title='bbox 1340 1440 1650 1506; x_wconf 78' lang='lat' dir='ltr'><strong>revertetur.</strong></span> 
     </span>
    </p>
   </div>
   <div class='ocr_carea' id='block_1_15' title="bbox 507 1500 1999 1576">
    <p class='ocr_par' dir='ltr' id='par_1_15' title="bbox 507 1500 1999 1576">
     <span class='ocr_line' id='line_1_15' title="bbox 507 1500 1999 1576; baseline -0.01 -12"><span class='ocrx_word' id='word_1_117' title='bbox 507 1500 859 1564; x_wconf 70' lang='lat' dir='ltr'><strong>Misericordia</strong></span> <span class='ocrx_word' id='word_1_118' title='bbox 880 1514 1068 1576; x_wconf 79' lang='lat' dir='ltr'><strong>autem.</strong></span> <span class='ocrx_word' id='word_1_119' title='bbox 1086 1574 1093 1576; x_wconf 96' lang='lat'><strong>_</strong></span> <span class='ocrx_word' id='word_1_120' title='bbox 1113 1504 1212 1557; x_wconf 83' lang='lat' dir='ltr'><strong>Per</strong></span> <span class='ocrx_word' id='word_1_121' title='bbox 1232 1517 1290 1556; x_wconf 91' lang='lat' dir='ltr'><strong>se</strong></span> <span class='ocrx_word' id='word_1_122' title='bbox 1316 1500 1530 1569; x_wconf 79' lang='lat' dir='ltr'><strong>quidem</strong></span> <span class='ocrx_word' id='word_1_123' title='bbox 1548 1514 1667 1576; x_wconf 66' lang='lat' dir='ltr'><strong>non</strong></span> <span class='ocrx_word' id='word_1_124' title='bbox 1691 1504 1999 1576; x_wconf 76' lang='lat' dir='ltr'><strong>cognoscet,</strong></span> 
     </span>
    </p>
   </div>
   <div class='ocr_carea' id='block_1_16' title="bbox 435 1568 2006 1650">
    <p class='ocr_par' dir='ltr' id='par_1_16' title="bbox 435 1568 2006 1650">
     <span class='ocr_line' id='line_1_16' title="bbox 435 1568 2006 1650; baseline -0.01 -14"><span class='ocrx_word' id='word_1_125' title='bbox 435 1598 530 1650; x_wconf 83' lang='lat' dir='ltr'><strong>per</strong></span> <span class='ocrx_word' id='word_1_126' title='bbox 557 1576 972 1650; x_wconf 81' lang='lat' dir='ltr'><strong>misericordiam</strong></span> <span class='ocrx_word' id='word_1_127' title='bbox 1006 1574 1099 1650; x_wconf 80' lang='lat' dir='ltr'><strong>Dei</strong></span> <span class='ocrx_word' id='word_1_128' title='bbox 1124 1568 1494 1650; x_wconf 66' lang='lat' dir='ltr'><strong>recogitascet.</strong></span> <span class='ocrx_word' id='word_1_129' title='bbox 1548 1571 1681 1650; x_wconf 66' lang='grc' dir='ltr'>ζῖεεε</span> <span class='ocrx_word' id='word_1_130' title='bbox 1711 1568 2006 1650; x_wconf 73' lang='lat' dir='ltr'><strong>largissima</strong></span> 
     </span>
    </p>
   </div>
   <div class='ocr_carea' id='block_1_17' title="bbox 435 1638 2006 1716">
    <p class='ocr_par' dir='ltr' id='par_1_17' title="bbox 435 1638 2006 1716">
     <span class='ocr_line' id='line_1_17' title="bbox 435 1638 2006 1716; baseline -0.011 -10"><span class='ocrx_word' id='word_1_131' title='bbox 435 1638 529 1705; x_wconf 76' lang='lat' dir='ltr'><strong>Dei</strong></span> <span class='ocrx_word' id='word_1_132' title='bbox 552 1645 906 1703; x_wconf 83' lang='lat' dir='ltr'><strong>misericordia</strong></span> <span class='ocrx_word' id='word_1_133' title='bbox 935 1644 1167 1716; x_wconf 78' lang='lat' dir='ltr'><strong>quidem,</strong></span> <span class='ocrx_word' id='word_1_134' title='bbox 1196 1638 1414 1694; x_wconf 76' lang='lat' dir='ltr'><strong>verbum</strong></span> <span class='ocrx_word' id='word_1_135' title='bbox 1446 1639 1573 1716; x_wconf 71' lang='lat' dir='ltr'><strong>illud</strong></span> <span class='ocrx_word' id='word_1_136' title='bbox 1594 1638 1729 1716; x_wconf 71' lang='lat' dir='ltr'><strong>quod</strong></span> <span class='ocrx_word' id='word_1_137' title='bbox 1762 1638 1812 1689; x_wconf 91' lang='lat' dir='ltr'><strong>in</strong></span> <span class='ocrx_word' id='word_1_138' title='bbox 1844 1646 2006 1716; x_wconf 64' lang='lat' dir='ltr'><strong>aeter-</strong></span> 
     </span>
    </p>
   </div>
   <div class='ocr_carea' id='block_1_18' title="bbox 436 1708 2004 1774">
    <p class='ocr_par' dir='ltr' id='par_1_18' title="bbox 436 1708 2004 1774">
     <span class='ocr_line' id='line_1_18' title="bbox 436 1708 2004 1774; baseline -0.01 1"><span class='ocrx_word' id='word_1_139' title='bbox 436 1736 560 1774; x_wconf 89' lang='lat' dir='ltr'><strong>num</strong></span> <span class='ocrx_word' id='word_1_140' title='bbox 594 1726 770 1773; x_wconf 87' lang='lat' dir='ltr'><strong>manet</strong></span> <span class='ocrx_word' id='word_1_141' title='bbox 799 1708 1097 1766; x_wconf 81' lang='lat' dir='ltr'><strong>transitoria</strong></span> <span class='ocrx_word' id='word_1_142' title='bbox 1122 1713 1241 1765; x_wconf 89' lang='lat' dir='ltr'><strong>feno</strong></span> <span class='ocrx_word' id='word_1_143' title='bbox 1271 1721 1452 1763; x_wconf 88' lang='lat' dir='ltr'><strong>nostro</strong></span> <span class='ocrx_word' id='word_1_144' title='bbox 1481 1710 1605 1762; x_wconf 81' lang='lat' dir='ltr'><strong>fecit</strong></span> <span class='ocrx_word' id='word_1_145' title='bbox 1637 1708 1877 1769; x_wconf 87' lang='lat' dir='ltr'><strong>fratrem,</strong></span> <span class='ocrx_word' id='word_1_146' title='bbox 1901 1708 2004 1759; x_wconf 90' lang='lat' dir='ltr'><strong>sci-</strong></span> 
     </span>
    </p>
   </div>
   <div class='ocr_carea' id='block_1_19' title="bbox 442 1776 2004 1845">
    <p class='ocr_par' dir='ltr' id='par_1_19' title="bbox 442 1776 2004 1845">
     <span class='ocr_line' id='line_1_19' title="bbox 442 1776 2004 1845; baseline -0.01 0"><span class='ocrx_word' id='word_1_147' title='bbox 442 1793 564 1845; x_wconf 89' lang='lat' dir='ltr'><strong>licet</strong></span> <span class='ocrx_word' id='word_1_148' title='bbox 591 1788 803 1841; x_wconf 88' lang='lat' dir='ltr'><strong>unicum</strong></span> <span class='ocrx_word' id='word_1_149' title='bbox 843 1784 1006 1834; x_wconf 91' lang='lat' dir='ltr'><strong>lilium</strong></span> <span class='ocrx_word' id='word_1_150' title='bbox 1050 1782 1117 1834; x_wconf 90' lang='lat' dir='ltr'><strong>de</strong></span> <span class='ocrx_word' id='word_1_151' title='bbox 1145 1782 1303 1833; x_wconf 80' lang='lat' dir='ltr'><strong>corde</strong></span> <span class='ocrx_word' id='word_1_152' title='bbox 1355 1780 1523 1832; x_wconf 88' lang='lat' dir='ltr'><strong>Patris</strong></span> <span class='ocrx_word' id='word_1_153' title='bbox 1552 1776 1809 1843; x_wconf 82' lang='lat' dir='ltr'><strong>genitum,</strong></span> <span class='ocrx_word' id='word_1_154' title='bbox 1854 1777 2004 1829; x_wconf 88' lang='lat' dir='ltr'><strong>nobis</strong></span> 
     </span>
    </p>
   </div>
   <div class='ocr_carea' id='block_1_20' title="bbox 437 1845 2082 1930">
    <p class='ocr_par' dir='ltr' id='par_1_20' title="bbox 437 1845 2082 1930">
     <span class='ocr_line' id='line_1_20' title="bbox 437 1845 2082 1930; baseline -0.012 -18"><span class='ocrx_word' id='word_1_155' title='bbox 437 1858 699 1927; x_wconf 81' lang='lat' dir='ltr'><strong>adoptivis</strong></span> <span class='ocrx_word' id='word_1_156' title='bbox 733 1855 872 1930; x_wconf 66' lang='lat' dir='ltr'><strong>fecit</strong></span> <span class='ocrx_word' id='word_1_157' title='bbox 915 1867 1264 1930; x_wconf 72' lang='lat' dir='ltr'><strong>germanum,</strong></span> <span class='ocrx_word' id='word_1_158' title='bbox 1315 1858 1371 1902; x_wconf 89' lang='lat' dir='ltr'><strong>ut</strong></span> <span class='ocrx_word' id='word_1_159' title='bbox 1416 1847 1779 1914; x_wconf 84' lang='lat' dir='ltr'><strong>participando</strong></span> <span class='ocrx_word' id='word_1_160' title='bbox 1815 1845 2002 1930; x_wconf 50' lang='lat' dir='ltr'><strong>fenum</strong></span> <span class='ocrx_word' id='word_1_161' title='bbox 2041 1872 2082 1930; x_wconf 76' lang='grc' dir='ltr'>Β</span> 
     </span>
    </p>
   </div>
   <div class='ocr_carea' id='block_1_21' title="bbox 437 1914 2003 1989">
    <p class='ocr_par' dir='ltr' id='par_1_21' title="bbox 437 1914 2003 1989">
     <span class='ocr_line' id='line_1_21' title="bbox 437 1914 2003 1989; baseline -0.011 -4"><span class='ocrx_word' id='word_1_162' title='bbox 437 1914 696 1989; x_wconf 71' lang='lat' dir='ltr'><strong>nostrum,</strong></span> <span class='ocrx_word' id='word_1_163' title='bbox 728 1914 1036 1976; x_wconf 59' lang='lat' dir='ltr'><strong>facerct&#39;nns</strong></span> <span class='ocrx_word' id='word_1_164' title='bbox 1061 1920 1369 1986; x_wconf 75' lang='lat' dir='ltr'><strong>participare</strong></span> <span class='ocrx_word' id='word_1_165' title='bbox 1399 1932 1581 1989; x_wconf 85' lang='lat' dir='ltr'><strong>aurum</strong></span> <span class='ocrx_word' id='word_1_166' title='bbox 1604 1931 1779 1969; x_wconf 88' lang='lat' dir='ltr'><strong>suum.</strong></span> <span class='ocrx_word' id='word_1_167' title='bbox 1814 1914 2003 1989; x_wconf 61' lang='lat' dir='ltr'><strong>Factus</strong></span> 
     </span>
    </p>
   </div>
   <div class='ocr_carea' id='block_1_22' title="bbox 437 1986 2007 2063">
    <p class='ocr_par' dir='ltr' id='par_1_22' title="bbox 437 1986 2007 2063">
     <span class='ocr_line' id='line_1_22' title="bbox 437 1986 2007 2063; baseline -0.012 -9"><span class='ocrx_word' id='word_1_168' title='bbox 437 2007 520 2053; x_wconf 72' lang='lat' dir='ltr'><strong>eat</strong></span> <span class='ocrx_word' id='word_1_169' title='bbox 549 1986 692 2052; x_wconf 84' lang='lat' dir='ltr'><strong>enim</strong></span> <span class='ocrx_word' id='word_1_170' title='bbox 718 1993 978 2063; x_wconf 85' lang='lat' dir='ltr'><strong>particeps</strong></span> <span class='ocrx_word' id='word_1_171' title='bbox 1005 2000 1201 2063; x_wconf 60' lang='lat' dir='ltr'><strong>no~trre</strong></span> <span class='ocrx_word' id='word_1_172' title='bbox 1232 1987 1581 2063; x_wconf 79' lang='lat' dir='ltr'><strong>mortalitatis,</strong></span> <span class='ocrx_word' id='word_1_173' title='bbox 1615 1996 1669 2063; x_wconf 86' lang='lat' dir='ltr'><strong>ut</strong></span> <span class='ocrx_word' id='word_1_174' title='bbox 1692 2000 1787 2063; x_wconf 71' lang='lat' dir='ltr'><strong>nos</strong></span> <span class='ocrx_word' id='word_1_175' title='bbox 1810 1986 2007 2063; x_wconf 75' lang='lat' dir='ltr'><strong>faceret</strong></span> 
     </span>
    </p>
   </div>
   <div class='ocr_carea' id='block_1_23' title="bbox 436 2053 2007 2139">
    <p class='ocr_par' dir='ltr' id='par_1_23' title="bbox 436 2053 2007 2139">
     <span class='ocr_line' id='line_1_23' title="bbox 436 2053 2007 2139; baseline -0.013 -15"><span class='ocrx_word' id='word_1_176' title='bbox 436 2053 733 2139; x_wconf 41' lang='lat' dir='ltr'><strong>participes.</strong></span> <span class='ocrx_word' id='word_1_177' title='bbox 761 2077 872 2139; x_wconf 76' lang='lat' dir='ltr'><strong>sua:</strong></span> <span class='ocrx_word' id='word_1_178' title='bbox 912 2053 1200 2139; x_wconf 34' lang='lat' dir='ltr'><strong>diviuitatis</strong></span> <span class='ocrx_word' id='word_1_179' title='bbox 1230 2075 1244 2111; x_wconf 86' lang='lat'><strong>:</strong></span> <span class='ocrx_word' id='word_1_180' title='bbox 1296 2055 1898 2139; x_wconf 47' lang='lat' dir='ltr'><strong>hancnmisericordiam,</strong></span> <span class='ocrx_word' id='word_1_181' title='bbox 1923 2122 1932 2139; x_wconf 48' lang='lat'>&#39;</span> 
     </span>
    </p>
   </div>
   <div class='ocr_carea' id='block_1_24' title="bbox 442 2122 2008 2201">
    <p class='ocr_par' dir='ltr' id='par_1_24' title="bbox 442 2122 2008 2201">
     <span class='ocr_line' id='line_1_24' title="bbox 442 2122 2008 2201; baseline -0.01 -8"><span class='ocrx_word' id='word_1_182' title='bbox 442 2122 550 2201; x_wconf 63' lang='lat' dir='ltr'><strong>est,</strong></span> <span class='ocrx_word' id='word_1_183' title='bbox 598 2122 731 2189; x_wconf 73' lang='lat' dir='ltr'><strong>hanc</strong></span> <span class='ocrx_word' id='word_1_184' title='bbox 761 2133 899 2199; x_wconf 84' lang='lat' dir='ltr'><strong>piam</strong></span> <span class='ocrx_word' id='word_1_185' title='bbox 931 2130 1261 2201; x_wconf 81' lang='lat' dir='ltr'><strong>ali‘ectionem</strong></span> <span class='ocrx_word' id='word_1_186' title='bbox 1292 2130 1392 2201; x_wconf 70' lang='lat' dir='ltr'><strong>Dei</strong></span> <span class='ocrx_word' id='word_1_187' title='bbox 1424 2126 1596 2201; x_wconf 75' lang='lat' dir='ltr'><strong>Patris</strong></span> <span class='ocrx_word' id='word_1_188' title='bbox 1625 2140 1749 2201; x_wconf 80' lang='lat' dir='ltr'><strong>erga</strong></span> <span class='ocrx_word' id='word_1_189' title='bbox 1792 2138 1888 2177; x_wconf 92' lang='lat' dir='ltr'><strong>nos</strong></span> <span class='ocrx_word' id='word_1_190' title='bbox 1922 2122 2008 2177; x_wconf 88' lang='lat' dir='ltr'><strong>hic</strong></span> 
     </span>
    </p>
   </div>
   <div class='ocr_carea' id='block_1_25' title="bbox 439 2194 2010 2277">
    <p class='ocr_par' dir='ltr' id='par_1_25' title="bbox 439 2194 2010 2277">
     <span class='ocr_line' id='line_1_25' title="bbox 439 2194 2010 2277; baseline -0.011 -14"><span class='ocrx_word' id='word_1_191' title='bbox 439 2194 628 2277; x_wconf 81' lang='lat' dir='ltr'><strong>accipit</strong></span> <span class='ocrx_word' id='word_1_192' title='bbox 660 2194 867 2277; x_wconf 27' lang='lat' dir='ltr'><strong>et‘dicit</strong></span> <span class='ocrx_word' id='word_1_193' title='bbox 914 2217 943 2277; x_wconf 85' lang='lat'><strong>:_</strong></span> <span class='ocrx_word' id='word_1_194' title='bbox 985 2200 1334 2277; x_wconf 62' lang='lat' dir='ltr'><strong>Misericordia</strong></span> <span class='ocrx_word' id='word_1_195' title='bbox 1367 2197 1570 2277; x_wconf 71' lang='lat' dir='ltr'><strong>Domini</strong></span> <span class='ocrx_word' id='word_1_196' title='bbox 1611 2194 1888 2277; x_wconf 61' lang='lat' dir='ltr'><strong>abieterno</strong></span> <span class='ocrx_word' id='word_1_197' title='bbox 1925 2204 2010 2246; x_wconf 89' lang='lat' dir='ltr'><strong>est</strong></span> 
     </span>
    </p>
   </div>
   <div class='ocr_carea' id='block_1_26' title="bbox 442 2266 2001 2345">
    <p class='ocr_par' dir='ltr' id='par_1_26' title="bbox 442 2266 2001 2345">
     <span class='ocr_line' id='line_1_26' title="bbox 442 2266 2001 2345; baseline -0.01 -16"><span class='ocrx_word' id='word_1_198' title='bbox 442 2266 571 2345; x_wconf 72' lang='lat' dir='ltr'><strong>quia</strong></span> <span class='ocrx_word' id='word_1_199' title='bbox 597 2274 761 2344; x_wconf 83' lang='lat' dir='ltr'><strong>elegit</strong></span> <span class='ocrx_word' id='word_1_200' title='bbox 798 2286 892 2324; x_wconf 89' lang='lat' dir='ltr'><strong>nos</strong></span> <span class='ocrx_word' id='word_1_201' title='bbox 930 2272 982 2345; x_wconf 84' lang='lat' dir='ltr'><strong>in</strong></span> <span class='ocrx_word' id='word_1_202' title='bbox 1014 2272 1123 2336; x_wconf 87' lang='lat' dir='ltr'><strong>ipsa</strong></span> <span class='ocrx_word' id='word_1_203' title='bbox 1164 2280 1283 2323; x_wconf 87' lang='lat' dir='ltr'><strong>ante</strong></span> <span class='ocrx_word' id='word_1_204' title='bbox 1314 2268 1495 2345; x_wconf 67' lang='lat' dir='ltr'><strong>mundi</strong></span> <span class='ocrx_word' id='word_1_205' title='bbox 1525 2266 2001 2345; x_wconf 71' lang='lat' dir='ltr'><strong>constitutionem:</strong></span> 
     </span>
    </p>
   </div>
   <div class='ocr_carea' id='block_1_27' title="bbox 444 2337 2004 2407">
    <p class='ocr_par' dir='ltr' id='par_1_27' title="bbox 444 2337 2004 2407">
     <span class='ocr_line' id='line_1_27' title="bbox 444 2337 2004 2407; baseline -0.012 -5"><span class='ocrx_word' id='word_1_206' title='bbox 444 2337 496 2402; x_wconf 59' lang='lat' dir='ltr'><strong>ut</strong></span> <span class='ocrx_word' id='word_1_207' title='bbox 527 2337 772 2401; x_wconf 64' lang='lat' dir='ltr'><strong>duratura</strong></span> <span class='ocrx_word' id='word_1_208' title='bbox 804 2351 885 2394; x_wconf 86' lang='lat' dir='ltr'><strong>est</strong></span> <span class='ocrx_word' id='word_1_209' title='bbox 925 2343 973 2392; x_wconf 88' lang='lat' dir='ltr'><strong>in</strong></span> <span class='ocrx_word' id='word_1_210' title='bbox 1016 2351 1293 2403; x_wconf 85' lang='lat' dir='ltr'><strong>aternum,</strong></span> <span class='ocrx_word' id='word_1_211' title='bbox 1326 2339 1443 2407; x_wconf 84' lang='lat' dir='ltr'><strong>quia</strong></span> <span class='ocrx_word' id='word_1_212' title='bbox 1476 2337 1627 2390; x_wconf 78' lang='lat' dir='ltr'><strong>faciet</strong></span> <span class='ocrx_word' id='word_1_213' title='bbox 1665 2337 2004 2407; x_wconf 45' lang='lat' dir='ltr'><strong>tiospartlcij</strong></span> 
     </span>
    </p>
   </div>
   <div class='ocr_carea' id='block_1_28' title="bbox 444 2402 2006 2484">
    <p class='ocr_par' dir='ltr' id='par_1_28' title="bbox 444 2402 2006 2484">
     <span class='ocr_line' id='line_1_28' title="bbox 444 2402 2006 2484; baseline -0.011 -12"><span class='ocrx_word' id='word_1_214' title='bbox 444 2434 569 2484; x_wconf 87' lang='lat' dir='ltr'><strong>pare</strong></span> <span class='ocrx_word' id='word_1_215' title='bbox 596 2429 781 2469; x_wconf 88' lang='lat' dir='ltr'><strong>aurum</strong></span> <span class='ocrx_word' id='word_1_216' title='bbox 809 2427 983 2484; x_wconf 86' lang='lat' dir='ltr'><strong>suum,</strong></span> <span class='ocrx_word' id='word_1_217' title='bbox 1016 2412 1117 2463; x_wconf 87' lang='lat' dir='ltr'><strong>erit</strong></span> <span class='ocrx_word' id='word_1_218' title='bbox 1139 2408 1256 2463; x_wconf 88' lang='lat' dir='ltr'><strong>dico</strong></span> <span class='ocrx_word' id='word_1_219' title='bbox 1280 2402 1381 2484; x_wconf 71' lang='lat' dir='ltr'><strong>non</strong></span> <span class='ocrx_word' id='word_1_220' title='bbox 1410 2421 1569 2484; x_wconf 78' lang='lat' dir='ltr'><strong>super</strong></span> <span class='ocrx_word' id='word_1_221' title='bbox 1597 2403 1883 2484; x_wconf 82' lang='lat' dir='ltr'><strong>quoslibet,</strong></span> <span class='ocrx_word' id='word_1_222' title='bbox 1911 2402 2006 2484; x_wconf 86' lang='lat' dir='ltr'><strong>sed</strong></span> 
     </span>
    </p>
   </div>
   <div class='ocr_carea' id='block_1_29' title="bbox 445 2477 2009 2553">
    <p class='ocr_par' dir='ltr' id='par_1_29' title="bbox 445 2477 2009 2553">
     <span class='ocr_line' id='line_1_29' title="bbox 445 2477 2009 2553; baseline -0.01 -13"><span class='ocrx_word' id='word_1_223' title='bbox 445 2477 641 2540; x_wconf 79' lang='lat' dir='ltr'><strong>tantum</strong></span> <span class='ocrx_word' id='word_1_224' title='bbox 681 2502 733 2537; x_wconf 69' lang='grc' dir='ltr'>εις</span> <span class='ocrx_word' id='word_1_225' title='bbox 745 2498 830 2548; x_wconf 83' lang='lat' dir='ltr'><strong>per</strong></span> <span class='ocrx_word' id='word_1_226' title='bbox 857 2482 1085 2533; x_wconf 75' lang='lat' dir='ltr'><strong>timentes</strong></span> <span class='ocrx_word' id='word_1_227' title='bbox 1114 2495 1250 2533; x_wconf 87' lang='lat' dir='ltr'><strong>eum.</strong></span> <span class='ocrx_word' id='word_1_228' title='bbox 1299 2477 1730 2553; x_wconf 27' lang='lat' dir='ltr'><strong>liaude‘anthergo</strong></span> <span class='ocrx_word' id='word_1_229' title='bbox 1759 2477 2009 2553; x_wconf 75' lang='lat' dir='ltr'><strong>timentes</strong></span> 
     </span>
    </p>
   </div>
   <div class='ocr_carea' id='block_1_30' title="bbox 448 2545 2010 2623">
    <p class='ocr_par' dir='ltr' id='par_1_30' title="bbox 448 2545 2010 2623">
     <span class='ocr_line' id='line_1_30' title="bbox 448 2545 2010 2623; baseline -0.01 -13"><span class='ocrx_word' id='word_1_230' title='bbox 448 2574 591 2623; x_wconf 78' lang='lat' dir='ltr'><strong>eum,</strong></span> <span class='ocrx_word' id='word_1_231' title='bbox 639 2545 758 2622; x_wconf 83' lang='lat' dir='ltr'><strong>quia</strong></span> <span class='ocrx_word' id='word_1_232' title='bbox 805 2565 965 2623; x_wconf 71' lang='lat' dir='ltr'><strong>super</strong></span> <span class='ocrx_word' id='word_1_233' title='bbox 1012 2563 1106 2603; x_wconf 88' lang='lat' dir='ltr'><strong>eos</strong></span> <span class='ocrx_word' id='word_1_234' title='bbox 1157 2548 1523 2623; x_wconf 65' lang='lat' dir='ltr'><strong>m‘sericordia</strong></span> <span class='ocrx_word' id='word_1_235' title='bbox 1579 2545 1780 2623; x_wconf 79' lang='lat' dir='ltr'><strong>Domini</strong></span> <span class='ocrx_word' id='word_1_236' title='bbox 1827 2545 1928 2594; x_wconf 89' lang='lat' dir='ltr'><strong>erit</strong></span> <span class='ocrx_word' id='word_1_237' title='bbox 1958 2545 2010 2595; x_wconf 91' lang='lat' dir='ltr'><strong>in</strong></span> 
     </span>
    </p>
   </div>
   <div class='ocr_carea' id='block_1_31' title="bbox 447 2619 2006 2687">
    <p class='ocr_par' dir='ltr' id='par_1_31' title="bbox 447 2619 2006 2687">
     <span class='ocr_line' id='line_1_31' title="bbox 447 2619 2006 2687; baseline -0.011 -6"><span class='ocrx_word' id='word_1_238' title='bbox 447 2619 702 2681; x_wconf 69' lang='lat' dir='ltr'><strong>internum</strong></span> <span class='ocrx_word' id='word_1_239' title='bbox 745 2638 758 2673; x_wconf 86' lang='lat'><strong>:</strong></span> <span class='ocrx_word' id='word_1_240' title='bbox 797 2621 883 2687; x_wconf 90' lang='lat' dir='ltr'><strong>qui</strong></span> <span class='ocrx_word' id='word_1_241' title='bbox 915 2628 1089 2671; x_wconf 87' lang='lat' dir='ltr'><strong>autem</strong></span> <span class='ocrx_word' id='word_1_242' title='bbox 1119 2632 1221 2687; x_wconf 86' lang='lat' dir='ltr'><strong>non</strong></span> <span class='ocrx_word' id='word_1_243' title='bbox 1244 2619 1436 2687; x_wconf 89' lang='lat' dir='ltr'><strong>timent</strong></span> <span class='ocrx_word' id='word_1_244' title='bbox 1464 2629 1585 2669; x_wconf 91' lang='lat' dir='ltr'><strong>eum</strong></span> <span class='ocrx_word' id='word_1_245' title='bbox 1608 2653 1621 2675; x_wconf 89' lang='lat'><strong>,</strong></span> <span class='ocrx_word' id='word_1_246' title='bbox 1652 2619 1823 2680; x_wconf 86' lang='lat' dir='ltr'><strong>potius</strong></span> <span class='ocrx_word' id='word_1_247' title='bbox 1850 2626 2006 2687; x_wconf 82' lang='lat' dir='ltr'><strong>quam</strong></span> 
     </span>
    </p>
   </div>
   <div class='ocr_carea' id='block_1_32' title="bbox 444 2682 2011 2767">
    <p class='ocr_par' dir='ltr' id='par_1_32' title="bbox 444 2682 2011 2767">
     <span class='ocr_line' id='line_1_32' title="bbox 444 2682 2011 2767; baseline -0.012 -17"><span class='ocrx_word' id='word_1_248' title='bbox 444 2699 708 2767; x_wconf 80' lang='lat' dir='ltr'><strong>gaudeant</strong></span> <span class='ocrx_word' id='word_1_249' title='bbox 736 2682 1026 2752; x_wconf 78' lang='lat' dir='ltr'><strong>tristentnr,</strong></span> <span class='ocrx_word' id='word_1_250' title='bbox 1079 2686 1201 2767; x_wconf 77' lang='lat' dir='ltr'><strong>quia</strong></span> <span class='ocrx_word' id='word_1_251' title='bbox 1237 2686 1413 2738; x_wconf 87' lang='lat' dir='ltr'><strong>fenum</strong></span> <span class='ocrx_word' id='word_1_252' title='bbox 1440 2693 1611 2748; x_wconf 87' lang='lat' dir='ltr'><strong>erunt,</strong></span> <span class='ocrx_word' id='word_1_253' title='bbox 1663 2690 1717 2736; x_wconf 90' lang='lat' dir='ltr'><strong>et</strong></span> <span class='ocrx_word' id='word_1_254' title='bbox 1739 2682 2011 2767; x_wconf 58' lang='lat' dir='ltr'><strong>ctimleiio</strong></span> 
     </span>
    </p>
   </div>
   <div class='ocr_carea' id='block_1_33' title="bbox 444 2752 2010 2824">
    <p class='ocr_par' dir='ltr' id='par_1_33' title="bbox 444 2752 2010 2824">
     <span class='ocr_line' id='line_1_33' title="bbox 444 2752 2010 2824; baseline -0.01 -5"><span class='ocrx_word' id='word_1_255' title='bbox 444 2752 601 2824; x_wconf 60' lang='lat' dir='ltr'><strong>Erunt</strong></span> <span class='ocrx_word' id='word_1_256' title='bbox 644 2765 693 2816; x_wconf 90' lang='lat' dir='ltr'><strong>in</strong></span> <span class='ocrx_word' id='word_1_257' title='bbox 745 2768 1002 2813; x_wconf 83' lang='lat' dir='ltr'><strong>tormenta</strong></span> <span class='ocrx_word' id='word_1_258' title='bbox 1038 2775 1049 2809; x_wconf 88' lang='lat'><strong>:</strong></span> <span class='ocrx_word' id='word_1_259' title='bbox 1081 2752 1203 2823; x_wconf 80' lang='lat' dir='ltr'><strong>quia</strong></span> <span class='ocrx_word' id='word_1_260' title='bbox 1236 2771 1360 2809; x_wconf 87' lang='lat' dir='ltr'><strong>caro</strong></span> <span class='ocrx_word' id='word_1_261' title='bbox 1388 2770 1568 2809; x_wconf 83' lang='lat' dir='ltr'><strong>eorum</strong></span> <span class='ocrx_word' id='word_1_262' title='bbox 1608 2752 2010 2807; x_wconf 87' lang='lat' dir='ltr'><strong>resuscitabitur</strong></span> 
     </span>
    </p>
   </div>
   <div class='ocr_carea' id='block_1_34' title="bbox 445 2828 1268 2896">
    <p class='ocr_par' dir='ltr' id='par_1_34' title="bbox 445 2828 1268 2896">
     <span class='ocr_line' id='line_1_34' title="bbox 445 2828 1268 2896; baseline -0.017 -4"><span class='ocrx_word' id='word_1_263' title='bbox 445 2841 512 2891; x_wconf 89' lang='lat' dir='ltr'><strong>ad</strong></span> <span class='ocrx_word' id='word_1_264' title='bbox 542 2846 772 2896; x_wconf 71' lang='lat' dir='ltr'><strong>plenam,</strong></span> <span class='ocrx_word' id='word_1_265' title='bbox 805 2843 908 2882; x_wconf 90' lang='lat' dir='ltr'><strong>non</strong></span> <span class='ocrx_word' id='word_1_266' title='bbox 935 2829 999 2881; x_wconf 89' lang='lat' dir='ltr'><strong>ad</strong></span> <span class='ocrx_word' id='word_1_267' title='bbox 1031 2828 1268 2896; x_wconf 84' lang='lat' dir='ltr'><strong>gloriam.</strong></span> 
     </span>
    </p>
   </div>
   <div class='ocr_carea' id='block_1_35' title="bbox 567 2893 2008 2973">
    <p class='ocr_par' dir='ltr' id='par_1_35' title="bbox 567 2893 2008 2973">
     <span class='ocr_line' id='line_1_35' title="bbox 567 2893 2008 2973; baseline -0.01 -14"><span class='ocrx_word' id='word_1_268' title='bbox 567 2915 585 2958; x_wconf 86' lang='lat' dir='ltr'><strong>t</strong></span> <span class='ocrx_word' id='word_1_269' title='bbox 621 2902 822 2973; x_wconf 77' lang='lat' dir='ltr'><strong>justitia</strong></span> <span class='ocrx_word' id='word_1_270' title='bbox 870 2893 1051 2951; x_wconf 55' lang='lat' dir='ltr'><strong>ittinsf</strong></span> <span class='ocrx_word' id='word_1_271' title='bbox 1086 2896 1200 2973; x_wconf 66' lang='lat' dir='ltr'><strong>Filii</strong></span> <span class='ocrx_word' id='word_1_272' title='bbox 1255 2895 1438 2973; x_wconf 64' lang='lat' dir='ltr'><strong>nostri,</strong></span> <span class='ocrx_word' id='word_1_273' title='bbox 1495 2901 1619 2948; x_wconf 85' lang='lat' dir='ltr'><strong>sunt</strong></span> <span class='ocrx_word' id='word_1_274' title='bbox 1667 2893 1801 2947; x_wconf 88' lang='lat' dir='ltr'><strong>bona</strong></span> <span class='ocrx_word' id='word_1_275' title='bbox 1844 2905 2008 2973; x_wconf 71' lang='lat' dir='ltr'><strong>opera</strong></span> 
     </span>
    </p>
   </div>
   <div class='ocr_carea' id='block_1_36' title="bbox 446 2964 2008 3033">
    <p class='ocr_par' dir='ltr' id='par_1_36' title="bbox 446 2964 2008 3033">
     <span class='ocr_line' id='line_1_36' title="bbox 446 2964 2008 3033; baseline -0.012 0"><span class='ocrx_word' id='word_1_276' title='bbox 446 2964 638 3033; x_wconf 72' lang='lat' dir='ltr'><strong>nostra</strong></span> <span class='ocrx_word' id='word_1_277' title='bbox 685 2989 698 3025; x_wconf 89' lang='lat'><strong>:</strong></span> <span class='ocrx_word' id='word_1_278' title='bbox 755 2970 844 3022; x_wconf 83' lang='lat' dir='ltr'><strong>lilii</strong></span> <span class='ocrx_word' id='word_1_279' title='bbox 890 2974 1062 3019; x_wconf 81' lang='lat' dir='ltr'><strong>autem</strong></span> <span class='ocrx_word' id='word_1_280' title='bbox 1097 2966 1280 3017; x_wconf 84' lang='lat' dir='ltr'><strong>horum</strong></span> <span class='ocrx_word' id='word_1_281' title='bbox 1313 2966 1572 3027; x_wconf 87' lang='lat' dir='ltr'><strong>filiorum,</strong></span> <span class='ocrx_word' id='word_1_282' title='bbox 1611 2973 1692 3017; x_wconf 89' lang='lat' dir='ltr'><strong>est</strong></span> <span class='ocrx_word' id='word_1_283' title='bbox 1731 2964 2008 3033; x_wconf 83' lang='lat' dir='ltr'><strong>retributio</strong></span> 
     </span>
    </p>
   </div>
   <div class='ocr_carea' id='block_1_37' title="bbox 448 3030 2007 3104">
    <p class='ocr_par' dir='ltr' id='par_1_37' title="bbox 448 3030 2007 3104">
     <span class='ocr_line' id='line_1_37' title="bbox 448 3030 2007 3104; baseline -0.012 -2"><span class='ocrx_word' id='word_1_284' title='bbox 448 3030 709 3102; x_wconf 72' lang='lat' dir='ltr'><strong>bonorum</strong></span> <span class='ocrx_word' id='word_1_285' title='bbox 739 3053 975 3104; x_wconf 76' lang='lat' dir='ltr'><strong>cperunt.</strong></span> <span class='ocrx_word' id='word_1_286' title='bbox 1005 3035 1069 3089; x_wconf 87' lang='lat' dir='ltr'><strong>Et</strong></span> <span class='ocrx_word' id='word_1_287' title='bbox 1083 3034 1353 3087; x_wconf 88' lang='lat' dir='ltr'><strong>estdicere</strong></span> <span class='ocrx_word' id='word_1_288' title='bbox 1382 3052 1393 3085; x_wconf 92' lang='lat'>:</span> <span class='ocrx_word' id='word_1_289' title='bbox 1422 3033 1773 3104; x_wconf 80' lang='lat' dir='ltr'><strong>Misericordia</strong></span> <span class='ocrx_word' id='word_1_290' title='bbox 1797 3030 2007 3104; x_wconf 84' lang='lat' dir='ltr'><strong>quidem</strong></span> 
     </span>
    </p>
   </div>
   <div class='ocr_carea' id='block_1_38' title="bbox 451 3102 2007 3173">
    <p class='ocr_par' dir='ltr' id='par_1_38' title="bbox 451 3102 2007 3173">
     <span class='ocr_line' id='line_1_38' title="bbox 451 3102 2007 3173; baseline -0.013 -1"><span class='ocrx_word' id='word_1_291' title='bbox 451 3111 730 3172; x_wconf 82' lang='lat' dir='ltr'><strong>Dominiab</strong></span> <span class='ocrx_word' id='word_1_292' title='bbox 744 3102 928 3162; x_wconf 59' lang='lat' dir='ltr'><strong>aeterno</strong></span> <span class='ocrx_word' id='word_1_293' title='bbox 948 3116 989 3157; x_wconf 71' lang='lat' dir='ltr'><strong>vt</strong></span> <span class='ocrx_word' id='word_1_294' title='bbox 1016 3120 1169 3173; x_wconf 83' lang='lat' dir='ltr'><strong>usque</strong></span> <span class='ocrx_word' id='word_1_295' title='bbox 1189 3104 1240 3157; x_wconf 89' lang='lat' dir='ltr'><strong>in</strong></span> <span class='ocrx_word' id='word_1_296' title='bbox 1259 3113 1519 3166; x_wconf 66' lang='lat' dir='ltr'><strong>internum,</strong></span> <span class='ocrx_word' id='word_1_297' title='bbox 1539 3116 1592 3156; x_wconf 90' lang='lat' dir='ltr'><strong>et</strong></span> <span class='ocrx_word' id='word_1_298' title='bbox 1623 3118 1720 3171; x_wconf 90' lang='lat' dir='ltr'><strong>per</strong></span> <span class='ocrx_word' id='word_1_299' title='bbox 1743 3102 1875 3173; x_wconf 77' lang='lat' dir='ltr'><strong>hanc</strong></span> <span class='ocrx_word' id='word_1_300' title='bbox 1905 3103 2007 3153; x_wconf 92' lang='lat' dir='ltr'><strong>mi-</strong></span> 
     </span>
    </p>
   </div>
   <div class='ocr_carea' id='block_1_39' title="bbox 454 3170 2004 3248">
    <p class='ocr_par' dir='ltr' id='par_1_39' title="bbox 454 3170 2004 3248">
     <span class='ocr_line' id='line_1_39' title="bbox 454 3170 2004 3248; baseline -0.012 -7"><span class='ocrx_word' id='word_1_301' title='bbox 454 3170 795 3241; x_wconf 71' lang='lat' dir='ltr'><strong>ser’cordiam</strong></span> <span class='ocrx_word' id='word_1_302' title='bbox 844 3178 1050 3248; x_wconf 83' lang='lat' dir='ltr'><strong>justilia</strong></span> <span class='ocrx_word' id='word_1_303' title='bbox 1077 3170 1255 3248; x_wconf 51' lang='lat' dir='ltr'><strong>illius,</strong></span> <span class='ocrx_word' id='word_1_304' title='bbox 1291 3175 1469 3248; x_wconf 81' lang='lat' dir='ltr'><strong>idest</strong></span> <span class='ocrx_word' id='word_1_305' title='bbox 1511 3173 1710 3248; x_wconf 87' lang='lat' dir='ltr'><strong>justum</strong></span> <span class='ocrx_word' id='word_1_306' title='bbox 1750 3170 2004 3248; x_wconf 82' lang='lat' dir='ltr'><strong>judicium</strong></span> 
     </span>
    </p>
   </div>
   <div class='ocr_carea' id='block_1_40' title="bbox 454 3242 2006 3313">
    <p class='ocr_par' dir='ltr' id='par_1_40' title="bbox 454 3242 2006 3313">
     <span class='ocr_line' id='line_1_40' title="bbox 454 3242 2006 3313; baseline -0.008 -4"><span class='ocrx_word' id='word_1_307' title='bbox 454 3252 661 3309; x_wconf 85' lang='lat' dir='ltr'><strong>Domini</strong></span> <span class='ocrx_word' id='word_1_308' title='bbox 691 3251 789 3302; x_wconf 87' lang='lat' dir='ltr'><strong>erit</strong></span> <span class='ocrx_word' id='word_1_309' title='bbox 812 3242 863 3299; x_wconf 77' lang='lat' dir='ltr'><strong>in</strong></span> <span class='ocrx_word' id='word_1_310' title='bbox 893 3247 1027 3313; x_wconf 78' lang='lat' dir='ltr'><strong>ﬁlios</strong></span> <span class='ocrx_word' id='word_1_311' title='bbox 1057 3245 1278 3312; x_wconf 81' lang='lat' dir='ltr'><strong>filiorum</strong></span> <span class='ocrx_word' id='word_1_312' title='bbox 1304 3284 1318 3307; x_wconf 88' lang='lat'><strong>,</strong></span> <span class='ocrx_word' id='word_1_313' title='bbox 1352 3243 1400 3295; x_wconf 90' lang='lat' dir='ltr'><strong>id</strong></span> <span class='ocrx_word' id='word_1_314' title='bbox 1431 3252 1512 3296; x_wconf 68' lang='lat' dir='ltr'><strong>est</strong></span> <span class='ocrx_word' id='word_1_315' title='bbox 1542 3244 1591 3295; x_wconf 93' lang='lat' dir='ltr'><strong>in</strong></span> <span class='ocrx_word' id='word_1_316' title='bbox 1623 3242 2006 3296; x_wconf 85' lang='lat' dir='ltr'><strong>remuneratio-</strong></span> 
     </span>
    </p>
   </div>
   <div class='ocr_carea' id='block_1_41' title="bbox 453 3313 2010 3383">
    <p class='ocr_par' dir='ltr' id='par_1_41' title="bbox 453 3313 2010 3383">
     <span class='ocr_line' id='line_1_41' title="bbox 453 3313 2010 3383; baseline -0.011 -4"><span class='ocrx_word' id='word_1_317' title='bbox 453 3340 575 3379; x_wconf 68' lang='lat' dir='ltr'><strong>nem</strong></span> <span class='ocrx_word' id='word_1_318' title='bbox 620 3324 873 3374; x_wconf 87' lang='lat' dir='ltr'><strong>bonorum</strong></span> <span class='ocrx_word' id='word_1_319' title='bbox 926 3330 1165 3383; x_wconf 87' lang='lat' dir='ltr'><strong>operum.</strong></span> <span class='ocrx_word' id='word_1_320' title='bbox 1219 3315 1282 3366; x_wconf 81' lang='lat' dir='ltr'><strong>Et</strong></span> <span class='ocrx_word' id='word_1_321' title='bbox 1328 3315 1425 3366; x_wconf 88' lang='lat' dir='ltr'><strong>hoc</strong></span> <span class='ocrx_word' id='word_1_322' title='bbox 1451 3327 1552 3365; x_wconf 87' lang='lat' dir='ltr'><strong>non</strong></span> <span class='ocrx_word' id='word_1_323' title='bbox 1592 3313 2010 3381; x_wconf 79' lang='lat' dir='ltr'><strong>quilmscunque,</strong></span> 
     </span>
    </p>
   </div>
   <div class='ocr_carea' id='block_1_42' title="bbox 450 3382 2011 3458">
    <p class='ocr_par' dir='ltr' id='par_1_42' title="bbox 450 3382 2011 3458">
     <span class='ocr_line' id='line_1_42' title="bbox 450 3382 2011 3458; baseline -0.01 -9"><span class='ocrx_word' id='word_1_324' title='bbox 450 3395 545 3449; x_wconf 85' lang='lat' dir='ltr'><strong>sed</strong></span> <span class='ocrx_word' id='word_1_325' title='bbox 575 3393 650 3445; x_wconf 87' lang='lat' dir='ltr'><strong>Itis</strong></span> <span class='ocrx_word' id='word_1_326' title='bbox 676 3390 760 3458; x_wconf 83' lang='lat' dir='ltr'><strong>qui</strong></span> <span class='ocrx_word' id='word_1_327' title='bbox 785 3382 979 3439; x_wconf 78' lang='lat' dir='ltr'><strong>servant</strong></span> <span class='ocrx_word' id='word_1_328' title='bbox 1006 3386 1104 3458; x_wconf 78' lang='lat' dir='ltr'><strong>sibi</strong></span> <span class='ocrx_word' id='word_1_329' title='bbox 1136 3386 1268 3458; x_wconf 76' lang='lat' dir='ltr'><strong>bene</strong></span> <span class='ocrx_word' id='word_1_330' title='bbox 1290 3382 1491 3458; x_wconf 66' lang='lat' dir='ltr'><strong>agendo</strong></span> <span class='ocrx_word' id='word_1_331' title='bbox 1518 3383 2011 3458; x_wconf 71' lang='lat' dir='ltr'><strong>testamentumejus,</strong></span> 
     </span>
    </p>
   </div>
   <div class='ocr_carea' id='block_1_43' title="bbox 450 3453 2015 3521">
    <p class='ocr_par' dir='ltr' id='par_1_43' title="bbox 450 3453 2015 3521">
     <span class='ocr_line' id='line_1_43' title="bbox 450 3453 2015 3521; baseline -0.008 -3"><span class='ocrx_word' id='word_1_332' title='bbox 450 3465 507 3519; x_wconf 87' lang='lat' dir='ltr'><strong>id</strong></span> <span class='ocrx_word' id='word_1_333' title='bbox 539 3471 620 3516; x_wconf 82' lang='lat' dir='ltr'><strong>est</strong></span> <span class='ocrx_word' id='word_1_334' title='bbox 651 3453 1014 3512; x_wconf 73' lang='lat' dir='ltr'><strong>hazrcditatem</strong></span> <span class='ocrx_word' id='word_1_335' title='bbox 1060 3456 1125 3506; x_wconf 90' lang='lat' dir='ltr'><strong>ab</strong></span> <span class='ocrx_word' id='word_1_336' title='bbox 1163 3455 1280 3521; x_wconf 90' lang='lat' dir='ltr'><strong>ipso</strong></span> <span class='ocrx_word' id='word_1_337' title='bbox 1314 3456 1640 3520; x_wconf 82' lang='lat' dir='ltr'><strong>promissam.</strong></span> <span class='ocrx_word' id='word_1_338' title='bbox 1693 3455 1755 3503; x_wconf 68' lang='lat' dir='ltr'><strong>Et</strong></span> <span class='ocrx_word' id='word_1_339' title='bbox 1792 3453 1877 3518; x_wconf 88' lang='lat' dir='ltr'><strong>qui</strong></span> <span class='ocrx_word' id='word_1_340' title='bbox 1910 3463 2015 3505; x_wconf 87' lang='lat' dir='ltr'><strong>snit</strong></span> 
     </span>
    </p>
   </div>
   <div class='ocr_carea' id='block_1_44' title="bbox 452 3522 2011 3597">
    <p class='ocr_par' dir='ltr' id='par_1_44' title="bbox 452 3522 2011 3597">
     <span class='ocr_line' id='line_1_44' title="bbox 452 3522 2011 3597; baseline -0.01 -9"><span class='ocrx_word' id='word_1_341' title='bbox 452 3534 547 3596; x_wconf 83' lang='lat' dir='ltr'><strong>illi,</strong></span> <span class='ocrx_word' id='word_1_342' title='bbox 583 3530 796 3597; x_wconf 79' lang='lat' dir='ltr'><strong>exponit</strong></span> <span class='ocrx_word' id='word_1_343' title='bbox 825 3529 1004 3579; x_wconf 86' lang='lat' dir='ltr'><strong>dicens</strong></span> <span class='ocrx_word' id='word_1_344' title='bbox 1057 3542 1087 3597; x_wconf 84' lang='lat'><strong>:_</strong></span> <span class='ocrx_word' id='word_1_345' title='bbox 1122 3522 1185 3575; x_wconf 83' lang='lat' dir='ltr'><strong>Et</strong></span> <span class='ocrx_word' id='word_1_346' title='bbox 1214 3539 1458 3575; x_wconf 77' lang='lat' dir='ltr'><strong>memores</strong></span> <span class='ocrx_word' id='word_1_347' title='bbox 1503 3533 1618 3574; x_wconf 86' lang='lat' dir='ltr'><strong>sunt</strong></span> <span class='ocrx_word' id='word_1_348' title='bbox 1658 3524 2011 3597; x_wconf 78' lang='lat' dir='ltr'><strong>mandatorum</strong></span> 
     </span>
    </p>
   </div>
   <div class='ocr_carea' id='block_1_45' title="bbox 451 3594 2010 3673">
    <p class='ocr_par' dir='ltr' id='par_1_45' title="bbox 451 3594 2010 3673">
     <span class='ocr_line' id='line_1_45' title="bbox 451 3594 2010 3673; baseline -0.006 -18"><span class='ocrx_word' id='word_1_349' title='bbox 451 3594 586 3673; x_wconf 83' lang='lat' dir='ltr'><strong>ejus,</strong></span> <span class='ocrx_word' id='word_1_350' title='bbox 618 3594 735 3669; x_wconf 75' lang='lat' dir='ltr'><strong>qua:</strong></span> <span class='ocrx_word' id='word_1_351' title='bbox 764 3597 842 3650; x_wconf 84' lang='lat' dir='ltr'><strong>via</strong></span> <span class='ocrx_word' id='word_1_352' title='bbox 866 3594 1096 3673; x_wconf 38' lang='lat' dir='ltr'><strong>sunt-ad.</strong></span> <span class='ocrx_word' id='word_1_353' title='bbox 1136 3602 1506 3673; x_wconf 72' lang='lat' dir='ltr'><strong>testamentum</strong></span> <span class='ocrx_word' id='word_1_354' title='bbox 1527 3634 1541 3655; x_wconf 90' lang='lat'><strong>,</strong></span> <span class='ocrx_word' id='word_1_355' title='bbox 1573 3607 1676 3645; x_wconf 91' lang='lat' dir='ltr'><strong>non</strong></span> <span class='ocrx_word' id='word_1_356' title='bbox 1711 3602 1926 3673; x_wconf 76' lang='lat' dir='ltr'><strong>tantum</strong></span> <span class='ocrx_word' id='word_1_357' title='bbox 1947 3594 2010 3645; x_wconf 86' lang='lat' dir='ltr'><strong>ad</strong></span> 
     </span>
    </p>
   </div>
   <div class='ocr_carea' id='block_1_46' title="bbox 453 3662 2009 3732">
    <p class='ocr_par' dir='ltr' id='par_1_46' title="bbox 453 3662 2009 3732">
     <span class='ocr_line' id='line_1_46' title="bbox 453 3662 2009 3732; baseline -0.009 -5"><span class='ocrx_word' id='word_1_358' title='bbox 453 3662 722 3727; x_wconf 54' lang='lat' dir='ltr'><strong>s&#39;ciendiim</strong></span> <span class='ocrx_word' id='word_1_359' title='bbox 743 3710 755 3732; x_wconf 91' lang='lat'><strong>,</strong></span> <span class='ocrx_word' id='word_1_360' title='bbox 788 3665 879 3719; x_wconf 88' lang='lat' dir='ltr'><strong>sed</strong></span> <span class='ocrx_word' id='word_1_361' title='bbox 907 3664 976 3716; x_wconf 86' lang='lat' dir='ltr'><strong>ad</strong></span> <span class='ocrx_word' id='word_1_362' title='bbox 999 3662 1286 3731; x_wconf 70' lang='lat' dir='ltr'><strong>faciendun:</strong></span> <span class='ocrx_word' id='word_1_363' title='bbox 1307 3703 1321 3729; x_wconf 94' lang='lat'><strong>,</strong></span> <span class='ocrx_word' id='word_1_364' title='bbox 1356 3663 1405 3715; x_wconf 90' lang='lat' dir='ltr'><strong>in</strong></span> <span class='ocrx_word' id='word_1_365' title='bbox 1440 3663 1865 3732; x_wconf 80' lang='lat' dir='ltr'><strong>remuneratione</strong></span> <span class='ocrx_word' id='word_1_366' title='bbox 1916 3662 2009 3714; x_wconf 89' lang='lat' dir='ltr'><strong>bo-</strong></span> 
     </span>
    </p>
   </div>
   <div class='ocr_carea' id='block_1_47' title="bbox 452 3731 2013 3804">
    <p class='ocr_par' dir='ltr' id='par_1_47' title="bbox 452 3731 2013 3804">
     <span class='ocr_line' id='line_1_47' title="bbox 452 3731 2013 3804; baseline -0.008 -7"><span class='ocrx_word' id='word_1_367' title='bbox 452 3756 644 3798; x_wconf 88' lang='lat' dir='ltr'><strong>norum</strong></span> <span class='ocrx_word' id='word_1_368' title='bbox 686 3749 923 3804; x_wconf 83' lang='lat' dir='ltr'><strong>Operam.</strong></span> <span class='ocrx_word' id='word_1_369' title='bbox 983 3736 1109 3785; x_wconf 65' lang='lat' dir='ltr'><strong>lVam</strong></span> <span class='ocrx_word' id='word_1_370' title='bbox 1175 3734 1425 3785; x_wconf 82' lang='lat' dir='ltr'><strong>Dominus</strong></span> <span class='ocrx_word' id='word_1_371' title='bbox 1478 3737 1564 3800; x_wconf 87' lang='lat' dir='ltr'><strong>qui</strong></span> <span class='ocrx_word' id='word_1_372' title='bbox 1616 3731 1890 3804; x_wconf 82' lang='lat' dir='ltr'><strong>descendit</strong></span> <span class='ocrx_word' id='word_1_373' title='bbox 1947 3734 2013 3785; x_wconf 89' lang='lat' dir='ltr'><strong>de</strong></span> 
     </span>
    </p>
   </div>
   <div class='ocr_carea' id='block_1_48' title="bbox 453 3801 2012 3878">
    <p class='ocr_par' dir='ltr' id='par_1_48' title="bbox 453 3801 2012 3878">
     <span class='ocr_line' id='line_1_48' title="bbox 453 3801 2012 3878; baseline -0.004 -17"><span class='ocrx_word' id='word_1_374' title='bbox 453 3813 614 3873; x_wconf 78' lang='lat' dir='ltr'><strong>cado,</strong></span> <span class='ocrx_word' id='word_1_375' title='bbox 655 3801 741 3878; x_wconf 86' lang='lat' dir='ltr'><strong>qui</strong></span> <span class='ocrx_word' id='word_1_376' title='bbox 789 3813 1031 3859; x_wconf 84' lang='lat' dir='ltr'><strong>mortuus</strong></span> <span class='ocrx_word' id='word_1_377' title='bbox 1061 3812 1142 3878; x_wconf 74' lang='lat' dir='ltr'><strong>est</strong></span> <span class='ocrx_word' id='word_1_378' title='bbox 1178 3814 1230 3855; x_wconf 91' lang='lat' dir='ltr'><strong>et</strong></span> <span class='ocrx_word' id='word_1_379' title='bbox 1259 3808 1594 3878; x_wconf 67' lang='lat' dir='ltr'><strong>resurrexit,</strong></span> <span class='ocrx_word' id='word_1_380' title='bbox 1626 3803 1713 3869; x_wconf 91' lang='lat' dir='ltr'><strong>qui</strong></span> <span class='ocrx_word' id='word_1_381' title='bbox 1745 3801 2012 3878; x_wconf 76' lang='lat' dir='ltr'><strong>hominem</strong></span> 
     </span>
    </p>
   </div>
   <div class='ocr_carea' id='block_1_49' title="bbox 457 3870 2012 3947">
    <p class='ocr_par' dir='ltr' id='par_1_49' title="bbox 457 3870 2012 3947">
     <span class='ocr_line' id='line_1_49' title="bbox 457 3870 2012 3947; baseline -0.008 -11"><span class='ocrx_word' id='word_1_382' title='bbox 457 3870 786 3947; x_wconf 70' lang='lat' dir='ltr'><strong>assumptum</strong></span> <span class='ocrx_word' id='word_1_383' title='bbox 817 3888 1027 3947; x_wconf 85' lang='lat' dir='ltr'><strong>sursum</strong></span> <span class='ocrx_word' id='word_1_384' title='bbox 1054 3873 1344 3947; x_wconf 77' lang='lat' dir='ltr'><strong>elevatum,</strong></span> <span class='ocrx_word' id='word_1_385' title='bbox 1377 3871 1464 3947; x_wconf 82' lang='lat' dir='ltr'><strong>qui</strong></span> <span class='ocrx_word' id='word_1_386' title='bbox 1506 3870 1693 3923; x_wconf 86' lang='lat' dir='ltr'><strong>irrisus</strong></span> <span class='ocrx_word' id='word_1_387' title='bbox 1720 3880 1841 3947; x_wconf 79' lang='lat' dir='ltr'><strong>ante</strong></span> <span class='ocrx_word' id='word_1_388' title='bbox 1869 3872 2012 3938; x_wconf 84' lang='lat' dir='ltr'><strong>judi-</strong></span> 
     </span>
    </p>
   </div>
   <div class='ocr_carea' id='block_1_50' title="bbox 455 3940 2014 4012">
    <p class='ocr_par' dir='ltr' id='par_1_50' title="bbox 455 3940 2014 4012">
     <span class='ocr_line' id='line_1_50' title="bbox 455 3940 2014 4012; baseline -0.008 -6"><span class='ocrx_word' id='word_1_389' title='bbox 455 3965 575 4006; x_wconf 85' lang='lat' dir='ltr'><strong>cem</strong></span> <span class='ocrx_word' id='word_1_390' title='bbox 605 3940 748 4004; x_wconf 73' lang='lat' dir='ltr'><strong>stetit</strong></span> <span class='ocrx_word' id='word_1_391' title='bbox 775 3962 789 3999; x_wconf 92' lang='lat'><strong>:</strong></span> <span class='ocrx_word' id='word_1_392' title='bbox 820 3945 1019 4012; x_wconf 88' lang='lat' dir='ltr'><strong>paravit</strong></span> <span class='ocrx_word' id='word_1_393' title='bbox 1042 3940 1157 4011; x_wconf 87' lang='lat' dir='ltr'><strong>jam</strong></span> <span class='ocrx_word' id='word_1_394' title='bbox 1187 3944 1287 3994; x_wconf 78' lang='lat' dir='ltr'><strong>Sibi</strong></span> <span class='ocrx_word' id='word_1_395' title='bbox 1303 3941 1490 4012; x_wconf 80' lang='lat' dir='ltr'><strong>sedem</strong></span> <span class='ocrx_word' id='word_1_396' title='bbox 1514 3955 1685 4012; x_wconf 81' lang='lat' dir='ltr'><strong>suam,</strong></span> <span class='ocrx_word' id='word_1_397' title='bbox 1719 3940 1769 3993; x_wconf 89' lang='lat' dir='ltr'><strong>id</strong></span> <span class='ocrx_word' id='word_1_398' title='bbox 1798 3949 1898 4002; x_wconf 89' lang='lat' dir='ltr'><strong>est,</strong></span> <span class='ocrx_word' id='word_1_399' title='bbox 1931 3957 2014 3994; x_wconf 87' lang='lat' dir='ltr'><strong>se-</strong></span> 
     </span>
    </p>
   </div>
   <div class='ocr_carea' id='block_1_51' title="bbox 456 4009 2011 4086">
    <p class='ocr_par' dir='ltr' id='par_1_51' title="bbox 456 4009 2011 4086">
     <span class='ocr_line' id='line_1_51' title="bbox 456 4009 2011 4086; baseline -0.008 -12"><span class='ocrx_word' id='word_1_400' title='bbox 456 4025 579 4075; x_wconf 83' lang='lat' dir='ltr'><strong>dem</strong></span> <span class='ocrx_word' id='word_1_401' title='bbox 622 4009 956 4086; x_wconf 65' lang='lat' dir='ltr'><strong>iudiciariam</strong></span> <span class='ocrx_word' id='word_1_402' title='bbox 1010 4009 1061 4065; x_wconf 82' lang='lat' dir='ltr'><strong>in</strong></span> <span class='ocrx_word' id='word_1_403' title='bbox 1108 4012 1266 4074; x_wconf 62' lang='lat' dir='ltr'><strong>caelo,</strong></span> <span class='ocrx_word' id='word_1_404' title='bbox 1300 4010 1351 4064; x_wconf 93' lang='lat' dir='ltr'><strong>id</strong></span> <span class='ocrx_word' id='word_1_405' title='bbox 1396 4019 1497 4086; x_wconf 77' lang='lat' dir='ltr'><strong>est,</strong></span> <span class='ocrx_word' id='word_1_406' title='bbox 1538 4009 1834 4086; x_wconf 58' lang='lat' dir='ltr'><strong>iiisauctis</strong></span> <span class='ocrx_word' id='word_1_407' title='bbox 1863 4012 2011 4086; x_wconf 84' lang='lat' dir='ltr'><strong>viris,</strong></span> 
     </span>
    </p>
   </div>
   <div class='ocr_carea' id='block_1_52' title="bbox 458 4079 2015 4159">
    <p class='ocr_par' dir='ltr' id='par_1_52' title="bbox 458 4079 2015 4159">
     <span class='ocr_line' id='line_1_52' title="bbox 458 4079 2015 4159; baseline -0.005 -17"><span class='ocrx_word' id='word_1_408' title='bbox 458 4102 591 4159; x_wconf 89' lang='lat' dir='ltr'><strong>quos</strong></span> <span class='ocrx_word' id='word_1_409' title='bbox 627 4079 914 4159; x_wconf 68' lang='lat' dir='ltr'><strong>inhabitat,</strong></span> <span class='ocrx_word' id='word_1_410' title='bbox 968 4091 1020 4159; x_wconf 82' lang='lat' dir='ltr'><strong>et</strong></span> <span class='ocrx_word' id='word_1_411' title='bbox 1058 4096 1152 4159; x_wconf 82' lang='lat' dir='ltr'><strong>per</strong></span> <span class='ocrx_word' id='word_1_412' title='bbox 1186 4082 1511 4159; x_wconf 75' lang='lat' dir='ltr'><strong>_quos_.altos</strong></span> <span class='ocrx_word' id='word_1_413' title='bbox 1560 4079 1764 4159; x_wconf 65' lang='lat' dir='ltr'><strong>dividit.</strong></span> <span class='ocrx_word' id='word_1_414' title='bbox 1796 4079 2015 4159; x_wconf 76' lang='lat' dir='ltr'><strong>Faciant</strong></span> 
     </span>
    </p>
   </div>
   <div class='ocr_carea' id='block_1_53' title="bbox 460 4148 2012 4226">
    <p class='ocr_par' dir='ltr' id='par_1_53' title="bbox 460 4148 2012 4226">
     <span class='ocr_line' id='line_1_53' title="bbox 460 4148 2012 4226; baseline -0.001 -21"><span class='ocrx_word' id='word_1_415' title='bbox 460 4148 589 4226; x_wconf 71' lang='lat' dir='ltr'><strong>érgo</strong></span> <span class='ocrx_word' id='word_1_416' title='bbox 632 4154 801 4226; x_wconf 83' lang='lat' dir='ltr'><strong>(quasi</strong></span> <span class='ocrx_word' id='word_1_417' title='bbox 849 4152 1010 4226; x_wconf 78' lang='lat' dir='ltr'><strong>dicat)</strong></span> <span class='ocrx_word' id='word_1_418' title='bbox 1057 4148 1297 4203; x_wconf 76' lang='lat' dir='ltr'><strong>homines</strong></span> <span class='ocrx_word' id='word_1_419' title='bbox 1342 4151 1391 4226; x_wconf 81' lang='lat' dir='ltr'><strong>in</strong></span> <span class='ocrx_word' id='word_1_420' title='bbox 1449 4159 1586 4226; x_wconf 80' lang='lat' dir='ltr'><strong>terra</strong></span> <span class='ocrx_word' id='word_1_421' title='bbox 1624 4148 1770 4226; x_wconf 76' lang='lat' dir='ltr'><strong>quod</strong></span> <span class='ocrx_word' id='word_1_422' title='bbox 1806 4152 2012 4226; x_wconf 83' lang='lat' dir='ltr'><strong>volunt,</strong></span> 
     </span>
    </p>
   </div>
   <div class='ocr_carea' id='block_1_54' title="bbox 459 4218 2014 4297">
    <p class='ocr_par' dir='ltr' id='par_1_54' title="bbox 459 4218 2014 4297">
     <span class='ocr_line' id='line_1_54' title="bbox 459 4218 2014 4297; baseline -0.005 -16"><span class='ocrx_word' id='word_1_423' title='bbox 459 4218 781 4297; x_wconf 74' lang='lat' dir='ltr'><strong>quiartan</strong></span> <span class='ocrx_word' id='word_1_424' title='bbox 810 4221 1332 4297; x_wconf 46' lang='lat' dir='ltr'><strong>eritnirretnunerata</strong></span> <span class='ocrx_word' id='word_1_425' title='bbox 1366 4218 1605 4297; x_wconf 55' lang='lat' dir='ltr'><strong>justitia,</strong></span> <span class='ocrx_word' id='word_1_426' title='bbox 1633 4219 2014 4297; x_wconf 84' lang='lat' dir='ltr'><strong>nec_impuuita</strong></span> 
     </span>
    </p>
   </div>
   <div class='ocr_carea' id='block_1_55' title="bbox 459 4289 2016 4364">
    <p class='ocr_par' dir='ltr' id='par_1_55' title="bbox 459 4289 2016 4364">
     <span class='ocr_line' id='line_1_55' title="bbox 459 4289 2016 4364; baseline -0.007 -12"><span class='ocrx_word' id='word_1_427' title='bbox 459 4289 709 4364; x_wconf 73' lang='lat' dir='ltr'><strong>nequitia.</strong></span> <span class='ocrx_word' id='word_1_428' title='bbox 741 4291 892 4364; x_wconf 55' lang='grc' dir='ltr'>Νειηῇ</span> <span class='ocrx_word' id='word_1_429' title='bbox 908 4289 1149 4364; x_wconf 75' lang='lat' dir='ltr'><strong>Dominus</strong></span> <span class='ocrx_word' id='word_1_430' title='bbox 1192 4289 1245 4338; x_wconf 88' lang='lat' dir='ltr'><strong>in</strong></span> <span class='ocrx_word' id='word_1_431' title='bbox 1273 4294 1407 4364; x_wconf 58' lang='lat' dir='ltr'><strong>creto</strong></span> <span class='ocrx_word' id='word_1_432' title='bbox 1434 4289 1625 4364; x_wconf 79' lang='lat' dir='ltr'><strong>paravit</strong></span> <span class='ocrx_word' id='word_1_433' title='bbox 1668 4289 1835 4342; x_wconf 83' lang='lat' dir='ltr'><strong>sedem</strong></span> <span class='ocrx_word' id='word_1_434' title='bbox 1872 4305 2016 4364; x_wconf 84' lang='lat' dir='ltr'><strong>suam</strong></span> 
     </span>
    </p>
   </div>
   <div class='ocr_carea' id='block_1_56' title="bbox 462 4356 2017 4426">
    <p class='ocr_par' dir='ltr' id='par_1_56' title="bbox 462 4356 2017 4426">
     <span class='ocr_line' id='line_1_56' title="bbox 462 4356 2017 4426; baseline -0.005 -5"><span class='ocrx_word' id='word_1_435' title='bbox 462 4356 808 4426; x_wconf 80' lang='lat' dir='ltr'><strong>iudiciariam.</strong></span> <span class='ocrx_word' id='word_1_436' title='bbox 854 4359 918 4413; x_wconf 86' lang='lat' dir='ltr'><strong>Et</strong></span> <span class='ocrx_word' id='word_1_437' title='bbox 949 4373 1072 4412; x_wconf 89' lang='lat' dir='ltr'><strong>vere</strong></span> <span class='ocrx_word' id='word_1_438' title='bbox 1117 4356 1286 4426; x_wconf 83' lang='lat' dir='ltr'><strong>(quasi</strong></span> <span class='ocrx_word' id='word_1_439' title='bbox 1315 4358 1481 4425; x_wconf 80' lang='lat' dir='ltr'><strong>dicat)</strong></span> <span class='ocrx_word' id='word_1_440' title='bbox 1512 4366 1696 4424; x_wconf 91' lang='lat' dir='ltr'><strong>potens</strong></span> <span class='ocrx_word' id='word_1_441' title='bbox 1735 4365 1818 4411; x_wconf 89' lang='lat' dir='ltr'><strong>est</strong></span> <span class='ocrx_word' id='word_1_442' title='bbox 1844 4361 2017 4413; x_wconf 90' lang='lat' dir='ltr'><strong>adhuc</strong></span> 
     </span>
    </p>
   </div>
   <div class='ocr_carea' id='block_1_57' title="bbox 454 4384 2015 4499">
    <p class='ocr_par' dir='ltr' id='par_1_57' title="bbox 454 4384 2015 4499">
     <span class='ocr_line' id='line_1_57' title="bbox 483 4384 2015 4426; baseline -0.005 -5"><span class='ocrx_word' id='word_1_443' title='bbox 483 4384 808 4421; x_wconf 74' lang='lat' dir='ltr'><strong>IIUICIarlalu.</strong></span> <span class='ocrx_word' id='word_1_444' title='bbox 854 4384 918 4413; x_wconf 72' lang='lat' dir='ltr'><strong>nt</strong></span> <span class='ocrx_word' id='word_1_445' title='bbox 951 4384 1072 4412; x_wconf 67' lang='lat' dir='ltr'><strong>vult:</strong></span> <span class='ocrx_word' id='word_1_446' title='bbox 1117 4384 1286 4426; x_wconf 64' lang='lat' dir='ltr'><strong>Nudas</strong></span> <span class='ocrx_word' id='word_1_447' title='bbox 1315 4384 1481 4425; x_wconf 73' lang='grc' dir='ltr'>υιωι)</span> <span class='ocrx_word' id='word_1_448' title='bbox 1513 4384 1696 4424; x_wconf 69' lang='lat' dir='ltr'><strong>plumis</strong></span> <span class='ocrx_word' id='word_1_449' title='bbox 1735 4384 1818 4411; x_wconf 70' lang='lat' dir='ltr'><strong>cas</strong></span> <span class='ocrx_word' id='word_1_450' title='bbox 1844 4384 2015 4413; x_wconf 75' lang='lat' dir='ltr'><strong>auuuu</strong></span> 
     </span>
     <span class='ocr_line' id='line_1_58' title="bbox 454 4384 2015 4499; baseline -0.007 -7"><span class='ocrx_word' id='word_1_451' title='bbox 454 4384 735 4496; x_wconf 60' lang='grc' dir='ltr'><strong>Ιὶ)οιιιίιιιιε,</strong></span> <span class='ocrx_word' id='word_1_452' title='bbox 765 4430 885 4499; x_wconf 88' lang='lat' dir='ltr'><strong>quia</strong></span> <span class='ocrx_word' id='word_1_453' title='bbox 924 4442 1132 4497; x_wconf 80' lang='lat' dir='ltr'><strong>regnum</strong></span> <span class='ocrx_word' id='word_1_454' title='bbox 1162 4427 1341 4494; x_wconf 77' lang='lat' dir='ltr'><strong>ipsius,</strong></span> <span class='ocrx_word' id='word_1_455' title='bbox 1375 4427 1427 4499; x_wconf 78' lang='lat' dir='ltr'><strong>id</strong></span> <span class='ocrx_word' id='word_1_456' title='bbox 1478 4439 1579 4499; x_wconf 75' lang='lat' dir='ltr'><strong>est,</strong></span> <span class='ocrx_word' id='word_1_457' title='bbox 1625 4428 1697 4499; x_wconf 77' lang='lat' dir='ltr'><strong>illi</strong></span> <span class='ocrx_word' id='word_1_458' title='bbox 1744 4428 1797 4480; x_wconf 92' lang='lat' dir='ltr'><strong>in</strong></span> <span class='ocrx_word' id='word_1_459' title='bbox 1826 4433 2015 4495; x_wconf 82' lang='lat' dir='ltr'><strong>quibus</strong></span> 
     </span>
    </p>
   </div>
   <div class='ocr_carea' id='block_1_58' title="bbox 461 4494 2010 4575">
    <p class='ocr_par' dir='ltr' id='par_1_58' title="bbox 461 4494 2010 4575">
     <span class='ocr_line' id='line_1_59' title="bbox 461 4494 2010 4575; baseline -0.007 -13"><span class='ocrx_word' id='word_1_460' title='bbox 461 4509 575 4575; x_wconf 87' lang='lat' dir='ltr'><strong>ipse</strong></span> <span class='ocrx_word' id='word_1_461' title='bbox 602 4494 803 4571; x_wconf 64' lang='lat' dir='ltr'><strong>regnat,</strong></span> <span class='ocrx_word' id='word_1_462' title='bbox 835 4494 1243 4575; x_wconf 72' lang='lat' dir='ltr'><strong>dominabuntur</strong></span> <span class='ocrx_word' id='word_1_463' title='bbox 1270 4494 1498 4575; x_wconf 62' lang='lat' dir='ltr'><strong>omnibus</strong></span> <span class='ocrx_word' id='word_1_464' title='bbox 1536 4495 1688 4575; x_wconf 80' lang='lat' dir='ltr'><strong>bonis</strong></span> <span class='ocrx_word' id='word_1_465' title='bbox 1716 4506 1770 4550; x_wconf 88' lang='lat' dir='ltr'><strong>et</strong></span> <span class='ocrx_word' id='word_1_466' title='bbox 1814 4494 1966 4550; x_wconf 88' lang='lat' dir='ltr'><strong>malis</strong></span> <span class='ocrx_word' id='word_1_467' title='bbox 1996 4514 2010 4551; x_wconf 88' lang='lat'><strong>:</strong></span> 
     </span>
    </p>
   </div>
   <div class='ocr_carea' id='block_1_59' title="bbox 892 400 3189 474">
    <p class='ocr_par' dir='ltr' id='par_1_59' title="bbox 892 400 3189 474">
     <span class='ocr_line' id='line_1_60' title="bbox 892 400 3189 474; baseline -0.007 -2"><span class='ocrx_word' id='word_1_468' title='bbox 892 416 1089 474; x_wconf 68' lang='grc' dir='ltr'><strong>ΒΕΟᾸΞ</strong></span> <span class='ocrx_word' id='word_1_469' title='bbox 1132 411 1573 472; x_wconf 74' lang='lat' dir='ltr'><strong>VENERABILIS</strong></span> <span class='ocrx_word' id='word_1_470' title='bbox 1616 410 1767 468; x_wconf 77' lang='lat' dir='ltr'><strong>OPP.</strong></span> <span class='ocrx_word' id='word_1_471' title='bbox 1811 406 1981 463; x_wconf 72' lang='lat' dir='ltr'><strong>PARS</strong></span> <span class='ocrx_word' id='word_1_472' title='bbox 2021 405 2083 459; x_wconf 91' lang='lat' dir='ltr'><strong>ll.</strong></span> <span class='ocrx_word' id='word_1_473' title='bbox 2111 403 2300 460; x_wconf 83' lang='lat' dir='ltr'><strong>SECT.</strong></span> <span class='ocrx_word' id='word_1_474' title='bbox 2340 406 2399 458; x_wconf 89' lang='lat' dir='ltr'><strong>ll.</strong></span> <span class='ocrx_word' id='word_1_475' title='bbox 2443 434 2510 444; x_wconf 92' lang='lat'><strong>--</strong></span> <span class='ocrx_word' id='word_1_476' title='bbox 2554 403 2754 458; x_wconf 80' lang='lat' dir='ltr'><strong>DUBIA</strong></span> <span class='ocrx_word' id='word_1_477' title='bbox 2798 402 2880 456; x_wconf 85' lang='lat' dir='ltr'>ET</span> <span class='ocrx_word' id='word_1_478' title='bbox 2923 400 3189 458; x_wconf 72' lang='lat' dir='ltr'><strong>SPURIA.</strong></span> 
     </span>
    </p>
   </div>
   <div class='ocr_carea' id='block_1_60' title="bbox 3533 400 3671 458">
    <p class='ocr_par' dir='ltr' id='par_1_60' title="bbox 3533 400 3671 458">
     <span class='ocr_line' id='line_1_61' title="bbox 3533 400 3671 458; baseline -0.014 -3"><span class='ocrx_word' id='word_1_479' title='bbox 3533 400 3671 458; x_wconf 73' lang='lat' dir='ltr'><strong>IODI.</strong></span> 
     </span>
    </p>
   </div>
   <div class='ocr_carea' id='block_1_61' title="bbox 2174 510 3676 579">
    <p class='ocr_par' dir='ltr' id='par_1_61' title="bbox 2174 510 3676 579">
     <span class='ocr_line' id='line_1_62' title="bbox 2174 510 3676 579; baseline 0.001 -14"><span class='ocrx_word' id='word_1_480' title='bbox 2174 515 2460 567; x_wconf 77' lang='lat' dir='ltr'><strong>Benedici&#39;e</strong></span> <span class='ocrx_word' id='word_1_481' title='bbox 2516 513 2731 565; x_wconf 86' lang='lat' dir='ltr'><strong>Domino</strong></span> <span class='ocrx_word' id='word_1_482' title='bbox 2774 529 2942 564; x_wconf 85' lang='lat' dir='ltr'><strong>omnes</strong></span> <span class='ocrx_word' id='word_1_483' title='bbox 2994 513 3195 565; x_wconf 77' lang='lat' dir='ltr'><strong>virtutes</strong></span> <span class='ocrx_word' id='word_1_484' title='bbox 3252 510 3385 579; x_wconf 87' lang='lat' dir='ltr'><strong>ejus.</strong></span> <span class='ocrx_word' id='word_1_485' title='bbox 3441 512 3676 567; x_wconf 72' lang='lat' dir='ltr'><strong>Virtutes</strong></span> 
     </span>
    </p>
   </div>
   <div class='ocr_carea' id='block_1_62' title="bbox 2103 581 3679 649">
    <p class='ocr_par' dir='ltr' id='par_1_62' title="bbox 2103 581 3679 649">
     <span class='ocr_line' id='line_1_63' title="bbox 2103 581 3679 649; baseline -0.001 -12"><span class='ocrx_word' id='word_1_486' title='bbox 2103 595 2227 637; x_wconf 78' lang='lat' dir='ltr'><strong>Sunt</strong></span> <span class='ocrx_word' id='word_1_487' title='bbox 2257 586 2509 637; x_wconf 87' lang='lat' dir='ltr'><strong>talentum</strong></span> <span class='ocrx_word' id='word_1_488' title='bbox 2537 584 2637 636; x_wconf 86' lang='lat' dir='ltr'><strong>sibi</strong></span> <span class='ocrx_word' id='word_1_489' title='bbox 2672 582 2950 644; x_wconf 85' lang='lat' dir='ltr'><strong>creditum,</strong></span> <span class='ocrx_word' id='word_1_490' title='bbox 2990 586 3120 635; x_wconf 88' lang='lat' dir='ltr'><strong>bene</strong></span> <span class='ocrx_word' id='word_1_491' title='bbox 3148 581 3522 647; x_wconf 82' lang='lat' dir='ltr'><strong>diSpensantes</strong></span> <span class='ocrx_word' id='word_1_492' title='bbox 3554 598 3679 649; x_wconf 58' lang='lat' dir='ltr'><strong>qua</strong></span> 
     </span>
    </p>
   </div>
   <div class='ocr_carea' id='block_1_63' title="bbox 2101 651 3676 720">
    <p class='ocr_par' dir='ltr' id='par_1_63' title="bbox 2101 651 3676 720">
     <span class='ocr_line' id='line_1_64' title="bbox 2101 651 3676 720; baseline -0.001 -15"><span class='ocrx_word' id='word_1_493' title='bbox 2101 661 2224 706; x_wconf 87' lang='lat' dir='ltr'><strong>sunt</strong></span> <span class='ocrx_word' id='word_1_494' title='bbox 2249 653 2386 720; x_wconf 86' lang='lat' dir='ltr'><strong>ejus,</strong></span> <span class='ocrx_word' id='word_1_495' title='bbox 2420 653 2468 704; x_wconf 89' lang='lat' dir='ltr'><strong>id</strong></span> <span class='ocrx_word' id='word_1_496' title='bbox 2497 662 2597 715; x_wconf 91' lang='lat' dir='ltr'><strong>est,</strong></span> <span class='ocrx_word' id='word_1_497' title='bbox 2641 651 2868 715; x_wconf 87' lang='lat' dir='ltr'><strong>Domini,</strong></span> <span class='ocrx_word' id='word_1_498' title='bbox 2899 652 3019 719; x_wconf 87' lang='lat' dir='ltr'><strong>quia</strong></span> <span class='ocrx_word' id='word_1_499' title='bbox 3047 664 3101 703; x_wconf 91' lang='lat' dir='ltr'><strong>ut</strong></span> <span class='ocrx_word' id='word_1_500' title='bbox 3131 652 3247 718; x_wconf 89' lang='lat' dir='ltr'><strong>ipse</strong></span> <span class='ocrx_word' id='word_1_501' title='bbox 3285 651 3359 703; x_wconf 90' lang='lat' dir='ltr'><strong>ait</strong></span> <span class='ocrx_word' id='word_1_502' title='bbox 3392 668 3404 701; x_wconf 90' lang='lat'><strong>:</strong></span> <span class='ocrx_word' id='word_1_503' title='bbox 3440 651 3563 704; x_wconf 81' lang='lat' dir='ltr'><strong>Sine</strong></span> <span class='ocrx_word' id='word_1_504' title='bbox 3597 668 3676 704; x_wconf 85' lang='lat' dir='ltr'><strong>me</strong></span> 
     </span>
    </p>
   </div>
   <div class='ocr_carea' id='block_1_64' title="bbox 2100 721 3679 791">
    <p class='ocr_par' dir='ltr' id='par_1_64' title="bbox 2100 721 3679 791">
     <span class='ocr_line' id='line_1_65' title="bbox 2100 721 3679 791; baseline -0.001 -16"><span class='ocrx_word' id='word_1_505' title='bbox 2100 724 2227 775; x_wconf 81' lang='lat' dir='ltr'><strong>nihil</strong></span> <span class='ocrx_word' id='word_1_506' title='bbox 2257 723 2459 790; x_wconf 81' lang='lat' dir='ltr'><strong>potestis</strong></span> <span class='ocrx_word' id='word_1_507' title='bbox 2483 723 2666 791; x_wconf 72' lang='lat' dir='ltr'><strong>facere,</strong></span> <span class='ocrx_word' id='word_1_508' title='bbox 2696 721 3092 791; x_wconf 83' lang='lat' dir='ltr'><strong>etdeterminat</strong></span> <span class='ocrx_word' id='word_1_509' title='bbox 3122 735 3254 786; x_wconf 89' lang='lat' dir='ltr'><strong>quas</strong></span> <span class='ocrx_word' id='word_1_510' title='bbox 3283 722 3505 774; x_wconf 75' lang='lat' dir='ltr'><strong>virtutes</strong></span> <span class='ocrx_word' id='word_1_511' title='bbox 3534 722 3679 773; x_wconf 75' lang='lat' dir='ltr'><strong>acci-</strong></span> 
     </span>
    </p>
   </div>
   <div class='ocr_carea' id='block_1_65' title="bbox 2104 790 3681 859">
    <p class='ocr_par' dir='ltr' id='par_1_65' title="bbox 2104 790 3681 859">
     <span class='ocr_line' id='line_1_66' title="bbox 2104 790 3681 859; baseline 0.001 -17"><span class='ocrx_word' id='word_1_512' title='bbox 2104 794 2229 859; x_wconf 87' lang='lat' dir='ltr'><strong>piat.</strong></span> <span class='ocrx_word' id='word_1_513' title='bbox 2279 793 2437 857; x_wconf 87' lang='lat' dir='ltr'><strong>Quasi</strong></span> <span class='ocrx_word' id='word_1_514' title='bbox 2486 790 2628 844; x_wconf 80' lang='lat' dir='ltr'><strong>diCat</strong></span> <span class='ocrx_word' id='word_1_515' title='bbox 2680 807 2690 841; x_wconf 92' lang='lat'>:</span> <span class='ocrx_word' id='word_1_516' title='bbox 2728 790 2831 844; x_wconf 80' lang='lat' dir='ltr'><strong>Vos</strong></span> <span class='ocrx_word' id='word_1_517' title='bbox 2873 790 3107 843; x_wconf 84' lang='lat' dir='ltr'><strong>minores</strong></span> <span class='ocrx_word' id='word_1_518' title='bbox 3153 805 3284 843; x_wconf 89' lang='lat' dir='ltr'><strong>voco</strong></span> <span class='ocrx_word' id='word_1_519' title='bbox 3316 792 3556 857; x_wconf 80' lang='lat' dir='ltr'><strong>virtutes,</strong></span> <span class='ocrx_word' id='word_1_520' title='bbox 3586 792 3681 858; x_wconf 85' lang='lat' dir='ltr'><strong>qui</strong></span> 
     </span>
    </p>
   </div>
   <div class='ocr_carea' id='block_1_66' title="bbox 2103 859 3679 931">
    <p class='ocr_par' dir='ltr' id='par_1_66' title="bbox 2103 859 3679 931">
     <span class='ocr_line' id='line_1_67' title="bbox 2103 859 3679 931; baseline -0.002 -17"><span class='ocrx_word' id='word_1_521' title='bbox 2103 861 2231 931; x_wconf 77' lang='lat' dir='ltr'><strong>cetis</strong></span> <span class='ocrx_word' id='word_1_522' title='bbox 2276 862 2497 913; x_wconf 85' lang='lat' dir='ltr'><strong>ministri</strong></span> <span class='ocrx_word' id='word_1_523' title='bbox 2526 862 2659 931; x_wconf 72' lang='lat' dir='ltr'><strong>ejus.</strong></span> <span class='ocrx_word' id='word_1_524' title='bbox 2688 861 2748 913; x_wconf 88' lang='lat' dir='ltr'><strong>Et</strong></span> <span class='ocrx_word' id='word_1_525' title='bbox 2780 860 2831 912; x_wconf 88' lang='lat' dir='ltr'><strong>in</strong></span> <span class='ocrx_word' id='word_1_526' title='bbox 2866 862 2963 913; x_wconf 94' lang='lat' dir='ltr'><strong>hoc</strong></span> <span class='ocrx_word' id='word_1_527' title='bbox 2991 859 3241 923; x_wconf 79' lang='lat' dir='ltr'><strong>ministri,</strong></span> <span class='ocrx_word' id='word_1_528' title='bbox 3266 861 3357 928; x_wconf 80' lang='lat' dir='ltr'><strong>qui</strong></span> <span class='ocrx_word' id='word_1_529' title='bbox 3383 860 3555 931; x_wconf 75' lang='lat' dir='ltr'><strong>facitis</strong></span> <span class='ocrx_word' id='word_1_530' title='bbox 3584 875 3679 911; x_wconf 75' lang='lat' dir='ltr'><strong>vo-</strong></span> 
     </span>
    </p>
   </div>
   <div class='ocr_carea' id='block_1_67' title="bbox 2104 928 3678 998">
    <p class='ocr_par' dir='ltr' id='par_1_67' title="bbox 2104 928 3678 998">
     <span class='ocr_line' id='line_1_68' title="bbox 2104 928 3678 998; baseline 0.001 -17"><span class='ocrx_word' id='word_1_531' title='bbox 2104 930 2359 983; x_wconf 87' lang='lat' dir='ltr'><strong>luutalem</strong></span> <span class='ocrx_word' id='word_1_532' title='bbox 2386 932 2519 998; x_wconf 84' lang='lat' dir='ltr'><strong>ejus,</strong></span> <span class='ocrx_word' id='word_1_533' title='bbox 2548 928 2751 998; x_wconf 63' lang='lat' dir='ltr'><strong>Scilicet</strong></span> <span class='ocrx_word' id='word_1_534' title='bbox 2793 938 3074 997; x_wconf 83' lang='lat' dir='ltr'><strong>erogautes</strong></span> <span class='ocrx_word' id='word_1_535' title='bbox 3104 940 3257 995; x_wconf 86' lang='lat' dir='ltr'><strong>prout</strong></span> <span class='ocrx_word' id='word_1_536' title='bbox 3286 934 3399 996; x_wconf 86' lang='lat' dir='ltr'><strong>ipse</strong></span> <span class='ocrx_word' id='word_1_537' title='bbox 3429 930 3561 990; x_wconf 85' lang='lat' dir='ltr'><strong>vult,</strong></span> <span class='ocrx_word' id='word_1_538' title='bbox 3593 931 3678 983; x_wconf 81' lang='lat' dir='ltr'><strong>ci-</strong></span> 
     </span>
    </p>
   </div>
   <div class='ocr_carea' id='block_1_68' title="bbox 2106 997 3682 1068">
    <p class='ocr_par' dir='ltr' id='par_1_68' title="bbox 2106 997 3682 1068">
     <span class='ocr_line' id='line_1_69' title="bbox 2106 997 3682 1068; baseline -0.001 -15"><span class='ocrx_word' id='word_1_539' title='bbox 2106 1000 2254 1053; x_wconf 86' lang='lat' dir='ltr'><strong>baria</strong></span> <span class='ocrx_word' id='word_1_540' title='bbox 2280 1001 2452 1068; x_wconf 75' lang='lat' dir='ltr'><strong>servis</strong></span> <span class='ocrx_word' id='word_1_541' title='bbox 2481 999 2613 1052; x_wconf 88' lang='lat' dir='ltr'><strong>suis.</strong></span> <span class='ocrx_word' id='word_1_542' title='bbox 2648 997 2754 1054; x_wconf 82' lang='lat' dir='ltr'><strong>Vos</strong></span> <span class='ocrx_word' id='word_1_543' title='bbox 2792 1000 2954 1052; x_wconf 89' lang='lat' dir='ltr'><strong>etiam</strong></span> <span class='ocrx_word' id='word_1_544' title='bbox 2996 1000 3165 1051; x_wconf 85' lang='lat' dir='ltr'><strong>omnia</strong></span> <span class='ocrx_word' id='word_1_545' title='bbox 3191 1014 3346 1068; x_wconf 83' lang='lat' dir='ltr'><strong>opera</strong></span> <span class='ocrx_word' id='word_1_546' title='bbox 3387 1000 3495 1068; x_wconf 86' lang='lat' dir='ltr'><strong>eius</strong></span> <span class='ocrx_word' id='word_1_547' title='bbox 3526 1002 3682 1051; x_wconf 72' lang='lat' dir='ltr'><strong>bene-</strong></span> 
     </span>
    </p>
   </div>
   <div class='ocr_carea' id='block_1_69' title="bbox 2106 1066 3685 1136">
    <p class='ocr_par' dir='ltr' id='par_1_69' title="bbox 2106 1066 3685 1136">
     <span class='ocr_line' id='line_1_70' title="bbox 2106 1066 3685 1136; baseline 0.001 -16"><span class='ocrx_word' id='word_1_548' title='bbox 2106 1069 2257 1121; x_wconf 81' lang='lat' dir='ltr'><strong>dicite</strong></span> <span class='ocrx_word' id='word_1_549' title='bbox 2286 1066 2511 1122; x_wconf 88' lang='lat' dir='ltr'><strong>Domino</strong></span> <span class='ocrx_word' id='word_1_550' title='bbox 2544 1070 2651 1132; x_wconf 92' lang='lat' dir='ltr'><strong>hic,</strong></span> <span class='ocrx_word' id='word_1_551' title='bbox 2680 1082 3023 1136; x_wconf 86' lang='lat' dir='ltr'><strong>quoscunque</strong></span> <span class='ocrx_word' id='word_1_552' title='bbox 3044 1066 3325 1122; x_wconf 78' lang='lat' dir='ltr'><strong>inferiares</strong></span> <span class='ocrx_word' id='word_1_553' title='bbox 3350 1067 3557 1136; x_wconf 73' lang='lat' dir='ltr'><strong>colligit</strong></span> <span class='ocrx_word' id='word_1_554' title='bbox 3587 1087 3598 1119; x_wconf 91' lang='lat'><strong>:</strong></span> <span class='ocrx_word' id='word_1_555' title='bbox 3627 1077 3685 1121; x_wconf 90' lang='lat' dir='ltr'><strong>et</strong></span> 
     </span>
    </p>
   </div>
   <div class='ocr_carea' id='block_1_70' title="bbox 2107 1136 3681 1207">
    <p class='ocr_par' dir='ltr' id='par_1_70' title="bbox 2107 1136 3681 1207">
     <span class='ocr_line' id='line_1_71' title="bbox 2107 1136 3681 1207; baseline 0 -15"><span class='ocrx_word' id='word_1_556' title='bbox 2107 1151 2385 1206; x_wconf 81' lang='lat' dir='ltr'><strong>propterea</strong></span> <span class='ocrx_word' id='word_1_557' title='bbox 2414 1139 2543 1191; x_wconf 86' lang='lat' dir='ltr'><strong>dicit</strong></span> <span class='ocrx_word' id='word_1_558' title='bbox 2569 1153 2728 1203; x_wconf 81' lang='lat' dir='ltr'><strong>Opera</strong></span> <span class='ocrx_word' id='word_1_559' title='bbox 2756 1136 2905 1206; x_wconf 87' lang='lat' dir='ltr'><strong>ejus.</strong></span> <span class='ocrx_word' id='word_1_560' title='bbox 2959 1138 3082 1206; x_wconf 89' lang='lat' dir='ltr'><strong>quia</strong></span> <span class='ocrx_word' id='word_1_561' title='bbox 3114 1137 3253 1207; x_wconf 91' lang='lat' dir='ltr'><strong>quod</strong></span> <span class='ocrx_word' id='word_1_562' title='bbox 3286 1153 3385 1207; x_wconf 84' lang='lat' dir='ltr'><strong>nos</strong></span> <span class='ocrx_word' id='word_1_563' title='bbox 3412 1153 3537 1191; x_wconf 87' lang='lat' dir='ltr'><strong>eum</strong></span> <span class='ocrx_word' id='word_1_564' title='bbox 3580 1139 3681 1192; x_wconf 80' lang='lat' dir='ltr'><strong>be-</strong></span> 
     </span>
    </p>
   </div>
   <div class='ocr_carea' id='block_1_71' title="bbox 2108 1206 3671 1274">
    <p class='ocr_par' dir='ltr' id='par_1_71' title="bbox 2108 1206 3671 1274">
     <span class='ocr_line' id='line_1_72' title="bbox 2108 1206 3671 1274; baseline 0.001 -15"><span class='ocrx_word' id='word_1_565' title='bbox 2108 1209 2425 1272; x_wconf 88' lang='lat' dir='ltr'><strong>nedicimus,</strong></span> <span class='ocrx_word' id='word_1_566' title='bbox 2475 1207 2575 1261; x_wconf 90' lang='lat' dir='ltr'><strong>hoc</strong></span> <span class='ocrx_word' id='word_1_567' title='bbox 2605 1211 2719 1273; x_wconf 90' lang='lat' dir='ltr'><strong>ipse</strong></span> <span class='ocrx_word' id='word_1_568' title='bbox 2747 1208 2799 1261; x_wconf 91' lang='lat' dir='ltr'><strong>iu</strong></span> <span class='ocrx_word' id='word_1_569' title='bbox 2831 1208 2984 1260; x_wconf 90' lang='lat' dir='ltr'><strong>nobis</strong></span> <span class='ocrx_word' id='word_1_570' title='bbox 3012 1206 3282 1272; x_wconf 77' lang='lat' dir='ltr'><strong>oneratur.</strong></span> <span class='ocrx_word' id='word_1_571' title='bbox 3317 1206 3489 1274; x_wconf 86' lang='lat' dir='ltr'><strong>Ipsius</strong></span> <span class='ocrx_word' id='word_1_572' title='bbox 3521 1209 3671 1262; x_wconf 88' lang='lat' dir='ltr'><strong>enim</strong></span> 
     </span>
    </p>
   </div>
   <div class='ocr_carea' id='block_1_72' title="bbox 2107 1277 3686 1345">
    <p class='ocr_par' dir='ltr' id='par_1_72' title="bbox 2107 1277 3686 1345">
     <span class='ocr_line' id='line_1_73' title="bbox 2107 1277 3686 1345; baseline 0 -14"><span class='ocrx_word' id='word_1_573' title='bbox 2107 1292 2352 1333; x_wconf 71' lang='lat' dir='ltr'><strong>creatura</strong></span> <span class='ocrx_word' id='word_1_574' title='bbox 2400 1292 2586 1330; x_wconf 89' lang='lat' dir='ltr'><strong>sumus</strong></span> <span class='ocrx_word' id='word_1_575' title='bbox 2628 1278 2678 1330; x_wconf 89' lang='lat' dir='ltr'><strong>in</strong></span> <span class='ocrx_word' id='word_1_576' title='bbox 2710 1277 2957 1344; x_wconf 87' lang='lat' dir='ltr'><strong>operibus</strong></span> <span class='ocrx_word' id='word_1_577' title='bbox 2990 1278 3164 1339; x_wconf 89' lang='lat' dir='ltr'><strong>bonis,</strong></span> <span class='ocrx_word' id='word_1_578' title='bbox 3198 1277 3279 1330; x_wconf 87' lang='lat' dir='ltr'><strong>vel</strong></span> <span class='ocrx_word' id='word_1_579' title='bbox 3328 1288 3507 1343; x_wconf 79' lang='lat' dir='ltr'><strong>potest</strong></span> <span class='ocrx_word' id='word_1_580' title='bbox 3538 1280 3686 1345; x_wconf 81' lang='lat' dir='ltr'><strong>large</strong></span> 
     </span>
    </p>
   </div>
   <div class='ocr_carea' id='block_1_73' title="bbox 2105 1346 3686 1416">
    <p class='ocr_par' dir='ltr' id='par_1_73' title="bbox 2105 1346 3686 1416">
     <span class='ocr_line' id='line_1_74' title="bbox 2105 1346 3686 1416; baseline -0.003 -15"><span class='ocrx_word' id='word_1_581' title='bbox 2105 1348 2276 1414; x_wconf 82' lang='lat' dir='ltr'><strong>accipi</strong></span> <span class='ocrx_word' id='word_1_582' title='bbox 2310 1362 2403 1414; x_wconf 89' lang='lat' dir='ltr'><strong>pro</strong></span> <span class='ocrx_word' id='word_1_583' title='bbox 2430 1346 2573 1400; x_wconf 91' lang='lat' dir='ltr'><strong>omni</strong></span> <span class='ocrx_word' id='word_1_584' title='bbox 2612 1356 2878 1400; x_wconf 88' lang='lat' dir='ltr'><strong>creatura.</strong></span> <span class='ocrx_word' id='word_1_585' title='bbox 2909 1346 3070 1413; x_wconf 85' lang='lat' dir='ltr'><strong>Quasi</strong></span> <span class='ocrx_word' id='word_1_586' title='bbox 3100 1347 3260 1400; x_wconf 90' lang='lat' dir='ltr'><strong>dicat.</strong></span> <span class='ocrx_word' id='word_1_587' title='bbox 3305 1346 3494 1401; x_wconf 82' lang='lat' dir='ltr'><strong>Omnia</strong></span> <span class='ocrx_word' id='word_1_588' title='bbox 3527 1363 3686 1416; x_wconf 77' lang='lat' dir='ltr'><strong>opera</strong></span> 
     </span>
    </p>
   </div>
   <div class='ocr_carea' id='block_1_74' title="bbox 2107 1416 3684 1484">
    <p class='ocr_par' dir='ltr' id='par_1_74' title="bbox 2107 1416 3684 1484">
     <span class='ocr_line' id='line_1_75' title="bbox 2107 1416 3684 1484; baseline -0.001 -15"><span class='ocrx_word' id='word_1_589' title='bbox 2107 1416 2400 1484; x_wconf 83' lang='lat' dir='ltr'><strong>bendicite,</strong></span> <span class='ocrx_word' id='word_1_590' title='bbox 2429 1417 2479 1471; x_wconf 90' lang='lat' dir='ltr'><strong>id</strong></span> <span class='ocrx_word' id='word_1_591' title='bbox 2505 1426 2605 1479; x_wconf 85' lang='lat' dir='ltr'><strong>e5l,</strong></span> <span class='ocrx_word' id='word_1_592' title='bbox 2641 1420 2870 1483; x_wconf 64' lang='lat' dir='ltr'><strong>praebete</strong></span> <span class='ocrx_word' id='word_1_593' title='bbox 2898 1430 2989 1470; x_wconf 86' lang='lat' dir='ltr'><strong>vos</strong></span> <span class='ocrx_word' id='word_1_594' title='bbox 3022 1421 3295 1470; x_wconf 87' lang='lat' dir='ltr'><strong>materiam</strong></span> <span class='ocrx_word' id='word_1_595' title='bbox 3326 1416 3684 1471; x_wconf 88' lang='lat' dir='ltr'><strong>benedicendi</strong></span> 
     </span>
    </p>
   </div>
   <div class='ocr_carea' id='block_1_75' title="bbox 2112 1486 3691 1553">
    <p class='ocr_par' dir='ltr' id='par_1_75' title="bbox 2112 1486 3691 1553">
     <span class='ocr_line' id='line_1_76' title="bbox 2112 1486 3691 1553; baseline 0.001 -14"><span class='ocrx_word' id='word_1_596' title='bbox 2112 1488 2411 1540; x_wconf 87' lang='lat' dir='ltr'><strong>Dominum.</strong></span> <span class='ocrx_word' id='word_1_597' title='bbox 2462 1486 2650 1540; x_wconf 89' lang='lat' dir='ltr'><strong>Omnia</strong></span> <span class='ocrx_word' id='word_1_598' title='bbox 2702 1488 2845 1539; x_wconf 88' lang='lat' dir='ltr'><strong>enim</strong></span> <span class='ocrx_word' id='word_1_599' title='bbox 2898 1488 2965 1540; x_wconf 86' lang='lat' dir='ltr'><strong>ab</strong></span> <span class='ocrx_word' id='word_1_600' title='bbox 3014 1486 3131 1553; x_wconf 88' lang='lat' dir='ltr'><strong>ipso</strong></span> <span class='ocrx_word' id='word_1_601' title='bbox 3181 1486 3315 1540; x_wconf 73' lang='lat' dir='ltr'><strong>facta</strong></span> <span class='ocrx_word' id='word_1_602' title='bbox 3366 1486 3691 1540; x_wconf 84' lang='lat' dir='ltr'><strong>hencdicent</strong></span> 
     </span>
    </p>
   </div>
   <div class='ocr_carea' id='block_1_76' title="bbox 2109 1556 3682 1624">
    <p class='ocr_par' dir='ltr' id='par_1_76' title="bbox 2109 1556 3682 1624">
     <span class='ocr_line' id='line_1_77' title="bbox 2109 1556 3682 1624; baseline 0 -15"><span class='ocrx_word' id='word_1_603' title='bbox 2109 1572 2255 1621; x_wconf 89' lang='lat' dir='ltr'><strong>eum,</strong></span> <span class='ocrx_word' id='word_1_604' title='bbox 2309 1572 2412 1609; x_wconf 90' lang='lat' dir='ltr'><strong>non</strong></span> <span class='ocrx_word' id='word_1_605' title='bbox 2463 1556 2602 1624; x_wconf 88' lang='lat' dir='ltr'><strong>quod</strong></span> <span class='ocrx_word' id='word_1_606' title='bbox 2655 1569 2870 1609; x_wconf 79' lang='lat' dir='ltr'><strong>sensum</strong></span> <span class='ocrx_word' id='word_1_607' title='bbox 2921 1556 3265 1610; x_wconf 89' lang='lat' dir='ltr'><strong>benedicendi</strong></span> <span class='ocrx_word' id='word_1_608' title='bbox 3306 1556 3557 1619; x_wconf 84' lang='lat' dir='ltr'><strong>habeant,</strong></span> <span class='ocrx_word' id='word_1_609' title='bbox 3587 1556 3682 1609; x_wconf 83' lang='lat' dir='ltr'><strong>sed</strong></span> 
     </span>
    </p>
   </div>
   <div class='ocr_carea' id='block_1_77' title="bbox 2113 1625 3687 1693">
    <p class='ocr_par' dir='ltr' id='par_1_77' title="bbox 2113 1625 3687 1693">
     <span class='ocr_line' id='line_1_78' title="bbox 2113 1625 3687 1693; baseline 0 -16"><span class='ocrx_word' id='word_1_610' title='bbox 2113 1628 2236 1693; x_wconf 87' lang='lat' dir='ltr'><strong>quia</strong></span> <span class='ocrx_word' id='word_1_611' title='bbox 2278 1636 2400 1680; x_wconf 91' lang='lat' dir='ltr'><strong>sunt</strong></span> <span class='ocrx_word' id='word_1_612' title='bbox 2446 1625 2668 1678; x_wconf 89' lang='lat' dir='ltr'><strong>materia</strong></span> <span class='ocrx_word' id='word_1_613' title='bbox 2717 1626 3055 1679; x_wconf 89' lang='lat' dir='ltr'><strong>benedicendi</strong></span> <span class='ocrx_word' id='word_1_614' title='bbox 3106 1641 3251 1681; x_wconf 89' lang='lat' dir='ltr'><strong>eum.</strong></span> <span class='ocrx_word' id='word_1_615' title='bbox 3302 1626 3363 1678; x_wconf 86' lang='lat' dir='ltr'><strong>Et</strong></span> <span class='ocrx_word' id='word_1_616' title='bbox 3428 1626 3531 1680; x_wconf 89' lang='lat' dir='ltr'><strong>hoc</strong></span> <span class='ocrx_word' id='word_1_617' title='bbox 3583 1642 3687 1678; x_wconf 89' lang='lat' dir='ltr'><strong>non</strong></span> 
     </span>
    </p>
   </div>
   <div class='ocr_carea' id='block_1_78' title="bbox 2117 1694 3689 1759">
    <p class='ocr_par' dir='ltr' id='par_1_78' title="bbox 2117 1694 3689 1759">
     <span class='ocr_line' id='line_1_79' title="bbox 2117 1694 3689 1759; baseline 0 -12"><span class='ocrx_word' id='word_1_618' title='bbox 2117 1704 2323 1748; x_wconf 84' lang='lat' dir='ltr'><strong>tantum</strong></span> <span class='ocrx_word' id='word_1_619' title='bbox 2372 1697 2424 1749; x_wconf 91' lang='lat' dir='ltr'><strong>in</strong></span> <span class='ocrx_word' id='word_1_620' title='bbox 2474 1710 2580 1747; x_wconf 89' lang='lat' dir='ltr'><strong>uno</strong></span> <span class='ocrx_word' id='word_1_621' title='bbox 2611 1697 2750 1759; x_wconf 90' lang='lat' dir='ltr'><strong>loco,</strong></span> <span class='ocrx_word' id='word_1_622' title='bbox 2800 1694 2891 1749; x_wconf 89' lang='lat' dir='ltr'><strong>sed</strong></span> <span class='ocrx_word' id='word_1_623' title='bbox 2923 1698 2973 1747; x_wconf 86' lang='lat' dir='ltr'><strong>in</strong></span> <span class='ocrx_word' id='word_1_624' title='bbox 3012 1697 3148 1748; x_wconf 88' lang='lat' dir='ltr'><strong>omni</strong></span> <span class='ocrx_word' id='word_1_625' title='bbox 3180 1698 3289 1748; x_wconf 87' lang='lat' dir='ltr'><strong>loco</strong></span> <span class='ocrx_word' id='word_1_626' title='bbox 3332 1696 3689 1748; x_wconf 78' lang='lat' dir='ltr'><strong>dominationis</strong></span> 
     </span>
    </p>
   </div>
   <div class='ocr_carea' id='block_1_79' title="bbox 2109 1764 3685 1834">
    <p class='ocr_par' dir='ltr' id='par_1_79' title="bbox 2109 1764 3685 1834">
     <span class='ocr_line' id='line_1_80' title="bbox 2109 1764 3685 1834; baseline 0.001 -17"><span class='ocrx_word' id='word_1_627' title='bbox 2109 1766 2242 1834; x_wconf 86' lang='lat' dir='ltr'><strong>ejus.</strong></span> <span class='ocrx_word' id='word_1_628' title='bbox 2273 1765 2459 1818; x_wconf 84' lang='lat' dir='ltr'><strong>Omnis</strong></span> <span class='ocrx_word' id='word_1_629' title='bbox 2504 1764 2649 1817; x_wconf 89' lang='lat' dir='ltr'><strong>locus</strong></span> <span class='ocrx_word' id='word_1_630' title='bbox 2676 1765 3047 1819; x_wconf 90' lang='lat' dir='ltr'><strong>dominationis</strong></span> <span class='ocrx_word' id='word_1_631' title='bbox 3075 1772 3197 1817; x_wconf 92' lang='lat' dir='ltr'><strong>sunt</strong></span> <span class='ocrx_word' id='word_1_632' title='bbox 3225 1774 3277 1818; x_wconf 91' lang='lat' dir='ltr'><strong>et</strong></span> <span class='ocrx_word' id='word_1_633' title='bbox 3304 1765 3427 1819; x_wconf 89' lang='lat' dir='ltr'><strong>boni</strong></span> <span class='ocrx_word' id='word_1_634' title='bbox 3456 1775 3510 1819; x_wconf 86' lang='lat' dir='ltr'><strong>et</strong></span> <span class='ocrx_word' id='word_1_635' title='bbox 3539 1766 3685 1819; x_wconf 84' lang='lat' dir='ltr'><strong>mali.</strong></span> 
     </span>
    </p>
   </div>
   <div class='ocr_carea' id='block_1_80' title="bbox 2115 1834 3689 1902">
    <p class='ocr_par' dir='ltr' id='par_1_80' title="bbox 2115 1834 3689 1902">
     <span class='ocr_line' id='line_1_81' title="bbox 2115 1834 3689 1902; baseline 0.001 -17"><span class='ocrx_word' id='word_1_636' title='bbox 2115 1837 2181 1887; x_wconf 76' lang='lat' dir='ltr'><strong>Et</strong></span> <span class='ocrx_word' id='word_1_637' title='bbox 2232 1837 2344 1902; x_wconf 84' lang='lat' dir='ltr'><strong>ipse</strong></span> <span class='ocrx_word' id='word_1_638' title='bbox 2386 1834 2728 1887; x_wconf 83' lang='lat' dir='ltr'><strong>benedicetur</strong></span> <span class='ocrx_word' id='word_1_639' title='bbox 2772 1851 2873 1887; x_wconf 91' lang='lat' dir='ltr'><strong>non</strong></span> <span class='ocrx_word' id='word_1_640' title='bbox 2923 1844 3123 1887; x_wconf 90' lang='lat' dir='ltr'><strong>tantum</strong></span> <span class='ocrx_word' id='word_1_641' title='bbox 3168 1836 3217 1887; x_wconf 89' lang='lat' dir='ltr'><strong>in</strong></span> <span class='ocrx_word' id='word_1_642' title='bbox 3260 1836 3689 1888; x_wconf 85' lang='lat' dir='ltr'><strong>remuneratione</strong></span> 
     </span>
    </p>
   </div>
   <div class='ocr_carea' id='block_1_81' title="bbox 2104 1902 3749 1972">
    <p class='ocr_par' dir='ltr' id='par_1_81' title="bbox 2104 1902 3749 1972">
     <span class='ocr_line' id='line_1_82' title="bbox 2104 1902 3749 1972; baseline 0.002 -20"><span class='ocrx_word' id='word_1_643' title='bbox 2104 1902 2395 1972; x_wconf 82' lang='lat' dir='ltr'><strong>jnstorum,</strong></span> <span class='ocrx_word' id='word_1_644' title='bbox 2431 1904 2524 1956; x_wconf 89' lang='lat' dir='ltr'><strong>sed</strong></span> <span class='ocrx_word' id='word_1_645' title='bbox 2556 1906 2718 1956; x_wconf 87' lang='lat' dir='ltr'><strong>etiam</strong></span> <span class='ocrx_word' id='word_1_646' title='bbox 2765 1905 2817 1956; x_wconf 89' lang='lat' dir='ltr'><strong>in</strong></span> <span class='ocrx_word' id='word_1_647' title='bbox 2857 1903 3000 1972; x_wconf 90' lang='lat' dir='ltr'><strong>justa</strong></span> <span class='ocrx_word' id='word_1_648' title='bbox 3032 1906 3372 1958; x_wconf 85' lang='lat' dir='ltr'><strong>damnatione</strong></span> <span class='ocrx_word' id='word_1_649' title='bbox 3404 1905 3686 1956; x_wconf 87' lang='lat' dir='ltr'><strong>malorum.</strong></span> <span class='ocrx_word' id='word_1_650' title='bbox 3746 1962 3749 1963; x_wconf 22' lang='grc' dir='ltr'><em>ν</em></span> 
     </span>
    </p>
   </div>
   <div class='ocr_carea' id='block_1_82' title="bbox 2108 1974 3688 2040">
    <p class='ocr_par' dir='ltr' id='par_1_82' title="bbox 2108 1974 3688 2040">
     <span class='ocr_line' id='line_1_83' title="bbox 2108 1974 3688 2040; baseline -0.001 -16"><span class='ocrx_word' id='word_1_651' title='bbox 2108 1974 2378 2040; x_wconf 75' lang='lat' dir='ltr'><strong>Quidquid</strong></span> <span class='ocrx_word' id='word_1_652' title='bbox 2410 1981 2590 2026; x_wconf 87' lang='lat' dir='ltr'><strong>autem</strong></span> <span class='ocrx_word' id='word_1_653' title='bbox 2620 1975 2687 2025; x_wconf 89' lang='lat' dir='ltr'><strong>de</strong></span> <span class='ocrx_word' id='word_1_654' title='bbox 2713 1974 2831 2026; x_wconf 84' lang='lat' dir='ltr'><strong>aliis</strong></span> <span class='ocrx_word' id='word_1_655' title='bbox 2856 1976 2946 2035; x_wconf 78' lang='lat' dir='ltr'><strong>sit,</strong></span> <span class='ocrx_word' id='word_1_656' title='bbox 2972 1986 3023 2026; x_wconf 90' lang='lat' dir='ltr'><strong>tu</strong></span> <span class='ocrx_word' id='word_1_657' title='bbox 3050 1976 3223 2026; x_wconf 84' lang='lat' dir='ltr'><strong>anima</strong></span> <span class='ocrx_word' id='word_1_658' title='bbox 3252 1991 3360 2026; x_wconf 85' lang='lat' dir='ltr'><strong>mea</strong></span> <span class='ocrx_word' id='word_1_659' title='bbox 3390 1990 3486 2039; x_wconf 91' lang='lat' dir='ltr'><strong>pro</strong></span> <span class='ocrx_word' id='word_1_660' title='bbox 3517 1992 3688 2025; x_wconf 82' lang='lat' dir='ltr'><strong>omm-</strong></span> 
     </span>
    </p>
   </div>
   <div class='ocr_carea' id='block_1_83' title="bbox 2108 2042 3687 2112">
    <p class='ocr_par' dir='ltr' id='par_1_83' title="bbox 2108 2042 3687 2112">
     <span class='ocr_line' id='line_1_84' title="bbox 2108 2042 3687 2112; baseline -0.001 -15"><span class='ocrx_word' id='word_1_661' title='bbox 2108 2044 2207 2097; x_wconf 90' lang='lat' dir='ltr'><strong>bus</strong></span> <span class='ocrx_word' id='word_1_662' title='bbox 2264 2042 2535 2096; x_wconf 82' lang='lat' dir='ltr'><strong>beneficiis</strong></span> <span class='ocrx_word' id='word_1_663' title='bbox 2584 2042 2720 2112; x_wconf 82' lang='lat' dir='ltr'><strong>ejus,</strong></span> <span class='ocrx_word' id='word_1_664' title='bbox 2754 2045 3043 2112; x_wconf 76' lang='lat' dir='ltr'><strong>condignas</strong></span> <span class='ocrx_word' id='word_1_665' title='bbox 3074 2044 3121 2096; x_wconf 84' lang='lat' dir='ltr'><strong>ci</strong></span> <span class='ocrx_word' id='word_1_666' title='bbox 3170 2047 3369 2112; x_wconf 79' lang='lat' dir='ltr'><strong>gratias</strong></span> <span class='ocrx_word' id='word_1_667' title='bbox 3418 2043 3687 2097; x_wconf 80' lang='lat' dir='ltr'><strong>reddendo</strong></span> 
     </span>
    </p>
   </div>
   <div class='ocr_carea' id='block_1_84' title="bbox 2111 2110 2824 2181">
    <p class='ocr_par' dir='ltr' id='par_1_84' title="bbox 2111 2110 2824 2181">
     <span class='ocr_line' id='line_1_85' title="bbox 2111 2110 2824 2181; baseline 0.001 -17"><span class='ocrx_word' id='word_1_668' title='bbox 2111 2113 2315 2166; x_wconf 84' lang='lat' dir='ltr'><strong>benedic</strong></span> <span class='ocrx_word' id='word_1_669' title='bbox 2338 2128 2550 2181; x_wconf 88' lang='lat' dir='ltr'><strong>semper</strong></span> <span class='ocrx_word' id='word_1_670' title='bbox 2577 2110 2824 2165; x_wconf 87' lang='lat' dir='ltr'><strong>Domino.</strong></span> 
     </span>
    </p>
   </div>
   <div class='ocr_carea' id='block_1_85' title="bbox 2605 2223 3198 2280">
    <p class='ocr_par' dir='ltr' id='par_1_85' title="bbox 2605 2223 3198 2280">
     <span class='ocr_line' id='line_1_86' title="bbox 2605 2223 3198 2280; baseline 0 -3"><span class='ocrx_word' id='word_1_671' title='bbox 2605 2223 2668 2277; x_wconf 83' lang='lat' dir='ltr'><strong>IN</strong></span> <span class='ocrx_word' id='word_1_672' title='bbox 2710 2224 3031 2278; x_wconf 77' lang='lat' dir='ltr'><strong>PSALMUM</strong></span> <span class='ocrx_word' id='word_1_673' title='bbox 3068 2224 3198 2280; x_wconf 83' lang='lat' dir='ltr'><strong>CIII.</strong></span> 
     </span>
    </p>
   </div>
   <div class='ocr_carea' id='block_1_86' title="bbox 2742 2313 3062 2381">
    <p class='ocr_par' dir='ltr' id='par_1_86' title="bbox 2742 2313 3062 2381">
     <span class='ocr_line' id='line_1_87' title="bbox 2742 2313 3062 2381; baseline 0 -14"><span class='ocrx_word' id='word_1_674' title='bbox 2742 2313 2844 2381; x_wconf 90' lang='lat' dir='ltr'><strong>Ipsi</strong></span> <span class='ocrx_word' id='word_1_675' title='bbox 2873 2313 3062 2367; x_wconf 89' lang='lat' dir='ltr'><strong>David.</strong></span> 
     </span>
    </p>
   </div>
   <div class='ocr_carea' id='block_1_87' title="bbox 2711 2418 3095 2459">
    <p class='ocr_par' dir='ltr' id='par_1_87' title="bbox 2711 2418 3095 2459">
     <span class='ocr_line' id='line_1_88' title="bbox 2711 2418 3095 2459; baseline 0 -3"><span class='ocrx_word' id='word_1_676' title='bbox 2711 2418 3095 2459; x_wconf 72' lang='lat' dir='ltr'><strong>ARGUMENTUI.</strong></span> 
     </span>
    </p>
   </div>
   <div class='ocr_carea' id='block_1_88' title="bbox 2185 2495 3684 2573">
    <p class='ocr_par' dir='ltr' id='par_1_88' title="bbox 2185 2495 3684 2573">
     <span class='ocr_line' id='line_1_89' title="bbox 2185 2495 3684 2573; baseline 0.003 -25"><span class='ocrx_word' id='word_1_677' title='bbox 2185 2495 2426 2549; x_wconf 70' lang='lat' dir='ltr'><strong>Praesens</strong></span> <span class='ocrx_word' id='word_1_678' title='bbox 2475 2495 2707 2573; x_wconf 72' lang='lat' dir='ltr'><strong>psalmus</strong></span> <span class='ocrx_word' id='word_1_679' title='bbox 2757 2506 2810 2549; x_wconf 88' lang='lat' dir='ltr'><strong>et</strong></span> <span class='ocrx_word' id='word_1_680' title='bbox 2861 2497 3205 2573; x_wconf 73' lang='lat' dir='ltr'><strong>ceutesimus_</strong></span> <span class='ocrx_word' id='word_1_681' title='bbox 3243 2496 3684 2573; x_wconf 76' lang='lat' dir='ltr'><strong>quadragesimus</strong></span> 
     </span>
    </p>
   </div>
   <div class='ocr_carea' id='block_1_89' title="bbox 2110 2567 3686 2635">
    <p class='ocr_par' dir='ltr' id='par_1_89' title="bbox 2110 2567 3686 2635">
     <span class='ocr_line' id='line_1_90' title="bbox 2110 2567 3686 2635; baseline 0.003 -19"><span class='ocrx_word' id='word_1_682' title='bbox 2110 2578 2329 2617; x_wconf 85' lang='lat' dir='ltr'><strong>oetavus</strong></span> <span class='ocrx_word' id='word_1_683' title='bbox 2340 2567 2765 2619; x_wconf 88' lang='lat' dir='ltr'><strong>consideratione</strong></span> <span class='ocrx_word' id='word_1_684' title='bbox 2787 2577 3149 2620; x_wconf 86' lang='lat' dir='ltr'><strong>creaturarum</strong></span> <span class='ocrx_word' id='word_1_685' title='bbox 3177 2567 3265 2620; x_wconf 89' lang='lat' dir='ltr'><strong>Dei</strong></span> <span class='ocrx_word' id='word_1_686' title='bbox 3287 2571 3336 2619; x_wconf 88' lang='lat' dir='ltr'><strong>in</strong></span> <span class='ocrx_word' id='word_1_687' title='bbox 3356 2568 3472 2635; x_wconf 87' lang='lat' dir='ltr'><strong>ejus</strong></span> <span class='ocrx_word' id='word_1_688' title='bbox 3486 2567 3686 2621; x_wconf 56' lang='lat' dir='ltr'><strong>canuit-</strong></span> 
     </span>
    </p>
   </div>
   <div class='ocr_carea' id='block_1_90' title="bbox 2115 2635 3595 2691">
    <p class='ocr_par' dir='ltr' id='par_1_90' title="bbox 2115 2635 3595 2691">
     <span class='ocr_line' id='line_1_91' title="bbox 2115 2635 3595 2691; baseline 0.003 -5"><span class='ocrx_word' id='word_1_689' title='bbox 2115 2645 2200 2687; x_wconf 90' lang='lat' dir='ltr'><strong>tur</strong></span> <span class='ocrx_word' id='word_1_690' title='bbox 2227 2635 2461 2688; x_wconf 88' lang='lat' dir='ltr'><strong>laudem.</strong></span> <span class='ocrx_word' id='word_1_691' title='bbox 2498 2636 2667 2688; x_wconf 86' lang='lat' dir='ltr'><strong>Aliter</strong></span> <span class='ocrx_word' id='word_1_692' title='bbox 2700 2651 2799 2688; x_wconf 85' lang='lat' dir='ltr'><strong>vox</strong></span> <span class='ocrx_word' id='word_1_693' title='bbox 2835 2636 3093 2690; x_wconf 52' lang='lat' dir='ltr'><strong>Ecclwsia:</strong></span> <span class='ocrx_word' id='word_1_694' title='bbox 3122 2639 3383 2691; x_wconf 87' lang='lat' dir='ltr'><strong>laudantis</strong></span> <span class='ocrx_word' id='word_1_695' title='bbox 3411 2640 3595 2691; x_wconf 87' lang='lat' dir='ltr'><strong>Deum.</strong></span> 
     </span>
    </p>
   </div>
   <div class='ocr_carea' id='block_1_91' title="bbox 2737 2743 3085 2783">
    <p class='ocr_par' dir='ltr' id='par_1_91' title="bbox 2737 2743 3085 2783">
     <span class='ocr_line' id='line_1_92' title="bbox 2737 2743 3085 2783; baseline 0.011 -4"><span class='ocrx_word' id='word_1_696' title='bbox 2737 2743 2999 2781; x_wconf 67' lang='lat' dir='ltr'><strong>EXPLANA&#39;I</strong></span> <span class='ocrx_word' id='word_1_697' title='bbox 3012 2744 3085 2783; x_wconf 83' lang='grc'><strong>10.</strong></span> 
     </span>
    </p>
   </div>
   <div class='ocr_carea' id='block_1_92' title="bbox 2184 2793 3691 2865">
    <p class='ocr_par' dir='ltr' id='par_1_92' title="bbox 2184 2793 3691 2865">
     <span class='ocr_line' id='line_1_93' title="bbox 2184 2793 3691 2865; baseline 0.004 -20"><span class='ocrx_word' id='word_1_698' title='bbox 2184 2793 2349 2847; x_wconf 78' lang='lat' dir='ltr'><strong>David</strong></span> <span class='ocrx_word' id='word_1_699' title='bbox 2378 2812 2641 2865; x_wconf 85' lang='lat' dir='ltr'><strong>personam</strong></span> <span class='ocrx_word' id='word_1_700' title='bbox 2685 2796 2937 2865; x_wconf 79' lang='lat' dir='ltr'><strong>loquentis</strong></span> <span class='ocrx_word' id='word_1_701' title='bbox 2980 2801 3191 2860; x_wconf 87' lang='lat' dir='ltr'><strong>indica&#39;,</strong></span> <span class='ocrx_word' id='word_1_702' title='bbox 3222 2808 3269 2851; x_wconf 87' lang='lat' dir='ltr'><strong>et</strong></span> <span class='ocrx_word' id='word_1_703' title='bbox 3303 2808 3487 2851; x_wconf 63' lang='lat' dir='ltr'><strong>caetera</strong></span> <span class='ocrx_word' id='word_1_704' title='bbox 3520 2799 3691 2851; x_wconf 70' lang='lat' dir='ltr'><strong>omn’a</strong></span> 
     </span>
    </p>
   </div>
   <div class='ocr_carea' id='block_1_93' title="bbox 2113 2864 3694 2937">
    <p class='ocr_par' dir='ltr' id='par_1_93' title="bbox 2113 2864 3694 2937">
     <span class='ocr_line' id='line_1_94' title="bbox 2113 2864 3694 2937; baseline 0.002 -21"><span class='ocrx_word' id='word_1_705' title='bbox 2113 2864 2329 2937; x_wconf 84' lang='lat' dir='ltr'><strong>Domino</strong></span> <span class='ocrx_word' id='word_1_706' title='bbox 2377 2864 2578 2918; x_wconf 76' lang='lat' dir='ltr'><strong>Christo</strong></span> <span class='ocrx_word' id='word_1_707' title='bbox 2607 2878 2858 2937; x_wconf 74' lang='lat' dir='ltr'><strong>canuntur</strong></span> <span class='ocrx_word' id='word_1_708' title='bbox 2882 2909 2896 2931; x_wconf 94' lang='lat'><strong>,</strong></span> <span class='ocrx_word' id='word_1_709' title='bbox 2930 2870 3015 2936; x_wconf 84' lang='lat' dir='ltr'><strong>qui</strong></span> <span class='ocrx_word' id='word_1_710' title='bbox 3046 2880 3241 2921; x_wconf 81' lang='lat' dir='ltr'><strong>creator</strong></span> <span class='ocrx_word' id='word_1_711' title='bbox 3266 2911 3277 2927; x_wconf 85' lang='grc'><strong>,</strong></span> <span class='ocrx_word' id='word_1_712' title='bbox 3308 2868 3619 2937; x_wconf 83' lang='lat' dir='ltr'><strong>gubernator</strong></span> <span class='ocrx_word' id='word_1_713' title='bbox 3646 2880 3694 2920; x_wconf 86' lang='lat' dir='ltr'><strong>et</strong></span> 
     </span>
    </p>
   </div>
   <div class='ocr_carea' id='block_1_94' title="bbox 2110 2935 3694 3007">
    <p class='ocr_par' dir='ltr' id='par_1_94' title="bbox 2110 2935 3694 3007">
     <span class='ocr_line' id='line_1_95' title="bbox 2110 2935 3694 3007; baseline 0.003 -22"><span class='ocrx_word' id='word_1_714' title='bbox 2110 2935 2398 3001; x_wconf 72' lang='lat' dir='ltr'><strong>redemptor</strong></span> <span class='ocrx_word' id='word_1_715' title='bbox 2426 2946 2497 2988; x_wconf 88' lang='lat' dir='ltr'><strong>est</strong></span> <span class='ocrx_word' id='word_1_716' title='bbox 2530 2936 2723 2989; x_wconf 80' lang='lat' dir='ltr'><strong>mundi.</strong></span> <span class='ocrx_word' id='word_1_717' title='bbox 2763 2935 3021 3007; x_wconf 73' lang='lat' dir='ltr'><strong>Prop/tela</strong></span> <span class='ocrx_word' id='word_1_718' title='bbox 3051 2942 3220 2990; x_wconf 81' lang='lat' dir='ltr'><strong>volens</strong></span> <span class='ocrx_word' id='word_1_719' title='bbox 3269 2935 3531 2991; x_wconf 74' lang='lat' dir='ltr'><strong>ostendere</strong></span> <span class='ocrx_word' id='word_1_720' title='bbox 3569 2955 3694 2990; x_wconf 79' lang='lat' dir='ltr'><strong>ron-</strong></span> 
     </span>
    </p>
   </div>
   <div class='ocr_carea' id='block_1_95' title="bbox 2111 3006 3692 3076">
    <p class='ocr_par' dir='ltr' id='par_1_95' title="bbox 2111 3006 3692 3076">
     <span class='ocr_line' id='line_1_96' title="bbox 2111 3006 3692 3076; baseline 0.003 -21"><span class='ocrx_word' id='word_1_721' title='bbox 2111 3007 2353 3056; x_wconf 85' lang='lat' dir='ltr'><strong>ditionem</strong></span> <span class='ocrx_word' id='word_1_722' title='bbox 2399 3021 2570 3058; x_wconf 84' lang='lat' dir='ltr'><strong>rerum</strong></span> <span class='ocrx_word' id='word_1_723' title='bbox 2616 3006 2789 3057; x_wconf 79' lang='lat' dir='ltr'><strong>divina</strong></span> <span class='ocrx_word' id='word_1_724' title='bbox 2850 3010 3139 3075; x_wconf 82' lang='lat' dir='ltr'><strong>signi/icore</strong></span> <span class='ocrx_word' id='word_1_725' title='bbox 3193 3011 3431 3076; x_wconf 75' lang='lat' dir='ltr'><strong>mysteria</strong></span> <span class='ocrx_word' id='word_1_726' title='bbox 3460 3050 3474 3067; x_wconf 87' lang='lat'><strong>,</strong></span> <span class='ocrx_word' id='word_1_727' title='bbox 3528 3024 3692 3074; x_wconf 79' lang='lat' dir='ltr'><strong>primo</strong></span> 
     </span>
    </p>
   </div>
   <div class='ocr_carea' id='block_1_96' title="bbox 2115 3075 3695 3142">
    <p class='ocr_par' dir='ltr' id='par_1_96' title="bbox 2115 3075 3695 3142">
     <span class='ocr_line' id='line_1_97' title="bbox 2115 3075 3695 3142; baseline 0.003 -18"><span class='ocrx_word' id='word_1_728' title='bbox 2115 3076 2269 3125; x_wconf 73' lang='lat' dir='ltr'><strong>modo</strong></span> <span class='ocrx_word' id='word_1_729' title='bbox 2304 3090 2392 3142; x_wconf 81' lang='lat' dir='ltr'><strong>per</strong></span> <span class='ocrx_word' id='word_1_730' title='bbox 2424 3076 2668 3142; x_wconf 75' lang='lat' dir='ltr'><strong>fabricant</strong></span> <span class='ocrx_word' id='word_1_731' title='bbox 2704 3075 2815 3127; x_wconf 74' lang='lat' dir='ltr'><strong>cali</strong></span> <span class='ocrx_word' id='word_1_732' title='bbox 2859 3089 2901 3128; x_wconf 87' lang='lat' dir='ltr'><strong>et</strong></span> <span class='ocrx_word' id='word_1_733' title='bbox 2935 3086 3081 3129; x_wconf 75' lang='lat' dir='ltr'><strong>terra:</strong></span> <span class='ocrx_word' id='word_1_734' title='bbox 3108 3119 3121 3141; x_wconf 94' lang='lat'><strong>,</strong></span> <span class='ocrx_word' id='word_1_735' title='bbox 3153 3075 3340 3131; x_wconf 68' lang='lat' dir='ltr'><strong>Christi</strong></span> <span class='ocrx_word' id='word_1_736' title='bbox 3370 3088 3415 3130; x_wconf 82' lang='lat' dir='ltr'><strong>et</strong></span> <span class='ocrx_word' id='word_1_737' title='bbox 3450 3076 3695 3130; x_wconf 63' lang='lat' dir='ltr'><strong>Ecclesia</strong></span> 
     </span>
    </p>
   </div>
   <div class='ocr_carea' id='block_1_97' title="bbox 2113 3146 3692 3213">
    <p class='ocr_par' dir='ltr' id='par_1_97' title="bbox 2113 3146 3692 3213">
     <span class='ocr_line' id='line_1_98' title="bbox 2113 3146 3692 3213; baseline 0.002 -18"><span class='ocrx_word' id='word_1_738' title='bbox 2113 3156 2430 3195; x_wconf 84' lang='lat' dir='ltr'><strong>sacramenta</strong></span> <span class='ocrx_word' id='word_1_739' title='bbox 2475 3147 2726 3197; x_wconf 83' lang='lat' dir='ltr'><strong>decantat.</strong></span> <span class='ocrx_word' id='word_1_740' title='bbox 2770 3146 3005 3199; x_wconf 81' lang='lat' dir='ltr'><strong>Secundo</strong></span> <span class='ocrx_word' id='word_1_741' title='bbox 3046 3164 3222 3213; x_wconf 79' lang='lat' dir='ltr'><strong>operas</strong></span> <span class='ocrx_word' id='word_1_742' title='bbox 3255 3148 3459 3200; x_wconf 83' lang='lat' dir='ltr'><strong>Domini</strong></span> <span class='ocrx_word' id='word_1_743' title='bbox 3488 3148 3692 3199; x_wconf 74' lang='lat' dir='ltr'><strong>diversis</strong></span> 
     </span>
    </p>
   </div>
   <div class='ocr_carea' id='block_1_98' title="bbox 2037 3213 3691 3286">
    <p class='ocr_par' dir='ltr' id='par_1_98' title="bbox 2037 3213 3691 3286">
     <span class='ocr_line' id='line_1_99' title="bbox 2037 3213 3691 3286; baseline 0.004 -24"><span class='ocrx_word' id='word_1_744' title='bbox 2037 3223 2083 3285; x_wconf 68' lang='grc' dir='ltr'>ο</span> <span class='ocrx_word' id='word_1_745' title='bbox 2113 3213 2291 3286; x_wconf 80' lang='lat' dir='ltr'><strong>ﬁguris</strong></span> <span class='ocrx_word' id='word_1_746' title='bbox 2321 3222 2475 3265; x_wconf 87' lang='lat' dir='ltr'><strong>tectas</strong></span> <span class='ocrx_word' id='word_1_747' title='bbox 2501 3225 2779 3286; x_wconf 80' lang='lat' dir='ltr'><strong>enumerat.</strong></span> <span class='ocrx_word' id='word_1_748' title='bbox 2815 3215 2982 3268; x_wconf 84' lang='lat' dir='ltr'><strong>Tertio</strong></span> <span class='ocrx_word' id='word_1_749' title='bbox 3014 3218 3276 3286; x_wconf 78' lang='lat' dir='ltr'><strong>proﬁtetur</strong></span> <span class='ocrx_word' id='word_1_750' title='bbox 3308 3218 3358 3268; x_wconf 83' lang='lat' dir='ltr'><strong>in</strong></span> <span class='ocrx_word' id='word_1_751' title='bbox 3389 3219 3478 3269; x_wconf 81' lang='lat' dir='ltr'><strong>illo</strong></span> <span class='ocrx_word' id='word_1_752' title='bbox 3507 3228 3691 3269; x_wconf 67' lang='lat' dir='ltr'><strong>(eterna</strong></span> 
     </span>
    </p>
   </div>
   <div class='ocr_carea' id='block_1_99' title="bbox 2116 3284 3692 3356">
    <p class='ocr_par' dir='ltr' id='par_1_99' title="bbox 2116 3284 3692 3356">
     <span class='ocr_line' id='line_1_100' title="bbox 2116 3284 3692 3356; baseline 0.005 -23"><span class='ocrx_word' id='word_1_753' title='bbox 2116 3284 2580 3356; x_wconf 6' lang='lat' dir='ltr'><strong>siccatouprteconia</strong></span> <span class='ocrx_word' id='word_1_754' title='bbox 2615 3284 2814 3336; x_wconf 71' lang='grc' dir='ltr'>υυηιὶιιι</span> <span class='ocrx_word' id='word_1_755' title='bbox 2836 3284 3032 3355; x_wconf 75' lang='lat' dir='ltr'><strong>jngiter</strong></span> <span class='ocrx_word' id='word_1_756' title='bbox 3066 3303 3117 3339; x_wconf 86' lang='lat' dir='ltr'><strong>se</strong></span> <span class='ocrx_word' id='word_1_757' title='bbox 3142 3304 3248 3340; x_wconf 78' lang='lat' dir='ltr'><strong>esse</strong></span> <span class='ocrx_word' id='word_1_758' title='bbox 3276 3291 3554 3355; x_wconf 74' lang='lat' dir='ltr'><strong>dicturum,</strong></span> <span class='ocrx_word' id='word_1_759' title='bbox 3578 3301 3692 3356; x_wconf 62' lang='lat' dir='ltr'><strong>qun</strong></span> 
     </span>
    </p>
   </div>
   <div class='ocr_carea' id='block_1_100' title="bbox 2118 3353 3341 3412">
    <p class='ocr_par' dir='ltr' id='par_1_100' title="bbox 2118 3353 3341 3412">
     <span class='ocr_line' id='line_1_101' title="bbox 2118 3353 3341 3412; baseline 0.007 -8"><span class='ocrx_word' id='word_1_760' title='bbox 2118 3353 2270 3405; x_wconf 85' lang='lat' dir='ltr'><strong>etiam</strong></span> <span class='ocrx_word' id='word_1_761' title='bbox 2295 3354 2346 3404; x_wconf 87' lang='lat' dir='ltr'><strong>in</strong></span> <span class='ocrx_word' id='word_1_762' title='bbox 2370 3354 2465 3406; x_wconf 86' lang='lat' dir='ltr'><strong>Itac</strong></span> <span class='ocrx_word' id='word_1_763' title='bbox 2492 3358 2605 3407; x_wconf 75' lang='lat' dir='ltr'><strong>vita:</strong></span> <span class='ocrx_word' id='word_1_764' title='bbox 2634 3370 2742 3407; x_wconf 70' lang='lat' dir='ltr'><strong>sua:</strong></span> <span class='ocrx_word' id='word_1_765' title='bbox 2771 3353 3008 3408; x_wconf 73' lang='lat' dir='ltr'><strong>brevitate</strong></span> <span class='ocrx_word' id='word_1_766' title='bbox 3037 3366 3228 3410; x_wconf 69' lang='lat' dir='ltr'><strong>rantuv.</strong></span> <span class='ocrx_word' id='word_1_767' title='bbox 3244 3369 3341 3412; x_wconf 87' lang='lat' dir='ltr'><strong>rat.</strong></span> 
     </span>
    </p>
   </div>
   <div class='ocr_carea' id='block_1_101' title="bbox 2688 3461 3109 3502">
    <p class='ocr_par' dir='ltr' id='par_1_101' title="bbox 2688 3461 3109 3502">
     <span class='ocr_line' id='line_1_102' title="bbox 2688 3461 3109 3502; baseline 0.002 -2"><span class='ocrx_word' id='word_1_768' title='bbox 2688 3461 3109 3502; x_wconf 63' lang='grc' dir='ltr'>ϐοιιιιιίΝτειιιιυε.</span> 
     </span>
    </p>
   </div>
   <div class='ocr_carea' id='block_1_102' title="bbox 2205 3514 3691 3588">
    <p class='ocr_par' dir='ltr' id='par_1_102' title="bbox 2205 3514 3691 3588">
     <span class='ocr_line' id='line_1_103' title="bbox 2205 3514 3691 3588; baseline 0.003 -21"><span class='ocrx_word' id='word_1_769' title='bbox 2205 3514 2425 3588; x_wconf 73' lang='lat' dir='ltr'><strong>Benedic</strong></span> <span class='ocrx_word' id='word_1_770' title='bbox 2466 3516 2639 3568; x_wconf 82' lang='lat' dir='ltr'><strong>animo</strong></span> <span class='ocrx_word' id='word_1_771' title='bbox 2684 3533 2791 3588; x_wconf 63' lang='lat' dir='ltr'><strong>mea</strong></span> <span class='ocrx_word' id='word_1_772' title='bbox 2835 3518 3068 3571; x_wconf 84' lang='lat' dir='ltr'><strong>Domino.</strong></span> <span class='ocrx_word' id='word_1_773' title='bbox 3105 3517 3341 3571; x_wconf 84' lang='lat' dir='ltr'><strong>Psalmus</strong></span> <span class='ocrx_word' id='word_1_774' title='bbox 3369 3520 3469 3588; x_wconf 87' lang='lat' dir='ltr'><strong>ipsi</strong></span> <span class='ocrx_word' id='word_1_775' title='bbox 3508 3517 3691 3571; x_wconf 73' lang='lat' dir='ltr'><strong>David.</strong></span> 
     </span>
    </p>
   </div>
   <div class='ocr_carea' id='block_1_103' title="bbox 2126 3584 3695 3655">
    <p class='ocr_par' dir='ltr' id='par_1_103' title="bbox 2126 3584 3695 3655">
     <span class='ocr_line' id='line_1_104' title="bbox 2126 3584 3695 3655; baseline 0.001 -17"><span class='ocrx_word' id='word_1_776' title='bbox 2126 3584 2373 3639; x_wconf 82' lang='lat' dir='ltr'><strong>Audituri</strong></span> <span class='ocrx_word' id='word_1_777' title='bbox 2400 3601 2586 3639; x_wconf 87' lang='lat' dir='ltr'><strong>sumus</strong></span> <span class='ocrx_word' id='word_1_778' title='bbox 2618 3588 2668 3638; x_wconf 90' lang='lat' dir='ltr'><strong>in</strong></span> <span class='ocrx_word' id='word_1_779' title='bbox 2703 3586 2802 3638; x_wconf 75' lang='lat' dir='ltr'><strong>hoc</strong></span> <span class='ocrx_word' id='word_1_780' title='bbox 2835 3589 3037 3654; x_wconf 82' lang='lat' dir='ltr'><strong>psalmo</strong></span> <span class='ocrx_word' id='word_1_781' title='bbox 3070 3605 3276 3655; x_wconf 78' lang='lat' dir='ltr'><strong>magna,</strong></span> <span class='ocrx_word' id='word_1_782' title='bbox 3318 3584 3435 3641; x_wconf 71' lang='lat' dir='ltr'><strong>heia</strong></span> <span class='ocrx_word' id='word_1_783' title='bbox 3478 3600 3532 3641; x_wconf 88' lang='lat' dir='ltr'><strong>et</strong></span> <span class='ocrx_word' id='word_1_784' title='bbox 3581 3593 3695 3654; x_wconf 83' lang='lat' dir='ltr'><strong>pul-</strong></span> 
     </span>
    </p>
   </div>
   <div class='ocr_carea' id='block_1_104' title="bbox 2132 3655 3692 3725">
    <p class='ocr_par' dir='ltr' id='par_1_104' title="bbox 2132 3655 3692 3725">
     <span class='ocr_line' id='line_1_105' title="bbox 2132 3655 3692 3725; baseline 0.003 -18"><span class='ocrx_word' id='word_1_785' title='bbox 2132 3656 2283 3721; x_wconf 86' lang='lat' dir='ltr'><strong>chra,</strong></span> <span class='ocrx_word' id='word_1_786' title='bbox 2316 3655 2709 3725; x_wconf 78' lang='lat' dir='ltr'><strong>desiderabilia,</strong></span> <span class='ocrx_word' id='word_1_787' title='bbox 2749 3670 2799 3709; x_wconf 90' lang='lat' dir='ltr'><strong>et</strong></span> <span class='ocrx_word' id='word_1_788' title='bbox 2848 3659 2999 3725; x_wconf 88' lang='lat' dir='ltr'><strong>plena</strong></span> <span class='ocrx_word' id='word_1_789' title='bbox 3053 3660 3246 3711; x_wconf 73' lang='lat' dir='ltr'><strong>latinia:</strong></span> <span class='ocrx_word' id='word_1_790' title='bbox 3275 3661 3692 3725; x_wconf 78' lang='lat' dir='ltr'><strong>gaudiorumque</strong></span> 
     </span>
    </p>
   </div>
   <div class='ocr_carea' id='block_1_105' title="bbox 2122 3724 3693 3795">
    <p class='ocr_par' dir='ltr' id='par_1_105' title="bbox 2122 3724 3693 3795">
     <span class='ocr_line' id='line_1_106' title="bbox 2122 3724 3693 3795; baseline 0.003 -19"><span class='ocrx_word' id='word_1_791' title='bbox 2122 3738 2345 3777; x_wconf 82' lang='lat' dir='ltr'><strong>munera</strong></span> <span class='ocrx_word' id='word_1_792' title='bbox 2395 3724 2531 3793; x_wconf 85' lang='lat' dir='ltr'><strong>ejus,</strong></span> <span class='ocrx_word' id='word_1_793' title='bbox 2565 3741 2681 3790; x_wconf 73' lang='lat' dir='ltr'><strong>qua:</strong></span> <span class='ocrx_word' id='word_1_794' title='bbox 2726 3724 2857 3792; x_wconf 11' lang='lat' dir='ltr'><strong>jam,</strong></span> <span class='ocrx_word' id='word_1_795' title='bbox 2888 3727 2973 3780; x_wconf 90' lang='lat' dir='ltr'><strong>ille</strong></span> <span class='ocrx_word' id='word_1_796' title='bbox 3015 3732 3102 3795; x_wconf 82' lang='lat' dir='ltr'><strong>qui</strong></span> <span class='ocrx_word' id='word_1_797' title='bbox 3160 3724 3477 3794; x_wconf 81' lang='lat' dir='ltr'><strong>conceperat</strong></span> <span class='ocrx_word' id='word_1_798' title='bbox 3536 3728 3693 3780; x_wconf 89' lang='lat' dir='ltr'><strong>istum</strong></span> 
     </span>
    </p>
   </div>
   <div class='ocr_carea' id='block_1_106' title="bbox 2117 3794 3689 3864">
    <p class='ocr_par' dir='ltr' id='par_1_106' title="bbox 2117 3794 3689 3864">
     <span class='ocr_line' id='line_1_107' title="bbox 2117 3794 3689 3864; baseline 0.001 -17"><span class='ocrx_word' id='word_1_799' title='bbox 2117 3794 2404 3861; x_wconf 78' lang='lat' dir='ltr'><strong>psalmum,</strong></span> <span class='ocrx_word' id='word_1_800' title='bbox 2436 3797 2649 3848; x_wconf 79' lang='lat' dir='ltr'><strong>videbat</strong></span> <span class='ocrx_word' id='word_1_801' title='bbox 2678 3800 2877 3863; x_wconf 76' lang='lat' dir='ltr'><strong>nmmo,</strong></span> <span class='ocrx_word' id='word_1_802' title='bbox 2920 3806 2975 3851; x_wconf 87' lang='lat' dir='ltr'><strong>et</strong></span> <span class='ocrx_word' id='word_1_803' title='bbox 3020 3794 3182 3864; x_wconf 79' lang='lat' dir='ltr'><strong>ipsius</strong></span> <span class='ocrx_word' id='word_1_804' title='bbox 3215 3800 3431 3850; x_wconf 67' lang='lat' dir='ltr'><strong>visionis</strong></span> <span class='ocrx_word' id='word_1_805' title='bbox 3460 3800 3689 3849; x_wconf 75' lang='lat' dir='ltr'><strong>exsulu-</strong></span> 
     </span>
    </p>
   </div>
   <div class='ocr_carea' id='block_1_107' title="bbox 2120 3864 3693 3929">
    <p class='ocr_par' dir='ltr' id='par_1_107' title="bbox 2120 3864 3693 3929">
     <span class='ocr_line' id='line_1_108' title="bbox 2120 3864 3693 3929; baseline 0.003 -14"><span class='ocrx_word' id='word_1_806' title='bbox 2120 3864 2263 3918; x_wconf 89' lang='lat' dir='ltr'><strong>tioue</strong></span> <span class='ocrx_word' id='word_1_807' title='bbox 2291 3869 2591 3918; x_wconf 68' lang='lat' dir='ltr'><strong>cruciabat.</strong></span> <span class='ocrx_word' id='word_1_808' title='bbox 2638 3864 2797 3929; x_wconf 82' lang='lat' dir='ltr'><strong>Quasi</strong></span> <span class='ocrx_word' id='word_1_809' title='bbox 2832 3870 2992 3919; x_wconf 84' lang='lat' dir='ltr'><strong>dicat.</strong></span> <span class='ocrx_word' id='word_1_810' title='bbox 3027 3868 3129 3921; x_wconf 83' lang='lat' dir='ltr'><strong>Pro</strong></span> <span class='ocrx_word' id='word_1_811' title='bbox 3154 3870 3311 3920; x_wconf 89' lang='lat' dir='ltr'><strong>tantis</strong></span> <span class='ocrx_word' id='word_1_812' title='bbox 3341 3868 3614 3921; x_wconf 77' lang='lat' dir='ltr'><strong>beneﬁcus</strong></span> <span class='ocrx_word' id='word_1_813' title='bbox 3641 3880 3693 3920; x_wconf 88' lang='lat' dir='ltr'><strong>et</strong></span> 
     </span>
    </p>
   </div>
   <div class='ocr_carea' id='block_1_108' title="bbox 2120 3936 3687 4007">
    <p class='ocr_par' dir='ltr' id='par_1_108' title="bbox 2120 3936 3687 4007">
     <span class='ocr_line' id='line_1_109' title="bbox 2120 3936 3687 4007; baseline 0.003 -22"><span class='ocrx_word' id='word_1_814' title='bbox 2120 3942 2227 4007; x_wconf 86' lang='lat' dir='ltr'><strong>tam</strong></span> <span class='ocrx_word' id='word_1_815' title='bbox 2260 3938 2464 4001; x_wconf 84' lang='lat' dir='ltr'><strong>magnis</strong></span> <span class='ocrx_word' id='word_1_816' title='bbox 2497 3945 2550 3988; x_wconf 89' lang='lat' dir='ltr'><strong>et</strong></span> <span class='ocrx_word' id='word_1_817' title='bbox 2579 3936 2758 3987; x_wconf 86' lang='lat' dir='ltr'><strong>multis</strong></span> <span class='ocrx_word' id='word_1_818' title='bbox 2791 3939 3095 3992; x_wconf 88' lang='lat' dir='ltr'><strong>muneribus</strong></span> <span class='ocrx_word' id='word_1_819' title='bbox 3140 3940 3424 4007; x_wconf 79' lang='lat' dir='ltr'><strong>gratiarum</strong></span> <span class='ocrx_word' id='word_1_820' title='bbox 3454 3937 3570 4004; x_wconf 90' lang='lat' dir='ltr'><strong>ejus</strong></span> <span class='ocrx_word' id='word_1_821' title='bbox 3600 3941 3687 3989; x_wconf 83' lang='lat' dir='ltr'><strong>be-</strong></span> 
     </span>
    </p>
   </div>
   <div class='ocr_carea' id='block_1_109' title="bbox 2118 4004 3692 4074">
    <p class='ocr_par' dir='ltr' id='par_1_109' title="bbox 2118 4004 3692 4074">
     <span class='ocr_line' id='line_1_110' title="bbox 2118 4004 3692 4074; baseline 0.003 -19"><span class='ocrx_word' id='word_1_822' title='bbox 2118 4004 2263 4056; x_wconf 84' lang='lat' dir='ltr'><strong>nedic</strong></span> <span class='ocrx_word' id='word_1_823' title='bbox 2291 4020 2460 4055; x_wconf 83' lang='lat' dir='ltr'><strong>animo</strong></span> <span class='ocrx_word' id='word_1_824' title='bbox 2491 4021 2599 4056; x_wconf 88' lang='lat' dir='ltr'><strong>mea</strong></span> <span class='ocrx_word' id='word_1_825' title='bbox 2632 4008 2851 4058; x_wconf 67' lang='lat' dir='ltr'><strong>Domi-io</strong></span> <span class='ocrx_word' id='word_1_826' title='bbox 2889 4007 3051 4074; x_wconf 75' lang='lat' dir='ltr'><strong>juste.</strong></span> <span class='ocrx_word' id='word_1_827' title='bbox 3099 4004 3258 4072; x_wconf 75' lang='lat' dir='ltr'><strong>Quasi</strong></span> <span class='ocrx_word' id='word_1_828' title='bbox 3287 4010 3446 4059; x_wconf 88' lang='lat' dir='ltr'><strong>dicat.</strong></span> <span class='ocrx_word' id='word_1_829' title='bbox 3502 4008 3692 4059; x_wconf 85' lang='lat' dir='ltr'><strong>lIorior</strong></span> 
     </span>
    </p>
   </div>
   <div class='ocr_carea' id='block_1_110' title="bbox 2116 4074 3692 4144">
    <p class='ocr_par' dir='ltr' id='par_1_110' title="bbox 2116 4074 3692 4144">
     <span class='ocr_line' id='line_1_111' title="bbox 2116 4074 3692 4144; baseline 0.003 -19"><span class='ocrx_word' id='word_1_830' title='bbox 2116 4077 2350 4144; x_wconf 82' lang='lat' dir='ltr'><strong>animam</strong></span> <span class='ocrx_word' id='word_1_831' title='bbox 2399 4089 2570 4126; x_wconf 80' lang='lat' dir='ltr'><strong>meum</strong></span> <span class='ocrx_word' id='word_1_832' title='bbox 2622 4085 2677 4125; x_wconf 92' lang='lat' dir='ltr'><strong>ut</strong></span> <span class='ocrx_word' id='word_1_833' title='bbox 2729 4086 2780 4129; x_wconf 90' lang='lat' dir='ltr'><strong>te</strong></span> <span class='ocrx_word' id='word_1_834' title='bbox 2826 4077 3122 4141; x_wconf 83' lang='lat' dir='ltr'><strong>benedicat,</strong></span> <span class='ocrx_word' id='word_1_835' title='bbox 3183 4080 3303 4144; x_wconf 88' lang='lat' dir='ltr'><strong>quia</strong></span> <span class='ocrx_word' id='word_1_836' title='bbox 3353 4087 3430 4142; x_wconf 89' lang='lat' dir='ltr'><strong>tu,</strong></span> <span class='ocrx_word' id='word_1_837' title='bbox 3479 4074 3692 4129; x_wconf 78' lang='lat' dir='ltr'><strong>Domine</strong></span> 
     </span>
    </p>
   </div>
   <div class='ocr_carea' id='block_1_111' title="bbox 2124 4142 3691 4214">
    <p class='ocr_par' dir='ltr' id='par_1_111' title="bbox 2124 4142 3691 4214">
     <span class='ocr_line' id='line_1_112' title="bbox 2124 4142 3691 4214; baseline 0.003 -19"><span class='ocrx_word' id='word_1_838' title='bbox 2124 4142 2261 4214; x_wconf 86' lang='lat' dir='ltr'><strong>Deus</strong></span> <span class='ocrx_word' id='word_1_839' title='bbox 2289 4158 2449 4209; x_wconf 88' lang='lat' dir='ltr'><strong>meus,</strong></span> <span class='ocrx_word' id='word_1_840' title='bbox 2480 4146 2835 4213; x_wconf 75' lang='lat' dir='ltr'><strong>magniﬁcatus</strong></span> <span class='ocrx_word' id='word_1_841' title='bbox 2861 4162 2912 4199; x_wconf 85' lang='lat' dir='ltr'><strong>es</strong></span> <span class='ocrx_word' id='word_1_842' title='bbox 2937 4142 3267 4200; x_wconf 77' lang='lat' dir='ltr'><strong>vehementer.</strong></span> <span class='ocrx_word' id='word_1_843' title='bbox 3302 4148 3524 4214; x_wconf 91' lang='lat' dir='ltr'><strong>Semper</strong></span> <span class='ocrx_word' id='word_1_844' title='bbox 3554 4150 3605 4198; x_wconf 89' lang='lat' dir='ltr'><strong>in</strong></span> <span class='ocrx_word' id='word_1_845' title='bbox 3634 4161 3691 4199; x_wconf 86' lang='lat' dir='ltr'><strong>se</strong></span> 
     </span>
    </p>
   </div>
   <div class='ocr_carea' id='block_1_112' title="bbox 2121 4213 3680 4285">
    <p class='ocr_par' dir='ltr' id='par_1_112' title="bbox 2121 4213 3680 4285">
     <span class='ocr_line' id='line_1_113' title="bbox 2121 4213 3680 4285; baseline 0.001 -20"><span class='ocrx_word' id='word_1_846' title='bbox 2121 4213 2379 4266; x_wconf 87' lang='lat' dir='ltr'><strong>Dominus</strong></span> <span class='ocrx_word' id='word_1_847' title='bbox 2431 4229 2652 4285; x_wconf 81' lang='lat' dir='ltr'><strong>magnus</strong></span> <span class='ocrx_word' id='word_1_848' title='bbox 2693 4228 2773 4267; x_wconf 84' lang='lat' dir='ltr'><strong>est</strong></span> <span class='ocrx_word' id='word_1_849' title='bbox 2813 4227 2866 4269; x_wconf 91' lang='lat' dir='ltr'><strong>et</strong></span> <span class='ocrx_word' id='word_1_850' title='bbox 2898 4220 3207 4285; x_wconf 85' lang='lat' dir='ltr'><strong>magu.licns</strong></span> <span class='ocrx_word' id='word_1_851' title='bbox 3228 4217 3386 4270; x_wconf 81' lang='lat' dir='ltr'><strong>etiam</strong></span> <span class='ocrx_word' id='word_1_852' title='bbox 3425 4213 3680 4279; x_wconf 86' lang='lat' dir='ltr'><strong>occultus,</strong></span> 
     </span>
    </p>
   </div>
   <div class='ocr_carea' id='block_1_113' title="bbox 2119 4284 3691 4355">
    <p class='ocr_par' dir='ltr' id='par_1_113' title="bbox 2119 4284 3691 4355">
     <span class='ocr_line' id='line_1_114' title="bbox 2119 4284 3691 4355; baseline 0.001 -20"><span class='ocrx_word' id='word_1_853' title='bbox 2119 4287 2216 4336; x_wconf 84' lang='lat' dir='ltr'><strong>sed</strong></span> <span class='ocrx_word' id='word_1_854' title='bbox 2248 4293 2449 4335; x_wconf 85' lang='lat' dir='ltr'><strong>tantum</strong></span> <span class='ocrx_word' id='word_1_855' title='bbox 2498 4284 2624 4355; x_wconf 81' lang='lat' dir='ltr'><strong>inihi</strong></span> <span class='ocrx_word' id='word_1_856' title='bbox 2674 4284 3039 4353; x_wconf 81' lang='lat' dir='ltr'><strong>magnificatus</strong></span> <span class='ocrx_word' id='word_1_857' title='bbox 3071 4304 3084 4339; x_wconf 93' lang='lat'><strong>:</strong></span> <span class='ocrx_word' id='word_1_858' title='bbox 3116 4290 3234 4355; x_wconf 89' lang='lat' dir='ltr'><strong>quia</strong></span> <span class='ocrx_word' id='word_1_859' title='bbox 3275 4296 3473 4353; x_wconf 87' lang='lat' dir='ltr'><strong>quanto</strong></span> <span class='ocrx_word' id='word_1_860' title='bbox 3527 4300 3691 4354; x_wconf 69' lang='lat' dir='ltr'><strong>magis</strong></span> 
     </span>
    </p>
   </div>
   <div class='ocr_carea' id='block_1_114' title="bbox 2117 4352 3687 4425">
    <p class='ocr_par' dir='ltr' id='par_1_114' title="bbox 2117 4352 3687 4425">
     <span class='ocr_line' id='line_1_115' title="bbox 2117 4352 3687 4425; baseline 0.001 -22"><span class='ocrx_word' id='word_1_861' title='bbox 2117 4366 2276 4420; x_wconf 87' lang='lat' dir='ltr'><strong>opera</strong></span> <span class='ocrx_word' id='word_1_862' title='bbox 2296 4355 2410 4419; x_wconf 89' lang='lat' dir='ltr'><strong>ejus</strong></span> <span class='ocrx_word' id='word_1_863' title='bbox 2432 4368 2464 4425; x_wconf 8' lang='lat' dir='ltr'><strong>ag</strong></span> <span class='ocrx_word' id='word_1_864' title='bbox 2486 4352 2637 4406; x_wconf 88' lang='lat' dir='ltr'><strong>nobis</strong></span> <span class='ocrx_word' id='word_1_865' title='bbox 2666 4352 3037 4422; x_wconf 84' lang='lat' dir='ltr'><strong>intelliguntur,</strong></span> <span class='ocrx_word' id='word_1_866' title='bbox 3056 4352 3198 4408; x_wconf 76' lang='lat' dir='ltr'><strong>tanto</strong></span> <span class='ocrx_word' id='word_1_867' title='bbox 3220 4352 3382 4425; x_wconf 73' lang='lat' dir='ltr'><strong>magis</strong></span> <span class='ocrx_word' id='word_1_868' title='bbox 3403 4356 3555 4425; x_wconf 79' lang='lat' dir='ltr'><strong>nobis</strong></span> <span class='ocrx_word' id='word_1_869' title='bbox 3578 4352 3687 4425; x_wconf 73' lang='lat' dir='ltr'><strong>ina-</strong></span> 
     </span>
    </p>
   </div>
   <div class='ocr_carea' id='block_1_115' title="bbox 2118 4420 3690 4496">
    <p class='ocr_par' dir='ltr' id='par_1_115' title="bbox 2118 4420 3690 4496">
     <span class='ocr_line' id='line_1_116' title="bbox 2118 4420 3690 4496; baseline 0.003 -23"><span class='ocrx_word' id='word_1_870' title='bbox 2118 4426 2413 4496; x_wconf 78' lang='lat' dir='ltr'><strong>gtnlicatur.</strong></span> <span class='ocrx_word' id='word_1_871' title='bbox 2450 4423 2512 4474; x_wconf 77' lang='lat' dir='ltr'><strong>Et</strong></span> <span class='ocrx_word' id='word_1_872' title='bbox 2537 4426 2705 4476; x_wconf 81' lang='lat' dir='ltr'><strong>vnleie</strong></span> <span class='ocrx_word' id='word_1_873' title='bbox 2728 4420 3176 4496; x_wconf 70' lang='lat' dir='ltr'><strong>magnilicaopesa</strong></span> <span class='ocrx_word' id='word_1_874' title='bbox 3208 4420 3519 4492; x_wconf 55' lang='lat' dir='ltr'><strong>illafquillus</strong></span> <span class='ocrx_word' id='word_1_875' title='bbox 3546 4439 3572 4477; x_wconf 90' lang='lat' dir='ltr'><strong>s</strong></span> <span class='ocrx_word' id='word_1_876' title='bbox 3610 4424 3690 4477; x_wconf 81' lang='lat' dir='ltr'><strong>lus</strong></span> 
     </span>
    </p>
   </div>
   <div class='ocr_carea' id='block_1_116' title="bbox 2123 4492 3690 4565">
    <p class='ocr_par' dir='ltr' id='par_1_116' title="bbox 2123 4492 3690 4565">
     <span class='ocr_line' id='line_1_117' title="bbox 2123 4492 3690 4565; baseline 0.001 -22"><span class='ocrx_word' id='word_1_877' title='bbox 2123 4492 2411 4565; x_wconf 81' lang='lat' dir='ltr'><strong>laudandus</strong></span> <span class='ocrx_word' id='word_1_878' title='bbox 2434 4500 2514 4565; x_wconf 78' lang='lat' dir='ltr'><strong>est</strong></span> <span class='ocrx_word' id='word_1_879' title='bbox 2537 4503 2718 4545; x_wconf 87' lang='lat' dir='ltr'><strong>auctor</strong></span> <span class='ocrx_word' id='word_1_880' title='bbox 2738 4496 2970 4548; x_wconf 91' lang='lat' dir='ltr'><strong>omnium</strong></span> <span class='ocrx_word' id='word_1_881' title='bbox 3001 4492 3414 4565; x_wconf 71' lang='lat' dir='ltr'><strong>tnElgnilicorum,</strong></span> <span class='ocrx_word' id='word_1_882' title='bbox 3431 4498 3531 4547; x_wconf 89' lang='lat' dir='ltr'><strong>hoc</strong></span> <span class='ocrx_word' id='word_1_883' title='bbox 3548 4496 3690 4545; x_wconf 85' lang='lat' dir='ltr'><strong>scili-</strong></span> 
     </span>
    </p>
   </div>
   <div class='ocr_carea' id='block_1_117' title="bbox 461 4560 3690 4646">
    <p class='ocr_par' dir='ltr' id='par_1_117' title="bbox 461 4560 3690 4646">
     <span class='ocr_line' id='line_1_118' title="bbox 461 4560 3690 4646; baseline -0.004 -17"><span class='ocrx_word' id='word_1_884' title='bbox 461 4560 581 4646; x_wconf 67' lang='lat' dir='ltr'><strong>quia</strong></span> <span class='ocrx_word' id='word_1_885' title='bbox 611 4560 915 4643; x_wconf 59' lang='lat' dir='ltr'><strong>judicabnut</strong></span> <span class='ocrx_word' id='word_1_886' title='bbox 942 4568 1110 4646; x_wconf 71' lang='lat' dir='ltr'><strong>sancti</strong></span> <span class='ocrx_word' id='word_1_887' title='bbox 1142 4565 1381 4646; x_wconf 80' lang='lat' dir='ltr'><strong>nationes</strong></span> <span class='ocrx_word' id='word_1_888' title='bbox 1423 4568 1519 4617; x_wconf 92' lang='lat' dir='ltr'><strong>hos</strong></span> <span class='ocrx_word' id='word_1_889' title='bbox 1551 4568 1778 4646; x_wconf 58' lang='lat' dir='ltr'><strong>quidem</strong></span> <span class='ocrx_word' id='word_1_890' title='bbox 1808 4582 2017 4646; x_wconf 84' lang='lat' dir='ltr'><strong>compa-</strong></span> <span class='ocrx_word' id='word_1_891' title='bbox 2049 4570 2100 4630; x_wconf 79' lang='grc' dir='ltr'>ι)</span> <span class='ocrx_word' id='word_1_892' title='bbox 2126 4560 2448 4628; x_wconf 81' lang='lat' dir='ltr'><strong>let,lnduisti</strong></span> <span class='ocrx_word' id='word_1_893' title='bbox 2472 4566 2833 4646; x_wconf 65' lang='lat' dir='ltr'><strong>confessionem</strong></span> <span class='ocrx_word' id='word_1_894' title='bbox 2864 4578 2907 4617; x_wconf 83' lang='lat' dir='ltr'><strong>et</strong></span> <span class='ocrx_word' id='word_1_895' title='bbox 2929 4560 3378 4646; x_wconf 32' lang='lat' dir='ltr'><strong>decorem..Siquis</strong></span> <span class='ocrx_word' id='word_1_896' title='bbox 3400 4567 3512 4617; x_wconf 77' lang='lat' dir='ltr'><strong>vult</strong></span> <span class='ocrx_word' id='word_1_897' title='bbox 3534 4565 3690 4646; x_wconf 67' lang='lat' dir='ltr'><strong>vesti-</strong></span> 
     </span>
    </p>
   </div>
   <div class='ocr_carea' id='block_1_118' title="bbox 462 4637 2018 4702">
    <p class='ocr_par' dir='ltr' id='par_1_118' title="bbox 462 4637 2018 4702">
     <span class='ocr_line' id='line_1_119' title="bbox 462 4637 2018 4702; baseline -0.006 -1"><span class='ocrx_word' id='word_1_898' title='bbox 462 4637 668 4701; x_wconf 52' lang='lat' dir='ltr'><strong>i&#39;atioi&#39;te</strong></span> <span class='ocrx_word' id='word_1_899' title='bbox 695 4657 787 4696; x_wconf 80' lang='lat' dir='ltr'><strong>sua</strong></span> <span class='ocrx_word' id='word_1_900' title='bbox 815 4639 1092 4692; x_wconf 86' lang='lat' dir='ltr'><strong>statuendo</strong></span> <span class='ocrx_word' id='word_1_901' title='bbox 1116 4640 1181 4689; x_wconf 90' lang='lat' dir='ltr'><strong>ad</strong></span> <span class='ocrx_word' id='word_1_902' title='bbox 1210 4638 1509 4702; x_wconf 82' lang='lat' dir='ltr'><strong>dexteram,</strong></span> <span class='ocrx_word' id='word_1_903' title='bbox 1551 4637 1667 4689; x_wconf 87' lang='lat' dir='ltr'><strong>illos</strong></span> <span class='ocrx_word' id='word_1_904' title='bbox 1696 4652 1821 4689; x_wconf 87' lang='lat' dir='ltr'><strong>vero</strong></span> <span class='ocrx_word' id='word_1_905' title='bbox 1848 4640 1911 4689; x_wconf 91' lang='lat' dir='ltr'><strong>ad</strong></span> <span class='ocrx_word' id='word_1_906' title='bbox 1943 4639 2018 4691; x_wconf 84' lang='lat' dir='ltr'><strong>si-</strong></span> 
     </span>
    </p>
   </div>
   <div class='ocr_carea' id='block_1_119' title="bbox 464 4706 2019 4776">
    <p class='ocr_par' dir='ltr' id='par_1_119' title="bbox 464 4706 2019 4776">
     <span class='ocr_line' id='line_1_120' title="bbox 464 4706 2019 4776; baseline -0.006 -6"><span class='ocrx_word' id='word_1_907' title='bbox 464 4718 707 4776; x_wconf 88' lang='lat' dir='ltr'><strong>nistram,</strong></span> <span class='ocrx_word' id='word_1_908' title='bbox 738 4720 792 4763; x_wconf 92' lang='lat' dir='ltr'><strong>et</strong></span> <span class='ocrx_word' id='word_1_909' title='bbox 822 4710 872 4762; x_wconf 90' lang='lat' dir='ltr'><strong>in</strong></span> <span class='ocrx_word' id='word_1_910' title='bbox 903 4710 986 4761; x_wconf 90' lang='lat' dir='ltr'><strong>bis</strong></span> <span class='ocrx_word' id='word_1_911' title='bbox 1015 4708 1103 4775; x_wconf 91' lang='lat' dir='ltr'><strong>qui</strong></span> <span class='ocrx_word' id='word_1_912' title='bbox 1131 4708 1195 4776; x_wconf 88' lang='lat' dir='ltr'><strong>ad</strong></span> <span class='ocrx_word' id='word_1_913' title='bbox 1224 4706 1497 4759; x_wconf 83' lang='lat' dir='ltr'><strong>dexteram</strong></span> <span class='ocrx_word' id='word_1_914' title='bbox 1522 4721 1625 4758; x_wconf 89' lang='lat' dir='ltr'><strong>non</strong></span> <span class='ocrx_word' id='word_1_915' title='bbox 1657 4708 1754 4760; x_wconf 85' lang='lat' dir='ltr'><strong>erit</strong></span> <span class='ocrx_word' id='word_1_916' title='bbox 1787 4708 2019 4760; x_wconf 91' lang='lat' dir='ltr'><strong>irremu-</strong></span> 
     </span>
    </p>
   </div>
   <div class='ocr_carea' id='block_1_120' title="bbox 463 4775 2020 4850">
    <p class='ocr_par' dir='ltr' id='par_1_120' title="bbox 463 4775 2020 4850">
     <span class='ocr_line' id='line_1_121' title="bbox 463 4775 2020 4850; baseline -0.006 -11"><span class='ocrx_word' id='word_1_917' title='bbox 463 4797 641 4838; x_wconf 83' lang='lat' dir='ltr'><strong>nerata</strong></span> <span class='ocrx_word' id='word_1_918' title='bbox 666 4775 886 4850; x_wconf 86' lang='lat' dir='ltr'><strong>justitia,</strong></span> <span class='ocrx_word' id='word_1_919' title='bbox 920 4793 1018 4831; x_wconf 87' lang='lat' dir='ltr'><strong>nec</strong></span> <span class='ocrx_word' id='word_1_920' title='bbox 1048 4779 1099 4830; x_wconf 90' lang='lat' dir='ltr'><strong>in</strong></span> <span class='ocrx_word' id='word_1_921' title='bbox 1132 4775 1212 4829; x_wconf 89' lang='lat' dir='ltr'><strong>his</strong></span> <span class='ocrx_word' id='word_1_922' title='bbox 1240 4776 1327 4842; x_wconf 89' lang='lat' dir='ltr'><strong>qui</strong></span> <span class='ocrx_word' id='word_1_923' title='bbox 1360 4777 1425 4828; x_wconf 89' lang='lat' dir='ltr'><strong>ad</strong></span> <span class='ocrx_word' id='word_1_924' title='bbox 1455 4776 1726 4828; x_wconf 83' lang='lat' dir='ltr'><strong>sinistram</strong></span> <span class='ocrx_word' id='word_1_925' title='bbox 1760 4776 2020 4843; x_wconf 86' lang='lat' dir='ltr'><strong>impunita</strong></span> 
     </span>
    </p>
   </div>
   <div class='ocr_carea' id='block_1_121' title="bbox 460 4864 712 4909">
    <p class='ocr_par' dir='ltr' id='par_1_121' title="bbox 460 4864 712 4909">
     <span class='ocr_line' id='line_1_122' title="bbox 460 4864 712 4909; baseline -0.02 -1"><span class='ocrx_word' id='word_1_926' title='bbox 460 4864 712 4909; x_wconf 88' lang='lat' dir='ltr'><strong>neumtta.</strong></span> 
     </span>
    </p>
   </div>
   <div class='ocr_carea' id='block_1_122' title="bbox 531 4870 2025 4985">
    <p class='ocr_par' dir='ltr' id='par_1_122' title="bbox 531 4870 2025 4985">
     <span class='ocr_line' id='line_1_123' title="bbox 531 4870 2025 4985; baseline -0.007 -9"><span class='ocrx_word' id='word_1_927' title='bbox 531 4870 841 4975; x_wconf 42' lang='lat' dir='ltr'><strong>gleiileailicite.</strong></span> <span class='ocrx_word' id='word_1_928' title='bbox 890 4917 1121 4985; x_wconf 81' lang='lat' dir='ltr'><strong>Angelos</strong></span> <span class='ocrx_word' id='word_1_929' title='bbox 1167 4915 1252 4968; x_wconf 90' lang='lat' dir='ltr'><strong>hic</strong></span> <span class='ocrx_word' id='word_1_930' title='bbox 1282 4913 1472 4979; x_wconf 83' lang='lat' dir='ltr'><strong>aecipit</strong></span> <span class='ocrx_word' id='word_1_931' title='bbox 1503 4914 1644 4981; x_wconf 68' lang='lat' dir='ltr'><strong>prmd</strong></span> <span class='ocrx_word' id='word_1_932' title='bbox 1668 4928 1874 4968; x_wconf 77' lang='lat' dir='ltr'><strong>calores</strong></span> <span class='ocrx_word' id='word_1_933' title='bbox 1901 4931 2025 4967; x_wconf 87' lang='lat' dir='ltr'><strong>san-</strong></span> 
     </span>
    </p>
   </div>
   <div class='ocr_carea' id='block_1_123' title="bbox 461 4985 2024 5051">
    <p class='ocr_par' dir='ltr' id='par_1_123' title="bbox 461 4985 2024 5051">
     <span class='ocr_line' id='line_1_124' title="bbox 461 4985 2024 5051; baseline -0.006 -4"><span class='ocrx_word' id='word_1_934' title='bbox 461 5002 595 5047; x_wconf 88' lang='lat' dir='ltr'><strong>ctos.</strong></span> <span class='ocrx_word' id='word_1_935' title='bbox 630 4992 695 5043; x_wconf 77' lang='lat' dir='ltr'><strong>Et</strong></span> <span class='ocrx_word' id='word_1_936' title='bbox 732 4998 810 5041; x_wconf 72' lang='lat' dir='ltr'><strong>est</strong></span> <span class='ocrx_word' id='word_1_937' title='bbox 841 4988 1020 5041; x_wconf 77' lang='lat' dir='ltr'><strong>dicere</strong></span> <span class='ocrx_word' id='word_1_938' title='bbox 1051 5003 1061 5037; x_wconf 75' lang='grc' dir='ltr'>ε</span> <span class='ocrx_word' id='word_1_939' title='bbox 1095 4989 1314 5049; x_wconf 78' lang='lat' dir='ltr'><strong>Quando</strong></span> <span class='ocrx_word' id='word_1_940' title='bbox 1341 4985 1553 5051; x_wconf 87' lang='lat' dir='ltr'><strong>quidem</strong></span> <span class='ocrx_word' id='word_1_941' title='bbox 1586 4986 1724 5036; x_wconf 87' lang='lat' dir='ltr'><strong>nulla</strong></span> <span class='ocrx_word' id='word_1_942' title='bbox 1757 4995 1857 5037; x_wconf 83' lang='lat' dir='ltr'><strong>erit</strong></span> <span class='ocrx_word' id='word_1_943' title='bbox 1891 4985 2024 5037; x_wconf 84' lang='lat' dir='ltr'><strong>irre-</strong></span> 
     </span>
    </p>
   </div>
   <div class='ocr_carea' id='block_1_124' title="bbox 461 5054 2025 5123">
    <p class='ocr_par' dir='ltr' id='par_1_124' title="bbox 461 5054 2025 5123">
     <span class='ocr_line' id='line_1_125' title="bbox 461 5054 2025 5123; baseline -0.009 -6"><span class='ocrx_word' id='word_1_944' title='bbox 461 5068 739 5117; x_wconf 69' lang='lat' dir='ltr'><strong>munerato</strong></span> <span class='ocrx_word' id='word_1_945' title='bbox 764 5058 984 5123; x_wconf 77' lang='lat' dir='ltr'><strong>justitia,</strong></span> <span class='ocrx_word' id='word_1_946' title='bbox 1015 5068 1140 5121; x_wconf 80' lang='lat' dir='ltr'><strong>ergo</strong></span> <span class='ocrx_word' id='word_1_947' title='bbox 1168 5069 1339 5123; x_wconf 81' lang='lat' dir='ltr'><strong>omnes</strong></span> <span class='ocrx_word' id='word_1_948' title='bbox 1378 5056 1545 5122; x_wconf 82' lang='lat' dir='ltr'><strong>angeli</strong></span> <span class='ocrx_word' id='word_1_949' title='bbox 1596 5058 1703 5123; x_wconf 79' lang='lat' dir='ltr'><strong>ejus</strong></span> <span class='ocrx_word' id='word_1_950' title='bbox 1748 5054 2025 5105; x_wconf 81' lang='lat' dir='ltr'><strong>benedirite</strong></span> 
     </span>
    </p>
   </div>
   <div class='ocr_carea' id='block_1_125' title="bbox 464 5122 2027 5193">
    <p class='ocr_par' dir='ltr' id='par_1_125' title="bbox 464 5122 2027 5193">
     <span class='ocr_line' id='line_1_126' title="bbox 464 5122 2027 5193; baseline -0.006 -9"><span class='ocrx_word' id='word_1_951' title='bbox 464 5132 708 5193; x_wconf 81' lang='lat' dir='ltr'><strong>Domino,</strong></span> <span class='ocrx_word' id='word_1_952' title='bbox 739 5122 786 5178; x_wconf 87' lang='lat' dir='ltr'><strong>id</strong></span> <span class='ocrx_word' id='word_1_953' title='bbox 807 5136 906 5187; x_wconf 84' lang='lat' dir='ltr'><strong>est,</strong></span> <span class='ocrx_word' id='word_1_954' title='bbox 939 5126 1219 5177; x_wconf 87' lang='lat' dir='ltr'><strong>subliinate</strong></span> <span class='ocrx_word' id='word_1_955' title='bbox 1245 5130 1295 5193; x_wconf 83' lang='lat' dir='ltr'><strong>et</strong></span> <span class='ocrx_word' id='word_1_956' title='bbox 1324 5122 1374 5174; x_wconf 92' lang='lat' dir='ltr'><strong>in</strong></span> <span class='ocrx_word' id='word_1_957' title='bbox 1409 5124 1557 5175; x_wconf 80' lang='lat' dir='ltr'><strong>vobis</strong></span> <span class='ocrx_word' id='word_1_958' title='bbox 1584 5122 1638 5175; x_wconf 84' lang='lat' dir='ltr'><strong>et</strong></span> <span class='ocrx_word' id='word_1_959' title='bbox 1680 5123 1730 5175; x_wconf 90' lang='lat' dir='ltr'><strong>in</strong></span> <span class='ocrx_word' id='word_1_960' title='bbox 1761 5124 1881 5176; x_wconf 86' lang='lat' dir='ltr'><strong>aliis</strong></span> <span class='ocrx_word' id='word_1_961' title='bbox 1913 5123 2027 5175; x_wconf 89' lang='lat' dir='ltr'><strong>Do-</strong></span> 
     </span>
    </p>
   </div>
   <div class='ocr_carea' id='block_1_126' title="bbox 464 5192 2025 5261">
    <p class='ocr_par' dir='ltr' id='par_1_126' title="bbox 464 5192 2025 5261">
     <span class='ocr_line' id='line_1_127' title="bbox 464 5192 2025 5261; baseline -0.006 -5"><span class='ocrx_word' id='word_1_962' title='bbox 464 5202 705 5256; x_wconf 85' lang='lat' dir='ltr'><strong>minum:</strong></span> <span class='ocrx_word' id='word_1_963' title='bbox 738 5210 830 5247; x_wconf 90' lang='lat' dir='ltr'><strong>vos</strong></span> <span class='ocrx_word' id='word_1_964' title='bbox 870 5194 988 5246; x_wconf 85' lang='lat' dir='ltr'><strong>dico</strong></span> <span class='ocrx_word' id='word_1_965' title='bbox 1032 5195 1117 5261; x_wconf 88' lang='lat' dir='ltr'><strong>qui</strong></span> <span class='ocrx_word' id='word_1_966' title='bbox 1152 5192 1337 5245; x_wconf 90' lang='lat' dir='ltr'><strong>merito</strong></span> <span class='ocrx_word' id='word_1_967' title='bbox 1363 5193 1596 5258; x_wconf 87' lang='lat' dir='ltr'><strong>debetis,</strong></span> <span class='ocrx_word' id='word_1_968' title='bbox 1629 5195 1751 5258; x_wconf 81' lang='lat' dir='ltr'><strong>quia</strong></span> <span class='ocrx_word' id='word_1_969' title='bbox 1784 5209 1879 5259; x_wconf 89' lang='lat' dir='ltr'><strong>per</strong></span> <span class='ocrx_word' id='word_1_970' title='bbox 1904 5209 2025 5246; x_wconf 92' lang='lat' dir='ltr'><strong>eum</strong></span> 
     </span>
    </p>
   </div>
   <div class='ocr_carea' id='block_1_127' title="bbox 462 5262 2025 5330">
    <p class='ocr_par' dir='ltr' id='par_1_127' title="bbox 462 5262 2025 5330">
     <span class='ocr_line' id='line_1_128' title="bbox 462 5262 2025 5330; baseline -0.008 -4"><span class='ocrx_word' id='word_1_971' title='bbox 462 5276 597 5326; x_wconf 84' lang='lat' dir='ltr'><strong>adeo</strong></span> <span class='ocrx_word' id='word_1_972' title='bbox 625 5265 877 5322; x_wconf 84' lang='lat' dir='ltr'><strong>sublimes</strong></span> <span class='ocrx_word' id='word_1_973' title='bbox 898 5264 1048 5327; x_wconf 89' lang='lat' dir='ltr'><strong>estis,</strong></span> <span class='ocrx_word' id='word_1_974' title='bbox 1074 5263 1214 5329; x_wconf 89' lang='lat' dir='ltr'><strong>quod</strong></span> <span class='ocrx_word' id='word_1_975' title='bbox 1236 5262 1364 5330; x_wconf 80' lang='lat' dir='ltr'><strong>estis</strong></span> <span class='ocrx_word' id='word_1_976' title='bbox 1388 5272 1614 5330; x_wconf 83' lang='lat' dir='ltr'><strong>potentes</strong></span> <span class='ocrx_word' id='word_1_977' title='bbox 1642 5264 1693 5313; x_wconf 91' lang='lat' dir='ltr'><strong>in</strong></span> <span class='ocrx_word' id='word_1_978' title='bbox 1744 5265 1942 5325; x_wconf 84' lang='lat' dir='ltr'><strong>virtute,</strong></span> <span class='ocrx_word' id='word_1_979' title='bbox 1978 5264 2025 5314; x_wconf 88' lang='lat' dir='ltr'><strong>id</strong></span> 
     </span>
    </p>
   </div>
   <div class='ocr_carea' id='block_1_128' title="bbox 463 5327 2027 5406">
    <p class='ocr_par' dir='ltr' id='par_1_128' title="bbox 463 5327 2027 5406">
     <span class='ocr_line' id='line_1_129' title="bbox 463 5327 2027 5406; baseline -0.008 -10"><span class='ocrx_word' id='word_1_980' title='bbox 463 5354 566 5406; x_wconf 83' lang='lat' dir='ltr'><strong>est,</strong></span> <span class='ocrx_word' id='word_1_981' title='bbox 588 5344 638 5392; x_wconf 88' lang='lat' dir='ltr'><strong>in</strong></span> <span class='ocrx_word' id='word_1_982' title='bbox 660 5333 947 5397; x_wconf 88' lang='lat' dir='ltr'><strong>miraculis,</strong></span> <span class='ocrx_word' id='word_1_983' title='bbox 969 5327 1168 5406; x_wconf 62' lang='lat' dir='ltr'><strong>etesiis</strong></span> <span class='ocrx_word' id='word_1_984' title='bbox 1202 5332 1253 5383; x_wconf 92' lang='lat' dir='ltr'><strong>in</strong></span> <span class='ocrx_word' id='word_1_985' title='bbox 1274 5327 1433 5406; x_wconf 67' lang='lat' dir='ltr'><strong>[non]</strong></span> <span class='ocrx_word' id='word_1_986' title='bbox 1461 5334 1628 5384; x_wconf 86' lang='lat' dir='ltr'><strong>solum</strong></span> <span class='ocrx_word' id='word_1_987' title='bbox 1652 5333 2027 5406; x_wconf 75' lang='lat' dir='ltr'><strong>annuntiantes</strong></span> 
     </span>
    </p>
   </div>
   <div class='ocr_carea' id='block_1_129' title="bbox 462 5400 2029 5475">
    <p class='ocr_par' dir='ltr' id='par_1_129' title="bbox 462 5400 2029 5475">
     <span class='ocr_line' id='line_1_130' title="bbox 462 5400 2029 5475; baseline -0.003 -20"><span class='ocrx_word' id='word_1_988' title='bbox 462 5400 645 5475; x_wconf 56' lang='lat' dir='ltr'><strong>verno,</strong></span> <span class='ocrx_word' id='word_1_989' title='bbox 680 5406 771 5463; x_wconf 85' lang='lat' dir='ltr'><strong>sed</strong></span> <span class='ocrx_word' id='word_1_990' title='bbox 802 5405 957 5457; x_wconf 83' lang='lat' dir='ltr'><strong>ctiam</strong></span> <span class='ocrx_word' id='word_1_991' title='bbox 1002 5402 1242 5471; x_wconf 81' lang='lat' dir='ltr'><strong>facientes</strong></span> <span class='ocrx_word' id='word_1_992' title='bbox 1289 5401 1533 5475; x_wconf 61' lang='lat' dir='ltr'><strong>inapere</strong></span> <span class='ocrx_word' id='word_1_993' title='bbox 1560 5400 1760 5475; x_wconf 82' lang='lat' dir='ltr'><strong>verbum</strong></span> <span class='ocrx_word' id='word_1_994' title='bbox 1790 5401 1931 5475; x_wconf 83' lang='lat' dir='ltr'><strong>illius</strong></span> <span class='ocrx_word' id='word_1_995' title='bbox 1961 5402 2029 5452; x_wconf 83' lang='lat' dir='ltr'><strong>ad</strong></span> 
     </span>
    </p>
   </div>
   <div class='ocr_carea' id='block_1_130' title="bbox 460 5470 2031 5539">
    <p class='ocr_par' dir='ltr' id='par_1_130' title="bbox 460 5470 2031 5539">
     <span class='ocr_line' id='line_1_131' title="bbox 460 5470 2031 5539; baseline -0.006 -6"><span class='ocrx_word' id='word_1_996' title='bbox 460 5470 764 5533; x_wconf 80' lang='lat' dir='ltr'><strong>audiendam</strong></span> <span class='ocrx_word' id='word_1_997' title='bbox 794 5489 960 5527; x_wconf 84' lang='lat' dir='ltr'><strong>vocem</strong></span> <span class='ocrx_word' id='word_1_998' title='bbox 1000 5486 1289 5525; x_wconf 87' lang='lat' dir='ltr'><strong>sermonum</strong></span> <span class='ocrx_word' id='word_1_999' title='bbox 1322 5470 1455 5539; x_wconf 87' lang='lat' dir='ltr'><strong>ejus,</strong></span> <span class='ocrx_word' id='word_1_1000' title='bbox 1482 5470 1531 5523; x_wconf 90' lang='lat' dir='ltr'><strong>id</strong></span> <span class='ocrx_word' id='word_1_1001' title='bbox 1553 5480 1650 5527; x_wconf 88' lang='lat' dir='ltr'><strong>est,</strong></span> <span class='ocrx_word' id='word_1_1002' title='bbox 1683 5470 1748 5522; x_wconf 89' lang='lat' dir='ltr'><strong>ad</strong></span> <span class='ocrx_word' id='word_1_1003' title='bbox 1787 5472 1887 5523; x_wconf 91' lang='lat' dir='ltr'><strong>hoc</strong></span> <span class='ocrx_word' id='word_1_1004' title='bbox 1914 5481 1967 5522; x_wconf 91' lang='lat' dir='ltr'><strong>ut</strong></span> <span class='ocrx_word' id='word_1_1005' title='bbox 1999 5484 2031 5523; x_wconf 84' lang='lat' dir='ltr'><strong>a</strong></span> 
     </span>
    </p>
   </div>
   <div class='ocr_carea' id='block_1_131' title="bbox 465 5540 2030 5608">
    <p class='ocr_par' dir='ltr' id='par_1_131' title="bbox 465 5540 2030 5608">
     <span class='ocr_line' id='line_1_132' title="bbox 465 5540 2030 5608; baseline -0.006 -7"><span class='ocrx_word' id='word_1_1006' title='bbox 465 5552 619 5602; x_wconf 74' lang='lat' dir='ltr'><strong>vobis</strong></span> <span class='ocrx_word' id='word_1_1007' title='bbox 644 5545 922 5601; x_wconf 87' lang='lat' dir='ltr'><strong>audiantur</strong></span> <span class='ocrx_word' id='word_1_1008' title='bbox 952 5556 1231 5596; x_wconf 87' lang='lat' dir='ltr'><strong>sermones</strong></span> <span class='ocrx_word' id='word_1_1009' title='bbox 1255 5542 1371 5608; x_wconf 89' lang='lat' dir='ltr'><strong>ejus</strong></span> <span class='ocrx_word' id='word_1_1010' title='bbox 1411 5541 1463 5592; x_wconf 91' lang='lat' dir='ltr'><strong>in</strong></span> <span class='ocrx_word' id='word_1_1011' title='bbox 1518 5553 1667 5603; x_wconf 88' lang='lat' dir='ltr'><strong>voce,</strong></span> <span class='ocrx_word' id='word_1_1012' title='bbox 1702 5540 1752 5591; x_wconf 92' lang='lat' dir='ltr'><strong>id</strong></span> <span class='ocrx_word' id='word_1_1013' title='bbox 1780 5550 1884 5603; x_wconf 88' lang='lat' dir='ltr'><strong>est,</strong></span> <span class='ocrx_word' id='word_1_1014' title='bbox 1918 5556 2030 5592; x_wconf 86' lang='lat' dir='ltr'><strong>ma-</strong></span> 
     </span>
    </p>
   </div>
   <div class='ocr_carea' id='block_1_132' title="bbox 466 5609 2028 5680">
    <p class='ocr_par' dir='ltr' id='par_1_132' title="bbox 466 5609 2028 5680">
     <span class='ocr_line' id='line_1_133' title="bbox 466 5609 2028 5680; baseline -0.008 -8"><span class='ocrx_word' id='word_1_1015' title='bbox 466 5623 674 5673; x_wconf 70' lang='lat' dir='ltr'><strong>lllll‘SIc.</strong></span> <span class='ocrx_word' id='word_1_1016' title='bbox 710 5616 843 5667; x_wconf 82' lang='lat' dir='ltr'><strong>\‘ere</strong></span> <span class='ocrx_word' id='word_1_1017' title='bbox 882 5613 1020 5665; x_wconf 90' lang='lat' dir='ltr'><strong>enim</strong></span> <span class='ocrx_word' id='word_1_1018' title='bbox 1052 5623 1233 5680; x_wconf 87' lang='lat' dir='ltr'><strong>aperte</strong></span> <span class='ocrx_word' id='word_1_1019' title='bbox 1266 5611 1355 5663; x_wconf 76' lang='lat' dir='ltr'><strong>Dei</strong></span> <span class='ocrx_word' id='word_1_1020' title='bbox 1385 5622 1661 5663; x_wconf 85' lang='lat' dir='ltr'><strong>sermones</strong></span> <span class='ocrx_word' id='word_1_1021' title='bbox 1690 5609 2028 5673; x_wconf 86' lang='lat' dir='ltr'><strong>annuntiaut,</strong></span> 
     </span>
    </p>
   </div>
   <div class='ocr_carea' id='block_1_133' title="bbox 465 5680 2028 5755">
    <p class='ocr_par' dir='ltr' id='par_1_133' title="bbox 465 5680 2028 5755">
     <span class='ocr_line' id='line_1_134' title="bbox 465 5680 2028 5755; baseline -0.006 -15"><span class='ocrx_word' id='word_1_1022' title='bbox 465 5690 551 5755; x_wconf 81' lang='lat' dir='ltr'><strong>qui</strong></span> <span class='ocrx_word' id='word_1_1023' title='bbox 577 5687 712 5753; x_wconf 87' lang='lat' dir='ltr'><strong>quod</strong></span> <span class='ocrx_word' id='word_1_1024' title='bbox 751 5687 977 5736; x_wconf 85' lang='lat' dir='ltr'><strong>clamant</strong></span> <span class='ocrx_word' id='word_1_1025' title='bbox 1005 5696 1153 5755; x_wconf 81' lang='lat' dir='ltr'><strong>voce,</strong></span> <span class='ocrx_word' id='word_1_1026' title='bbox 1189 5689 1490 5755; x_wconf 82' lang='lat' dir='ltr'><strong>monstrant</strong></span> <span class='ocrx_word' id='word_1_1027' title='bbox 1518 5682 1570 5733; x_wconf 92' lang='lat' dir='ltr'><strong>iu</strong></span> <span class='ocrx_word' id='word_1_1028' title='bbox 1603 5692 1800 5755; x_wconf 83' lang='lat' dir='ltr'><strong>opere._</strong></span> <span class='ocrx_word' id='word_1_1029' title='bbox 1821 5680 1860 5730; x_wconf 85' lang='lat' dir='ltr'><strong>E</strong></span> <span class='ocrx_word' id='word_1_1030' title='bbox 1894 5693 2028 5755; x_wconf 63' lang='lat' dir='ltr'><strong>cono</strong></span> 
     </span>
    </p>
   </div>
   <div class='ocr_carea' id='block_1_134' title="bbox 468 5746 2027 5818">
    <p class='ocr_par' dir='ltr' id='par_1_134' title="bbox 468 5746 2027 5818">
     <span class='ocr_line' id='line_1_135' title="bbox 468 5746 2027 5818; baseline -0.005 -11"><span class='ocrx_word' id='word_1_1031' title='bbox 468 5746 545 5807; x_wconf 69' lang='lat' dir='ltr'><strong>i&#39;ra</strong></span> <span class='ocrx_word' id='word_1_1032' title='bbox 582 5746 756 5804; x_wconf 72' lang='lat' dir='ltr'><strong>auem</strong></span> <span class='ocrx_word' id='word_1_1033' title='bbox 796 5756 846 5804; x_wconf 88' lang='lat' dir='ltr'><strong>in</strong></span> <span class='ocrx_word' id='word_1_1034' title='bbox 881 5753 1110 5805; x_wconf 86' lang='lat' dir='ltr'><strong>tenebris</strong></span> <span class='ocrx_word' id='word_1_1035' title='bbox 1152 5753 1492 5817; x_wconf 88' lang='lat' dir='ltr'><strong>annuntiant,</strong></span> <span class='ocrx_word' id='word_1_1036' title='bbox 1531 5750 1619 5818; x_wconf 92' lang='lat' dir='ltr'><strong>qui</strong></span> <span class='ocrx_word' id='word_1_1037' title='bbox 1652 5762 1748 5802; x_wconf 87' lang='lat' dir='ltr'><strong>ore</strong></span> <span class='ocrx_word' id='word_1_1038' title='bbox 1786 5746 2027 5814; x_wconf 64' lang='lat' dir='ltr'><strong>laudant,</strong></span> 
     </span>
    </p>
   </div>
   <div class='ocr_carea' id='block_1_135' title="bbox 468 5827 849 5887">
    <p class='ocr_par' dir='ltr' id='par_1_135' title="bbox 468 5827 849 5887">
     <span class='ocr_line' id='line_1_136' title="bbox 468 5827 849 5887; baseline 0 -16"><span class='ocrx_word' id='word_1_1039' title='bbox 468 5827 612 5877; x_wconf 62' lang='lat' dir='ltr'><strong>Iﬂtjtl‘.</strong></span> <span class='ocrx_word' id='word_1_1040' title='bbox 644 5832 849 5887; x_wconf 74' lang='lat' dir='ltr'><strong>negant.</strong></span> 
     </span>
    </p>
   </div>
   <div class='ocr_carea' id='block_1_136' title="bbox 2126 4633 3686 4698">
    <p class='ocr_par' dir='ltr' id='par_1_136' title="bbox 2126 4633 3686 4698">
     <span class='ocr_line' id='line_1_137' title="bbox 2126 4633 3686 4698; baseline 0.001 -15"><span class='ocrx_word' id='word_1_1041' title='bbox 2126 4642 2357 4684; x_wconf 91' lang='lat' dir='ltr'><strong>mentum</strong></span> <span class='ocrx_word' id='word_1_1042' title='bbox 2385 4647 2501 4684; x_wconf 83' lang='lat' dir='ltr'><strong>esse</strong></span> <span class='ocrx_word' id='word_1_1043' title='bbox 2532 4634 2645 4695; x_wconf 87' lang='lat' dir='ltr'><strong>Dei,</strong></span> <span class='ocrx_word' id='word_1_1044' title='bbox 2677 4633 2948 4698; x_wconf 82' lang='lat' dir='ltr'><strong>displiceat</strong></span> <span class='ocrx_word' id='word_1_1045' title='bbox 2976 4652 3023 4688; x_wconf 87' lang='lat' dir='ltr'><strong>ei</strong></span> <span class='ocrx_word' id='word_1_1046' title='bbox 3058 4636 3269 4689; x_wconf 69' lang='lat' dir='ltr'><strong>l&#39;urditas</strong></span> <span class='ocrx_word' id='word_1_1047' title='bbox 3294 4650 3407 4695; x_wconf 81' lang='lat' dir='ltr'><strong>sua,</strong></span> <span class='ocrx_word' id='word_1_1048' title='bbox 3441 4644 3493 4686; x_wconf 92' lang='lat' dir='ltr'><strong>et</strong></span> <span class='ocrx_word' id='word_1_1049' title='bbox 3524 4634 3686 4685; x_wconf 85' lang='lat' dir='ltr'><strong>conli-</strong></span> 
     </span>
    </p>
   </div>
   <div class='ocr_carea' id='block_1_137' title="bbox 2125 4702 3687 4765">
    <p class='ocr_par' dir='ltr' id='par_1_137' title="bbox 2125 4702 3687 4765">
     <span class='ocr_line' id='line_1_138' title="bbox 2125 4702 3687 4765; baseline 0.001 -12"><span class='ocrx_word' id='word_1_1050' title='bbox 2125 4709 2297 4754; x_wconf 86' lang='lat' dir='ltr'><strong>tcatur</strong></span> <span class='ocrx_word' id='word_1_1051' title='bbox 2325 4716 2464 4765; x_wconf 89' lang='lat' dir='ltr'><strong>eam,</strong></span> <span class='ocrx_word' id='word_1_1052' title='bbox 2497 4712 2551 4753; x_wconf 88' lang='lat' dir='ltr'><strong>et</strong></span> <span class='ocrx_word' id='word_1_1053' title='bbox 2578 4702 2655 4753; x_wconf 87' lang='lat' dir='ltr'><strong>sic</strong></span> <span class='ocrx_word' id='word_1_1054' title='bbox 2693 4702 2859 4755; x_wconf 86' lang='lat' dir='ltr'><strong>factus</strong></span> <span class='ocrx_word' id='word_1_1055' title='bbox 2890 4706 2991 4758; x_wconf 90' lang='lat' dir='ltr'><strong>erit</strong></span> <span class='ocrx_word' id='word_1_1056' title='bbox 3032 4705 3279 4757; x_wconf 87' lang='lat' dir='ltr'><strong>decorum</strong></span> <span class='ocrx_word' id='word_1_1057' title='bbox 3322 4704 3687 4757; x_wconf 79' lang='lat' dir='ltr'><strong>indumentum</strong></span> 
     </span>
    </p>
   </div>
   <div class='ocr_carea' id='block_1_138' title="bbox 2123 4770 3688 4837">
    <p class='ocr_par' dir='ltr' id='par_1_138' title="bbox 2123 4770 3688 4837">
     <span class='ocr_line' id='line_1_139' title="bbox 2123 4770 3688 4837; baseline 0.001 -15"><span class='ocrx_word' id='word_1_1058' title='bbox 2123 4773 2257 4837; x_wconf 84' lang='lat' dir='ltr'><strong>ejus.</strong></span> <span class='ocrx_word' id='word_1_1059' title='bbox 2288 4771 2436 4823; x_wconf 77' lang='lat' dir='ltr'><strong>I’rior</strong></span> <span class='ocrx_word' id='word_1_1060' title='bbox 2465 4770 2604 4822; x_wconf 87' lang='lat' dir='ltr'><strong>enim</strong></span> <span class='ocrx_word' id='word_1_1061' title='bbox 2633 4779 2715 4823; x_wconf 90' lang='lat' dir='ltr'><strong>est</strong></span> <span class='ocrx_word' id='word_1_1062' title='bbox 2738 4772 3024 4837; x_wconf 79' lang='lat' dir='ltr'><strong>Confessio,</strong></span> <span class='ocrx_word' id='word_1_1063' title='bbox 3053 4775 3247 4828; x_wconf 83' lang='lat' dir='ltr'><strong>deinde</strong></span> <span class='ocrx_word' id='word_1_1064' title='bbox 3274 4774 3453 4826; x_wconf 81' lang='lat' dir='ltr'><strong>decor.</strong></span> <span class='ocrx_word' id='word_1_1065' title='bbox 3479 4772 3688 4825; x_wconf 69' lang='lat' dir='ltr'><strong>Coales-</strong></span> 
     </span>
    </p>
   </div>
   <div class='ocr_carea' id='block_1_139' title="bbox 2123 4842 3691 4907">
    <p class='ocr_par' dir='ltr' id='par_1_139' title="bbox 2123 4842 3691 4907">
     <span class='ocr_line' id='line_1_140' title="bbox 2123 4842 3691 4907; baseline 0.001 -15"><span class='ocrx_word' id='word_1_1066' title='bbox 2123 4854 2203 4892; x_wconf 81' lang='lat' dir='ltr'><strong>tno</strong></span> <span class='ocrx_word' id='word_1_1067' title='bbox 2234 4852 2313 4893; x_wconf 87' lang='lat' dir='ltr'><strong>est</strong></span> <span class='ocrx_word' id='word_1_1068' title='bbox 2358 4850 2713 4907; x_wconf 79' lang='lat' dir='ltr'><strong>peCcatormn,</strong></span> <span class='ocrx_word' id='word_1_1069' title='bbox 2763 4842 2923 4896; x_wconf 82' lang='lat' dir='ltr'><strong>decor</strong></span> <span class='ocrx_word' id='word_1_1070' title='bbox 2945 4860 3067 4896; x_wconf 73' lang='lat' dir='ltr'><strong>VCI‘u</strong></span> <span class='ocrx_word' id='word_1_1071' title='bbox 3107 4854 3250 4897; x_wconf 85' lang='lat' dir='ltr'><strong>recte</strong></span> <span class='ocrx_word' id='word_1_1072' title='bbox 3296 4844 3596 4905; x_wconf 78' lang='lat' dir='ltr'><strong>factorum;</strong></span> <span class='ocrx_word' id='word_1_1073' title='bbox 3641 4854 3691 4893; x_wconf 79' lang='lat' dir='ltr'><strong>et</strong></span> 
     </span>
    </p>
   </div>
   <div class='ocr_carea' id='block_1_140' title="bbox 2126 4907 3686 4981">
    <p class='ocr_par' dir='ltr' id='par_1_140' title="bbox 2126 4907 3686 4981">
     <span class='ocr_line' id='line_1_141' title="bbox 2126 4907 3686 4981; baseline 0.002 -24"><span class='ocrx_word' id='word_1_1074' title='bbox 2126 4917 2225 4981; x_wconf 80' lang='lat' dir='ltr'><strong>hoc</strong></span> <span class='ocrx_word' id='word_1_1075' title='bbox 2254 4918 2341 4981; x_wconf 88' lang='lat' dir='ltr'><strong>est</strong></span> <span class='ocrx_word' id='word_1_1076' title='bbox 2360 4918 2500 4976; x_wconf 77' lang='lat' dir='ltr'><strong>quod</strong></span> <span class='ocrx_word' id='word_1_1077' title='bbox 2528 4910 2693 4962; x_wconf 88' lang='lat' dir='ltr'><strong>dicit:</strong></span> <span class='ocrx_word' id='word_1_1078' title='bbox 2722 4907 2948 4964; x_wconf 84' lang='lat' dir='ltr'><strong>Induisti</strong></span> <span class='ocrx_word' id='word_1_1079' title='bbox 2978 4915 3343 4981; x_wconf 75' lang='lat' dir='ltr'><strong>confessionem</strong></span> <span class='ocrx_word' id='word_1_1080' title='bbox 3365 4922 3409 4964; x_wconf 84' lang='lat' dir='ltr'><strong>et</strong></span> <span class='ocrx_word' id='word_1_1081' title='bbox 3441 4914 3686 4971; x_wconf 84' lang='lat' dir='ltr'><strong>decorem,</strong></span> 
     </span>
    </p>
   </div>
   <div class='ocr_carea' id='block_1_141' title="bbox 2127 4980 3686 5045">
    <p class='ocr_par' dir='ltr' id='par_1_141' title="bbox 2127 4980 3686 5045">
     <span class='ocr_line' id='line_1_142' title="bbox 2127 4980 3686 5045; baseline 0 -14"><span class='ocrx_word' id='word_1_1082' title='bbox 2127 4980 2177 5031; x_wconf 89' lang='lat' dir='ltr'><strong>id</strong></span> <span class='ocrx_word' id='word_1_1083' title='bbox 2203 4989 2302 5042; x_wconf 78' lang='lat' dir='ltr'><strong>est,</strong></span> <span class='ocrx_word' id='word_1_1084' title='bbox 2333 4980 2693 5031; x_wconf 79' lang='lat' dir='ltr'><strong>indumentum</strong></span> <span class='ocrx_word' id='word_1_1085' title='bbox 2731 4982 2819 5032; x_wconf 77' lang='lat' dir='ltr'><strong>tibi</strong></span> <span class='ocrx_word' id='word_1_1086' title='bbox 2845 4984 3031 5045; x_wconf 82' lang='lat' dir='ltr'><strong>fecisti,</strong></span> <span class='ocrx_word' id='word_1_1087' title='bbox 3056 4980 3369 5035; x_wconf 76' lang='lat' dir='ltr'><strong>Conlite.tes</strong></span> <span class='ocrx_word' id='word_1_1088' title='bbox 3398 4982 3686 5036; x_wconf 58' lang='lat' dir='ltr'><strong>foeditatem</strong></span> 
     </span>
    </p>
   </div>
   <div class='ocr_carea' id='block_1_142' title="bbox 2127 5051 3686 5119">
    <p class='ocr_par' dir='ltr' id='par_1_142' title="bbox 2127 5051 3686 5119">
     <span class='ocr_line' id='line_1_143' title="bbox 2127 5051 3686 5119; baseline 0.001 -20"><span class='ocrx_word' id='word_1_1089' title='bbox 2127 5051 2595 5119; x_wconf 39' lang='lat' dir='ltr'><strong>sumini-illatus</strong></span> <span class='ocrx_word' id='word_1_1090' title='bbox 2640 5052 2887 5105; x_wconf 78' lang='lat' dir='ltr'><strong>decoros.</strong></span> <span class='ocrx_word' id='word_1_1091' title='bbox 2937 5053 3082 5105; x_wconf 77' lang='lat' dir='ltr'><strong>Unde</strong></span> <span class='ocrx_word' id='word_1_1092' title='bbox 3110 5066 3206 5119; x_wconf 88' lang='lat' dir='ltr'><strong>per</strong></span> <span class='ocrx_word' id='word_1_1093' title='bbox 3233 5053 3418 5105; x_wconf 86' lang='lat' dir='ltr'><strong>Isaiam</strong></span> <span class='ocrx_word' id='word_1_1094' title='bbox 3465 5053 3686 5103; x_wconf 88' lang='lat' dir='ltr'><strong>dicitur:</strong></span> 
     </span>
    </p>
   </div>
   <div class='ocr_carea' id='block_1_143' title="bbox 2136 5117 3691 5185">
    <p class='ocr_par' dir='ltr' id='par_1_143' title="bbox 2136 5117 3691 5185">
     <span class='ocr_line' id='line_1_144' title="bbox 2136 5117 3691 5185; baseline 0 -14"><span class='ocrx_word' id='word_1_1095' title='bbox 2136 5118 2263 5171; x_wconf 79' lang='lat' dir='ltr'><strong>Vivit</strong></span> <span class='ocrx_word' id='word_1_1096' title='bbox 2316 5117 2604 5183; x_wconf 87' lang='lat' dir='ltr'><strong>Dominus,</strong></span> <span class='ocrx_word' id='word_1_1097' title='bbox 2657 5120 2775 5185; x_wconf 86' lang='lat' dir='ltr'><strong>quia</strong></span> <span class='ocrx_word' id='word_1_1098' title='bbox 2819 5124 2895 5173; x_wconf 84' lang='lat' dir='ltr'><strong>liis</strong></span> <span class='ocrx_word' id='word_1_1099' title='bbox 2951 5117 3177 5173; x_wconf 73' lang='lat' dir='ltr'><strong>omnibus</strong></span> <span class='ocrx_word' id='word_1_1100' title='bbox 3227 5121 3358 5173; x_wconf 76' lang='lat' dir='ltr'><strong>velut</strong></span> <span class='ocrx_word' id='word_1_1101' title='bbox 3408 5122 3691 5174; x_wconf 74' lang='lat' dir='ltr'><strong>vestimento</strong></span> 
     </span>
    </p>
   </div>
   <div class='ocr_carea' id='block_1_144' title="bbox 2127 5186 3689 5253">
    <p class='ocr_par' dir='ltr' id='par_1_144' title="bbox 2127 5186 3689 5253">
     <span class='ocr_line' id='line_1_145' title="bbox 2127 5186 3689 5253; baseline 0 -13"><span class='ocrx_word' id='word_1_1102' title='bbox 2127 5188 2365 5241; x_wconf 73' lang='lat' dir='ltr'><strong>vestieris.</strong></span> <span class='ocrx_word' id='word_1_1103' title='bbox 2400 5186 2476 5239; x_wconf 90' lang='lat' dir='ltr'><strong>Tu</strong></span> <span class='ocrx_word' id='word_1_1104' title='bbox 2529 5189 2651 5241; x_wconf 88' lang='lat' dir='ltr'><strong>dico</strong></span> <span class='ocrx_word' id='word_1_1105' title='bbox 2695 5191 2909 5244; x_wconf 86' lang='lat' dir='ltr'><strong>amictus</strong></span> <span class='ocrx_word' id='word_1_1106' title='bbox 2950 5191 3161 5253; x_wconf 86' lang='lat' dir='ltr'><strong>lumine,</strong></span> <span class='ocrx_word' id='word_1_1107' title='bbox 3210 5190 3260 5242; x_wconf 89' lang='lat' dir='ltr'><strong>id</strong></span> <span class='ocrx_word' id='word_1_1108' title='bbox 3290 5200 3371 5244; x_wconf 82' lang='lat' dir='ltr'><strong>est</strong></span> <span class='ocrx_word' id='word_1_1109' title='bbox 3418 5190 3689 5244; x_wconf 79' lang='lat' dir='ltr'><strong>luminasts</strong></span> 
     </span>
    </p>
   </div>
   <div class='ocr_carea' id='block_1_145' title="bbox 2127 5258 3682 5326">
    <p class='ocr_par' dir='ltr' id='par_1_145' title="bbox 2127 5258 3682 5326">
     <span class='ocr_line' id='line_1_146' title="bbox 2127 5258 3682 5326; baseline 0.001 -17"><span class='ocrx_word' id='word_1_1110' title='bbox 2127 5262 2256 5309; x_wconf 85' lang='lat' dir='ltr'><strong>sicut</strong></span> <span class='ocrx_word' id='word_1_1111' title='bbox 2283 5258 2607 5326; x_wconf 44' lang='lat' dir='ltr'><strong>vestimento;</strong></span> <span class='ocrx_word' id='word_1_1112' title='bbox 2629 5262 2825 5312; x_wconf 86' lang='lat' dir='ltr'><strong>Lumen</strong></span> <span class='ocrx_word' id='word_1_1113' title='bbox 2868 5273 3017 5313; x_wconf 83' lang='lat' dir='ltr'><strong>vocat</strong></span> <span class='ocrx_word' id='word_1_1114' title='bbox 3060 5262 3179 5313; x_wconf 89' lang='lat' dir='ltr'><strong>illos</strong></span> <span class='ocrx_word' id='word_1_1115' title='bbox 3216 5261 3281 5314; x_wconf 91' lang='lat' dir='ltr'><strong>de</strong></span> <span class='ocrx_word' id='word_1_1116' title='bbox 3321 5262 3514 5326; x_wconf 85' lang='lat' dir='ltr'><strong>quibus</strong></span> <span class='ocrx_word' id='word_1_1117' title='bbox 3544 5262 3682 5320; x_wconf 32' lang='lat' dir='ltr'><strong>Apo.</strong></span> 
     </span>
    </p>
   </div>
   <div class='ocr_carea' id='block_1_146' title="bbox 2128 5324 3691 5399">
    <p class='ocr_par' dir='ltr' id='par_1_146' title="bbox 2128 5324 3691 5399">
     <span class='ocr_line' id='line_1_147' title="bbox 2128 5324 3691 5399; baseline 0.001 -20"><span class='ocrx_word' id='word_1_1118' title='bbox 2128 5329 2295 5379; x_wconf 83' lang='lat' dir='ltr'><strong>stolus</strong></span> <span class='ocrx_word' id='word_1_1119' title='bbox 2324 5326 2509 5399; x_wconf 79' lang='lat' dir='ltr'><strong>dicit_:</strong></span> <span class='ocrx_word' id='word_1_1120' title='bbox 2560 5324 2755 5379; x_wconf 85' lang='lat' dir='ltr'><strong>Fuistis</strong></span> <span class='ocrx_word' id='word_1_1121' title='bbox 2785 5330 3060 5399; x_wconf 86' lang='lat' dir='ltr'><strong>aliquando</strong></span> <span class='ocrx_word' id='word_1_1122' title='bbox 3087 5324 3499 5393; x_wconf 31' lang='lat' dir='ltr'><strong>tenebrtzpnunc</strong></span> <span class='ocrx_word' id='word_1_1123' title='bbox 3527 5342 3691 5381; x_wconf 81' lang='lat' dir='ltr'><strong>autem</strong></span> 
     </span>
    </p>
   </div>
   <div class='ocr_carea' id='block_1_147' title="bbox 2130 5394 3692 5467">
    <p class='ocr_par' dir='ltr' id='par_1_147' title="bbox 2130 5394 3692 5467">
     <span class='ocr_line' id='line_1_148' title="bbox 2130 5394 3692 5467; baseline 0.001 -18"><span class='ocrx_word' id='word_1_1124' title='bbox 2130 5399 2221 5449; x_wconf 77' lang='lat' dir='ltr'><strong>lux</strong></span> <span class='ocrx_word' id='word_1_1125' title='bbox 2246 5398 2300 5448; x_wconf 84' lang='lat' dir='ltr'><strong>in</strong></span> <span class='ocrx_word' id='word_1_1126' title='bbox 2333 5394 2571 5448; x_wconf 86' lang='lat' dir='ltr'><strong>Domino.</strong></span> <span class='ocrx_word' id='word_1_1127' title='bbox 2630 5399 2694 5450; x_wconf 79' lang='lat' dir='ltr'><strong>Et</strong></span> <span class='ocrx_word' id='word_1_1128' title='bbox 2722 5412 2818 5466; x_wconf 87' lang='lat' dir='ltr'><strong>per</strong></span> <span class='ocrx_word' id='word_1_1129' title='bbox 2846 5394 3070 5454; x_wconf 77' lang='lat' dir='ltr'><strong>amictus</strong></span> <span class='ocrx_word' id='word_1_1130' title='bbox 3101 5402 3240 5467; x_wconf 89' lang='lat' dir='ltr'><strong>quod</strong></span> <span class='ocrx_word' id='word_1_1131' title='bbox 3269 5400 3333 5451; x_wconf 82' lang='lat' dir='ltr'><strong>ad</strong></span> <span class='ocrx_word' id='word_1_1132' title='bbox 3364 5410 3519 5466; x_wconf 88' lang='lat' dir='ltr'><strong>caput</strong></span> <span class='ocrx_word' id='word_1_1133' title='bbox 3545 5398 3692 5467; x_wconf 85' lang='lat' dir='ltr'><strong>poni—</strong></span> 
     </span>
    </p>
   </div>
   <div class='ocr_carea' id='block_1_148' title="bbox 2133 5468 3689 5535">
    <p class='ocr_par' dir='ltr' id='par_1_148' title="bbox 2133 5468 3689 5535">
     <span class='ocr_line' id='line_1_149' title="bbox 2133 5468 3689 5535; baseline 0 -17"><span class='ocrx_word' id='word_1_1134' title='bbox 2133 5476 2232 5531; x_wconf 90' lang='lat' dir='ltr'><strong>tur,</strong></span> <span class='ocrx_word' id='word_1_1135' title='bbox 2268 5473 2417 5518; x_wconf 88' lang='lat' dir='ltr'><strong>notat</strong></span> <span class='ocrx_word' id='word_1_1136' title='bbox 2444 5471 2672 5534; x_wconf 84' lang='lat' dir='ltr'><strong>majores</strong></span> <span class='ocrx_word' id='word_1_1137' title='bbox 2700 5483 2818 5520; x_wconf 74' lang='lat' dir='ltr'><strong>csso</strong></span> <span class='ocrx_word' id='word_1_1138' title='bbox 2849 5472 2975 5524; x_wconf 78' lang='lat' dir='ltr'><strong>istos</strong></span> <span class='ocrx_word' id='word_1_1139' title='bbox 3004 5471 3289 5535; x_wconf 87' lang='lat' dir='ltr'><strong>prioribus.</strong></span> <span class='ocrx_word' id='word_1_1140' title='bbox 3322 5468 3518 5522; x_wconf 84' lang='lat' dir='ltr'><strong>Eorum</strong></span> <span class='ocrx_word' id='word_1_1141' title='bbox 3551 5468 3689 5521; x_wconf 83' lang='lat' dir='ltr'><strong>enim</strong></span> 
     </span>
    </p>
   </div>
   <div class='ocr_carea' id='block_1_149' title="bbox 2130 5535 3691 5603">
    <p class='ocr_par' dir='ltr' id='par_1_149' title="bbox 2130 5535 3691 5603">
     <span class='ocr_line' id='line_1_150' title="bbox 2130 5535 3691 5603; baseline 0.001 -16"><span class='ocrx_word' id='word_1_1142' title='bbox 2130 5537 2217 5603; x_wconf 90' lang='lat' dir='ltr'><strong>qui</strong></span> <span class='ocrx_word' id='word_1_1143' title='bbox 2251 5535 2621 5588; x_wconf 67' lang='lat' dir='ltr'><strong>vestimentum</strong></span> <span class='ocrx_word' id='word_1_1144' title='bbox 2651 5536 2845 5591; x_wconf 74' lang='lat' dir='ltr'><strong>Christi</strong></span> <span class='ocrx_word' id='word_1_1145' title='bbox 2872 5552 3013 5602; x_wconf 89' lang='lat' dir='ltr'><strong>sunt,</strong></span> <span class='ocrx_word' id='word_1_1146' title='bbox 3041 5541 3132 5591; x_wconf 81' lang='lat' dir='ltr'><strong>alii</strong></span> <span class='ocrx_word' id='word_1_1147' title='bbox 3159 5542 3209 5591; x_wconf 86' lang='lat' dir='ltr'><strong>in</strong></span> <span class='ocrx_word' id='word_1_1148' title='bbox 3241 5554 3333 5590; x_wconf 86' lang='lat' dir='ltr'><strong>ora</strong></span> <span class='ocrx_word' id='word_1_1149' title='bbox 3367 5538 3691 5599; x_wconf 83' lang='lat' dir='ltr'><strong>vestimenti,</strong></span> 
     </span>
    </p>
   </div>
   <div class='ocr_carea' id='block_1_150' title="bbox 2129 5605 3693 5676">
    <p class='ocr_par' dir='ltr' id='par_1_150' title="bbox 2129 5605 3693 5676">
     <span class='ocr_line' id='line_1_151' title="bbox 2129 5605 3693 5676; baseline 0.001 -20"><span class='ocrx_word' id='word_1_1150' title='bbox 2129 5605 2216 5676; x_wconf 87' lang='lat' dir='ltr'><strong>alii</strong></span> <span class='ocrx_word' id='word_1_1151' title='bbox 2249 5606 2585 5676; x_wconf 82' lang='lat' dir='ltr'><strong>circa_caput</strong></span> <span class='ocrx_word' id='word_1_1152' title='bbox 2628 5617 2749 5658; x_wconf 90' lang='lat' dir='ltr'><strong>sunt</strong></span> <span class='ocrx_word' id='word_1_1153' title='bbox 2795 5618 3006 5676; x_wconf 85' lang='lat' dir='ltr'><strong>propter</strong></span> <span class='ocrx_word' id='word_1_1154' title='bbox 3052 5608 3452 5673; x_wconf 78' lang='lat' dir='ltr'><strong>excellentiam;</strong></span> <span class='ocrx_word' id='word_1_1155' title='bbox 3500 5608 3592 5659; x_wconf 85' lang='lat' dir='ltr'><strong>alii</strong></span> <span class='ocrx_word' id='word_1_1156' title='bbox 3637 5616 3693 5658; x_wconf 89' lang='lat' dir='ltr'><strong>ut</strong></span> 
     </span>
    </p>
   </div>
   <div class='ocr_carea' id='block_1_151' title="bbox 2133 5674 3693 5745">
    <p class='ocr_par' dir='ltr' id='par_1_151' title="bbox 2133 5674 3693 5745">
     <span class='ocr_line' id='line_1_152' title="bbox 2133 5674 3693 5745; baseline 0.002 -19"><span class='ocrx_word' id='word_1_1157' title='bbox 2133 5675 2358 5745; x_wconf 82' lang='lat' dir='ltr'><strong>limbria:</strong></span> <span class='ocrx_word' id='word_1_1158' title='bbox 2384 5674 2765 5741; x_wconf 71' lang='lat' dir='ltr'><strong>dependentes,</strong></span> <span class='ocrx_word' id='word_1_1159' title='bbox 2806 5674 2907 5731; x_wconf 71' lang='lat' dir='ltr'><strong>alii</strong></span> <span class='ocrx_word' id='word_1_1160' title='bbox 2941 5681 3037 5732; x_wconf 88' lang='lat' dir='ltr'><strong>hac</strong></span> <span class='ocrx_word' id='word_1_1161' title='bbox 3084 5682 3163 5733; x_wconf 85' lang='lat' dir='ltr'><strong>vel</strong></span> <span class='ocrx_word' id='word_1_1162' title='bbox 3207 5678 3293 5731; x_wconf 89' lang='lat' dir='ltr'><strong>illa</strong></span> <span class='ocrx_word' id='word_1_1163' title='bbox 3326 5689 3473 5745; x_wconf 88' lang='lat' dir='ltr'><strong>parte</strong></span> <span class='ocrx_word' id='word_1_1164' title='bbox 3501 5690 3693 5731; x_wconf 84' lang='lat' dir='ltr'><strong>secun-</strong></span> 
     </span>
    </p>
   </div>
   <div class='ocr_carea' id='block_1_152' title="bbox 2133 5743 2991 5812">
    <p class='ocr_par' dir='ltr' id='par_1_152' title="bbox 2133 5743 2991 5812">
     <span class='ocr_line' id='line_1_153' title="bbox 2133 5743 2991 5812; baseline 0 -14"><span class='ocrx_word' id='word_1_1165' title='bbox 2133 5743 2257 5798; x_wconf 88' lang='lat' dir='ltr'><strong>dutn</strong></span> <span class='ocrx_word' id='word_1_1166' title='bbox 2286 5745 2519 5799; x_wconf 83' lang='lat' dir='ltr'><strong>diversas</strong></span> <span class='ocrx_word' id='word_1_1167' title='bbox 2544 5747 2827 5812; x_wconf 85' lang='lat' dir='ltr'><strong>dignitates</strong></span> <span class='ocrx_word' id='word_1_1168' title='bbox 2852 5758 2991 5801; x_wconf 87' lang='lat' dir='ltr'><strong>sunt.</strong></span> 
     </span>
    </p>
   </div>
   <div class='ocr_carea' id='block_1_153' title="bbox 2208 5811 3697 5888">
    <p class='ocr_par' dir='ltr' id='par_1_153' title="bbox 2208 5811 3697 5888">
     <span class='ocr_line' id='line_1_154' title="bbox 2208 5811 3697 5888; baseline 0.004 -23"><span class='ocrx_word' id='word_1_1169' title='bbox 2208 5811 2494 5869; x_wconf 70' lang='lat' dir='ltr'><strong>Extendcns</strong></span> <span class='ocrx_word' id='word_1_1170' title='bbox 2534 5811 2715 5870; x_wconf 70' lang='lat' dir='ltr'><strong>cretum</strong></span> <span class='ocrx_word' id='word_1_1171' title='bbox 2744 5819 2871 5872; x_wconf 85' lang='lat' dir='ltr'><strong>sicut</strong></span> <span class='ocrx_word' id='word_1_1172' title='bbox 2903 5817 3106 5888; x_wconf 81' lang='lat' dir='ltr'><strong>pellem.</strong></span> <span class='ocrx_word' id='word_1_1173' title='bbox 3155 5817 3214 5875; x_wconf 88' lang='lat' dir='ltr'><strong>Si</strong></span> <span class='ocrx_word' id='word_1_1174' title='bbox 3241 5816 3307 5873; x_wconf 80' lang='lat' dir='ltr'><strong>ad</strong></span> <span class='ocrx_word' id='word_1_1175' title='bbox 3335 5816 3565 5874; x_wconf 81' lang='lat' dir='ltr'><strong>litteram</strong></span> <span class='ocrx_word' id='word_1_1176' title='bbox 3596 5826 3697 5871; x_wconf 81' lang='lat' dir='ltr'><strong>hoc</strong></span> 
     </span>
    </p>
   </div>
  </div>
