4026 6200
356 376 375 427 1
388 374 487 428 007

810 371 1010 425 ΒΕΒᾸΞ
1054 372 1503 428 νΕΝιειιΑιιιιιιδ
1542 372 1690 427 ΟΡΡ.
1746 370 1911 424 PARS

2013 410 2021 423 .
2066 370 2253 424 SECT.
2301 370 2363 424 ll.
2408 398 2475 411 -—-
2513 371 2714 425 DUBIA
2759 370 2843 423 ET
2883 369 3156 426 SPURIA.

3448 374 3586 429 1088

347 496 511 551 etiam
556 502 700 557 aqua?
747 487 948 557 stabunt
994 502 1145 555 super
1192 496 1404 557 montes,
1430 485 1549 557 Sed
1589 500 1706 553 qua:
1746 483 1909 557 cura?
1942 487 1985 541 A
2019 482 2293 557 Yelaliter
2328 501 2340 536 :
2378 482 2782 557 Votucresrcacli,
2818 485 2903 557 qui
2933 485 3076 557 prius
3104 493 3260 557 erant
3284 483 3582 553 instabiles,

346 564 497 620 Nn‘lla
536 554 744 624 utique,
778 556 896 624 quia
939 556 1130 623 fugient
1169 568 1351 623 aquie,
1392 554 1441 606 id
1481 563 1593 618 est,
1626 556 1912 609 cessabunt

346 629 741 702 persecutiones
769 626 830 676 ab
860 624 1197 702 increpatione
1227 634 1313 677 tua
1333 666 1348 689 ,
1387 626 1548 702 id_est
1568 666 1582 688 ,
1613 640 1705 702 per
1735 625 1910 702 incre-

350 694 614 772 pationem
635 737 648 772 ,
672 709 832 772 quam
865 703 916 745 tu
950 694 1108 746 iacies
1138 709 1231 772 per
1262 707 1407 772 tuos,
1433 694 1647 772 Et_vcre
1676 696 1871 761 fugient
1896 734 1909 755 ,

342 764 837 843 quiaq‘rormidabunt
878 780 909 842 ᾳ
948 778 1065 843 voce
1094 764 1304 843 tonitrui
1334 765 1407 815 tui
1426 805 1439 828 ,
1553 773 1664 843 est,
1699 774 1912 843 ιδτοιιιετιν

346 832 674 896 manifestam
702 832 1167 886 comminationem
1211 842 1416 885 tuorum
1444 834 1734 887 dicentium
1769 851 1780 884 :
1822 833 1912 885 Va:

345 910 535 965 mundo
574 920 604 956 a
630 902 905 955 scandatis.
950 901 1188 955 “ursos:
1226 902 1343 955 Nisi
1379 904 1720 971 pacnitentiam
1750 903 1912 972 egeri-

344 983 430 1041 tis,
475 974 719 1044 peribitis,
764 981 819 1044 et
862 972 1076 1024 similia.
1125 972 1190 1024 Et
1234 982 1475 1026 cessante
1523 977 1908 1044 persecutione.

344 1041 802 1118 quibusoppressi
829 1050 1001 1106 erant,
1035 1051 1227 1118 montes
1257 1046 1544 1118 ascendant,
1575 1041 1625 1095 id
1656 1052 1759 1104 est,
1788 1056 1912 1118 tunc

346 1111 619 1187 apparebit
642 1120 951 1187 sanctorum
979 1111 1343 1187 apostolorum
1354 1122 1432 1187 _et
1468 1112 1691 1187 aliorum
1727 1114 1911 1187 praela-

347 1178 521 1242 torum
550 1180 858 1239 eminentia.
899 1178 965 1231 Et
995 1179 1161 1249 campi
1204 1179 1428 1234 humiles
1469 1182 1664 1235 subditi
1705 1184 1910 1235 descen-

341 1260 485 1312 dent.
529 1256 794 1319 Quantum
833 1251 976 1319 enim
1018 1250 1093 1302 illi
1138 1250 1253 1314 plus
1289 1251 1580 1303 ascendunt
1630 1252 1679 1304 in
1727 1254 1911 1319 pratia-

338 1329 522 1391 tione,
551 1318 695 1377 tanto
731 1318 898 1391 magis
926 1319 1009 1371 isti
1038 1319 1315 1391 proﬁcient
1343 1318 1394 1372 in
1425 1318 1773 1391 subiectione.
1805 1323 1908 1375 Sed

345 1388 522 1450 tamen
563 1404 734 1460 neque
772 1388 849 1441 illi
880 1389 1206 1460 ascendunt,
1239 1403 1409 1460 neque
1438 1390 1521 1442 isu
1550 1391 1907 1455 descendunt,

342 1468 447 1521 nisi
488 1467 539 1517 in
570 1458 733 1515 locum
770 1472 917 1526 quem
959 1466 1012 1509 tu
1051 1458 1300 1522 fundasti,
1339 1459 1388 1511 id
1419 1471 1522 1522 est,
1555 1460 1777 1515 tirmiter
1804 1461 1912 1515 dis-

346 1532 591 1605 posuisti.
638 1529 1009 1595 Unusquisque
1046 1526 1185 1581 enim
1213 1527 1477 1596 prepriam
1508 1529 1723 1583 domum
1754 1532 1911 1586 habet

340 1621 371 1658 a
401 1604 601 1670 Spiritu
633 1608 833 1653 sancto.

415 1665 708 1728 Terminum
734 1666 964 1738 posuisti.
995 1665 1116 1721 Ideo
1137 1666 1256 1738 dico
1280 1674 1330 1721 te
1354 1667 1522 1721 locum
1547 1669 1624 1722 eis
1646 1671 1908 1738 posuisse,

340 1745 468 1812 quia
496 1752 549 1797 tu
581 1736 793 1812 posuisti
820 1736 1111 1812 terminum,
1142 1736 1194 1790 id
1219 1743 1320 1801 est,
1346 1744 1544 1812 certam
1575 1736 1768 1812 metam
1798 1736 1910 1795 oui-

2011 551 2305 606 habitabunt
2332 569 2485 621 super
2509 571 2566 607 ea
2586 592 2601 618 ,
2638 554 2687 607 id
2714 565 2796 607 est
2817 594 2831 617 ,
2876 554 3071 606 fundati
3103 552 3153 606 in
3194 553 3298 608 ﬁde
3327 551 3583 611 montium

2011 632 2065 673 et
2090 623 2408 677 convallium
2438 624 2653 677 stabiles
2676 634 2859 689 erunt;
2891 633 2945 677 et
2969 625 3160 676 dabunt
3188 638 3360 677 vocem
3385 626 3450 677 de
3475 642 3582 679 me-

2012 693 2095 742 dio
2125 702 2403 759 petrarum,
2437 703 2491 745 ut
2523 694 2686 760 prius.

2087 762 2278 829 [ligans
2321 771 2533 816 montes.
2578 763 2777 815 Dictum
2815 770 2898 817 est
2937 777 2951 813 :
2994 760 3071 814 Tu
3107 763 3291 815 emittis
3328 767 3491 831 fontes
3533 766 3586 819 in

2013 834 2362 894 convallibus;
2395 843 2469 897 tu,
2502 832 2641 896 dicit,
2673 833 2829 883 etiam
2858 833 3028 895 rigans
3056 845 3247 890 montes
3272 834 3335 884 dc
3362 836 3587 902 superio-

2011 901 2151 954 ribus
2174 903 2302 968 suis,
2328 903 2375 954 id
2398 913 2499 965 est,
2531 902 2771 954 imbuens
2794 915 3001 955 montes
3022 902 3380 967 Spirdnalibus
3406 901 3583 973 donis,

2011 986 2127 1032 qua:
2156 987 2183 1023 a
2217 981 2299 1036 te,
2332 973 2420 1039 qui
2452 986 2574 1025 vere
2603 973 2849 1040 superior
2882 988 2957 1029 es.
2990 976 3110 1037 quia
3140 979 3369 1035 creator,
3402 988 3588 1040 proce-

2012 1041 2161 1094 dunt.
2194 1042 2354 1094 Omne
2385 1044 2516 1094 enim
2544 1044 2737 1104 datum,
2772 1051 2816 1092 et
2839 1055 2983 1093 omne
3010 1041 3201 1093 donum
3230 1042 3471 1109 optimum
3499 1046 3588 1096 de-

2010 1126 2209 1181 sursum
2257 1120 2358 1176 est,
2404 1111 2712 1164 descendens
2756 1127 2787 1161 a
2839 1110 2990 1163 Patre
3034 1112 3301 1162 luminum.
3356 1111 3420 1164 Et
3466 1113 3589 1181 quia

2017 1179 2213 1232 habent
2256 1195 2284 1232 a
2332 1191 2405 1244 te,
2439 1195 2541 1233 non
2588 1196 2615 1230 a
2663 1195 2740 1241 Se,
2790 1181 2908 1233 idtO
2955 1190 3093 1249 terra
3137 1185 3333 1233 sociata
3374 1196 3468 1249 per
3486 1179 3590 1237 eos

2012 1250 2297 1302 soeiabitur
2323 1251 2390 1303 de
2432 1250 2602 1303 fructu
2642 1264 2861 1316 operum
2903 1266 3005 1300 non
3048 1248 3302 1316 ipsorum,
3344 1248 3435 1303 sed
3469 1263 3589 1304 tui--

2015 1332 2149 1370 l‘lltlt.
2177 1318 2358 1387 Neque
2380 1319 2511 1371 enim
2536 1320 2620 1385 qui
2643 1326 2859 1388 plantat,
2885 1320 2959 1370 vel
2983 1318 3071 1386 qui
3094 1320 3246 1388 rigat,
3274 1328 3347 1372 est
3371 1322 3590 1387 aliquid,

2013 1389 2100 1439 sed
2127 1390 2213 1454 qui
2239 1391 2597 1442 incrementum
2627 1396 2712 1439 dat
2742 1387 2897 1441 Deus.

2090 1457 2375 1511 l’roduccns
2402 1460 2591 1527 fenum.
2624 1456 2925 1519 Satiabitur,
2958 1456 3167 1524 inquam
3186 1497 3202 1521 ,
3231 1467 3396 1523 terra;
3424 1468 3589 1527 terra,

2013 1524 2152 1597 dico.
2181 1524 2460 1595 producens
2488 1528 2660 1597 fenum
2687 1527 3077 1597 iumentis.)ch
3112 1538 3279 1592 potest
3308 1531 3493 1586 referri
3525 1524 3592 1586 ad

2017 1595 2330 1660 Dominum,
2384 1609 2441 1671 ut
2488 1595 2564 1671 Sic
2612 1596 2820 1650 dicatur
2869 1613 2882 1648 :
2940 1595 3592 1671 Emittisjontes,irigans

2014 1676 2225 1731 montes,
2260 1678 2312 1719 et
2342 1668 2586 1721 satiando
2614 1676 2806 1718 terram
2839 1667 3123 1732 producam
3151 1666 3321 1735 fenum
3343 1709 3357 1731 ,
3387 1670 3439 1723 id
3464 1666 3553 1724 est
3573 1712 3590 1735 ,

2018 1736 2317 1790 necessaria
2343 1737 2573 1790 carnalia
2600 1735 2886 1803 iumentis,
2934 1736 2984 1788 id
3011 1746 3125 1800 est,
3156 1738 3591 1804 praedicatoribus

344 1805 519 1877 nibus,
553 1805 777 1883 scilicet.
822 1805 1181 1883 montibuset
1219 1808 1418 1872 campis
1455 1817 1510 1861 et
1550 1810 1721 1883 aquis,
1763 1827 1911 1883 quem
1944 1826 1987 1883 Β
2016 1809 2214 1883 sanctis
2245 1806 2632 1883 triturantibus,
2666 1815 2962 1883 ut_grana.a
2996 1806 3180 1874 paleis,
3214 1806 3395 1883 id_est,
3424 1810 3592 1883 boiies

344 1900 445 1935 non
481 1874 930 1948 transgredientur.
975 1876 1039 1927 Et
1064 1874 1182 1928 ideo
1209 1888 1360 1944 aquae
1390 1874 1666 1948 postquam
1690 1874 1797 1948 jam
1824 1880 1909 1948 jn-

343 1954 500 2005 bente
549 1961 600 2003 te
628 1946 931 2013 tugierunt,
979 1958 1244 2011 nunquam
1290 1946 1517 2013 amplius
1560 1946 1912 2003 convertentur

336 2023 540 2089 operire
568 2028 772 2089 terram:
802 2013 961 2089 Quasi
987 2014 1125 2067 dicat
1157 2031 1173 2089 :_
1204 2013 1380 2078 Mare,
1414 2016 1553 2089 quod
1592 2019 1909 2085 movebitur,

341 2084 395 2143 ct
422 2092 611 2144 ﬂuctus
642 2084 865 2140 tundent
892 2085 1060 2148 littus,
1086 2084 1207 2151 quia
1235 2099 1337 2138 non
1363 2084 1580 2138 oninino
1612 2084 1913 2153 perseeutiu

338 2159 743 2227 exstirpabitur,
772 2155 862 2208 sed
896 2163 1071 2227 tamen
1101 2168 1366 2221 nunquam
1392 2155 1620 2227 amplius
1647 2171 1800 2227 aqua:
1830 2175 1911 2213 re-

343 2223 617 2284 vertentur
648 2228 698 2279 in
741 2235 937 2279 statum
978 2223 1122 2276 illum
1142 2266 1165 2295 ,Α
1198 2231 1255 2277 ιιι
1281 2225 1525 2295 operiant
1557 2223 1752 2281 terrain
1772 2268 1787 2295 ,
1818 2244 1911 2295 op-

336 2300 572 2370 primant
616 2296 935 2370 Ecclesiam,
986 2301 1044 2346 ut
1089 2292 1252 2370 prius.
1301 2294 1456 2370 Quia
1482 2306 1552 2370 et_
1581 2296 1639 2370 si
1676 2292 1912 2367 tenipoie

340 2362 653 2423 Antichristi
683 2367 858 2434 gravis
890 2362 1189 2432 persecutio
1218 2364 1387 2418 futura
1412 2365 1506 2433 sit,
1541 2364 1706 2421 levior
1734 2362 1908 2422 taiucn

333 2439 460 2505 erit,
487 2441 608 2508 quia
634 2436 831 2508 ubiqu_e
860 2448 963 2508 non
988 2434 1107 2508 erit.

415 2502 518 2575 Qui
541 2509 742 2562 emittis.
791 2504 1048 2575 Posuisti,
1080 2502 1342 2575 inquam,
1359 2503 1436 2558 eis
1467 2503 1750 2575 terminum
1773 2547 1788 2573 ,
1819 2516 1906 2571 tu,

336 2573 477 2643 dico,
508 2578 592 2646 qui
621 2575 804 2646 emittis
836 2577 998 2646 fontes
1028 2573 1080 2646 in
1106 2573 1437 2626 convallibus.
1479 2574 1758 2629 Convnlles
1788 2589 1911 2631 sunt

338 2643 590 2715 depressa
622 2654 677 2699 et
703 2643 1041 2715 strictaloca
1062 2643 1207 2715 inter
1231 2652 1457 2707 montes,
1496 2659 1594 2715 per
1623 2660 1740 2712 qute
1770 2647 1910 2700 desi-

340 2712 569 2787 gilantur
610 2714 855 2776 humiles,
883 2712 950 2765 de
987 2712 1178 2787 quibus
1219 2727 1313 2787 per
1358 2713 1908 2787 prophetaindictum

332 2784 419 2841 ésl
450 2805 461 2837 :
496 2788 662 2853 Super
690 2799 836 2856 quem
878 2784 1149 2850 requiescet
1190 2784 1398 2849 spiritus
1415 2799 1590 2856 ‘meus,
1634 2784 1735 2856 nisi
1761 2803 1911 2856 super

337 2852 635 2925 quietumet
668 2852 927 2913 humilem,
958 2861 1001 2903 et
1033 2856 1284 2925 timentem
1323 2852 1468 2925 verba
1510 2855 1661 2925 mea?
1700 2852 1910 2921 Quanto

340 2921 481 2979 enim
507 2924 835 2986 humiliores,
862 2930 1007 2973 tanto
1034 2921 1085 2972 in
1115 2923 1375 2986 spirituali
1401 2924 1566 2989 gratia
1600 2924 1905 2981 lertiliores.

342 2996 407 3048 Et
437 2995 555 3047 ideo
583 2994 709 3047 dicit
734 3010 746 3043 :
775 2990 1082 3063 Quiemittis
1108 2992 1292 3056 (cities,
1310 2992 1371 3063 id
1399 3002 1501 3058 est,
1525 2994 1613 3061 qui
1646 3011 1909 3063 prmparas

338 3063 709 3119 inexhaustum
733 3071 785 3115 et
812 3058 1132 3133 reﬁcientem
1154 3060 1520 3133 doctrinamin
1542 3058 1905 3133 con-vallibus;

341 3134 711 3202 pertransibunt
737 3133 867 3183 inter
895 3130 1383 3202 mediummonlium
1401 3173 1414 3197 ,
1447 3130 1496 3184 id
1520 3141 1632 3197 est,
1665 3148 1768 3188 non
1798 3130 1907 3190 dis-

340 3199 573 3259 Sentient
603 3218 631 3255 a
669 3200 936 3274 communi
964 3199 1489 3274 doctriiia_iii0titiuni
1509 3243 1523 3263 ,
1560 3202 1610 3256 id
1639 3214 1747 3270 est,
1781 3220 1909 3274 apo-

340 3275 623 3328 stolorum.
671 3273 796 3326 lla‘c
824 3271 965 3323 enim
996 3268 1277 3324 concordia
1308 3286 1434 3325 vere
1473 3268 1800 3327 observanda
1818 3268 1913 3332 ἐει

344 3346 395 3397 in
427 3344 684 3398 Ecclesia.
715 3340 865 3396 Unde
894 3349 948 3394 et
974 3340 1244 3413 apostolus
1272 3339 1484 3413 Paulus,
1516 3345 1603 3411 qui
1637 3359 1808 3413 neque
1834 3347 1912 3399 di-

339 3415 464 3469 dicit
500 3414 566 3466 ab
595 3413 806 3465 homine
833 3425 1004 3480 neque
1031 3425 1121 3477 per
1152 3410 1418 3463 hominem
1438 3453 1453 3478 ,
1488 3410 1683 3480 tamen,
1716 3410 1781 3467 ne
1806 3416 1914 3468 dis-

342 3488 541 3539 sentire
582 3482 853 3536 videretur
889 3480 954 3533 ab
993 3480 1146 3545 aliis,
1188 3481 1412 3552 contulit
1454 3484 1592 3550 quod
1633 3495 1914 3552 acceperat

339 3570 462 3608 cum
501 3555 599 3617 eis,
642 3560 697 3606 et
736 3552 813 3604 sic
854 3563 1067 3604 omnem
1106 3550 1463 3619 suspicionem
1507 3567 1719 3619 pravam
1751 3550 1816 3608 de
1855 3570 1913 3609 se

342 3625 554 3691 repulit.
588 3621 682 3675 Vel
710 3621 862 3675 aliter
890 3637 901 3671 :
934 3619 1089 3691 Aqua:
1117 3618 1183 3672 de
1212 3620 1539 3675 convallibus
1569 3627 1911 3689 procedentes

337 3689 713 3764 pertransibunt
743 3692 874 3743 inter
900 3689 1121 3764 medium
1152 3690 1421 3764 montium,
1453 3691 1501 3744 id
1531 3704 1645 3755 est,
1676 3708 1769 3761 per
1799 3697 1909 3747 val-

345 3759 448 3818 lem
491 3762 800 3816 transiluent
820 3802 834 3824 ,
878 3760 997 3827 quia
1027 3760 1091 3811 ad
1124 3760 1266 3830 solus
1297 3759 1537 3815 homines
1568 3759 1910 3830 pervenient;

344 3842 553 3887 montes
574 3846 721 3896 vero,
754 3831 805 3884 id
833 3840 935 3894 est,
965 3828 1222 3899 superbos
1253 3844 1356 3883 non
1387 3828 1665 3899 attingent.
1701 3834 1764 3885 Et
1792 3828 1911 3887 nota

339 3905 478 3966 quod
508 3903 628 3955 ideo
652 3902 795 3969 ponit
822 3898 1219 3970 pertransibunt,
1245 3899 1386 3966 quia,
1413 3909 1468 3970 ut
1491 3898 1777 3968 Apostolus
1800 3905 1868 3956 ait
1898 3922 1908 3955 :

338 3972 459 4025 Sive
485 3972 795 4040 prophetiae,
823 3969 937 4023 sive
970 3970 1213 4030 scientia,
1252 3969 1643 4035 evacuabuntur,
1676 3974 1913 4040 quoniam

337 4057 451 4093 cum
491 4043 675 4093 venerit
705 4042 841 4109 quod
883 4044 1157 4108 perfectum
1196 4048 1300 4099 est,
1344 4042 1664 4093 evacuabitur
1692 4047 1914 4110 quodex

374 4120 483 4163 arte
510 4120 601 4162 est.

339 4128 690 4251 ?aigfit:abunt.
720 4177 880 4251 Quasi
912 4178 1056 4251 dicat
1082 4194 1094 4229 :
1124 4177 1203 4251 _D_e
1237 4178 1733 4251 aquisconvallium
1764 4192 1907 4251 pota-

340 4249 462 4302 bant
510 4264 680 4301 omnes
727 4249 896 4300 bestia:
943 4248 1077 4316 agri,
1123 4248 1171 4299 id
1218 4258 1321 4314 est,
1363 4248 1520 4315 aliqui
1563 4253 1628 4303 de
1668 4248 1914 4305 omnibus

340 4319 523 4375 bestiis
545 4321 674 4388 agri.
704 4318 903 4371 Bestius
927 4320 1037 4385 agri
1069 4324 1224 4388 vocat
1247 4317 1491 4379 Judaios;
1523 4321 1741 4380 bestias,
1771 4322 1910 4383 ideo,

336 4393 461 4459 quia
494 4400 547 4443 et
576 4387 620 4441 Si
655 4392 815 4443 Deum
848 4403 1029 4441 verum
1052 4387 1315 4459 colerent,
1351 4396 1524 4439 tamen
1556 4399 1768 4456 propter
1796 4392 1910 4443 sola

337 4455 566 4514 carnalia
602 4460 700 4512 hoc
728 4459 1007 4511 iaciebant.
1051 4455 1151 4510 Per
1180 4472 1362 4523 agrum
1389 4467 1566 4511 autem
1598 4460 1909 4526 designatur

587 4510 717 4597 ιεέίδ
752 4510 810 4582 et
840 4510 1242 4595 prophetarum]
1265 4530 1342 4580 eis
1388 4510 1655 4595 impensa.
1688 4510 1904 4583 ἔτ’ἀᾑῖιί
1943 4510 1989 4567 D

337 4600 509 4654 solum
538 4600 727 4654 bestia:
752 4603 886 4665 agri,
918 4597 1009 4650 sed
1039 4598 1195 4650 etiam
1224 4597 1425 4666 onagri,
1462 4598 1514 4651 id
1537 4606 1639 4664 est,
1664 4600 1905 4668 gentiles,

335 4674 423 4738 qui
454 4680 603 4724 erant
634 4668 781 4738 quasi
812 4669 1084 4720 silvestres
1111 4668 1277 4738 asini,
1311 4669 1360 4719 id
1392 4677 1508 4733 est,
1539 4669 1713 4721 stolidi
1741 4682 1793 4723 et
1824 4671 1905 4723 in-

336 4736 561 4802 domiti,
591 4736 947 4802 exspectabant
980 4736 1145 4803 putari
1177 4737 1243 4789 ab
1274 4738 1424 4805 aquis
1466 4740 1590 4791 illis.
1636 4740 1699 4791 Et
1729 4740 1829 4793 hoc
1857 4743 1909 4793 in

332 4810 419 4861 siti
450 4825 563 4866 sua.
594 4809 643 4861 id
671 4817 771 4869 est,
803 4810 853 4859 in
882 4807 1017 4860 sitia
1048 4807 1153 4858 Deo
1182 4806 1282 4859 sibi
1303 4808 1447 4861 data.
1470 4808 1575 4862 Alii
1600 4809 1737 4861 enim
1771 4810 1907 4876 plus,

334 4881 422 4930 alii
457 4883 650 4941 minus,
682 4881 803 4945 quia
835 4880 915 4929 tne
943 4888 1353 4941 contemperata:
1377 4890 1497 4931 sunt
1520 4916 1534 4939 ,
1565 4880 1702 4944 quod
1735 4881 1801 4932 de
1829 4882 1910 4933 his

339 4958 584 5019 putantur
629 4948 803 5019 tttagni
842 4956 898 4999 et
947 4948 1113 5011 parvi,
1160 4948 1382 5019 doetiet
1425 4949 1643 5019 indocti,
1678 4962 1833 5002 senes
1860 4959 1912 5002 et

333 5016 389 5070 et
420 5018 602 5086 pueri,
644 5018 868 5085 quisque
904 5032 997 5086 pro
1026 5030 1116 5086 sua
1147 5016 1459 5078 capacitate.
1506 5016 1601 5069 Hic
1628 5018 1768 5072 enim
1797 5023 1906 5071 ete-

334 5082 469 5155 phas
499 5082 861 5153 namq-agnus
899 5082 1163 5148 ambulat;
1207 5086 1293 5138 hic
1334 5099 1531 5155 onager
1570 5088 1825 5155 reticitur,
1857 5099 1914 5142 et

334 5161 485 5227 itepus
515 5173 618 5211 non
648 5164 894 5227 terretur.

408 5229 580 5298 Super
608 5244 690 5280 ea.
722 5225 1031 5298 Dictuniest
1056 5238 1073 5277 :
1102 5223 1584 5298 Quoniammontes
1606 5229 1909 5291 ascendunt,

333 5309 382 5350 et
426 5294 736 5352 descendunt
774 5295 940 5363 campi
960 5330 983 5363 ,ν
1017 5303 1071 5346 ει
1110 5294 1283 5348 lbntes
1311 5294 1546 5348 orientur
1577 5297 1629 5349 in
1659 5300 1913 5349 convalli-

338 5368 455 5422 bus.
504 5370 567 5422 Ει
606 5383 756 5437 super
789 5382 850 5418 ea
867 5362 1150 5437 ,lscilicet,
1192 5373 1398 5437 montes
1419 5405 1434 5426 ,
1462 5380 1679 5433 campos
1706 5377 1760 5419 et
1787 5384 1912 5419 con-

339 5438 521 5503 valles,
552 5434 778 5490 volucres
800 5435 937 5498 creti,
970 5434 1020 5486 id
1048 5444 1161 5498 est,
1191 5434 1493 5499 Spiritunles
1526 5437 1655 5498 viri,
1687 5452 1913 5502 quorum

336 5510 678 5559 conversatio
708 5508 759 5559 in
788 5506 938 5559 ctelis
966 5516 1049 5557 est
1070 5543 1085 5568 ,
1112 5513 1304 5569 erunt,
1346 5507 1465 5571 quia
1498 5506 1789 5559 innitentur
1818 5522 1913 5557 au-

337 5578 568 5628 ctoritati
607 5590 808 5630 eorum.
845 5578 911 5628 Et
937 5572 1271 5637 habitabant,
1305 5574 1355 5625 id
1386 5583 1496 5636 est,
1527 5577 1688 5627 corde
1713 5577 1790 5629 eis
1817 5577 1914 5627 ad-

341 5646 651 5708 hznrebunt,
682 5644 915 5707 scilicet,
960 5653 1015 5694 ut
1044 5644 1175 5695 nihil
1204 5656 1443 5696 seorsum
1481 5644 1710 5697 sentiant
1730 5683 1744 5708 ,
1772 5645 1912 5712 quod

342 5714 633 5779 perfectum
662 5714 909 5776 ostendit,
942 5712 1124 5765 dicens
1151 5729 1163 5763 :
1195 5711 1329 5776 Quia
1357 5713 1497 5764 dabit
1523 5728 1689 5767 vocent
1719 5711 1915 5766 define-

338 5784 427 5834 dio
452 5794 726 5848 petrarum,
755 5782 809 5835 id
834 5791 948 5848 est,
978 5784 1044 5834 de
1071 5784 1340 5836 communi
1366 5783 1603 5838 doetriua
1632 5787 1909 5839 montium.

2015 1876 2225 1947 amatis
2254 1886 2516 1947 separent.
2552 1876 2624 1947 De
2649 1875 2842 1947 quibus
2871 1876 3066 1947 dictum
3093 1887 3175 1929 est
3206 1892 3220 1928 :
3256 1875 3375 1930 Non
3403 1882 3589 1947 alliga-

2015 1944 2089 1996 bis
2120 1961 2175 1997 os
2203 1946 2312 1997 bovi
2341 1946 2621 1999 trituranti.
2648 1944 2850 1998 Debent
2869 1946 3010 1998 enim
3032 1945 3207 1999 devoti
3241 1944 3590 2013 provinciales

2014 2029 2235 2080 erogare
2286 2015 2480 2068 cibaria
2532 2013 2785 2084 militibus
2831 2014 3068 2075 Christi,
3123 2017 3258 2068 sicut
3307 2017 3591 2084 Apostolus

2016 2088 2251 2153 praecipit
2281 2085 2465 2138 dicens
2494 2101 2505 2136 :
2535 2083 2877 2136 Communic‘et
2907 2093 3074 2136 autem
3101 2086 3177 2137 his
3206 2087 3292 2153 qui
3318 2089 3590 2140 catechizat

2013 2168 2051 2205 υ.
2072 2154 2161 2206 rbo
2190 2155 2234 2207 ei
2261 2156 2346 2219 qui
2378 2170 2430 2206 se
2454 2153 2730 2205 catechis-it
2765 2154 2816 2205 in
2856 2154 3083 2207 omnibus
3121 2155 3281 2207 bonis.
3326 2159 3389 2209 Et
3415 2158 3540 2211 alibi
3573 2175 3586 2209 :

2016 2223 2073 2276 Si
2105 2239 2195 2275 nos
2221 2224 2573 2294 seminavimus
2604 2223 2738 2294 vobis
2767 2223 3057 2291 spiritualia
3075 2262 3090 2285 ,
3118 2226 3240 2292 quid
3284 2241 3519 2294 magnum
3547 2229 3592 2280 si

2014 2302 2252 2346 metemus
2282 2291 2427 2347 nobis
2454 2292 2721 2346 carnalia?
2752 2293 2883 2346 liant
2909 2294 3050 2347 enim
3079 2291 3244 2348 sancti
3280 2291 3591 2362 praedicato—

2012 2376 2100 2416 res
2138 2378 2347 2425 aurum,
2394 2363 2656 2430 accipiunt
2704 2361 2905 2429 fenum,
2954 2363 3003 2416 id
3052 2372 3153 2428 εει,
3195 2361 3321 2417 dant
3370 2374 3586 2431 interna,

2013 2435 2279 2501 accipiunt
2309 2432 2527 2487 caduca.
2563 2434 2624 2485 Et
2654 2432 2773 2485 ideo
2802 2432 2867 2486 ad
2911 2433 3161 2501 majorem
3192 2436 3587 2499 expressionem

2013 2515 2132 2569 qua:
2158 2502 2425 2571 accipiunt
2451 2503 2628 2557 subdit
2660 2519 2671 2554 :
2706 2501 2774 2555 Et
2803 2502 3102 2570 producens
3131 2503 3338 2556 herbam
3366 2506 3589 2560 servituti

2014 2572 2298 2626 hominum.
2338 2572 2659 2643 servitutem
2703 2574 2976 2643 hominum
3018 2582 3192 2635 vocat,
3236 2589 3371 2637 quos
3410 2585 3464 2627 et
3504 2576 3589 2643 ju-

2013 2651 2211 2705 menta,
2235 2646 2352 2710 quia
2377 2642 2499 2695 dicit
2525 2642 2807 2710 Apostolus
2833 2659 2845 2693 :
2876 2642 2982 2695 Nos
3009 2655 3178 2696 autem
3204 2657 3371 2697 servos
3396 2642 3586 2699 vestros

2013 2726 2102 2777 per
2140 2710 2313 2764 Jesum
2356 2712 2632 2766 Christum.
2685 2710 2747 2763 Et
2793 2711 2914 2765 alibi
2948 2729 2959 2764 :
2998 2712 3126 2766 Cum
3162 2728 3321 2767 essent
3360 2713 3488 2769 liber
3525 2716 3591 2769 ab

2011 2783 2260 2841 omnibus.
2293 2797 2369 2834 me
2396 2795 2592 2834 servum
2619 2782 2711 2848 feci
2741 2782 2987 2835 omnium.

2089 2851 2154 2906 Ut
2185 2853 2369 2905 educas
2393 2866 2592 2920 panem.
2624 2853 2701 2909 Ad
2736 2852 2856 2915 hoc,
2882 2852 3118 2918 inquam,
3142 2852 3388 2920 producis
3411 2855 3586 2910 renum

2012 2922 2080 2977 de
2127 2932 2274 2992 terra
2317 2920 2549 2975 interiori
2592 2919 2869 2992 jumeotis,
2898 2931 2963 2992 ut
3007 2919 3192 2973 educas
3231 2924 3294 2975 de
3330 2928 3587 2992 superiori

2011 2999 2149 3044 terra
2172 3030 2187 3054 ,
2229 2991 2282 3045 id
2311 3001 2426 3055 est,
2458 2992 2525 3045 de
2556 2991 2989 3060 praedicatoribus
3019 3006 3207 3058 panem
3229 3033 3245 3058 ,
3280 2995 3326 3045 id
3357 2991 3440 3047 est
3460 3038 3474 3060 ,
3506 3010 3589 3048 re-

2012 3060 2298 3114 lectionem
2329 3061 2654 3126 Spiritualein
2688 3061 2787 3112 illis
2813 3059 3179 3125 inferioribus;
3221 3074 3265 3115 et
3296 3059 3502 3127 vinum,
3536 3067 3586 3117 id

2013 3140 2129 3197 est,
2177 3131 2488 3197 praeclarum
2519 3134 2735 3184 calicem
2762 3130 3012 3199 Domini,
3053 3135 3139 3199 qui
3184 3146 3286 3185 non
3319 3134 3589 3187 deinentat

2012 3214 2223 3269 corpus,
2260 3200 2353 3255 sed
2384 3202 2608 3259 laetiﬁcat
2636 3215 2721 3252 cor
2749 3198 2985 3252 hominis.
3025 3201 3181 3267 Quas:
3208 3202 3350 3254 dicat
3382 3220 3391 3252 :
3424 3203 3590 3257 Nemo

2014 3279 2165 3339 paret
2193 3286 2251 3324 os
2280 3270 2345 3324 ad
2376 3271 2710 3333 ebrietatem,
2735 3269 2826 3322 sed
2856 3284 2972 3339 cor,
2994 3272 3113 3337 quia
3146 3279 3245 3324 hoc
3277 3276 3455 3325 viuum
3485 3289 3586 3326 non

2010 3338 2203 3410 corpus
2233 3339 2531 3402 demeutat,
2564 3340 2657 3410 sed
2693 3353 2806 3391 cor.
2859 3338 2992 3393 Vere
3018 3342 3158 3392 enim
3190 3355 3283 3393 cor
3312 3342 3589 3396 ile-menta-

2015 3409 2160 3464 verat
2186 3411 2219 3461 il
2247 3412 2347 3473 ius,
2379 3410 2429 3462 id
2460 3421 2563 3477 est,
2593 3409 3006 3473 abalienaverat,
3039 3410 3126 3477 qui
3157 3413 3444 3463 semiustus
3476 3424 3587 3464 tur-

2015 3490 2191 3533 menta
2223 3496 2326 3532 min
2359 3481 2580 3533 timebat
2600 3518 2615 3542 ,
2647 3478 2741 3531 sed
2784 3486 3010 3547 tyranno
3039 3479 3324 3533 insuliabat
3354 3483 3535 3537 dicens
3569 3498 3587 3536 :

2014 3551 2222 3603 Assatus
2267 3566 2397 3613 sum,
2421 3551 2535 3618 jam
2566 3563 2705 3601 versa
2731 3558 2777 3600 et
2803 3550 3076 3618 manduca.

2087 3620 2153 3673 Ut
2181 3620 2446 3672 exhilaret.
2493 3619 2698 3671 [labent
2725 3617 2938 3686 quidam
2984 3617 3101 3670 libri
3133 3636 3146 3673 :
3196 3617 3259 3672 Ut
3290 3620 3471 3673 educat
3499 3638 3590 3687 pa-

2014 3706 2160 3753 nem,
2194 3693 2330 3753 quin]
2369 3691 2510 3741 'hene
2535 3702 2655 3740 cum
2687 3690 2788 3740 isto
2819 3691 3064 3741 conwnit
3085 3731 3099 3752 ,
3133 3700 3186 3740 ιιι
3232 3692 3308 3742 sic
3334 3696 3540 3743 ili-'atnr
3572 3709 3586 3745 z

2014 3764 2134 3813 Ideo
2162 3760 2395 3828 producit
2427 3758 2679 3811 Dominus
2703 3760 2873 3825 fenum
2891 3760 3157 3828 jumentis,
3185 3770 3238 3811 ut
3260 3776 3437 3827 panem
3467 3764 3589 3813 edu—

2013 3839 2092 3883 cat
2134 3827 2180 3881 et
2224 3831 2413 3881 vinum.
2464 3828 2529 3881 Et
2568 3836 2688 3896 post
2718 3830 2815 3879 ista
2846 3827 3125 3890 ex/iitnret,
3155 3829 3370 3895 taui/icet
3410 3834 3587 3896 [acum

2015 3900 2320 3953 interiorem
2353 3899 2405 3951 in
2431 3899 2571 3963 oleo,
2607 3898 2656 3950 id
2688 3905 2765 3949 est
2787 3936 2801 3962 ,
2836 3898 2884 3948 in
2916 3897 3173 3964 spirituali
3205 3898 3389 3965 gratia.
3432 3899 3587 3952 Post-

2013 3984 2171 4038 quam
2201 3970 2342 4021 enim
2372 3967 2562 4035 aliquis
2588 3976 2670 4020 est
2707 3981 2840 4038 pane
2868 3966 2957 4038 illo
2987 3968 3191 4038 cibatus
3212 4008 3225 4031 ,
3264 3978 3317 4020 et
3354 3971 3474 4021 vino
3501 3972 3590 4023 illo

2017 4036 2249 4106 potatus,
2292 4039 2533 4104 sequitur
2576 4045 2631 4089 ut
2658 4036 2933 4106 VSpiritaali
2979 4036 3146 4103 gratia
3195 4038 3485 4102 repleatur.
3526 4044 3591 4092 tt

2018 4105 2136 4162 ideo
2163 4110 2331 4177 (Quasi
2356 4109 2521 4174 dicat)
2543 4105 2859 4177 exhilarabd
2887 4106 3073 4177 facient
3097 4108 3149 4158 in
3179 4109 3306 4169 oleo,
3338 4112 3585 4175 quoniam

2016 4180 2166 4245 panis
2198 4176 2500 4246 praecessit,
2534 4180 2622 4244 qui
2651 4176 2912 4243 conﬁrmet
2944 4192 3031 4227 cor
3057 4176 3291 4230 hominis.
3336 4184 3445 4230 ttoc
3474 4180 3590 4231 ideo

2014 4248 2182 4313 addit,
2227 4247 2347 4316 quia
2389 4246 2703 4313 simpliciter
2746 4260 2933 4316 panem
2980 4248 3171 4316 iosnit.
3217 4248 3281 4299 Et
3322 4259 3403 4299 est
3442 4250 3588 4316 quasi

2014 4317 2155 4370 dicat
2186 4334 2199 4369 :
2232 4313 2374 4370 l‘ntus
2400 4318 2565 4377 esuri,
2596 4318 2737 4368 intus
2764 4314 2871 4375 sui,
2903 4313 3025 4383 quia
3056 4317 3194 4369 intus
3222 4313 3499 4371 reﬁcietis.

2086 4387 2485 4442 Saturabuntur.
2529 4386 2688 4452 Quasi
2734 4387 2917 4438 (ιιιιειιι
2962 4384 3035 4438 De
3072 4387 3171 4439 hoc
3216 4402 3351 4453 pane
3391 4400 3589 4441 satura-

2016 4458 2203 4509 buntur
2228 4457 2388 4525 ligna,
2429 4472 2533 4511 non
2572 4460 2680 4522 jam
2728 4454 3011 4526 silvestria,
3040 4458 3359 4526 sedcampi,
3406 4461 3457 4511 id
3486 4469 3586 4522 est,

2008 4526 2118 4595 jam
2148 4524 2379 4595 planata,
2413 4538 2466 4579 et
2494 4535 2553 4579 ut
2582 4534 2840 4593 ponantur
2880 4524 2932 4577 in
2973 4524 3197 4578 aditcio
3226 4524 3367 4593 apta.
3413 4529 3475 4580 Et
3504 4543 3589 4581 ac-

2008 4598 2126 4663 cipe
2170 4612 2262 4663 per
2311 4595 2449 4665 ligna
2492 4598 2728 4665 minores
2769 4595 2951 4665 plebes
2991 4595 3328 4662 populorum.
3376 4598 3442 4650 Et
3485 4614 3586 4651 non

2010 4671 2202 4731 solum,
2246 4674 2338 4719 sed
2364 4664 2537 4719 etiam
2578 4664 2740 4729 cedri,
2787 4664 2835 4715 id
2877 4674 2980 4727 est,
3022 4674 3263 4731 potentes
3293 4676 3348 4720 et
3388 4669 3589 4721 nobiles

2011 4752 2150 4803 pane
2192 4737 2282 4790 illo
2311 4738 2710 4788 saturabuntur.
2757 4732 2928 4797 Cedri,
2958 4737 3097 4798 dico,
3130 4736 3172 4786 si
3217 4745 3343 4789 sunt
3388 4738 3587 4800 Libani,

2008 4807 2059 4859 id
2088 4815 2190 4869 est,
2219 4807 2539 4870 candidatas,
2563 4814 2619 4859 et
2645 4820 2748 4856 non
2774 4818 2803 4856 a
2825 4817 2884 4857 se
2905 4805 3218 4871 candidatas,
3244 4808 3287 4858 si
3316 4822 3444 4873 quas
3475 4810 3588 4873 ipse

2008 4878 2276 4945 p.'antavit.
2318 4876 2501 4929 Omnis
2531 4873 3156 4945 enimplantatioquam
3196 4891 3301 4928 non
3332 4882 3589 4943 plantavit

2012 4943 2170 5000 Pater
2216 4960 2385 5008 meus,
2436 4944 2811 4998 eradicabitor.
2856 4943 2921 4996 Et
2964 4943 3093 5006 illic,
3142 4945 3193 4997 in
3240 4947 3437 5009 cedris,
3482 4946 3589 5000 illic

2012 5032 2239 5086 passeres
2280 5015 2663 5086 nidi/icabunt._
2689 5012 2942 5066 Passeres
2990 5020 3144 5086 vocat
3193 5016 3456 5083 humiles,
3500 5018 3586 5084 qui

2013 5083 2137 5140 huic
2165 5087 2358 5139 saeculo
2386 5083 2915 5145 abrenuntiaverunt,
2945 5092 3017 5144 et,
3048 5084 3114 5137 ad
3144 5098 3479 5139 communem
3509 5083 3585 5137 vi-

2013 5166 2117 5208 tam
2142 5172 2199 5208 se
2231 5155 2635 5218 transferentes,
2662 5153 2899 5205 habitant
2920 5153 2970 5205 in
2997 5155 3275 5216 cmuobiis,
3298 5171 3419 5223 que
3440 5156 3584 5208 cedri

2010 5234 2458 5294 construxerunt,
2506 5224 2679 5286 cauti,
2728 5232 2782 5276 et
2827 5223 2893 5294 de
2940 5223 3170 5294 peccatis
3216 5227 3325 5278 suis
3372 5241 3583 5294 semper

2011 5294 2242 5364 queruli.
2288 5292 2353 5345 Et
2391 5296 2636 5361 quamvis
2675 5306 2822 5359 spem
2870 5292 3096 5364 habeant
3142 5293 3193 5346 in
3237 5296 3412 5350 cedris
3458 5292 3583 5361 illis,

2016 5361 2229 5431 propter
2277 5372 2649 5416 necessuatem
2698 5361 3063 5427 temporalem,
3111 5373 3287 5417 tamen
3339 5367 3390 5419 in
3427 5370 3585 5421 domo

2015 5434 2218 5486 herodii
2249 5442 2330 5487 est
2360 5433 2663 5500 prineipalis
2688 5445 2813 5498 spes
2836 5445 3045 5485 eorum.
3074 5431 3207 5485 Nam
3232 5434 3412 5488 domus
3439 5440 3583 5490 hero-

2013 5503 2089 5555 dit'
2117 5512 2189 5556 est
2217 5504 2324 5554 dua:
2348 5518 2543 5554 eorum.
2578 5504 2833 5555 llerodius
2861 5513 2941 5554 εει
2980 5502 3094 5555 avis
3119 5518 3239 5571 qua:
3268 5507 3500 5559 nidilicat
3532 5508 3582 5559 in

2016 5574 2300 5625 humilibus
2330 5572 2494 5639 petris
2522 5574 2703 5633 maris,
2736 5585 2854 5640 qua:
2894 5571 3125 5640 undique
3167 5577 3463 5630 tunduntur
3492 5578 3586 5629 llu-

2014 5646 2211 5706 ctibus,
2252 5652 2305 5695 et
2345 5655 2447 5693 tt0n
2490 5642 2822 5709 iranguutut',
2860 5641 2952 5694 sed
2982 5641 3234 5709 frangunt
3260 5646 3467 5700 tinctus.
3498 5647 3585 5702 Sic

2014 5720 2069 5766 et
2094 5712 2333 5765 Christus
2362 5720 2549 5766 tunsus
2578 5714 2671 5764 luit
2709 5711 2763 5764 in
2793 5726 2873 5775 se,
2902 5719 2955 5765 et
2984 5715 3223 5768 tunditur
3261 5717 3314 5768 in
3352 5720 3463 5771 suis
3492 5720 3581 5769 llu-

2014 5784 2185 5837 ctibus
2234 5784 2581 5837 tentationum
2629 5791 2682 5837 et
2731 5781 3169 5849 tribulationum,
3219 5800 3356 5854 quos
3400 5800 3579 5843 omnes
