4026 6200
398 318 529 375 1011

784 318 987 375 BENE
1031 320 1475 379 VENERABILIS
1510 322 1789 380 OPEBUM
1830 319 2005 376 PARS
2045 320 2109 376 ll.
2153 320 2346 377 SEC’I‘.
2391 322 2451 376 ll.
2493 356 2563 366 ——
2601 322 2805 378 DUBIA
2847 322 2932 377 ΕΤ
2972 321 3238 379 SPURIA.

3498 323 3630 379 10ιέ

462 433 730 504 Aperiente
758 444 804 488 te
851 452 1054 487 manum
1086 443 1220 487 tuam
1256 437 1425 487 omnia
1472 435 1817 503 implebantur
1863 433 1951 487 bo-
1982 435 2028 491 Α
2055 431 2269 485 alleluia
2318 432 2613 504 subjectum
2659 434 2842 502 :quid
2898 433 3136 502 plerique
3183 434 3503 495 nescientes,
3550 450 3636 487 se-

390 503 572 574 rvitute.
601 504 749 570 Quod
778 516 857 558 est
888 507 1063 558 dicere
1091 523 1105 557 :
1139 505 1213 557 Illi
1241 507 1454 574 quidem
1486 507 1783 572 ubicunque
1832 518 1951 571 per-

390 572 637 642 miseris,
687 575 929 634 cnlligeut
973 590 1183 635 esrani;
1235 572 1327 628 sed
1373 586 1548 629 tamen
1597 576 1785 634 omnia,
1832 588 1950 642 quas

389 641 547 711 digne
576 654 827 696 vocantur
856 646 1052 702 omnia,
1104 644 1154 697 id
1185 656 1285 708 est,
1329 662 1513 699 omnes
1542 647 1611 698 illi
1655 646 1740 709 qtti
1774 646 1948 696 inesse

388 724 567 766 rerum
597 722 718 765 sunt
748 715 1075 777 numerandi,
1109 716 1445 783 implebantur
1481 717 1717 775 bonitate,
1749 715 1797 767 id
1842 723 1943 775 est,

387 783 551 854 gratia
583 785 744 847 gratis
773 783 915 849 data,
949 794 994 835 te
1040 790 1296 854 aperiente
1326 803 1527 837 mnuum
1566 797 1732 847 tuam,
1765 784 1813 836 id
1842 792 1942 847 est,

386 852 652 904 revelante
682 867 760 904 vei
778 854 898 905 Imm
924 852 1089 913 tuum,
1123 870 1216 921 per
1237 857 1374 917 quod
1394 866 1641 921 operatus
1662 871 1718 904 es
1741 854 1941 907 omnia.

456 921 718 973 Avertente
759 934 925 975 autem
954 935 1021 977 te.
1066 925 1193 977 Dico
1221 926 1440 977 bonitate
1483 925 1844 987 implebantur,
1891 933 1944 976 et

382 996 557 1061 tamen
591 992 943 1059 turbabuntur,
976 995 1025 1046 id
1051 1006 1153 1061 est,
1190 996 1537 1048 turbationem
1573 997 1747 1059 lapsus
1779 996 1941 1046 inter.

380 1059 507 1133 dum
565 1062 831 1127 patiuntur
870 1073 916 1115 te
966 1059 1217 1118 avertente
1265 1064 1442 1133 faciem
1497 1064 1562 1117 ab
1590 1068 1669 1116 eis
1726 1074 1941 1131 propter

381 1126 607 1194 aliquam
686 1132 1169 1197 prmsumptionem.
1243 1126 1391 1185 Sicut
1466 1135 1652 1188 Petrus
1727 1126 1939 1200 quando

383 1213 485 1249 non
514 1208 601 1251 att.
626 1201 1151 1271 ndebatquemjuxta
1176 1220 1233 1257 se
1257 1203 1501 1267 habebat,
1551 1204 1643 1256 sed
1678 1216 1938 1270 prmum-

383 1282 567 1343 pnose
631 1270 698 1323 de
750 1285 809 1325 se
856 1272 988 1323 dixit
1033 1290 1044 1325 :
1113 1274 1367 1335 Domine,
1426 1282 1637 1343 paratus
1684 1289 1795 1325 sum
1863 1283 1936 1324 te-

381 1353 494 1388 sum
548 1340 599 1391 in
647 1350 856 1394 mortem
902 1343 1023 1393 etin
1078 1359 1325 1396 carcerem
1375 1340 1467 1395 ire.
1523 1345 1642 1396 Ideo
1693 1344 1934 1395 turbatus

378 1418 458 1459 est
489 1447 505 1470 ,
543 1412 788 1482 quoniam
836 1413 899 1464 ad
950 1426 1132 1466 vocem
1168 1413 1375 1466 ancilla:
1424 1414 1649 1482 negavit.
1714 1413 1816 1463 Sed
1864 1422 1936 1464 ta-

377 1490 500 1552 t_t_ten
550 1480 733 1552 (quasi
794 1482 977 1550 dicat)
1030 1483 1267 1545 Scimus,
1312 1480 1553 1552 quoniam
1609 1482 1934 1551 diligentibus

378 1544 739 1619 lleum'cntnia
762 1544 1093 1619 cooperantur
1121 1556 1171 1606 in
1200 1544 1402 1616 bonum.
1445 1553 1508 1605 Et
1539 1553 1659 1607 ideo
1701 1544 1933 1617 proderit

374 1615 452 1667 eis
481 1617 726 1692 turbatio,
756 1615 880 1692 quia
911 1624 987 1675 sic
1023 1628 1223 1692 auferes
1261 1625 1543 1691 superbum
1587 1615 1819 1690 spiritum
1848 1638 1931 1673 eo-

374 1702 508 1750 rum,
539 1697 585 1742 et
617 1689 850 1754 deﬁcient
879 1706 906 1741 a
936 1689 1124 1757 spiritu
1169 1709 1287 1759 suo,
1330 1689 1389 1745 et
1416 1689 1694 1760 proﬁcient
1732 1692 1782 1744 in
1815 1701 1925 1754 tuo,

2008 559 2019 570 .
2053 504 2265 567 quentis
2299 505 2483 565 psalmi
2515 503 2837 556 arbitrantur
2874 518 2993 557 esse
3026 505 3361 569 principium.
3398 506 3632 571 Denique

2053 584 2196 638 saepe
2221 576 2454 641 reperies
2484 574 2534 627 in
2568 589 2673 625 uno
2704 576 2906 640 psalmo
2936 576 3039 626 duo
3067 574 3275 627 alleluia
3321 577 3627 641 praeposita,

2050 642 2189 705 quod
2220 640 2484 709 signiﬁcat
2538 659 2697 695 unum
2725 646 2789 695 ad
2824 646 2978 695 linem
3026 644 3236 710 prioris,
3289 645 3513 695 alterum
3559 646 3625 696 ad

2047 720 2319 777 sequentis
2350 713 2611 779 pertinere
2643 715 2987 779 principium,
3036 714 3209 765 sciens
3242 713 3505 778 Propheta
3532 728 3628 780 po—

2049 780 2199 845 pulos
2229 781 2384 835 Israel
2416 797 2561 849 spem
2614 784 2663 835 in
2697 783 3073 850 temporalibus
3106 784 3376 837 heueliciis
3426 799 3626 849 ponere

2046 850 2250 911 Solitos,
2282 853 2446 919 prima
2483 860 2632 916 parte
2664 864 2843 908 monet
2870 863 2925 905 ut
2954 868 3075 906 eum
3106 854 3455 919 spiritualiter
3482 869 3625 907 sem-

2048 932 2138 982 per
2161 921 2462 986 exquirant.
2488 922 2729 976 Secunda
2753 940 2847 989 per
2887 923 3304 989 patriarcharum
3330 938 3421 976 eos
3442 939 3625 979 exem-

2046 990 2126 1053 pla
2158 991 2459 1056 conﬁrmat,
2494 991 2614 1059 quia
2650 992 2872 1045 Domino
2920 1007 3023 1045 non
3052 992 3241 1047 fuerint
3267 993 3528 1058 dereliCti,
3559 1010 3624 1049 eo

2045 1060 2185 1125 quod
2245 1061 2362 1127 ejus
2413 1062 2638 1130 imperio
2690 1063 2993 1117 servierint.
3044 1062 3219 1116 Tertia
3271 1063 3620 1130 dinumerat,

2041 1139 2234 1201 quanta
2282 1132 2514 1196 patribus
2554 1146 2738 1186 eorum
2786 1132 3111 1200 praestiterit,
3145 1134 3376 1200 pericula
3419 1132 3618 1201 Joscph

2041 1208 2092 1250 et
2131 1200 2384 1266 honores,
2419 1201 2825 1269 ingressumque
2874 1204 2926 1255 in
2965 1201 3249 1270 :Egyptum
3295 1200 3617 1255 commemo-

2041 1282 2164 1339 rans
2195 1270 2561 1324 Hebrzeorum.
2592 1271 2790 1336 Quarta
2834 1275 2997 1325 refert
3044 1273 3310 1339 quomodo
3343 1273 3503 1324 Israel
3552 1273 3620 1326 ab

2039 1336 2275 1411 inimicis
2308 1340 2537 1393 diversis
2578 1341 2951 1411 Egyptiorum
2999 1336 3168 1409 plagis
3202 1342 3620 1396 iueritvindica-

2042 1414 2142 1459 tus.
2181 1408 2374 1474 Quinta
2424 1408 2707 1475 describit,
2738 1422 2931 1477 quanta
2960 1413 3037 1465 eis
3084 1408 3132 1463 in
3164 1412 3380 1464 deserto
3410 1413 3619 1478 praesti-

2036 1477 2176 1547 terit,
2207 1488 2261 1531 ut
2307 1494 2409 1532 non
2444 1480 2494 1532 in
2544 1483 2923 1545 temporalibus
2955 1482 3108 1534 bonis
3148 1477 3471 1547 gauderent;
3519 1482 3615 1535 sed

2032 1544 2307 1602 beneﬁciis
2333 1549 2536 1604 deliniti
2566 1544 2973 1617 iustiﬁcationes
3000 1544 3341 1620 ejusflegem
3362 1544 3465 1618 iue'
3495 1567 3613 1606 ser-

2034 1625 2241 1671 varent.

2599 1706 3025 1747 ΕΟΜἊΕΝΤΑΒῚΒ.

373 1767 753 1833 etrevertentur
779 1760 829 1811 in
853 1756 1107 1833 pulverem
1136 1756 1304 1821 suum,
1329 1762 1379 1814 id
1413 1756 1514 1825 est,
1549 1768 1931 1833 recognoscent
1964 1774 2009 1833 Β
2052 1827 2064 1833 _
2107 1756 2719 1833 gonﬁteminiADomino,
2769 1773 2813 1815 et
2858 1765 3084 1833 invocate
3115 1777 3296 1815 nomen
3325 1765 3455 1833 ejus.
3498 1762 3615 1819 Non

372 1825 732 1881 inlirmitatem
763 1825 931 1883 suam.
966 1830 1032 1883 Et
1059 1834 1125 1884 ita
1164 1837 1356 1885 emittes
1385 1847 1463 1884 eis
1486 1841 1727 1901 sanctum
1757 1831 1927 1901 Spiri-

371 1904 475 1947 tum
522 1907 684 1963 tuum,
713 1909 759 1951 et
790 1900 1094 1971 creabantur
1121 1903 1170 1955 in
1201 1905 1449 1971 operibus
1484 1900 1655 1964 bonis,
1687 1911 1742 1954 et
1782 1901 1932 1967 spiri-

372 1980 478 2038 tum
509 1980 694 2020 eorum
724 1969 1040 2035 auferendo,
1069 1983 1122 2026 et
1154 1969 1298 2026 tuum
1333 1972 1687 2038 immittenda,
1719 1986 1933 2024 renova-

370 2036 443 2087 δίε
474 2038 649 2100 {aciem
681 2047 848 2102 term,
885 2043 932 2095 id
963 2051 1066 2103 est,
1102 2044 1311 2096 illorum
1342 2036 1683 2096 terrenarum
1711 2042 1931 2095 interio-

369 2120 504 2181 rettl,
531 2109 738 2181 scilicet
767 2111 991 2176 faciem;
1036 2113 1117 2167 his
1132 2114 1380 2167 omnibus
1412 2112 1538 2165 VlSiS
1581 2112 1705 2165 dicit
1740 2127 1925 2181 aggra-

366 2176 582 2252 tulao_do
609 2178 801 2252 divinae
850 2184 1262 2237 misericordizn:
1293 2184 1372 2237 Sit
1419 2183 1585 2252 gloria
1617 2176 1825 2237 Domini
1874 2183 1929 2233 in

359 2245 628 2313 saeculum,
678 2250 743 2323 id
772 2266 874 2323 εει,
926 2253 1102 2307 taliter
1148 2258 1216 2308 sit
1260 2245 1525 2323 gloriosus
1574 2254 1828 2307 Dominus
1875 2254 1927 2304 in

359 2324 642 2393 nate-ruunt,
671 2321 872 2377 scilicet
906 2333 963 2377 ιιι.
994 2321 1349 2393 permittendo
1379 2338 1507 2377 suos
1533 2324 1757 2389 turbari,
1782 2323 1928 2376 aule-

361 2395 445 2437 rat
475 2389 719 2455 spiritum
751 2406 958 2457 eorum,
990 2389 1043 2448 et
1071 2396 1244 2449 mittat
1273 2394 1349 2447 eis
1379 2395 1624 2461 Spiritum
1656 2410 1832 2448 suum.
1864 2395 1926 2443 Et

360 2469 485 2533 vere
523 2460 610 2533 sic
659 2461 791 2533 erit,
843 2465 962 2530 quia
1015 2465 1263 2518 Dominus
1309 2460 1562 2517 (celabitur
1601 2466 1655 2517 in
1696 2464 1926 2533 Operib'ts

358 2527 487 2603 suis.
513 2527 599 2603 Illi
630 2530 769 2603 enim
790 2527 871 2603 ab
891 2549 956 2586 eo
986 2538 1221 2589 renovati
1268 2535 1403 2587 bene
1432 2527 1792 2603 operabuntur
1812 2575 1826 2595 ,
1874 2539 1922 2583 et

360 2595 483 2649 inde
499 2595 749 2671 Dominus
779 2601 1055 2655 laetabitur.
1081 2605 1340 2658 Dominus
1363 2595 1504 2669 dico,
1526 2605 1613 2671 qui
1646 2604 1778 2656 talos
1803 2606 1926 2655 facit

358 2679 475 2740 eos,
504 2667 570 2740 de
600 2671 789 2738 quibus
815 2672 935 2738 jure
960 2676 1125 2740 possit
1146 2675 1337 2727 Imtari.
1371 2667 1499 2726 Nam
1528 2667 1730 2739 respicit
1763 2676 1917 2726 mise-

359 2735 638 2811 ricorditer
666 2735 851 2793 terrain
879 2753 927 2795 et
960 2735 1096 2811 'facit
1124 2761 1234 2798 eam
1265 2755 1491 2808 tremere,
1531 2735 1665 2797 sicut
1692 2744 1764 2797 ait
1786 2744 1927 2810 Apo-

357 2805 525 2885 stolus
548 2806 908 2885 :Cum_timore
918 2824 962 2865 et
976 2805 1195 2866 tremore
1219 2824 1430 2866 vwstram
1458 2805 1683 2883 ipsarum
1702 2805 1921 2885 aperan-

357 2879 673 2953 trs‘ialutem.
705 2881 828 2953 Ipse
849 2882 970 2936 dico
1000 2885 1233 2949 reSpicit,
1261 2886 1347 2951 qui
1371 2879 1531 2953 tangit
1559 2879 1808 2939 exteriori
1828 2886 1922 2940 lla-

355 2946 513 3024 t'ello,
530 2946 798 3024 etotcult‘a
818 2946 1405 3018 iuspiratio'ne,montes,
1423 2946 1565 3007 idest
1579 2956 1764 3008 elatos:
1779 2959 1921 3024 etfu-

355 3018 621 3092 niignntdd
639 3029 741 3092 est,
757 3020 1076 3092 lacryinosas
1093 3038 1275 3091 preces
1300 3024 1595 3077 Iunduntad
1619 3018 1917 3082 Dominu'm.

2034 1827 2315 1903 defuerunt
2344 1832 2393 1883 in
2424 1831 2515 1903 illo
2545 1827 2713 1899 priori
2735 1832 2949 1899 populo,
2981 1832 3068 1903 qui
3118 1827 3398 1899 reputandi
3425 1844 3608 1888 essent

2034 1898 2086 1949 in
2131 1902 2353 1965 semine,
2404 1901 2538 1954 sicut
2576 1898 2860 1967 Apostolus
2904 1898 3132 1955 ostendit
3179 1903 3363 1956 dicens
3412 1923 3423 1957 :
3475 1904 3609 1969 Quia

2032 1984 2131 2020 non
2160 1970 2211 2020 in
2237 1971 2465 2023 omnibus
2484 1972 2846 2039 beneplaritum
2869 1984 2941 2025 est
2963 1972 3066 2026 Deo
3087 1972 3206 2026 :ubi
3239 1972 3383 2037 dicit,
3413 1974 3531 2027 Non
3562 1976 3613 2025 in

2034 2039 2266 2091 omnibus
2298 2041 2606 2111 intelligitur
2634 2044 2772 2111 quod
2806 2044 2856 2096 in
2889 2043 3174 2110 aliquibus,
3204 2052 3256 2097 et
3285 2045 3352 2097 de
3381 2046 3483 2097 illis
3504 2047 3613 2106 agit

2033 2110 2289 2180 psalmus.
2348 2109 2679 2165 Admonetur
2707 2115 2849 2167 enim
2901 2109 2989 2165 hic
3011 2128 3193 2165 semen
3245 2114 3506 2180 Ahrahm,
3539 2116 3613 2169 ibi

2031 2179 2122 2231 ﬁlii
2158 2180 2528 2246 promissionis
2574 2183 2902 2246 pertinentes
2949 2182 3013 2234 ad
3049 2183 3409 2235 limreditatem
3453 2194 3611 2236 testa-

2031 2250 2197 2303 menti
2227 2251 2440 2313 teterui,
2474 2262 2528 2303 ut
2562 2260 2809 2321 tanquam
2841 2252 3202 2305 hereditatem
3230 2254 3401 2319 ipsum
3446 2254 3609 2307 Deum

2029 2321 2246 2391 e'igant,
2275 2330 2330 2374 et
2362 2335 2483 2375 eum
2519 2324 2701 2386 gratis,
2749 2322 2799 2375 id
2836 2332 2937 2385 εει,
2972 2331 3188 2389 prepter
3210 2336 3269 2375 se
3302 2324 3470 2391 ipsum
3513 2340 3607 2377 co-

2030 2389 2165 2457 lant,
2212 2406 2320 2444 non
2354 2401 2568 2459 propter
2616 2392 2827 2457 aliquod
2872 2393 3292 2446 emolumentum
3325 2389 3607 2447 mercedis

2028 2470 2174 2513 extra
2222 2461 2418 2528 ipsum.
2452 2464 2514 2514 Et
2546 2461 2644 2515 hoc
2682 2461 2879 2515 faciant
2909 2464 3208 2527 laudantes,
3262 2464 3603 2529 invocantes;

2028 2532 2437 2595 aununtiantes;
2490 2546 2588 2585 nec
2639 2533 2688 2585 in
2726 2546 2909 2600 stam,
2957 2534 3048 2586 sed
3102 2550 3152 2585 in
3204 2534 3320 2598 ejus
3358 2536 3603 2601 gloriam,

2027 2613 2122 2665 per
2152 2602 2306 2653 tidem
2340 2600 2475 2655 bene
2506 2610 2830 2667 operantes,.
2861 2618 2957 2670 spe
2987 2606 3293 2670 gaudentes,
3343 2600 3397 2657 et
3433 2607 3608 2659 chari-

2029 2681 2134 2741 tale
2184 2670 2472 2724 ferventes.
2520 2670 2586 2741 Et
2630 2675 2749 2739 quia
2800 2675 3031 2739 psalmus
3071 2675 3408 2727 commendat
3450 2680 3603 2741 tales,

2027 2739 2146 2809 ideo
2177 2755 2281 2792 non
2313 2741 2484 2807 agitur
2515 2740 2600 2793 Inc
2628 2743 2695 2796 de
2743 2743 3130 2809 iniquitatibus,
3180 2744 3247 2795 de
3290 2739 3606 2798 irritationi4

2026 2808 2145 2879 bus,
2174 2818 2229 2863 et
2259 2809 2325 2863 de
2374 2808 2753 2865 amaricatioue
2807 2808 3015 2865 illorum
3052 2811 3320 2879 inquibus
3369 2830 3475 2867 non
3523 2827 3609 2869 est.

2024 2876 2408 2948 beneplacitum
2442 2879 2548 2933 Deo
2574 2898 2586 2931 :
2618 2882 2684 2935 de
2712 2882 2901 2949 quibus
2949 2876 3175 2950 sequens
3210 2886 3439 2950 psalmus
3470 2890 3596 2949 egit,

2023 2952 2264 3021 quamvis
2313 2960 2453 3004 esset
2483 2952 2550 3003 de
2596 2955 2780 3005 eodem
2829 2956 3042 3021 populo.
3094 2954 3395 3006 lutttolatur
3422 2965 3601 3007 autem

2025 3020 2258 3086 psalmus
2288 3025 2385 3073 iste
2403 3022 2639 3081 Alleluia,
2664 3022 2801 3088 quod
2823 3020 2902 3076 est
2924 3024 3259 3089 llebraicnm,
3277 3036 3327 3077 et
3345 3024 3607 3088 interpre-

424 3087 651 3179 Cantab?
679 3087 917 3179 Dormino.
949 3087 1103 3159 Quia
1127 3095 1377 3179 Dominus
1412 3097 1615 3178 respicit
1642 3106 1826 3178 terram
1867 3110 1922 3152 et

2027 3098 2166 3168 tatur
2196 3090 2400 3179 batipe,
2434 3092 2684 3173 laudate
2733 3092 3045 3179 Dominum“:
3074 3104 3142 3179 εξ
3165 3087 3285 3174 ideo
3309 3112 3336 3174 ε
3365 3087 3597 3179 ,ευηῐιξδ-

351 3152 448 3234 alia
476 3158 724 3234 praedicta
752 3161 894 3227 facit,
918 3152 1043 3232 ergo
1074 3166 1289 3217 cantabo
1337 3152 1553 3218 Domino
1582 3168 1634 3219 in
1660 3169 1761 3219 vita
1786 3186 1917 3234 mea,

352 3226 401 3305 id
446 3237 549 3305 est,
602 3226 1003 3305 taliterrvivam'
1037 3237 1178 3303 quod
1228 3236 1331 3305 vita
1383 3250 1495 3289 mea
1525 3242 1627 3289 erit
1654 3226 1916 3293 canticum

354 3292 611 3373 Domino;
641 3311 700 3373 et
718 3313 771 3355 ut
790 3304 888 3356 hoc
910 3306 1000 3369 sit,
1041 3292 1259 3371 psallam
1288 3303 1395 3357 Deo
1413 3322 1553 3373 meo,
1578 3307 1629 3360 id
1659 3318 1758 3371 est,
1786 3292 1918 3365 bene

349 3367 703 3449 opt-rabor‘ad
735 3367 996 3449 honorem
1029 3367 1118 3430 Dei
1152 3379 1256 3430 mei
1302 3367 1550 3449 quandiu'
1575 3377 1657 3449 (ut
1686 3367 1919 3446 psallen-

349 3434 475 3487 dum
526 3440 628 3518 est)
662 3445 847 3518 fuero,
900 3445 1000 3518 hoc
1052 3462 1263 3516 semper
1305 3434 1500 3513 optabo
1552 3434 1605 3500 u‘t
1662 3434 1916 3518 eloquium

350 3519 540 3573 meum,
570 3509 723 3588 idest
742 3512 1031 3588 disputatio
1058 3509 1203 3583 mea,
1237 3509 1438 3570 scilicet
1466 3520 1606 3585 quod
1640 3536 1723 3573 me
1745 3509 1914 3588 ipsum

352 3589 565 3656 accuso,
599 3580 742 3656 illum
775 3580 952 3656 laudo,
980 3590 1043 3638 sit
1070 3590 1115 3640 ei
1137 3580 1445 3656 jucundum.

349 3715 361 3725 α
422 3648 485 3700 Iit
518 3664 642 3726 vere
669 3654 771 3706 erit
794 3657 842 3726 ei
877 3648 1191 3726 jucundiuii,
1222 3660 1342 3726 quia
1371 3674 1463 3725 ego
1498 3658 1784 3714 delectabor
1810 3678 1912 3716 non

348 3721 415 3797 in
460 3721 678 3797 mundo,
722 3724 816 3797 sed
874 3721 926 3777 in
965 3721 1201 3781 Domino.
1241 3721 1328 3783 ⁷Ιίι,
1378 3721 1478 3780 hoc
1536 3730 1586 3780 in
1640 3746 1807 3797 vero,
1860 3737 1911 3788 id

342 3796 443 3868 εἷ’-ι,
475 3789 526 3841 iii
560 3806 679 3868 tera
711 3793 1058 3868 delegatione
1079 3840 1093 3865 ,
1130 3814 1268 3852 nunc
1295 3801 1505 3866 quidem
1548 3800 1602 3852 in
1635 3816 1749 3868 spe,
1794 3789 1914 3857 ian-

343 3855 463 3910 dem
493 3873 618 3913 vero
651 3864 700 3940 in
732 3880 811 3920 re.
839 3866 980 3938 Ergo
1007 3878 1059 3940 ut
1082 3855 1138 3922 et
1174 3868 1205 3932 ἱΔ
1229 3872 1270 3940 si
1302 3855 1913 3940 delt-cientur,'deji.iaiit

342 3942 464 4015 meo
486 3934 730 4015 exemplo
751 3934 962 4015 adet-ra,
1000 3938 1049 3991 id
1076 3946 1176 4003 est,
1210 3939 1282 4015 ab
1304 3942 1535 4015 appetitu
1564 3934 1777 4015 terreno
1798 3963 1913 4015 pec-

341 4006 559 4078 calores,
590 4003 749 4078 idest
775 4003 944 4060 Judai
977 4019 1239 4077 snsi-cpta}
1272 4003 1399 4077 legis
1434 4003 1908 4078 lzrtevaricatores:

343 4076 398 4144 et
427 4070 584 4150 etiam
615 4070 702 4150 alii
736 4090 920 4150 omnes
966 4070 1277 4150 iniqui'meo
1303 4070 1568 4148 e'xen'iplo,
1616 4085 1688 4134 ita
1713 4095 1767 4135 ut
1810 4103 1911 4139 non

339 4142 442 4187 sint
621 4142 767 4221 prius
799 4142 1060 4221 _fueruut.'
1097 4148 1247 4221 Verte
1292 4152 1423 4202 enim
1464 4142 1673 4221 impios.
1719 4164 1767 4207 et
1809 4172 1909 4211 non

340 4217 508 4260 erunt.
531 4206 598 4288 Et
622 4206 692 4288 'ut
726 4212 891 4288 istietg
910 4216 981 4271 illi
1004 4233 1091 4271 me
1124 4219 1417 4284 imitentur,
1441 4206 1566 4288 ergo
1588 4206 1758 4276 animo
1792 4206 1909 4281 mea

342 4289 439 4343 pio
467 4282 625 4361 taptis
654 4283 924 4361 beneﬁciis
957 4296 1010 4361 et
1040 4299 1145 4341 tam
1178 4290 1357 4361 multis
1387 4282 1690 4345 mun'eriltus
1710 4297 1909 4359 gratia-

338 4362 455 4429 rnni
486 4354 630 4429 ejus,
660 4354 1067 4429 benedicganima
1105 4375 1215 4412 mea
1250 4358 1489 4412 Domino.
1538 4354 1842 4419 Benedictio
1879 4382 1907 4419 a

339 4421 533 4503 capite,
551 4421 850 4503 benedictio
872 4427 923 4480 in
948 4428 1050 4503 ﬁne
1074 4445 1087 4480 :
1113 4443 1143 4481 a
1176 4431 1543 4484 benedictione
1571 4433 1906 4503 iucmpimus,

337 4489 405 4541 ad
437 4492 857 4551 benedctionem
888 4499 1188 4566 redeamus,
1220 4509 1277 4554 ut
1319 4502 1370 4554 in
1417 4489 1783 4559 benedictione
1822 4489 1907 4561 re:

337 4574 578 4628 suemus.

815 4660 879 4714 IN
921 4660 1243 4719 PSALMUM
1282 4664 1411 4720 CIV.

1003 4755 1248 4812 Alleluia.

934 4862 1311 4905 LBGUIBNTUI.

403 4933 501 4991 llic
531 4938 764 5014 psalmus
790 4952 1049 5014 Δνειετυιιι
1082 4951 1188 4994 tam
1232 4952 1536 5014 sanctorum
1573 4959 1729 5014 quam
1778 4954 1912 5001 tem-

332 5019 518 5074 porum
542 5010 910 5065 recordatione
937 5011 991 5063 in
1022 5012 1359 5079 praesentium
1392 5010 1671 5069 utilitatem
1708 5015 1907 5070 decen-

332 5087 415 5131 ter
442 5082 681 5143 omnino,
714 5090 765 5133 et
794 5081 1081 5135 artiﬁciose
1112 5081 1387 5136 formatur.
1422 5087 1591 5138 Aliter
1618 5102 1722 5139 vox
1757 5090 1909 5140 Chri-

330 5151 396 5203 sti
427 5152 492 5202 ad
524 5152 793 5219 apostolos
816 5152 885 5205 de
912 5152 1134 5206 iudicis.

934 5258 1291 5298 EXPLANATNL

400 5334 620 5409 Alleluia
676 5335 954 5409 Ilebrzenm
993 5350 1185 5391 nomen
1216 5346 1320 5403 est,
1370 5352 1557 5392 neutro
1598 5356 1792 5409 genere
1814 5342 1906 5394 de-

328 5402 656 5478 clinandum,
708 5417 790 5478 ιιιΔ
809 5408 1163 5475 Ilierouymus
1192 5412 1443 5471 ostendit,
1470 5402 1625 5476 quod'
1645 5422 1905 5478 interpre-

330 5484 488 5549 tatur,
520 5475 730 5549 laudate
758 5476 1031 5530 Dominum
1077 5493 1096 5531 :
1125 5488 1178 5530 et
1227 5475 1529 5544 ubicunque
1561 5475 1797 5549 positum
1822 5494 1903 5535 est

328 5542 382 5617 in
416 5544 602 5617 titulis,
636 5548 791 5599 docet
822 5554 1103 5613 potentiam
1151 5550 1421 5602 Creatoris
1446 5542 1664 5617 semper
1708 5552 1903 5605 debere

330 5614 550 5666 laudari.
584 5616 733 5680 Quod
763 5626 941 5670 autem
975 5619 1139 5672 semel
1182 5620 1410 5673 dicimus
1448 5620 1546 5673 hoc
1576 5614 1626 5673 in
1655 5623 1902 5675 omnibus

328 5682 720 5756 observandum
753 5697 852 5738 est.
889 5689 940 5738 In
970 5704 1283 5756 quocunque
1318 5695 1519 5755 psalmo
1550 5694 1774 5755 primum
1814 5695 1900 5744 Al-

334 5752 490 5803 leluia
521 5752 673 5805 fuerit
724 5752 1093 5821 pra-notatum,
1120 5752 1239 5812 eum
1271 5752 1328 5813 et
1355 5772 1455 5813 tutu
1488 5752 1673 5816 ιηἰὶιιε
1706 5763 1899 5818 habere

2024 3162 2175 3214 sione
2213 3162 2475 3215 laudantis
2504 3164 2689 3229 incipit
2716 3171 2770 3215 et
2800 3165 2948 3227 dicit,
2997 3164 3319 3231 Conﬁtemini
3354 3164 3595 3229 Domino,

2018 3239 2069 3303 et
2094 3233 2171 3284 sic
2194 3232 2420 3284 invocato
2447 3249 2627 3285 nomen
2656 3235 2786 3303 ejus.
2822 3234 2916 3288 llic
2939 3233 3244 3299 accipienda
3276 3244 3357 3287 est
3387 3236 3596 3290 Confes-

2019 3300 2235 3372 siognou
2270 3306 2551 3370 gementis,
2586 3300 2687 3357 sed
2711 3303 2997 3368 laudantis,
3026 3308 3146 3372 quia
3188 3304 3424 3371 sequitur
3450 3305 3600 3357 invo-

2017 3370 2177 3425 catio.
2212 3371 2462 3426 Iuvocare
2488 3374 2629 3427 enim
2658 3388 2762 3425 non
2796 3370 3100 3441 possumus,
3152 3370 3423 3427 ttisi’tales
3450 3391 3597 3428 esse.

2018 3455 2137 3493 ntus
2187 3442 2236 3495 in
2286 3443 2390 3493 vita
2437 3455 2615 3497 nOSIra
2646 3443 2734 3511 qui
2767 3444 3106 3498 laudaremus
3150 3445 3335 3497 Dettm.
3372 3447 3597 3498 Exaudit

2016 3525 2192 3583 autem
2227 3512 2482 3565 Dontinus
2513 3516 2864 3575 invocantem,
2892 3531 3047 3583 quem
3075 3515 3217 3567 videt
3241 3513 3543 3568 laudantem
3576 3535 3590 3568 :

2018 3582 2166 3653 videt
2192 3593 2368 3633 autem
2416 3585 2745 3648 laudantem,
2775 3582 2929 3653 quem
2980 3586 3161 3653 probat
3191 3594 3479 3639 amantem.
3527 3586 3595 3639 Et

2017 3650 2135 3726 ideo
2160 3653 2419 3726 sequitur,
2460 3656 2771 3708 Annuntiate
2793 3650 2954 3726 opera
2981 3650 3115 3725 ejus,
3151 3656 3200 3707 id
3248 3667 3351 3716 est,
3402 3671 3589 3723 repro-

2016 3720 2280 3795 bationem
2315 3724 2507 3795 tactam
2560 3740 2652 3791 per
2681 3720 2849 3793 ἱρειωί
2894 3720 3025 3777 inter
3047 3734 3236 3795 gentes,
3291 3720 3492 3778 scilicet
3534 3737 3591 3777 ut

2014 3793 2101 3859 qui
2126 3793 2294 3861 diligit
2324 3794 2511 3859 Deum,
2544 3795 2729 3863 diligat
2774 3793 3094 3860 proximum.
3127 3796 3364 3861 Qualiter
3408 3806 3586 3849 autem

2014 3865 2431 3916 anuunttaudutn
2456 3867 2543 3929 sit,
2578 3866 2887 3933 exsequitur
2917 3868 3099 3919 dicens
3128 3884 3138 3917 :
3169 3865 3381 3916 Caritate
3402 3866 3447 3916 ei
3468 3882 3583 3929 ore,

2015 3944 2060 3983 et
2089 3936 2293 4000 psallite
2320 3938 2363 3986 ei
2408 3950 2595 4003 opere,
2644 3946 2697 3989 et
2724 3934 2800 3989 sic
2836 3945 3044 3989 narrate
3064 3938 3110 3989 ei
3142 3936 3309 3987 omnia
3332 3936 3587 3988 mirabilia

2014 4006 2145 4072 ejus,
2170 4005 2372 4057 scilicet
2419 4017 2473 4059 et
2512 4021 2627 4073 quit:
2658 4007 2932 4059 visibiliter
2960 4018 3207 4073 Operatnr
3233 4008 3487 4067 exterius,
3531 4020 3584 4059 et

2013 4090 2131 4144 qua:
2157 4074 2491 4129 invisibiliter
2515 4078 2759 4129 interius.
2796 4077 2857 4129 Et
2887 4088 2943 4129 ut
2972 4076 3248 4137 enarratis,
3275 4076 3581 4144 laudamini,

2014 4142 2064 4196 id
2097 4153 2179 4197 est
2202 4146 2493 4199 laudabiles
2521 4156 2693 4200 estote
2718 4149 2851 4201 bene
2891 4148 3117 4199 vivendo
3146 4163 3157 4196 :
3188 4155 3241 4196 et
3272 4146 3372 4197 hoc
3398 4148 3450 4198 in
3492 4142 3579 4197 n04

2014 4217 2148 4267 mine
2171 4225 2347 4268 sancto
2374 4218 2505 4286 ejus,
2530 4217 2737 4271 scilicet
2764 4228 2816 4270 ut
2840 4232 2940 4269 non
2970 4214 3221 4284 quaeratis
3241 4217 3465 4282 gloriam
3490 4232 3579 4268 ve-

2012 4295 2198 4349 stram,
2228 4286 2321 4340 sed
2352 4288 2442 4356 qui
2461 4288 2713 4356 gloriatur
2738 4286 2791 4339 in
2830 4286 3050 4338 Domino
3076 4286 3339 4356 glon'etur,
3386 4291 3449 4337 ad
3482 4286 3580 4340 hoc

2014 4366 2068 4407 ut
2112 4371 2198 4407 cor
2220 4366 2553 4421 querentium
2583 4357 2858 4411 Dominum
2889 4358 3087 4411 lectetur
3115 4358 3361 4424 exeiano
3389 4356 3444 4410 in
3485 4371 3577 4411 ve-

2014 4433 2120 4478 stra
2153 4428 2467 4481 imitatione.

1941 4470 1989 4531 θ
2014 4470 2652 4561 "'bi'tiéiiié'iiéitoum.
2688 4497 2751 4553 Ut
2804 4496 2890 4551 alii
2934 4496 3174 4562 exemplo
3220 4505 3399 4550 vestro
3435 4512 3575 4563 qua.

2016 4578 2136 4621 rant
2166 4565 2472 4630 Dominum,
2517 4581 2568 4623 et
2599 4571 2646 4621 iu
2675 4568 2958 4635 quasreudo
2984 4568 3387 4633 conﬁrmamini,
3418 4569 3469 4620 id
3496 4577 3578 4622 est

2015 4639 2253 4692 accedite
2278 4641 2342 4691 ad
2368 4653 2488 4693 eum
2520 4651 2573 4691 et
2606 4639 2995 4702 illuminamini,
3027 4639 3094 4692 ita
3124 4649 3180 4691 ut
3210 4652 3306 4691 nec
3334 4641 3575 4695 caecitate

2015 4707 2401 4776 iinpediaminl,
2430 4710 2553 4778 quin
2582 4711 2721 4777 quod
2765 4710 3046 4763 videndum
3076 4720 3157 4778 est
3188 4709 3428 4761 videatis.
3469 4709 3575 4764 Nec

2015 4778 2341 4844 inﬁrmitate,
2370 4776 2494 4846 quin
2524 4776 2665 4848 quod
2692 4779 2987 4833 faciendum
3014 4790 3096 4831 est
3125 4776 3329 4831 faciatis
3356 4796 3367 4829 :
3394 4790 3448 4832 et
3472 4796 3574 4833 non

2012 4849 2078 4900 ad
2119 4850 2305 4903 horam
2336 4860 2605 4917 quzeratis,
2637 4852 2728 4903 sed
2768 4864 2961 4914 semper
2988 4851 3195 4919 quwrite
3225 4849 3407 4915 [aciem
3442 4854 3568 4919 ejus.

2014 4919 2110 4972 Hic
2153 4920 2293 4972 enim
2341 4933 2553 4986 semper
2595 4920 2932 4987 qumrendus,
2972 4928 3027 4971 et
3054 4918 3265 4971 tandem
3299 4918 3570 4973 invenien-

2011 4990 2127 5042 dus.
2159 4991 2261 5043 Sed
2290 4993 2513 5044 l’ortasse
2537 4990 2622 5043 hic
2644 4991 2888 5043 inventus
2913 5000 3014 5053 est,
3038 4988 3194 5043 etiam
3228 4993 3566 5055 quaerendus.

2012 5059 2216 5113 Invenit
2236 5076 2356 5114 eum
2376 5063 2507 5113 ﬁdes
2522 5071 2723 5123 nostra,
2740 5061 3063 5128 qu:eriteutn
3079 5074 3200 5124 spes
3219 5068 3421 5112 nostra.
3446 5060 3574 5113 Cha-

2009 5131 2138 5182 ritas
2166 5134 2367 5183 invenit
2393 5146 2512 5183 eum
2543 5145 2635 5197 per
2654 5132 2900 5193 Iidem,et
2921 5133 3111 5199 quierit
3132 5144 3254 5181 eum
3283 5144 3567 5197 pet-Spem;

2012 5211 2283 5268 postquam
2313 5212 2490 5253 autem
2519 5216 2639 5253 eum
2670 5201 2891 5261 invenit,
2926 5216 3030 5252 non
3056 5202 3187 5252 ultra
3215 5209 3298 5251 est
3330 5216 3573 5266 quasren-

2007 5278 2125 5323 dus.
2161 5270 2407 5322 Fortasse
2433 5281 2607 5323 autem
2637 5280 2693 5323 et
2723 5274 2827 5323 illic
2855 5272 2970 5323 sine
2994 5274 3096 5322 line
3122 5280 3203 5322 est
3228 5273 3568 5335 qurerendns,

2006 5343 2127 5406 quia
2177 5344 2293 5392 sine
2322 5342 2426 5392 line
2455 5342 2733 5394 amandus.
2770 5342 2841 5394 Illi
2893 5342 3033 5393 enim
3098 5340 3427 5407 inquisuioni
3469 5359 3567 5407 qua

2004 5412 2332 5478 signiﬁcatur
2359 5425 2527 5473 amor,
2561 5426 2665 5463 non
2695 5412 2817 5464 lacu
2846 5412 3003 5463 linem
3034 5412 3289 5473 inventio,
3315 5414 3407 5464 sed
3432 5427 3571 5465 sein-

2006 5496 2098 5547 per
2127 5492 2317 5535 crescit
2356 5496 2524 5541 amor,
2556 5496 2764 5548 semper
2789 5493 2837 5533 et
2869 5482 3156 5549 inquisitio.

2078 5551 2383 5603 Mementote
2411 5552 2737 5604 ntirabiliutu.
2774 5555 2847 5604 Ac
2877 5553 2921 5603 si
2963 5552 3101 5603 dicat
3155 5570 3165 5603 :
3215 5550 3333 5604 Dixi
3366 5552 3570 5619 qua'rite

2005 5621 2299 5674 Dominum.
2336 5623 2396 5674 Et
2419 5623 2722 5689 siitiagnum
2749 5632 2830 5675 est
2855 5624 2919 5675 ad
2952 5636 3064 5685 vos,
3089 5623 3227 5691 quod
3254 5624 3366 5691 ipse
3386 5633 3467 5676 est
3495 5626 3567 5675 vi-

2002 5693 2128 5745 dere
2160 5706 2243 5744 aut
2276 5707 2537 5761 qua-rere,
2582 5694 2767 5745 saltem
2814 5695 2864 5743 in
2903 5694 3155 5759 operibus
3184 5708 3295 5745 suis
3321 5708 3441 5745 eum
3484 5694 3563 5746 vi-

2003 5764 2155 5828 tb-te;
2184 5766 2281 5817 hoc
2310 5776 2411 5831 est,
2442 5763 2485 5814 si
2517 5762 2682 5816 solent
2715 5764 2763 5816 in
2791 5771 2903 5816 rota
2940 5778 3033 5816 sua
3077 5780 3181 5819 non
3214 5768 3455 5832 potuisus
3485 5768 3561 5816 vi-
