4026 6200
294 292 431 348 ίθὲι

1008 290 1074 344 ΙΝ
1113 289 1525 346 PSALMORUM
1566 289 1820 345 LIBRUM
1866 289 2219 347 EXEGESIS.
2260 320 2332 333 —
2373 291 2615 347 PSALH.
2657 291 2786 347 CVI.

3407 296 3547 350 109.2

291 415 600 466 commotus
622 414 707 462 est
727 402 930 473 Moyses
952 413 1156 471 propter
1194 422 1279 458 eos
1308 406 1503 459 idcirco
1525 404 1644 469 quia
1672 420 1877 457 exacer-
1904 405 1955 459 A
1985 402 2167 474 idest,
2203 403 2503 456 videntibus
2538 404 2638 457 illis
2663 414 2716 458 et
2746 405 3167 472 attendentihus,
3199 406 3286 474 qui
3311 410 3553 472 captivos

292 483 562 543 liquerunt,
588 478 762 537 idest,
785 476 850 529 ad
880 474 1013 528 iram
1043 485 1463 541 provocavernnt
1484 477 1714 542 spiritum
1736 475 1870 541 ejus.

292 550 364 604 Et
394 552 514 603 ideo
537 548 791 609 distinxit,
826 545 875 597 id
907 553 1007 607 est,
1041 546 1436 599 distinctionem
1470 546 1593 598 fecit
1619 545 1671 595 in
1704 546 1872 609 labiis,

291 622 419 688 quia
463 633 584 673 cum
618 619 668 669 in
713 616 833 669 aliis
878 615 1138 688 omnibus
1174 616 1442 688 miraculis
1472 625 1650 667 certus
1688 614 1873 688 fuerit,

293 683 347 743 et
380 704 569 744 set-ure
610 689 815 739 locutus
860 685 963 738 sit-
994 683 1080 737 hic
1109 685 1265 738 dubie
1308 686 1516 738 locuzus
1560 691 1643 736 est
1669 684 1872 741 dicens,

300 759 553 823 Nunquid
576 758 854 827 poterimus
900 756 964 808 de
1000 762 1143 823 petra
1165 755 1257 808 hac
1285 771 1466 827 aquam
1506 755 1642 827 vobis
1672 753 1876 805 elicere?

302 831 367 885 Et
417 831 538 884 ideo
576 824 836 893 populum
883 829 935 877 in
962 833 1156 878 terram
1181 824 1574 893 'promissionis
1623 837 1726 874 non
1755 838 1877 890 per-

300 902 474 953 duxit.
507 898 615 952 Nec
642 896 905 951 soltttnad
927 910 1113 959 aquam
1145 894 1563 947 contradictionis
1598 895 1874 944 Dominum

300 971 647 1029 irritaverant,
681 967 773 1019 sed
803 965 960 1016 etiam
1015 965 1065 1016 in
1102 966 1219 1022 hoc.
1255 964 1372 1030 quia
1403 972 1678 1029 postquam
1712 964 1879 1013 intro-

301 1040 445 1093 ducti
496 1047 623 1091 sunt
652 1037 703 1090 in
752 1045 948 1087 terram
998 1034 1386 1099 promissiionis,
1418 1050 1520 1085 non
1565 1033 1879 1099 disperdide—

300 1117 420 1163 runt
452 1123 637 1162 omnes
683 1106 803 1160 illas
842 1114 1009 1171 gentes
1040 1120 1164 1168 quas
1210 1102 1459 1155 Dominus
1506 1104 1656 1163 dixit,
1707 1103 1753 1154 id
1799 1111 1881 1153 est

304 1178 561 1246 praecepit
589 1177 693 1229 illis
722 1175 1049 1246 disperdere.
1084 1172 1347 1246 Quasdam
1375 1176 1514 1246 enim
1543 1183 1754 1246 gentes_
1773 1186 1876 1246 non

304 1240 756 1313 disperdiderunt.
786 1240 879 1297 sed
928 1244 1025 1295 sibi
1070 1245 1371 1295 tributarias
1420 1242 1679 1295 fecerunt.
1710 1240 1772 1293 Et
1809 1241 1876 1293 ita

302 1319 558 1372 commisti
586 1326 703 1371 sunt
736 1317 868 1368 inter
889 1324 1080 1381 gentes.
1111 1324 1155 1364 et
1181 1314 1471 1365 didicerunt
1496 1328 1650 1382 Opera
1678 1328 1873 1364 eorum.

306 1390 373 1443 Et
400 1390 619 1455 exponit
640 1402 756 1446 quia:
806 1400 990 1450 opera,
1016 1384 1199 1435 dicens
1229 1400 1240 1434 :
1368 1384 1643 1455 servierunt
1666 1382 1882 1455 sculpt_i-_

308 1461 441 1511 tibus
473 1453 682 1511 eorum.
714 1454 779 1507 Et
818 1455 917 1508 hoc
946 1457 1137 1523 {aetum
1162 1464 1233 1506 est
1263 1453 1367 1505 illis
1393 1456 1446 1505 in
1473 1454 1797 1513 scandalum,
1830 1453 1879 1503 id

305 1539 391 1582 est
418 1530 471 1580 in
502 1528 731 1581 ruinam.
766 1526 829 1578 Et
871 1524 1084 1585 merito,
1126 1524 1247 1591 quia
1300 1538 1401 1575 non
1452 1524 1625 1577 solum
1659 1537 1787 1575 oves
1830 1531 1883 1573 et

307 1600 492 1660 boves,
540 1596 635 1651 sed
681 1596 844 1649 etiam
877 1594 1263 1647 immolaverunt
1314 1594 1451 1661 filios
1494 1610 1613 1646 suos
1650 1601 1695 1645 et
1744 1592 1883 1659 ﬁlias

305 1684 429 1721 suas
452 1666 715 1722 damoniis
743 1682 761 1719 :
785 1669 885 1719 hoc
914 1664 1129 1733 quidem
1181 1678 1284 1715 non
1321 1663 1478 1716 habet
1509 1664 1749 1733 historia,
1789 1663 1881 1733 sed

1980 473 2151 526 adhuc
2179 488 2270 524 eos
2303 474 2551 527 tenebant
2594 489 2688 540 per
2726 475 3086 539 captivitatem
3136 478 3187 528 in
3221 473 3553 542 ’praivarica-

1978 542 2122 595 tione
2156 543 2316 614 prim_i
2340 545 2569 595 hominis
2602 544 2828 608 factam;
2865 546 3004 612 (ιυοά
3044 546 3442 614 aaqnipollenter
3472 546 3553 598 di-

1976 626 2098 683 cere
2122 622 2197 663 cst
2226 611 2426 683 :kEjicit
2449 614 2699 665 daemonia
2727 614 2791 665 ab
2812 611 2904 668 eis.
2934 615 2997 668 Et
3026 611 3149 679 quia
3181 616 3231 668 in
3265 615 3555 683 Evangelia

1976 681 2205 734 dicitur:
2235 680 2361 753 Ecce
2387 684 2537 753 ejicio
2568 684 2843 737 dmntonia.
2894 684 2958 737 Et
3001 686 3154 738 hodie
3182 697 3227 737 et
3258 701 3372 737 cras
3417 680 3557 737 sani-

1978 761 2102 803 tates
2149 752 2484 818 per/icio,'et
2536 756 2683 806 tertia
2733 755 2818 807 die
2867 772 3187 807 consummor
3217 770 3233 806 :
3262 755 3380 806 ideo
3435 770 3553 808 eum
3628 800 3636 810 .

1977 820 2198 874 dixisset
2225 840 2235 872 :
2266 824 2400 886 Quia
2429 823 2579 887 ejicit
2604 824 2894 887 dmmonia,
2938 826 3209 893 Snlijungit
3258 826 3556 877 orationem

1980 902 2033 942 ut
2060 893 2339 944 sanitatem
2376 894 2635 958 perficiat,
2666 894 2850 947 dicens
2882 913 2895 949 :
2932 895 3145 946 Domine
3185 894 3320 946 Deus
3360 905 3553 957 uoster,

1981 961 2065 1027 [ac
2095 978 2184 1013 nos
2214 963 2379 1013 salvos
2410 962 2737 1027 perficiendo
2767 966 2816 1016 in
2865 965 3019 1017 nobis
3046 964 3347 1017 sanitatem.
3377 965 3557 1017 Potest

1980 1041 2153 1084 autem
2201 1046 2292 1096 per
2321 1032 2677 1101 hodieraccipi
2720 1043 2927 1097 tempus
2974 1034 3072 1086 sub
3121 1034 3258 1101 lege,
3294 1049 3387 1097 per
3438 1049 3552 1085 cras

1980 1115 2109 1152 vero
2138 1110 2345 1163 tempus
2368 1100 2573 1165 gratim,
2608 1103 2658 1153 in
2703 1119 2808 1171 quo
2847 1114 3073 1170 ntroqu
3118 1100 3400 1156 Sanitatem
3432 1119 3559 1169 ope-

1982 1181 2128 1221 ratus
2155 1184 2235 1223 est
2270 1186 2284 1225 :
2320 1172 2399 1224 vel
2450 1187 2539 1237 per
2586 1172 2737 1223 hodie
2787 1173 2953 1237 accipi
3002 1184 3213 1239 tempus
3258 1180 3560 1234 praesentiae

1982 1241 2099 1302 ejus
2154 1244 2201 1291 in
2253 1257 2453 1295 carne:
2499 1258 2592 1307 per
2632 1258 2743 1294 cras
2802 1258 2930 1294 vero
2981 1254 3186 1308 tempus
3238 1245 3558 1309 Apostolicaa

1985 1310 2277 1369 missionis,
2308 1322 2361 1363 et
2392 1327 2555 1379 usque
2584 1314 2649 1365 ad
2699 1313 2854 1365 tinent
2906 1313 3108 1377 swculi,
3146 1317 3195 1365 in
3245 1328 3351 1380 quo
3398 1314 3557 1365 etiam

1985 1394 2081 1446 per
2110 1380 2486 1446 pra-dicatores
2512 1397 2637 1435 suos
2662 1383 2917 1435 sanitates
2947 1384 3169 1449 perlicit.
3204 1382 3383 1435 Tertia
3427 1397 3556 1435 vero

1984 1465 2083 1521 qua
2127 1460 2548 1517 consummatur,
2593 1455 2694 1504 erit
2739 1453 2957 1521 quando
3004 1468 3194 1506 omnes
3241 1468 3561 1506 occurremus

1984 1520 2030 1571 ei
2054 1521 2103 1571 in
2135 1536 2288 1571 unum
2319 1521 2482 1572 virum
2514 1520 2816 1588 perfectum,
2840 1524 2892 1575 ia
2923 1538 3213 1574 mensuram
3256 1524 3421 1576 a'tatis
3455 1523 3561 1587 ple—

1986 1590 2236 1642 nitudinis
2269 1591 2479 1643 Christi.
2520 1593 2583 1645 Et
2631 1603 2685 1645 ut
2733 1595 2909 1645 salvos
2963 1592 3143 1656 facias,
3177 1608 3428 1661 congrega
3472 1608 3563 1645 nos

1986 1673 2172 1713 verum
2222 1674 2405 1714 semen
2453 1662 2682 1715 Abraha:
2713 1677 2807 1729 per
2839 1661 2960 1714 lidei
3003 1663 3261 1715 unitatem
3295 1664 3357 1713 de
3398 1664 3564 1715 natio-

308 1747 515 1808 tamen
540 1751 643 1792 non
696 1736 817 1808 ideo
848 1729 1023 1808 minus
1071 1733 1397 1808 credendum
1426 1742 1532 1808 _est_
1573 1732 1884 1808 prophetico
1919 1748 1963 1808 Β
1989 1729 2136 1782 nibus
2167 1732 2438 1808 omnibus,
2472 1730 2537 1808 ad
2567 1732 2669 1808 hoc
2696 1743 2766 1808 ut
2792 1732 3124 1808 conﬁteamur
3155 1742 3332 1808 sancto
3365 1733 3566 1808 nomini

308 1807 544 1873 spiritui,
572 1808 659 1876 qui
712 1807 813 1860 hoc
842 1806 1094 1876 dicittet
1140 1805 1259 1876 alis
1290 1802 1565 1876 prephetis
1609 1804 1693 1876 qui
1744 1816 1886 1867 sape

311 1879 458 1933 idem
480 1873 1052 1946 improperant_i-.is.__Et
1070 1874 1297 1939 qualiter
1329 1873 1740 1946 immolaverint,
1762 1887 1889 1941 pro-

313 1949 554 2014 sequitur
576 1943 760 2001 dicens
785 1962 799 1998 :
826 1943 890 1996 Et
918 1944 1204 2011 e/fuderunt
1227 1947 1524 2011 sanguinem
1548 1944 1886 2003 innocentem,

310 2019 612 2087 sanguinem
643 2018 1124 2087 ﬁliorum‘suorum.
1155 2021 1212 2087 e_l_
1247 2014 1734 2087 ﬁliarum_sua_rum,
1767 2029 1892 2087 quas

311 2082 733 2151 saciiﬁcaverunt
783 2083 1108 2153 sculptilibus
1153 2082 1418 2136 Chanaan.
1470 2082 1532 2135 Et
1588 2085 1687 2136 hoc
1734 2083 1892 2134 modo

312 2158 585 2223 interfecta
635 2165 709 2209 est
754 2166 887 2208 terra
936 2156 988 2206 in
1043 2154 1431 2223 sanguiuibus,
1474 2155 1751 2206 continens
1799 2168 1892 2216 pro

314 2220 607 2292 contento;
651 2231 751 2279 hoc
799 2234 879 2278 est
928 2224 1122 2277 terreni
1142 2220 1231 2275 illi
1267 2220 1529 2277 interfecti
1579 2232 1703 2274 sunt
1751 2224 1890 2274 inte-

316 2301 426 2349 rius
459 2306 675 2366 propter
721 2296 1065 2350 innocentum
1119 2295 1455 2362 sanguinem,
1488 2293 1770 2347 daunoniis
1808 2292 1889 2347 el-

314 2366 513 2421 fusum.

394 2436 463 2489 Et
508 2436 853 2489 contaminata
902 2444 975 2488 est
1022 2434 1073 2487 in
1122 2433 1355 2502 operibus
1409 2449 1603 2486 eorum.
1664 2432 1896 2497 Exponit

317 2507 612 2572 quomodo,
641 2507 846 2559 scilicet
876 2506 993 2570 quia
1039 2506 1282 2573 fornicati
1322 2514 1436 2555 sunt
1483 2506 1533 2555 in
1574 2503 1893 2555 adiuvantia-

316 2577 465 2629 nibus
494 2578 620 2641 suis,
666 2576 714 2629 id
760 2587 835 2629 est
868 2576 920 2641 in
958 2577 1149 2627 studiis
1196 2576 1325 2633 suis,
1369 2575 1489 2638 quia
1540 2574 1751 2638 proprio
1786 2575 1891 2627 lieo

322 2646 511 2701 relicto
540 2642 1051 2699 adlneserunt’falsis
1085 2645 1204 2697 diis.
1243 2645 1307 2695 Iit
1338 2644 1456 2695 ideo
1487 2645 1645 2695 iratus
1673 2652 1744 2694 est
1779 2642 1888 2695 Do-

314 2719 491 2769 minus
520 2716 593 2769 illi
624 2717 839 2783 populo,
872 2716 955 2768 Vel
1001 2716 1054 2767 in
1098 2715 1245 2767 illum
1290 2714 1535 2782 populum
1577 2715 1629 2765 iu
1680 2714 1888 2780 furore,

315 2786 373 2841 id
404 2797 504 2845 est,
540 2786 592 2838 in
628 2791 699 2836 ira
728 2787 875 2852 gravi
906 2804 916 2839 :
942 2795 989 2837 et
1018 2785 1136 2838 ideo
1181 2785 1497 2835 abominatus
1524 2794 1594 2836 est
1642 2785 1810 2850 illum,
1840 2784 1889 2835 id

317 2866 401 2909 est
431 2858 585 2909 vilem
638 2855 761 2907 fecit
806 2855 1148 2909 [nereditatem
1197 2870 1361 2907 suam.
1411 2854 1511 2906 l‘er
1558 2853 1661 2906 hoc
1709 2865 1885 2906 autem

316 2929 461 2991 quod
517 2926 642 2979 dicit
698 2926 1089 2988 haereditatem,
1151 2923 1387 2976 ostindit
1443 2923 1888 2977 abominationem

318 2995 465 3049 illam
497 2996 713 3048 omnino
764 3011 867 3047 non
914 3009 1032 3049 esse
1074 2993 1139 3047 ad
1189 2993 1629 3054 destructionem,
1678 2994 1771 3047 sed
1824 2993 1887 3045 ad

316 3065 732 3147 correctionem.
768 3065 832 3117 Et
879 3080 1024 3146 vere,
1077 3063 1379 3147 quiaﬂdicit
1426 3063 1762 3144 abominatus
1808 3073 1891 3117 est
1919 3085 1967 3147 ρ

322 3136 689 3191 Ιιειιτθόίιειιεῐη
717 3149 866 3189 suam
894 3152 905 3186 :
935 3135 1054 3202 quia
1103 3134 1313 3185 tradidit
1344 3148 1425 3184 eos
1470 3133 1523 3185 in
1567 3150 1745 3186 manus
1771 3150 1889 3202 gen-

316 3207 470 3261 tium.
503 3206 568 3259 Et
605 3206 705 3258 huc
728 3208 818 3269 ita,
852 3205 991 3271 qttod
1021 3204 1268 3257 dominati
1297 3214 1415 3255 sunt
1445 3203 1536 3268 eis,
1562 3205 1649 3269 qui
1676 3205 1891 3256 oderunt

316 3292 409 3330 eos
434 3291 453 3330 :
483 3275 621 3344 quod
651 3276 958 3343 gravissima
1004 3277 1231 3328 servitus
1270 3282 1399 3344 est,__
1428 3285 1483 3325 ut
1527 3275 1744 3340 patiaris
1789 3274 1888 3326 do-

321 3342 549 3411 minum,
580 3342 739 3414 quem
788 3344 950 3398 habes
1006 3345 1300 3397 inimicum.
1357 3342 1420 3394 Et
1468 3347 1587 3409 quia
1634 3344 1889 3396 deminuti

319 3426 468 3483 sunt,
517 3416 636 3469 ideo
686 3414 1049 3468 tribulaverunt
1081 3430 1166 3468 eos
1214 3413 1429 3471 inimici,
1481 3423 1527 3465 et
1558 3413 1633 3464 sic
1660 3414 1894 3481 graviter

320 3485 576 3538 humiliati
601 3495 716 3538 sunt
757 3484 847 3537 sub
877 3486 1109 3537 manibus
1135 3500 1330 3545 eorum,
1363 3483 1455 3536 sed
1493 3483 1740 3536 Dominus
1771 3483 1894 3534 libe—

322 3557 456 3608 rauit
480 3572 565 3608 eos
595 3571 749 3621 stupe.
779 3554 892 3624 Ipsi
919 3566 1085 3607 autem
1117 3570 1220 3606 non
1254 3554 1386 3624 illud
1409 3552 1770 3611 attenderunt,
1802 3551 1894 3605 sed

319 3627 744 3679 exacerbaverunt
776 3640 889 3677 eum
914 3627 963 3677 in
993 3625 1207 3677 consilio
1235 3639 1347 3685 suo,
1379 3623 1427 3675 id
1460 3632 1542 3677 est
1567 3625 1685 3690 quia
1714 3624 1892 3676 collsi-

322 3695 456 3748 lium
505 3695 621 3763 ejus
670 3710 774 3749 non
824 3695 1197 3757 attenderunt,
1252 3694 1344 3746 sed
1395 3709 1569 3744 suum.
1603 3693 1894 3763 Consilium

318 3769 469 3819 enim
521 3762 612 3818 Dei
656 3775 790 3830 erat,
842 3774 901 3817 ut
939 3780 1031 3834 per
1083 3763 1391 3830 temporalia
1441 3763 1573 3815 bona
1621 3762 1897 3816 induceret

320 3849 423 3890 eos
470 3836 535 3887 ad
583 3842 803 3890 :eterna.
841 3835 944 3903 Ipsi
993 3844 1168 3887 autem
1222 3834 1476 3886 nonillut
1530 3834 1895 3899 attendcrunt,

322 3908 421 3959 sed
462 3919 616 3958 suum
656 3905 940 3958 consilium
980 3903 1131 3972 sequi
1190 3903 1528 3965 maluerunt,
1592 3903 1798 3957 scilicet
1841 3913 1898 3955 ut

322 3983 655 4040 quaererent,
685 3990 801 4043 qua:
832 3990 925 4027 sua
975 3984 1148 4037 erant,
1200 3989 1303 4026 non
1346 3989 1463 4042 quia
1513 3974 1602 4026 Dei
1633 3985 1805 4026 erant.
1833 3973 1899 4025 Et

323 4046 451 4099 ideo
495 4047 686 4098 merito
736 4044 990 4097 humiliati
1020 4054 1135 4098 sunt
1166 4044 1516 4107 iniquitatibus
1563 4044 1691 4107 suis,
1724 4046 1773 4095 id
1820 4052 1903 4096 est

322 4115 399 4167 ita
428 4116 568 4179 quod
595 4116 897 4183 iniquitates
925 4130 1107 4168 eorum
1139 4128 1296 4166 causa
1318 4125 1497 4167 essent
1521 4115 1901 4167 humiliatiOniS

324 4185 589 4252 ipsorum.
629 4190 687 4237 tt
721 4201 905 4239 rursus
937 4201 1039 4237 non
1068 4183 1235 4237 defuit
1279 4184 1357 4237 eis
1394 4183 1568 4236 divina
1601 4185 1904 4237 miscricor-

322 4253 441 4318 dia,
490 4257 609 4322 quia
636 4256 760 4307 vidit
792 4256 1048 4308 Dominus
1078 4270 1190 4307 cum
1229 4255 1614 4306 tribularentur.
1648 4253 1758 4306 Non
1783 4254 1904 4307 ideo

324 4325 433 4378 hoc
457 4324 603 4390 dicit,
626 4325 767 4394 quod
795 4325 1080 4393 aliquando
1103 4339 1205 4378 non
1231 4324 1542 4378 videatzsed
1576 4334 1701 4377 tunc
1730 4336 1904 4377 tamen

324 4396 572 4448 maxime
596 4397 773 4449 videre
804 4395 1196 4449 tribulationem
1229 4404 1463 4447 nostram
1496 4394 1713 4454 dicitur,
1738 4409 1906 4462 quan-

321 4466 400 4519 do
427 4467 728 4520 miseretur.
766 4465 827 4518 Et
860 4473 1135 4533 proriterea
1184 4463 1382 4529 subdit,
1426 4462 1494 4516 Et
1541 4464 1732 4518 audivit
1780 4480 1903 4517 ora-

323 4538 517 4587 tionem
556 4551 731 4589 eorum
756 4549 775 4588 :
800 4548 852 4588 et
885 4536 983 4588 hoc
1013 4543 1178 4587 totum
1232 4534 1357 4587 fecit
1386 4550 1490 4587 non
1538 4544 1755 4602 proilter
1785 4550 1905 4587 um-

323 4606 509 4670 bram,
541 4610 633 4660 sed
660 4615 875 4674 propter
908 4607 1151 4674 liguram,
1199 4605 1403 4674 scilicet
1431 4603 1553 4671 quia
1587 4621 1779 4657 memor
1806 4606 1906 4674 fuit

322 4673 797 4741 testamenti,’non
851 4673 1048 4729 veteris
1093 4674 1237 4741 quod
1287 4673 1556 4739 aboletur,
1607 4675 1698 4727 sed
1757 4673 1902 4737 nevi,

318 4748 469 4811 quod
500 4761 595 4815 per
632 4746 761 4799 illud
793 4745 1227 4816 significabatur.
1270 4742 1485 4816 Etideo
1533 4745 1763 4811 paenituit
1791 4760 1904 4797 eum

317 4814 608 4870 secundum
638 4814 1015 4869 multitudinem
1059 4814 1426 4868 misericordia
1450 4828 1578 4879 suae,
1617 4829 1720 4867 non
1764 4816 1905 4884 quod

320 4887 643 4956 pmnitentia
675 4902 907 4954 unquam
940 4886 991 4939 in
1018 4900 1085 4939 eo
1116 4886 1232 4949 fuit,
1267 4887 1317 4936 in
1347 4900 1452 4952 quo
1482 4886 1676 4956 malum
1704 4885 1902 4938 factum

321 4955 435 5010 non
488 4957 797 5025 praecessit:
831 4956 924 5010 sed
971 4958 1119 5025 quia
1150 4967 1255 5007 tam
1312 4955 1736 5007 misericorditer
1784 4970 1903 5007 cum

323 5026 435 5080 illis
485 5024 614 5095 egit,
651 5027 792 5095 quod
842 5028 1013 5093 potuit
1044 5024 1205 5078 videri
1234 5026 1513 5092 .paanitere
1561 5040 1681 5077 eum
1712 5026 1907 5092 prioris

321 5096 659 5151 aluit-tionis.
709 5100 771 5150 Et
801 5113 924 5150 vere
968 5098 1189 5148 multam
1236 5095 1660 5149 misericordiam
1692 5110 1767 5147 eis
1808 5095 1906 5147 im-

322 5169 533 5234 pendit,
566 5169 686 5236 quia
719 5168 857 5220 dedit
902 5183 985 5219 eos
1032 5169 1084 5220 in
1116 5168 1486 5219 misericordias
1532 5166 1583 5217 in
1631 5175 1907 5232 conspectu

321 5238 577 5300 omnium,
623 5240 710 5301 qui
761 5247 998 5303 ceperant
1048 5253 1153 5299 eos,
1200 5238 1248 5289 id
1280 5245 1380 5297 est,
1443 5236 1541 5288 hoc
1590 5237 1714 5287 fecit
1764 5236 1903 5302 quod

322 5308 492 5361 etiam
528 5317 729 5372 hostes,
762 5313 850 5375 qui
899 5309 1137 5372 captiVos
1181 5324 1271 5359 eos
1305 5306 1575 5373 terrebant,
1605 5307 1909 5357 misericor-

324 5381 472 5430 diter
501 5389 731 5444 egerunt
761 5394 881 5432 cum
916 5379 1040 5431 illis.
1072 5376 1170 5431 Vel
1202 5378 1392 5429 aliter:
1423 5378 1572 5428 Dedit
1604 5392 1688 5428 eos
1714 5376 1763 5427 in
1806 5377 1903 5427 mi-

323 5449 655 5514 sericordias,
710 5451 759 5503 id
809 5458 912 5513 est,
942 5450 1012 5501 ita
1047 5448 1472 5501 misericorditer
1498 5461 1616 5498 cum
1650 5446 1750 5498 illis
1801 5455 1909 5512 egit

322 5519 594 5573 mittendo
625 5520 791 5573 tilium
821 5534 999 5582 suum,
1036 5528 1086 5573 et
1121 5519 1400 5571 liberando
1442 5531 1535 5569 eos
1573 5516 1641 5569 ab
1684 5516 1909 5569 interio-

324 5590 480 5643 ribus
510 5590 772 5657 hostibus,
816 5600 873 5642 ut
912 5606 1019 5643 non
1067 5589 1240 5643 solum
1274 5587 1530 5651 miserati,
1561 5589 1653 5640 sed
1689 5595 1907 5653 propter

321 5660 704 5715 excellentiam
738 5661 866 5728 ipsa!
894 5662 1052 5713 etiam
1095 5659 1478 5713 misericordia:
1508 5668 1728 5726 possent
1776 5657 1902 5711 dici.

326 5732 397 5787 Et
426 5731 526 5785 hoc
554 5730 679 5786 fecit
706 5732 759 5784 in
795 5742 1070 5801 conspectu
1113 5729 1362 5796 omnium,
1406 5729 1492 5797 qui
1534 5736 1768 5796 ceperant
1798 5745 1903 5793 eos,

1936 4431 1987 4491 D

1992 1808 2098 1870 tuo,
2128 1809 2175 1851 et
2206 1800 2417 1853 tandem
2444 1800 2721 1870 gloriemur
2749 1802 2800 1853 in
2831 1800 2985 1852 laude
3014 1809 3123 1863 tua,
3154 1802 3202 1853 id
3233 1817 3338 1865 esu,
3365 1802 3417 1853 in
3452 1805 3565 1853 Iau-

1991 1869 2057 1921 de
2107 1871 2340 1935 perfecte
2392 1869 2747 1937 laudantium,
2799 1871 2919 1935 quia
2970 1871 3203 1934 perfecte
3247 1873 3561 1922 amantium.

1995 1940 2056 1990 Et
2102 1940 2221 1991 ideo
2270 1941 2504 2005 perfecte
2545 1943 2863 2000 amantium,
2892 1941 3012 2003 quia
3068 1939 3205 1993 faeie
3255 1940 3320 1992 ad
3377 1940 3565 1992 faciem

1992 2011 2490 2075 Contemplantium,
2541 2026 2637 2061 nos
2681 2011 2801 2063 dict)
2831 2012 3075 2063 dicentes
3122 2010 3191 2061 ita
3223 2028 3233 2060 :
3262 2008 3568 2063 Benedictus

1992 2078 2061 2129 sit
2095 2078 2342 2131 Dominus
2384 2097 2413 2130 a
2453 2082 2637 2132 stmulo
2678 2090 2725 2132 et
2769 2096 2929 2148 usque
2980 2082 3031 2130 in
3081 2081 3344 2139 sa'culum,
3391 2082 3439 2131 id
3487 2088 3570 2132 est

1993 2149 2320 2201 mtertialiter
2352 2148 2487 2202 Deus
2536 2150 2719 2211 Israel,
2750 2151 2797 2203 id
2830 2161 2932 2217 est,
2964 2150 3051 2218 qui
3084 2150 3208 2203 facit
3240 2160 3295 2201 tit
3324 2150 3569 2202 videntes

1992 2233 2111 2270 eum
2148 2235 2239 2283 per
2269 2222 2447 2283 fidem,
2480 2223 2588 2273 sint
2618 2221 2858 2273 videntes
2898 2235 3019 2273 eum
3072 2235 3165 2286 per
3210 2219 3448 2286 speciem
3482 2235 3494 2267 :
3523 2226 3569 2268 et

1996 2287 2095 2341 hoc
2126 2290 2253 2341 dicet
2281 2292 2441 2342 omnis
2467 2292 2705 2359 ριιριιιιιε.
2752 2291 2819 2344 Ut
2857 2301 3032 2343 autem
3067 2299 3189 2342 tunc
3212 2290 3414 2359 dicere
3446 2302 3572 2359 pos-

1994 2358 2091 2441 sit,
2119 2361 2208 2424 ﬁat
2253 2362 2298 2412 ei
2336 2375 2473 2441 nunc
2505 2357 2808 2414 benedictio
2858 2361 2914 2414 in
2962 2360 3158 2429 populo
3198 2358 3443 2424 Judaico,
3476 2357 3569 2426 ﬁat

1993 2437 2048 2481 et
2080 2437 2130 2482 in
2166 2437 2445 2498 prwputin.

2495 2546 2555 2599 IN
2597 2545 2917 2601 PSAIMUM
2941 2544 3072 2600 CVI.

2648 2658 2900 2713 Alleluia.

2589 2786 2968 2826 ARGUMENTUH.

2068 2882 2289 2937 “editus
2318 2882 2495 2951 populi
2527 2884 2594 2937 de
2640 2884 2909 2954 Babylone
2943 2883 3272 2954 praedic-itur.
3308 2884 3573 2938 Primum—

1996 2968 2101 3022 que
2132 2954 2424 3023 imperatur
2466 2963 2521 3007 ut
2554 2954 2747 3007 collata
2775 2956 3033 3010 beneficia
3076 2953 3286 3007 devotis
3312 2958 3572 3009 extollant

1997 3025 2214 3077 vocibus
2244 3024 2532 3093 gratiarum
2564 3043 2574 3076 :
2610 3040 2670 3079 ac
2699 3026 2893 3079 deinde
2934 3040 3055 3093 qua:
3086 3026 3220 3077 mala
3255 3024 3307 3077 in
3343 3026 3570 3093 captivi-

2001 3103 2106 3147 tate
2137 3093 2491 3161 pertulerunt,
2524 3094 2666 3147 varia
2697 3096 3004 3148 narratione
3031 3095 3428 3147 describuntur.
3465 3095 3578 3149 Ali-

2000 3176 2080 3217 ter
2108 3179 2206 3217 vox
2250 3163 2446 3216 Christi
2497 3164 2563 3217 de
2607 3164 2829 3231 Judinis,
2867 3166 3125 3233 legendus
3172 3164 3237 3218 ad
3290 3166 3573 3219 lectionem

1996 3233 2211 3287 Numeri
2242 3245 2294 3287 et
2318 3233 2587 3288 iudicum.

2611 3338 2965 3378 EXPLANATIO.

2066 3415 2121 3467 lu
2148 3416 2319 3483 primo
2336 3416 2541 3469 alleluia
2563 3417 2971 3470 commendatus
2997 3424 3080 3469 est
3109 3417 3334 3483 populus
3358 3415 3575 3470 Judaco-

1998 3501 2138 3549 rum,
2167 3486 2232 3537 de
2256 3501 2364 3554 quo
2395 3487 2534 3538 nulla
2569 3490 2786 3553 querela
2811 3496 2925 3550 est;
2955 3489 3190 3538 secundo
3213 3502 3305 3538 eos
3333 3501 3574 3538 comme-

2000 3564 2191 3620 morat,
2221 3557 2307 3623 qui
2342 3557 2393 3609 in
2422 3557 2605 3609 eadem
2633 3565 2791 3625 gente
2820 3557 3165 3609 creberrimis
3188 3556 3572 3610 olleusionibns

1999 3637 2336 3691 erraverunt,
2368 3636 2415 3679 et
2444 3628 2509 3679 ad
2542 3626 2750 3679 Domini
2781 3627 3001 3695 gratiam
3042 3626 3202 3693 ipsius
3234 3626 3574 3678 miseratione

1999 3696 2201 3749 reversi
2235 3706 2378 3749 sunt.
2409 3697 2504 3750 Hic
2531 3708 2707 3748 autem
2742 3712 2991 3747 common
3018 3706 3117 3748 itur
3148 3697 3376 3763 populus
3422 3696 3578 3747 Chri—

2000 3769 2207 3819 szianus
2241 3778 2293 3819 ut
2330 3783 2423 3832 pro
2458 3768 2667 3819 collatis
2696 3767 2794 3819 sibi
2828 3765 3101 3819 beneficiis
3135 3767 3319 3819 Iaudes
3352 3766 3579 3817 Deunino

2002 3836 2211 3889 reddat.
2257 3838 2425 3890 Aliter
2471 3836 2681 3889 alleluia
2731 3837 2959 3902 primum
2993 3837 3099 3901 egit
3135 3843 3191 3887 ut
3244 3838 3579 3901 baptizentur

2001 3907 2313 3970 Cfedt‘llles;
2364 3907 2661 3961 secundum
2714 3916 2770 3958 ut
2818 3906 3070 3959 conciliet
3116 3906 3456 3973 pceuitcntcs,
3511 3904 3580 3957 ibi

2002 3979 2238 4044 suscepit
2269 3977 2477 4044 plebem
2530 3990 2678 4028 suam
2735 3976 2786 4028 in
2833 3977 3215 4036 exsultatione,
3273 3985 3327 4029 et
3378 3976 3582 4028 electos

2003 4060 2131 4100 suos
2166 4048 2217 4099 in
2248 4047 2450 4099 laetitia.
2499 4046 2596 4099 llic
2635 4046 2961 4115 ptenitentes
3009 4048 3256 4107 exaudit,
3293 4055 3346 4100 et
3391 4046 3482 4098 dat
3526 4045 3582 4099 in

2015 4115 2438 4171 misericordiam
2471 4116 2522 4169 in
2554 4125 2840 4184 conspectu
2872 4115 3133 4183 omnium,
3164 4117 3253 4185 qui
3279 4131 3373 4170 eos
3404 4128 3585 4183 caepe-

2006 4196 2150 4239 rnnt.
2200 4186 2257 4240 In
2310 4186 2468 4239 tertio
2507 4201 2636 4239 usus
2683 4194 2868 4240 noster
2905 4188 3248 4254 quotidianus
3298 4188 3575 4250 retexitur,

2006 4266 2062 4310 et
2108 4257 2331 4327 haeresis
2367 4257 2661 4327 Novatiana
2701 4256 3003 4310 damnatur.
3039 4257 3165 4310 Post
3209 4256 3450 4327 Hebraici
3483 4270 3584 4323 po.

2011 4327 2119 4394 puli
2152 4326 2575 4391 coofessionem,
2608 4326 2676 4380 de
2703 4342 2809 4395 quo
2852 4328 3220 4396 pra‘cedentes
3263 4326 3451 4392 psalmi
3499 4327 3584 4379 lo-

2011 4397 2117 4450 cuti
2149 4406 2294 4459 sunt,
2325 4398 2590 4465 Propheta
2623 4398 2770 4451 venit
2793 4399 2857 4450 ad
2892 4400 3143 4465 populum
3195 4396 3582 4456 Christianum,

2009 4469 2097 4535 qui
2125 4484 2217 4534 per
2245 4467 2414 4535 spatia
2461 4469 2623 4521 totius
2650 4466 2799 4521 orbis
2824 4466 3263 4534 superstitionum
3293 4466 3581 4519 solitudine

2007 4539 2351 4605 vagabundus
2391 4538 2629 4591 errabat.
2663 4536 2718 4589 In
2753 4535 2920 4604 prima
2950 4538 3191 4589 sectione
3235 4547 3586 4588 comtnonens

2007 4623 2127 4661 eum
2162 4606 2347 4660 laudes
2376 4606 2584 4660 Domini
2608 4608 2875 4669 confiteri,
2904 4605 3055 4674 Cujus
3087 4607 3346 4671 sanguine
3374 4606 3586 4657 redem-

2008 4687 2124 4745 ptas
2156 4676 2424 4730 Ecclesias
2469 4677 2700 4746 accepit,
2743 4675 2831 4744 qui
2863 4690 2958 4743 per
2983 4689 3101 4727 aras
3128 4677 3451 4737 daemonum,
3502 4674 3587 4726 lll-

2007 4762 2206 4816 cosque
2250 4747 2415 4800 stulto
2470 4745 2780 4815 rapiebatur
2830 4759 3036 4816 errore.
3088 4745 3332 4798 Secunda
3382 4746 3581 4811 gratias

2005 4815 2138 4870 dicit
2163 4817 2387 4870 Domino
2433 4818 2779 4885 peragendas,
2809 4815 2899 4885 qui
2928 4816 3203 4884 gentilium
3254 4817 3459 4867 animas
3487 4828 3574 4866 ve-

2007 4887 2182 4940 ritatis
2213 4886 2405 4954 pabulo
2428 4887 2643 4955 jejunus
2684 4886 2961 4954 religionis
3005 4901 3114 4937 suae
3146 4886 3583 4955 ubertatesatia-

2010 4962 2103 5019 vit,
2130 4966 2184 5009 et
2204 4971 2387 5009 eorum
2417 4957 2630 5009 vincula
2661 4965 3007 5025 peCcatorum
3041 4954 3454 5021 inexsuperabili
3482 4956 3587 5006 vir-

2009 5037 2121 5080 tute
2150 5027 2397 5093 disrupit.
2423 5027 2602 5079 Tertia
2640 5026 2777 5081 Patri
2810 5025 3011 5096 gratias
3046 5027 3290 5093 praecipit
3330 5040 3451 5079 esse
3499 5039 3584 5076 re-

2012 5099 2300 5161 lerendas,
2360 5100 2481 5164 quia
2530 5097 2774 5150 Christus
2821 5096 3111 5149 adveniens
3165 5097 3359 5148 diaboli
3406 5106 3585 5157 portas

2009 5180 2290 5234 vectesque
2342 5166 2627 5232 confregit.
2705 5168 2904 5231 Quarta
2976 5166 3204 5219 Domino
3261 5166 3583 5218 saerilicxum

2010 5237 2182 5290 laudis
2246 5251 2274 5288 a
2317 5236 2684 5290 sacerdotibus
2731 5247 3039 5290 commouet
3090 5238 3443 5297 offerendum,
3495 5234 3585 5302 qui

2008 5309 2149 5361 inter
2180 5308 2357 5360 saaculi
2394 5310 2587 5360 fluctus
2622 5309 2979 5359 Ecclesiarum
3024 5307 3404 5373 gubernatione
3453 5320 3588 5372 prac-

2010 5380 2208 5441 sident,
2260 5378 2573 5430 describens
2603 5382 3048 5445 quemadmodum
3096 5388 3147 5429 et
3195 5378 3429 5441 ipsorum
3472 5387 3587 5426 ten-

2012 5447 2302 5501 tatiouibus
2352 5448 2488 5500 Deus
2534 5448 2818 5501 subvenire
2846 5450 3117 5515 dignetur.
3150 5446 3339 5511 Quinta
3387 5445 3582 5497 iterum

2010 5519 2140 5571 dicit
2190 5534 2218 5569 a
2267 5517 2640 5571 sacerdotibus
2689 5527 2746 5570 et
2793 5517 3095 5570 senioribus
3141 5515 3424 5568 Dominum
3465 5530 3588 5568 esse

2011 5589 2354 5653 laudandum,
2384 5589 2473 5655 qui
2503 5587 2838 5653 squalentem
2882 5589 3136 5639 mundum
3185 5587 3430 5639 ariditate
3463 5600 3586 5650 pec—

2011 5660 2115 5713 cati
2150 5660 2198 5711 in
2226 5661 2648 5711 arumnissimatn
2700 5658 3087 5725 jucunditatem
3118 5658 3322 5711 emlcsti
3362 5669 3579 5709 munere

2013 5734 2390 5785 commutavit.
2433 5730 2585 5795 Quod
2616 5729 2851 5784 videntes
2897 5732 3022 5783 recti
3051 5736 3215 5784 corde
3255 5727 3580 5796 gaudebant,
