4026 6200
474 294 611 353 1035

933 298 1129 352 ΒΕΒᾹΞ
1175 298 1618 357 VENEliABILlS
1655 300 1812 354 (ΜΨ.
1855 299 2031 355 PARS

2174 297 2362 356 SECT.
2400 299 2462 354 ll.
2503 328 2574 339 —
2613 297 2812 354 DUBIA
2848 296 2937 351 ET
2978 297 3243 356 SPURIA.

3578 301 3720 356 IDEM

472 428 592 479 qua!
622 421 797 475 partes
823 427 845 461 ιι
873 412 1131 467 similibus
1158 412 1564 481 versibus,quos
1584 413 1930 468 intercalares
1948 426 2036 468 vo-
2067 415 2111 472 Α
2142 413 2314 477 randi,
2346 411 2751 466 difficultatibus
2795 421 3033 465 veterum
3073 412 3519 466 consuetudinum
3552 429 3718 481 snpe-

473 492 621 539 Cant.
656 481 932 548 incipiunt.

1048 565 1473 606 COMMENTARIUS.

545 621 864 683 Confitemini
910 619 1146 685 Domino,
1173 622 1414 689 quoniam
1461 620 1637 673 bonus.
1670 621 1908 675 Psalmus
1938 621 2038 676 iste

474 689 811 744 commendat
842 691 1209 744 miserationes
1245 692 1334 743 Dei
1383 705 1525 744 saepe
1554 692 1799 757 probatas
1846 693 1896 743 in
1936 706 2036 745 no-

478 760 575 820 bis,
624 760 850 825 ideoque
901 761 1070 813 dulcis
1116 770 1199 813 est
1252 759 1504 826 expertis.
1554 761 1812 814 Cantatur
1859 772 2035 815 autem

476 828 756 898 manifeste
800 832 869 883 de
911 832 1072 884 unive
1103 844 1158 881 sa
1210 830 1468 891 Ecclesia,
1528 831 1721 898 ubique
1777 841 2035 885 terrarum

474 897 660 950 dill'usa
689 916 700 950 :
728 899 826 952 hoc
862 910 942 952 est
989 900 1056 953 de
1086 900 1293 952 duolms
1346 897 1646 966 parietibus
1684 900 1734 952 in
1789 917 1895 953 tino
1943 917 2040 953 an-

474 968 644 1037 gu'lari
693 969 869 1037 lapide
915 967 1376 1027 convenientibus,
1417 976 1472 1039 et
1524 970 1647 1021 alibi
1700 969 1838 1022 Abba
1891 979 2038 1039 pater

475 1038 849 1103 clamantibus,
882 1040 1020 1092 unde
1070 1039 1149 1091 bis
1181 1039 1401 1092 Alleluia
1444 1037 1762 1091 intitulatnr.
1806 1040 1867 1092 Et
1893 1037 2033 1108 'qnia

478 1107 849 1160 miserationes
905 1108 993 1161 Dei
1034 1108 1394 1170 commendat,
1428 1108 1702 1161 videamus
1753 1124 1879 1176 ergo
1909 1107 2033 1178 quid

477 1178 902 1239 admoneamur,
968 1179 1110 1232 unde
1173 1178 1601 1240 apgratnlemur,
1656 1178 1793 1231 unde
1853 1193 2035 1245 gema—

479 1261 616 1305 tnns,
653 1248 790 1300 unde
829 1246 1077 1300 auxilium
1129 1251 1476 1311 postulemus,
1523 1248 1660 1299 unde
1698 1249 2030 1311 deserantur,

480 1317 620 1367 unde
648 1317 799 1371 nobis
837 1317 1195 1378 subveniatur,
1228 1317 1366 1382 quod
1411 1332 1503 1383 per
1535 1332 1629 1385 nos
1656 1317 1841 1370 simus.
1876 1316 2035 1383 Qiasi

478 1385 653 1438 dicat:
699 1386 798 1440 l’er
835 1386 947 1452 eius
978 1388 1388 1440 misericordiam
1432 1386 1621 1449 simus,
1653 1386 1918 1453 quomodo
1944 1403 2035 1439 su-

484 1457 662 1521 pcrbia
693 1465 869 1510 nostra
900 1465 1221 1519 conteratur,
1249 1456 1473 1521 qualiter
1499 1459 1663 1520 gratia
1694 1456 1806 1524 ejus
1834 1456 2036 1523 gloriﬁ-

475 1533 648 1588 ci'tur,
678 1538 731 1576 ιιι
760 1526 1041 1593 unicuique
1088 1536 1331 1580 occurrat
1380 1528 1431 1578 in
1479 1539 1557 1587 se,
1604 1527 1740 1591 quod
1800 1526 2037 1579 Psalmus

477 1597 853 1649 commendat:
887 1606 939 1649 et
984 1599 1186 1661 etperti
1235 1598 1551 1662 approbent,
1602 1595 1861 1662 inexperti
1912 1611 2036 1648 vero

477 1664 801 1717 desiderent.
826 1666 880 1718 Et
910 1666 1161 1732 iucipitita
1182 1684 1194 1719 :
1213 1666 1311 1727 Qui
1341 1666 1584 1733 redempti
1605 1675 1721 1718 siml
1743 1683 1771 1716 a
1798 1664 2035 1729 Domino,

481 1749 585 1804 non
618 1736 871 1801 redempti
902 1736 968 1788 de
1002 1752 1157 1788 manu
1210 1735 1534 1804 Egyptians:
1583 1734 1876 1796 servitutis,
1930 1750 2034 1786 non

475 1802 543 1856 de
588 1805 862 1858 inutilibus
915 1805 1181 1859 laboribus
1208 1818 1261 1858 et
1293 1802 1444 1858 luteis
1473 1804 1737 1870 operibus,
1797 1819 1900 1858 non
1952 1819 2037 1857 re-

475 1871 676 1944 dempti
710 1874 776 1925 ab
805 1875 890 1926 illa
924 1885 1067 1927 arcta
1100 1874 1353 1944 [Egvptm
1401 1876 1521 1944 quia
1549 1888 1735 1927 omnes
1761 1872 1913 1926 simul
1960 1889 2040 1927 re-

479 1942 676 2007 dempti
704 1955 846 2000 sunt,
876 1955 929 1997 et
957 1946 1140 1995 borum
1182 1942 1369 1996 hostes
1395 1943 1552 1996 simul
1601 1944 1869 2007 perierunt
1898 1959 1915 1997 :
1946 1943 2037 1997 sed

478 2011 732 2083 redempti
756 2014 821 2065 de
870 2013 971 2065 lata
1017 2014 1244 2083 [Egyptu
1272 2013 1426 2078 hujus
1458 2012 1661 2079 mundi,
1695 2014 1929 2079 quotidie
1961 2029 2041 2065 re-

479 2080 748 2133 diincntur
771 2092 822 2136 et
851 2082 900 2135 in
932 2080 1183 2136 multis'et
1205 2085 1255 2137 in
1281 2085 1519 2145 singulis,
1543 2092 1597 2134 et
1616 2097 1836 2150 quormn
1864 2084 2041 2137 hostes

478 2151 711 2216 quotidie
742 2154 1150 2219 Submerguntnr
1179 2155 1229 2205 in
1256 2154 1405 2214 mari,
1438 2169 1560 2219 quos
1602 2152 1825 2206 sicilicet
1868 2154 2040 2205 Duriti-

481 2234 580 2270 nus
609 2237 710 2273 non
761 2222 968 2275 redemit
1012 2224 1076 2275 de
1111 2239 1266 2276 manu
1320 2222 1625 2285 Pharaonis,
1659 2222 1748 2274 sed
1791 2223 1852 2274 de
1893 2239 2042 2274 manu

482 2288 650 2343 boetis
677 2292 913 2358 antiqui;
946 2300 999 2346 et
1028 2294 1096 2345 ita
1119 2309 1213 2346 eos
1241 2293 1483 2353 redemit,
1514 2293 1653 2358 quod
1701 2309 1802 2342 nou
1837 2303 2038 2344 taiitiun

479 2357 544 2431 de
573 2375 678 2431 uno
709 2357 845 2421 loco,
876 2363 969 2417 sed
997 2363 1059 2417 de
1080 2362 1319 2430 pluribus
1348 2357 1636 2431 regionibus
1661 2378 1742 2414 eos
1765 2378 2041 2430 congrega-

478 2426 568 2513 ρει.
599 2428 665 2482 Et
696 2446 820 2513 vere
844 2432 910 2513 d_e
940 2426 1263 2513 regionibus,
1284 2426 1466 2512 quia'a
1486 2432 1610 2513 solis
1638 2441 1749 2483 ortu
1768 2444 1813 2484 et
1836 2426 2039 2513 οὶςιιὶη.

480 2495 537 2570 ln
561 2512 681 2570 ortu
710 2501 836 2554 solis
859 2495 1027 2556 Judaei
1052 2510 1226 2569 erant,
1251 2495 1339 2570 qui
1374 2517 1464 2566 per
1486 2502 1652 2569 legem
1680 2513 1731 2555 et
1759 2502 2042 2569 prephctas

485 2567 608 2621 inde
635 2570 760 2623 solis
791 2573 963 2624 lumen
992 2567 1327 2639 susceperant
1355 2588 1366 2623 :
1394 2567 1590 2624 Gentes
1622 2585 1751 2623 vero
1778 2572 1829 2622 in
1853 2567 2043 2625 occasu

484 2646 657 2699 erant,
684 2655 799 2704 qua!
831 2642 1121 2707 postposito
1147 2642 1396 2694 (Ireatore
1412 2649 1706 2694 creaturam
1729 2640 2041 2706 adorabant,

483 2715 538 2778 et
565 2708 779 2778 esponit
806 2724 1052 2763 occasum
1079 2711 1278 2767 dicens.
1303 2709 1377 2762 Ab
1408 2710 1653 2778 Aquilone
1681 2719 1728 2762 et
1760 2711 1907 2761 mari.
1944 2710 2044 2764 Per

485 2776 803 2844 Aquilonem
834 2779 1091 2849 intellige,
1120 2782 1257 2849 quod
1290 2776 1519 2833 charitas
1550 2779 1601 2833 in
1635 2780 1712 2832 eis
1742 2780 2042 2846 refrixerat,

487 2860 582 2919 per
606 2863 758 2919 mare
790 2864 935 2919 vero,
972 2852 1111 2919 quod
1146 2851 1303 2905 etiam
1335 2849 1629 2903 amaritudo
1661 2849 2044 2914 persecutionis

487 2915 538 2987 in
568 2918 646 2969 eis
674 2927 805 2970 erat.
833 2915 1011 2982 Tales,
1046 2921 1281 2987 inquam.
1325 2920 1581 2985 redempti
1613 2921 1787 2971 dicant
1816 2922 1951 2972 alter
1978 2920 2042 2973 ad

483 2985 744 3039 alterum:
784 2988 837 3040 Si
859 2985 1129 3057 gustaSIis,
1162 2990 1471 3059 conﬁtemini
1513 2987 1728 3059 Domino
1756 3004 1774 3041 :
1819 2990 1861 3059 si
1903 2989 2045 3043 enim

487 3070 590 3128 non
610 3060 880 3121 gusnistis,
909 3058 1148 3128 confi;eri
1170 3058 1272 3112 non
1295 3060 1534 3128 potestis.
1566 3058 1619 3128 Si
1643 3058 1894 3125 gustastis
1922 3060 2040 3112 avi-

485 3123 936 3185 ditate,_ernetate
961 3123 1319 3182 coiifessione'.
1355 3128 1418 3181 Et
1462 3123 1878 3180 meritoﬁdebetis
1909 3141 2041 3180 con-

488 3192 622 3266 fiteri
658 3194 902 3263 Domino,
939 3197 1185 3266 quoniam
1216 3199 1465 3251 omnibus
1488 3197 1645 3265 dzgne
1673 3212 1730 3250 se
1774 3198 2042 3264 gustanti-

488 3263 586 3316 bus
613 3274 696 3336 est
745 3267 932 3333 bonus,
957 3263 1013 3321 'ct
1046 3269 1294 3336 quoniam
1341 3263 1703 3322 misericordia
1732 3263 1847 3332 ejus
1875 3276 1956 3320 est
1990 3269 2040 3321 in

488 3335 760 3406 stcruluin,
782 3337 917 3391 sicut
948 3338 999 3391 in
1033 3335 1193 3406 piiori
1226 3338 1430 3404 psalmo
1468 3338 1719 3391 diximus.
1772 3336 1920 3390 Dixit
1958 3339 2045 3404 qui

489 3402 734 3477 redempti
776 3418 911 3471 sunt,
943 3402 1062 3477 quia
1102 3402 1279 3461 autem
1313 3411 1425 3461 haec
1454 3407 1745 3475 redemptio
1777 3422 1880 3460 non
1913 3402 2042 3461 siin-

495 3475 611 3536 bles
641 3487 743 3535 est.
773 3482 866 3531 sed
899 3475 1199 3546 multiplex,
1230 3478 1347 3532 ideo
1376 3478 1607 3544 psalmus
1637 3477 1882 3545 proponit
1907 3493 2044 3544 qua-

492 3550 615 3622 tuor
643 3550 975 3613 tentationes,
997 3557 1222 3622 quatuor
1233 3547 1601 3622 c‘lamationes,
1621 3557 1845 3622 quatuor
1864 3546 2048 3622 libera-

493 3615 1424 3683 tiones,quatuormisericordiarum
1458 3616 1549 3670 Dei
1577 3616 1959 3671 confessiones.
1986 3615 2049 3671 Et

495 3684 994 3757 prim_a_redemptio
1016 3698 1095 3743 est
1124 3689 1457 3757 ignorantiae,
1479 3689 1771 3757 eterroris,
1790 3698 1842 3740 et
1863 3687 2049 3740 inedia:

493 3752 638 3806 verbi
665 3753 777 3809 Dei.
805 3752 951 3811 Sicut
970 3752 1226 3826 ponanius
1245 3760 1475 3826 aliquem
1500 3756 1628 3810 nihil
1650 3755 1772 3810 boni
1805 3771 2048 3823 quaeren-

494 3826 731 3888 tem,sed
756 3837 988 3883 veterem
1022 3831 1182 3883 vitam
1215 3829 1513 3883 seductoria
1549 3826 1834 3880 securitate
1866 3826 2048 3881 viven-

496 3900 625 3971 tem,
652 3894 778 3971 nihil
804 3912 941 3971 esse
954 3908 1369 3971 putantem‘post
1390 3901 1525 3951 hanc
1542 3897 1722 3971 vitam,
1736 3895 2051 3971 quandoque

493 3961 803 4038 finiendam,
821 3961 1057 4023 dediium
1079 3961 1337 4023 illecebris
1358 3978 1409 4024 et
1425 3961 2050 4038 mortiferisgdelectatio-

493 4031 650 4112 nibus
678 4035 833 4105 hujus
854 4040 1031 4112 sacci-li
1059 4057 1071 4093 :
1100 4038 1241 4112 hunc
1265 4041 1423 4112 talem
1446 4037 1613 4112 gratia
1646 4036 1741 4089 Dei
1768 4036 2051 4112 aliquando

494 4108 646 4179 quasi
676 4119 704 4157 a
734 4120 924 4179 somno
953 4109 1176 4162 interius
1215 4110 1393 4179 erigit,
1421 4118 1474 4161 et
1508 4108 1558 4161 in
1594 4121 1782 4179 errore
1804 4119 1863 4179 se
1906 4108 2051 4159 inre-

494 4174 591 4247 "i5
620 4181 673 4247 et
703 4174 922 4247 multum
946 4179 1202 4232 sollicitus
1231 4174 1494 4232 de'salute
1518 4192 1610 4231 sua
1637 4178 1712 4228 tit.
1747 4175 1811 4229 Et
1836 4174 1947 4229 [me
1972 4185 2052 4229 εει

497 4239 766 4297 tribulatio
806 4247 997 4314 prima,
1028 4247 1265 4302 tentatio.
1300 4249 1501 4301 Deinde
1537 4258 1712 4299 autem
1753 4260 1911 4313 quam
1956 4260 2050 4312 pu-

496 4318 621 4378 test,
657 4315 851 4381 pulsat,
883 4318 1078 4371 clamat
1101 4318 1165 4371 ad
1200 4317 1476 4371 Dominum
1506 4333 1519 4369 :
1548 4324 1604 4370 et
1642 4317 1895 4368 Dominus
1926 4317 2054 4369 litie-

494 4391 575 4433 rat
603 4398 723 4437 eum
752 4385 819 4438 de
849 4387 1083 4441 tenebris
1120 4389 1339 4441 erroris.
1374 4389 1440 4439 Et
1487 4387 1536 4438 in
1588 4386 1669 4439 via
1715 4385 1945 4438 ducente
1988 4386 2052 4437 ad

493 4453 771 4528 civitatem
791 4456 1151 4523 habitationis,
1193 4456 1244 4511 id
1272 4467 1376 4524 est,
1406 4456 1459 4509 in
1499 4454 1623 4520 ﬁde,
1649 4463 1703 4528 et
1729 4456 1809 4528 sui
1853 4458 2051 4528 cogita-A-

496 4524 663 4598 ttene,
693 4525 775 4598 vel
803 4530 1118 4598 cognitione
1149 4542 1270 4582 eum
1320 4528 1486 4594 ponit,
1533 4535 1590 4581 et
1630 4525 1867 4598 doctrina
1901 4524 2047 4577 verbi

494 4588 590 4645 Dei
634 4594 825 4660 reficit,
870 4588 926 4653 ’ἑι
976 4596 1197 4652 Domino
1230 4588 1350 4666 jure
1389 4588 1545 4650 debet
1585 4595 1863 4666 confiteri:
1902 4607 2049 4661 pust-

495 4674 653 4728 quam
678 4673 853 4736 autem
868 4668 976 4735 jam
994 4668 1196 4736 positus
1214 4663 1265 4720 iii
1284 4670 1387 4733 via,
1404 4667 1501 4721 scit
1519 4666 1641 4735 quid
1664 4663 1958 4718 iaciendum
1981 4666 2051 4717 sit

490 4744 546 4782 et
583 4748 651 4802 qu
675 4734 707 4787 il
750 4734 1067 4807 cavendum,
1114 4738 1302 4806 incipit
1338 4734 1581 4807 pugnare
1614 4746 1799 4807 contra
1845 4742 2049 4807 veteres

492 4806 921 4861 coiisuetndines.
955 4808 1061 4862 Sed
1090 4803 1240 4877 quia
1261 4803 1365 4861 non
1406 4803 1631 4877 attendit
1665 4803 2051 4877 undedebeat

490 4886 657 4948 arma
682 4890 914 4940 sumere,
962 4873 1123 4948 queui
1153 4886 1550 4948 cooperatorein
1592 4873 1785 4948 debeat
1829 4874 2042 4927 habere.

493 4941 548 4994 Si
574 4945 714 4996 enim
756 4941 1029 5013 praesumit
1067 4947 1133 5001 de
1175 4941 1271 5013 se;
1298 4947 1474 5001 divino
1520 4946 1718 4998 auxilio
1746 4944 2046 5007 deserente,

491 5013 714 5066 multum
743 5026 916 5080 potest
965 5017 1228 5079 laborare,
1271 5018 1362 5072 sed
1409 5016 1539 5069 nihil
1568 5014 1804 5068 efficere.
1840 5013 1906 5066 Et
1936 5016 2049 5066 haec

491 5091 576 5135 est
619 5086 851 5141 secunda
902 5088 1144 5152 tentatiu,
1176 5103 1293 5156 qua:
1335 5085 1527 5156 dicitur
1577 5083 1862 5156 difficultas
1909 5083 2045 5136 bene

491 5155 769 5219 onerandi.
810 5156 1058 5225 Sequitur
1091 5154 1384 5221 damnatio,
1430 5154 1695 5218 liberatio,
1738 5156 2044 5207 confessio:

491 5228 610 5294 quia
659 5230 943 5282 attendens
991 5229 1081 5281 ille
1129 5229 1473 5281 inefficaciam
1521 5239 1692 5289 suam,
1745 5226 1936 5277 clamat
1980 5225 2046 5294 ad

496 5293 793 5361 Dominum,
825 5309 877 5352 et
910 5299 1164 5352 Dominus
1210 5299 1398 5351 liberat
1424 5311 1544 5350 eum
1575 5310 1590 5348 :
1619 5294 1738 5361 quia
1766 5293 2047 5358 disrumpit

491 5367 703 5421 vincula
724 5368 1053 5422 difficultatis
1076 5378 1130 5422 et
1153 5370 1296 5435 ponit
1324 5381 1446 5421 enin
1479 5367 1531 5417 iu
1556 5368 1865 5435 operatione
1885 5366 2048 5435 atqui-

491 5438 613 5507 tatis
645 5456 657 5492 :
689 5449 741 5492 et
775 5438 901 5492 litci
934 5437 1119 5502 facile,
1154 5433 1298 5507 quod
1326 5444 1442 5490 erat
1481 5436 1528 5488 ei
1577 5433 1811 5507 diliieile,
1844 5443 1896 5486 et
1928 5433 2048 5507 inde

490 5506 714 5561 Domino
741 5508 983 5563 conﬁteri
1009 5503 1192 5563 debet;
1218 5507 1402 5560 l’ossct
1433 5514 1608 5558 autem
1650 5504 1907 5556 Dominus
1931 5503 2048 5556 sine

490 5577 806 5632 ditlicultate
838 5580 939 5633 hoc
969 5582 1123 5632 nobis
1166 5589 1446 5648 praestare,
1470 5574 1642 5648 scit‘si
1688 5588 1792 5626 non
1822 5573 2045 5626 difficul-

492 5655 653 5700 tatem
673 5650 1013 5713 haberemus,
1032 5645 1300 5702 auctorem
1323 5647 1451 5700 tanti
1470 5645 1588 5699 boni
1607 5659 1709 5697 non
1730 5658 2043 5709 agnoscere

488 5730 626 5772 tuus.
660 5720 791 5773 item
818 5733 938 5774 cum
959 5719 1067 5787 iam
1093 5719 1296 5789 positus
1319 5730 1399 5774 cst
1420 5719 1471 5773 in
1490 5715 1735 5770 lacrhtate
1762 5715 1899 5771 bene
1922 5730 2047 5783 ope-

2068 3099 2117 3163 C

2140 485 2285 549 ratis,
2320 498 2421 536 non
2452 498 2514 535 ex
2560 482 2669 535 otio
2704 481 2792 534 illo
2832 481 3193 552 reduciturgad
3225 481 3457 550 aliquam
3491 500 3715 552 pravam

2136 553 2595 615 consuetudinem,
2627 552 2720 605 sed
2756 551 2976 604 incurrit
3007 550 3159 604 tertia
3205 553 3449 613 teutatio,
3486 550 3712 608 imdinm

2137 624 2335 675 scilicet
2362 622 2523 675 divini
2558 621 2724 678 verbi.
2761 621 2811 674 id
2843 629 2943 680 est,
2971 621 3184 673 tazdium
3215 622 3428 680 orandi.
3472 624 3713 689 legendi,

2133 692 2422 758 l"l“"3lltli,
2468 690 2735 756 Vigilandi,
2788 700 2842 743 et
2879 690 3105 742 aliorum
3157 691 3349 758 quibus
3394 691 3459 744 ad
3516 694 3715 747 melius

2140 762 2305 826 possit
2337 761 2587 829 provehi,
2634 770 2687 813 et
2716 759 2791 812 sic
2822 760 3168 826 periclitatur.
3236 760 3342 813 Nec
3383 760 3543 813 faciat
3585 778 3713 816 eum

2137 831 2205 884 de
2250 830 2407 899 priori
2464 831 2718 883 societate
2761 843 3005 883 securum
3030 872 3044 895 ,
3074 830 3167 883 sed
3203 843 3298 895 pro
3328 832 3487 884 taedio
3519 834 3712 886 timeat

2136 916 2257 953 eum
2289 902 2600 953 moriturum
2630 917 2641 948 :
2668 901 2788 966 quia
2812 900 2948 953 sicut
2974 914 3166 962 corpus
3201 900 3411 953 fastidio
3433 905 3709 965 corporali

2137 970 2258 1024 cibo
2308 971 2617 1035 perimitur,
2670 969 2737 1021 ita
2805 970 2978 1021 anima
3023 968 3233 1023 fastidio
3273 971 3533 1037 corporali
3587 972 3713 1026 cibo

2142 1040 2486 1098 periclitatur.
2518 1039 2625 1094 Sed
2672 1052 2853 1091 rursus
2898 1038 3089 1091 clamat
3117 1038 3182 1091 ad
3217 1038 3516 1103 Dominum,
3549 1050 3606 1093 et
3636 1042 3704 1094 li-

2141 1110 2368 1169 lii-ratur,
2427 1118 2481 1161 et
2532 1119 2706 1161 tamen
2775 1108 3013 1177 sequitur
3070 1117 3126 1161 ut
3178 1110 3515 1162 confiteatur.
3565 1110 3710 1164 Ecce

2138 1179 2516 1244 spleniliiic-itis
2583 1178 2817 1231 tenebris
2888 1186 2942 1230 et
2999 1177 3398 1230 difficultatibus
3459 1188 3707 1235 veterum

2137 1249 2579 1301 consuetudinum
2604 1246 2888 1313 superatis,
2910 1254 2963 1300 et
2986 1249 3198 1313 repulso
3217 1248 3379 1300 taedio
3408 1249 3553 1301 verbi
3587 1249 3705 1315 Dei,

2141 1316 2271 1369 tales
2298 1317 2404 1380 jam
2449 1317 2557 1383 apti
2606 1327 2750 1379 sunt,
2804 1318 2893 1385 qui
2941 1317 3007 1370 ad
3058 1316 3293 1381 regimen
3343 1316 3705 1373 Ecclesiarum

2140 1389 2518 1452 proVehantur,
2573 1395 2626 1440 et
2677 1386 3060 1454 provehuntur.
3111 1386 3215 1439 Sed
3281 1393 3482 1454 quanto
3538 1390 3708 1453 magis

2138 1460 2455 1523 cxaltantur,
2490 1465 2633 1510 tanto
2660 1457 2828 1523 magis
2869 1454 3277 1518 periclitantur:
3312 1456 3433 1521 quia
3467 1467 3598 1509 tunc.
3628 1475 3705 1512 in-

2138 1527 2304 1591 surgit
2335 1534 2618 1594 tempestas
2664 1527 2824 1577 maris
2864 1525 3156 1578 Ecclesium
3185 1525 3497 1589 quatientis,
3527 1537 3581 1579 et
3611 1544 3707 1593 gn-

2141 1597 2474 1649 bernatorem
2527 1595 2786 1648 turbantis
2834 1612 2846 1647 :
2897 1604 2950 1647 et
3005 1594 3082 1647 sic
3125 1594 3499 1661 periclitantur
3543 1597 3708 1651 modo

2140 1666 2481 1718 ascendendo
2511 1679 2680 1731 usque
2704 1665 2769 1716 ad
2793 1664 2958 1717 cmlos
2984 1664 3270 1728 Sperando,
3298 1664 3455 1715 modo
3476 1665 3706 1720 descen-

2076 1734 2328 1816 Bdendo-
2372 1750 2540 1816 usque
2587 1734 2653 1814 ad
2699 1731 3339 1816 abyss‘os‘Idesperando.’
3366 1734 3480 1816 .Seil
3528 1745 3703 1789 tamen

2143 1806 2335 1856 clamat
2372 1805 2436 1856 ad
2484 1804 2785 1866 Dominum,
2817 1811 2875 1873 et
2905 1802 3195 1855 liberatur:
3227 1811 3280 1855 et
3328 1802 3451 1856 ideo
3488 1819 3705 1873 quoque

2144 1875 2331 1925 merito
2361 1873 2664 1926 confitetur.
2702 1873 2764 1924 Et
2814 1872 2927 1925 ltiec
2956 1879 3039 1925 est
3084 1882 3269 1941 quarta
3317 1874 3559 1932 tentatio,
3585 1872 3704 1940 qua:

2142 1952 2359 1996 vocatur
2391 1944 2678 2008 periculum
2720 1944 2770 1994 in
2814 1942 3072 2009 regimine
3122 1956 3298 1994 rerum
3352 1942 3701 2007 publicarum.

2141 2011 2309 2067 Nemo
2335 2025 2509 2066 autem
2542 2021 2688 2078 putet
2744 2015 2880 2063 hanc
2923 2010 3272 2063 tentationem
3328 2014 3599 2077 pertinere
3635 2014 3704 2067 ad

2141 2081 2286 2136 solos
2334 2084 2602 2149 przelatos,
2633 2082 2752 2147 quia
2791 2095 2979 2134 omnes
3025 2081 3076 2132 in
3126 2080 3247 2133 navi
3303 2091 3603 2147 portantur,
3650 2091 3707 2136 et

2141 2168 2228 2219 qm
2258 2162 2546 2215 operantur
2576 2159 2629 2203 et
2651 2152 2736 2219 qui
2775 2149 3173 2218 gubernantur:
3203 2157 3259 2202 et
3282 2151 3442 2203 simul
3477 2153 3530 2203 in
3572 2153 3705 2207 mari

2143 2221 2529 2288 periclitantur,
2576 2231 2630 2275 et
2672 2222 2830 2275 simul
2880 2221 2933 2273 iu
2987 2230 3139 2287 portu
3191 2220 3560 2272 silvabuntur.
3598 2221 3705 2277 Has

2139 2302 2366 2359 quatuor
2408 2291 2745 2357 tentationes,
2784 2298 2841 2343 ut
2890 2289 3249 2356 pranliximus,
3283 2290 3535 2358 preponit
3566 2294 3706 2357 psal-

2142 2377 2279 2423 mus,
2310 2372 2362 2414 et
2386 2363 2546 2428 prima
2572 2370 2654 2414 est
2682 2360 2769 2412 ubi
2798 2360 2923 2413 dicit
2955 2378 2967 2411 :
2997 2360 3305 2413 Erraverunt
3329 2362 3379 2412 in
3404 2362 3702 2425 solitudine,

2141 2431 2282 2501 quod
2335 2432 2413 2485 sic
2449 2432 2786 2484 continuatur
2821 2448 2832 2481 :
2870 2429 3237 2501 Necessarium
3272 2429 3367 2481 fuit
3413 2439 3468 2501 ut
3510 2430 3576 2483 de
3616 2446 3696 2483 re-

2140 2499 2388 2567 gionibus
2416 2509 2882 2569 congregarentur,
2914 2499 3350 2569 quiarerraverimt
3375 2499 3521 2569 prius
3539 2501 3591 2550 in
3614 2515 3707 2551 so-

2142 2570 2358 2625 liludinc
2395 2587 2498 2625 non
2531 2571 2583 2623 in
2612 2568 2941 2637 Quacunque,
2966 2568 3060 2622 sed
3101 2570 3152 2619 in
3179 2570 3448 2638 inaquoso.
3496 2568 3703 2621 Solitu-

2143 2638 2321 2693 dinem
2373 2649 2527 2693 voeat
2569 2640 2842 2693 deScrltttn
2897 2639 3206 2706 ignorantiae
3247 2650 3299 2691 et
3330 2638 3565 2702 erroris;
3612 2653 3711 2705 per

2143 2708 2457 2776 inaquosum
2505 2725 2630 2763 vero
2662 2719 2807 2761 notat
2850 2707 3128 2772 incultum,
3181 2708 3385 2762 scilicet
3424 2708 3547 2775 quia
3585 2709 3709 2761 sine

2142 2775 2317 2844 aqua,
2367 2780 2416 2831 id
2493 2788 2617 2841 est,
2686 2778 2800 2831 sine
2863 2775 3148 2831 refectione
3207 2777 3463 2831 doctrinae
3525 2787 3703 2830 erant.

2147 2847 2209 2900 Et
2248 2864 2345 2899 non
2384 2848 2674 2902 invenerunt
2717 2862 2809 2916 per
2856 2862 2914 2899 se
2944 2847 3077 2898 viam
3115 2846 3330 2899 civitatis
3357 2846 3706 2910 habitationis,

2145 2916 2198 2969 id
2242 2929 2322 2971 est
2349 2957 2366 2983 ,
2408 2918 2687 2972 ducentem
2743 2918 2809 2969 ad
2859 2916 3167 2980 civitatem,
3211 2916 3263 2969 in
3316 2930 3417 2983 qua
3462 2930 3585 2970 vere
3620 2925 3708 2968 est

2144 2986 2567 3043 inhabitantium.
2619 2988 2713 3042 Est
2756 2986 2896 3040 enim
2945 2985 3185 3053 quiedam
3234 2985 3424 3039 civitas
3467 2986 3555 3037 ubi
3600 2998 3708 3037 non

2146 3066 2228 3109 est
2280 3057 2642 3121 habitandum,
2689 3056 2782 3111 sed
2830 3070 2947 3124 qua:
3005 3056 3177 3123 potius
3233 3055 3553 3109 destruenda
3594 3064 3701 3114 est,

2145 3128 2345 3181 scilicet
2395 3127 2701 3196 Babylonia.
2749 3128 3069 3179 Erraverunt
3119 3124 3282 3189 dico,
3340 3126 3609 3177 esurientes
3653 3134 3705 3175 et

2144 3195 2363 3249 sitientes
2435 3195 2785 3261 naturaliter,
2843 3196 2967 3262 quia
3032 3198 3205 3247 omnis
3267 3196 3442 3247 anima
3498 3203 3712 3246 natura-

2146 3264 2266 3319 liter
2325 3269 2491 3321 esurit
2540 3269 2759 3321 bonum.
2819 3265 2955 3319 Ecce
2999 3265 3173 3332 gravis
3229 3262 3518 3326 tribulatio,
3567 3262 3711 3332 quod

2145 3349 2262 3388 cum
2314 3346 2494 3391 essent
2541 3337 2592 3390 in
2646 3335 2967 3396 solitudine,
3008 3331 3075 3388 ’et
3125 3335 3261 3386 viam
3302 3348 3403 3402 qua
3460 3332 3525 3385 ad
3568 3331 3712 3385 babi-

2149 3406 2401 3460 tatio:ietii
2450 3406 2709 3474 venirent,
2754 3406 3081 3474 ignorarent,
3138 3404 3357 3469 insuper
3402 3402 3712 3456 esuriebaut

2147 3485 2202 3529 et
2255 3475 2504 3529 sitiebant
2554 3493 2565 3528 :
2615 3485 2669 3530 et
2716 3477 2835 3528 ideo
2888 3474 3058 3525 anima
3117 3489 3291 3525 eorum
3355 3486 3451 3527 ens
3505 3481 3712 3525 tantum

2148 3546 2199 3596 in
2266 3545 2390 3609 ipsis
2444 3546 2656 3614 defecit.
2700 3542 3236 3614 Extendeusgautem
3277 3557 3352 3614 _se
3409 3540 3481 3614 ad
3527 3541 3710 3594 Domi-

2150 3630 2295 3673 num,
2325 3610 2565 3682 profecit,
2611 3616 2712 3669 hoc
2753 3622 2855 3677 est,
2895 3612 3033 3681 quod
3073 3612 3240 3666 dicit:
3268 3611 3332 3663 Et
3370 3610 3713 3682 clementia

2148 3685 2214 3736 ad
2246 3680 2519 3738 Dominum
2547 3680 2659 3737 eum
2692 3680 3069 3746 tribularentur,
3111 3683 3160 3734 id
3192 3691 3294 3745 est,
3333 3696 3452 3734 cum
3479 3680 3589 3747 jam
3630 3688 3715 3732 at-

2152 3754 2430 3808 tendercnt
2459 3755 2803 3809 tribulatione
2853 3750 3311 3821 peregrinationis,
3352 3766 3513 3821 quam
3553 3762 3716 3802 nemo

2150 3825 2374 3878 attendit
2400 3825 2505 3879 nisi
2533 3825 2619 3878 cui
2653 3826 2821 3891 patria
2855 3820 2951 3877 est
2978 3821 3167 3876 dulcis.
3194 3820 3263 3874 Et
3292 3822 3413 3888 quia
3442 3820 3713 3873 clamave-

2153 3905 2293 3957 rnnt,
2326 3892 2446 3950 ideo
2477 3890 2735 3948 Dominus
2775 3893 2959 3963 eripuit
2990 3908 3073 3963 eos
3118 3893 3179 3944 de
3212 3890 3716 3963 necessitatibus}?

2151 3978 2290 4027 rum,
2325 3963 2376 4016 id
2415 3973 2520 4028 est,
2549 3964 2616 4019 de
2645 3958 2877 4018 tenebris
2902 3962 3128 4025 erroris,
3170 3971 3225 4016 et
3253 3958 3393 4013 fame
3418 3959 3563 4012 verbi
3601 3958 3715 4011 Dei.

2157 4037 2220 4087 tut
2252 4036 2353 4086 hoc
2382 4035 2562 4106 taliter
2593 4032 2736 4098 fecit,
2772 4032 2955 4106 eduxit
2983 4032 3186 4085 scilicet
3214 4046 3306 4106 eos
3331 4029 3400 4083 de
3422 4029 3713 4106 necessita-

2155 4105 2314 4167 tibus,
2344 4104 2636 4170 perducens
2657 4120 2739 4157 eos
2767 4103 2818 4156 in
2839 4106 2968 4156 viam
2996 4112 3203 4165 rectam,
3236 4100 3285 4154 id
3308 4109 3414 4170 est,
3446 4099 3499 4150 in
3526 4099 3709 4170 cognio

2156 4168 2356 4227 tionem
2383 4188 2559 4235 suam,
2594 4184 2649 4227 et
2681 4174 2836 4227 fidem
2875 4172 3215 4232 catholicam,
3246 4172 3311 4222 ad
3344 4168 3447 4221 hoc.
3488 4180 3543 4219 ut
3583 4168 3713 4218 irent

2154 4246 2206 4296 in
2238 4244 2486 4315 civitatem
2509 4244 2857 4315 habitationis.
2891 4242 3040 4296 Unde
3059 4243 3401 4315 confiteantur
3426 4238 3583 4315 digne
3619 4236 3717 4315 Dg-

2158 4315 2293 4365 mine
2331 4314 2691 4367 misericordia:
2728 4314 2877 4377 eius,
2925 4327 3029 4364 non
3079 4304 3403 4377 mendicitati
3449 4304 3716 4377 ejus._gl'.'t

2159 4384 2414 4435 mirabilia
2442 4385 2552 4453 ejus
2599 4374 2831 4453 exhibita
2860 4374 2979 4448 ﬁliis
3000 4379 3306 4453 _ltominun_t,
3360 4376 3413 4453 id
3458 4374 3567 4453 est,
3593 4374 3719 4429 filiis

2086 4450 2134 4507 D
2163 4453 2441 4505 vetustatis
2461 4446 2484 4517 ξ
2513 4453 2613 4505 hoc
2632 4462 2714 4507 est
2738 4469 2753 4505 :
2777 4446 2867 4505 llli’
2883 4450 3218 4517 conﬁteantur
3239 4446 3460 4501 Domino
3481 4446 3570 4515 qui
3595 4460 3716 4499 cum

2159 4532 2339 4574 essent
2369 4521 2564 4576 mortui
2596 4525 2657 4594 in_
2683 4530 2969 4585 vetustate,
3003 4520 3251 4594 vivificati
3277 4526 3403 4594 sunt
3430 4517 3509 4594 al_)_
3523 4531 3587 4569 eo
3619 4530 3713 4594 per

2152 4596 2460 4665 novitatem.
2509 4592 2662 4657 Quod
2719 4606 2964 4659 riiagnum
3019 4599 3103 4643 est
3150 4588 3419 4643 mirabile.
3470 4586 3719 4665 Etuquia

2152 4663 2297 4729 prius
2332 4677 2441 4733 non
2471 4655 2751 4733 posuerat,
2783 4655 3002 4715 alteram
3032 4669 3235 4733 partem
3285 4665 3491 4733 talltum
3525 4655 3720 4733 libera-

2155 4726 2315 4785 ii0nis
2344 4726 2528 4786 addii:
2563 4732 2684 4786 Ideo
2706 4732 2825 4784 dico
2848 4739 2905 4784 ut
2937 4732 3291 4784 confiteantur
3324 4726 3573 4784 Domino.
3600 4727 3724 4793 quia

2150 4804 2350 4854 satiavit
2377 4805 2601 4855 animant
2626 4803 2844 4865 inanem,
2878 4809 3131 4867 quantum
3156 4799 3224 4850 ad
3263 4797 3407 4852 sitim
3430 4813 3449 4861 ;
3475 4805 3523 4847 et
3552 4796 3717 4867 satia-

2149 4871 2214 4921 vit
2244 4871 2466 4923 animum
2518 4873 2816 4925 esurientem
2862 4866 3003 4924 bonis
3054 4869 3291 4931 aeternis,
3325 4868 3426 4920 hoc
3470 4874 3575 4927 est,
3607 4866 3721 4918 ine—

2148 4938 2291 4991 diam
2322 4942 2463 4993 verbi
2501 4943 2589 4995 Dei
2634 4941 2701 4993 ab
2729 4942 2807 4994 eis
2837 4939 3092 4994 exclusit.
3136 4939 3202 4991 Et
3232 4936 3408 5007 (quasi
3430 4935 3601 5007 dicat)
3628 4949 3719 4987 ue-

2148 5025 2298 5062 cesse
2326 5023 2441 5063 erat
2468 5021 2524 5063 ut
2552 5013 2904 5065 educerentur
2935 5019 2987 5063 et
3032 5006 3377 5075 satiarentur,
3408 5006 3532 5073 quia
3562 5014 3717 5075 erant

2148 5082 2378 5132 sedentes
2405 5084 2456 5133 in
2501 5080 2714 5133 tenebris
2743 5092 2836 5133 :et
2882 5096 2983 5131 non
3028 5079 3081 5132 in
3110 5073 3589 5146 quahbusCunque,
3625 5073 3721 5129 sed

2147 5150 2199 5202 in
2244 5149 2421 5202 umbra
2462 5154 2658 5215 mortis,
2705 5151 2754 5204 id
2804 5161 2905 5213 est,
2951 5150 3004 5202 in
3052 5151 3245 5201 talibus
3293 5147 3551 5215 tenebris,
3602 5159 3722 5214 qua:

2147 5221 2529 5274 obuiubrarent
2566 5214 2659 5274 eos
2708 5221 2771 5272 ad
2827 5230 3091 5281 mortem;
3132 5229 3188 5272 et
3240 5226 3398 5272 erant
3453 5214 3618 5268 vincti
3673 5217 3725 5266 iis

2147 5291 2466 5344 mendicitate
2486 5299 2531 5342 et
2548 5291 2704 5360 ferro,
2724 5290 2775 5343 id
2794 5299 2892 5354 est,
2913 5291 3109 5343 indura
3136 5288 3501 5360 mendicitate.
3533 5285 3722 5360 Gravis

2146 5374 2287 5413 enim
2327 5355 2634 5415 mendicitas
2673 5370 2753 5413 est
2794 5361 2848 5412 in
2882 5360 3164 5413 solitudine
3210 5358 3418 5413 esurire
3458 5366 3512 5409 et
3550 5355 3722 5409 sitire.

2222 5431 2356 5496 Quia
2410 5433 2850 5484 exacerbaverant.
2909 5432 3025 5484 Non
3071 5434 3222 5495 culpa
3275 5425 3511 5481 aucturis
3566 5433 3724 5491 erat,

2147 5504 2285 5566 quod
2314 5501 2364 5552 iu
2400 5503 2631 5555 tenebris
2654 5510 2706 5553 et
2748 5501 3089 5554 mendicitate
3122 5509 3295 5562 erant,
3345 5498 3440 5551 sed
3483 5508 3714 5566 eorum:

2147 5563 2267 5637 quia
2298 5570 2395 5636 ipsi
2428 5570 2869 5634 exacerbaverant,
2900 5571 2950 5625 id
2982 5579 3084 5636 est,
3115 5571 3304 5623 acerba
3331 5576 3385 5621 et
3410 5566 3617 5635 hispida
3639 5563 3719 5619 fe-

2147 5650 2334 5692 cerunt
2375 5642 2474 5694 sibi
2505 5643 2701 5707 eloquia
2734 5641 2846 5702 Dei,
2883 5651 3008 5694 tunc
3050 5641 3251 5693 scilicet
3282 5638 3493 5707 quando
3524 5637 3721 5689 dictum

2147 5720 2227 5764 est
2250 5710 2351 5764 illis
2379 5725 2390 5764 :
2421 5712 2493 5765 De
2521 5712 2655 5767 omni
2690 5714 2827 5782 ligno
2856 5712 3086 5783 paradisi
3114 5714 3337 5780 comede,
3372 5713 3434 5763 de
3463 5707 3606 5777 ligno
3628 5721 3725 5760 au-
