4026 6200
315 352 338 406 Ι
354 350 457 407 023

1020 345 1085 400 1N
1125 344 1542 401 PSALMORUM
1585 347 1836 402 LIBRUM
1881 347 2242 404 EXEGESIS.
2281 379 2334 389 —
2392 346 2633 404 PSALM.
2674 345 2808 402 ενι.

3401 352 3560 409 1026

309 484 411 529 teni
440 469 659 524 scientia!
688 467 804 519 boni
839 475 886 519 et
912 465 1033 517 ntali
1062 481 1123 535 ne
1151 465 1406 518 comedas.
1451 464 1514 517 Et
1544 466 1595 518 in
1629 465 1727 518 huc
1770 466 1884 517 irri-
1915 471 1962 527 Α
2064 466 2207 521 Dixit
2232 478 2278 519 et
2305 468 2461 521 stetit.
2499 468 2633 520 Vere
2664 485 2818 535 opera
2846 466 3048 521 Domini
3068 478 3115 523 et
3142 469 3397 521 mirabilia
3420 471 3560 522 vitle-

309 548 567 604 laverunt,
602 539 653 590 id
685 546 788 600 est,
822 535 1029 590 irritum
1055 534 1292 587 fecerunt
1317 536 1585 587 consilium
1614 536 1883 588 Altissimi.

314 614 448 681 Ejus
475 610 614 663 enim
645 606 922 681 consilium
952 615 1075 681 erat
1094 616 1169 681 ut.
1189 620 1282 671 per
1310 606 1691 681 obedientiam,
1724 614 1883 681 atque

313 672 641 751 praeceptum
671 676 736 751 ad
769 672 984 751 aliquod
1019 672 1239 751 dignius
1268 688 1362 751 eos
1405 678 1755 751 provehor-et;
1791 673 1887 751 ipsi

315 743 446 806 vero
486 743 906 814 praivarieaudo,
937 754 990 798 et
1019 744 1376 798 inobetliendo
1406 743 1534 797 illud
1572 745 1778 797 irritum
1811 745 1888 797 l'e-

312 828 525 878 certinl.

390 889 457 941 Et
496 885 820 939 httntiliatum
853 892 943 936 est.
988 882 1082 935 llic
1113 883 1398 936 secundum
1430 883 1774 936 ten‘ationem
1809 885 1886 936 in-

312 961 465 1024 cipit.
499 955 658 1021 Quasi
702 957 839 1024 dicat
875 954 1177 1024 :_Dtuiiitius
1204 953 1391 1024 eduxit
1437 966 1529 1004 evs
1556 953 1620 1004 de
1656 954 1888 1024 tenebris

312 1022 538 1089 erroris,
570 1034 624 1078 et
673 1022 850 1091 posuit
902 1022 953 1073 in
991 1024 1070 1071 via
1107 1022 1369 1084 veritatis,
1425 1030 1482 1073 ιιι
1526 1025 1728 1075 scirent
1763 1023 1887 1090 quid

313 1108 461 1153 esset
492 1095 821 1155 iaciendum,
853 1102 905 1145 ct
936 1093 1058 1157 qnid
1108 1092 1435 1148 cavendum;
1466 1091 1565 1154 ipsi
1594 1103 1771 1145 autem
1821 1096 1889 1145 de

316 1182 379 1223 se
406 1171 881 1235 praisumpserunt,
906 1172 960 1216 et
999 1160 1116 1212 ideo
1139 1176 1258 1213 cum
1283 1177 1362 1235 ex_
1382 1161 1583 1235 viribus
1605 1163 1715 1235 suis
1740 1174 1886 1215 vete-

319 1230 421 1292 res.
462 1230 880 1290 consuetudines
931 1244 1237 1297 nppiignare
1284 1230 1518 1293 vellent,
1563 1231 1887 1285 humiliatunt

316 1315 390 1362 est
430 1320 519 1358 cor
561 1320 735 1355 eorum
785 1303 836 1354 in
868 1300 1143 1363 laboribus,
1195 1300 1313 1367 quia
1346 1300 1567 1353 multmn
1611 1302 1886 1356 laborave-

315 1386 476 1441 runt;
499 1383 552 1426 ct
580 1373 829 1437 inﬁrmati
868 1379 1003 1434 sunt,
1034 1370 1084 1421 id
1110 1378 1189 1422 est
1212 1369 1511 1423 inefﬁcaces
1536 1371 1586 1422 in
1618 1370 1889 1425 laboribus

314 1446 430 1501 sitis
478 1444 833 1503 exstiterunt;
866 1442 983 1509 quia
1037 1455 1138 1491 non
1189 1440 1283 1505 fuit
1328 1443 1415 1509 qui
1462 1444 1731 1510 adjuvaret
1769 1456 1885 1507 eos,

317 1515 554 1584 quandiu
583 1515 648 1565 de
689 1526 749 1565 se
782 1520 1249 1584 prasiimpserunt.

391 1583 456 1637 Et
484 1585 826 1637 clamat'ez'unt
851 1581 917 1632 ad
946 1578 1216 1631 Dontinunt
1246 1594 1359 1631 cum
1401 1578 1789 1633 tribularcntur.
1826 1581 1891 1636 Et

329 1657 481 1722 ponit
536 1654 693 1706 simul
744 1648 1466 1722 utramqueliberationem,
1517 1654 1637 1722 quia
1695 1655 1887 1719 repetit

321 1719 552 1791 priorem
598 1722 783 1775 dicens
827 1738 838 1773 ε
876 1719 939 1791 βε
980 1719 1155 1791 eduxit
1206 1734 1289 1791 eos
1318 1719 1383 1791 de
1438 1720 1649 1772 tenebris
1698 1723 1891 1774 umbra:

321 1787 523 1871 inertis,
554 1801 608 1871 ut
640 1806 804 1870 prius.
851 1787 928 1871 .Et
979 1790 1159 1871 plodo“
1184 1789 1401 1871 disrupit
1446 1791 1663 1870 vincula
1690 1807 1885 1870 eorum,
1925 1813 1966 1871 Β

322 1863 529 1916 scilicet
559 1858 788 1929 dis’riipit
814 1858 1025 1911 vincula
1056 1858 1403 1929 dit‘licultatis,
1435 1868 1489 1911 et
1520 1861 1802 1923 posuiteos
1836 1864 1885 1914 in

324 1944 635 1994 operatione
659 1927 943 1996 requitatis,
975 1940 1029 1979 ut
1053 1942 1208 1994 supra
1234 1927 1434 1980 dictum
1462 1938 1557 1979 est.
1589 1928 1739 1983 Unde
1769 1946 1893 1982 con-

322 2004 565 2069 ﬁteantur
598 2001 812 2052 Domino
853 1998 1212 2069 niistricorditc
1238 1998 1370 2069 ejus,
1402 2008 1446 2050 et
1495 2000 1749 2051 mirabilia
1779 2001 1891 2068 ejus

322 2066 447 2135 ﬁliis
476 2071 757 2134 hominum,
786 2080 839 2120 ut
880 2068 1046 2135 prius.
1081 2068 1144 2120 Et
1166 2066 1364 2120 debent
1398 2070 1444 2121 ei
1478 2070 1743 2132 ciuiliteri,
1772 2066 1892 2137 quia

322 2155 446 2192 cum
473 2140 573 2207 ipsi
606 2142 673 2192 ita
706 2138 1094 2207 detinereutur,
1130 2151 1210 2207 ne
1236 2149 1453 2204 possent
1481 2137 1629 2192 esire
1660 2139 1725 2191 ad
1757 2140 1893 2194 bene

320 2205 678 2276 cperaiiduui,
706 2208 845 2261 sicut
889 2206 1014 2260 alibi
1045 2205 1212 2259 clausi
1244 2209 1411 2276 portis
1440 2211 1601 2262 aereis
1641 2220 1694 2261 et
1724 2211 1891 2263 vecti-

320 2275 421 2332 bus
456 2279 662 2341 ferreis,
689 2293 753 2330 ne
774 2286 967 2330 exeant
994 2276 1057 2328 ad
1085 2275 1283 2345 aliquid
1308 2277 1570 2343 agendum
1591 2278 1893 2333 detineren-

321 2358 427 2402 tur.
473 2349 725 2402 Dominus
754 2347 991 2399 contrivit
1019 2357 1193 2417 portas
1230 2362 1413 2410 cereas,
1447 2358 1493 2400 et
1522 2358 1676 2402 vectes
1704 2353 1893 2417 ferreas

318 2418 592 2487 confregit,
629 2417 679 2469 id
724 2427 826 2487 est,
863 2418 929 2470 ab
957 2416 1100 2487 omni
1147 2417 1458 2471 dil'licultate
1482 2432 1574 2471 eos
1603 2421 1889 2485 expedivit.

328 2488 395 2540 Et
419 2484 517 2540 hoc
548 2488 722 2540 taliter
750 2484 897 2558 iecit,
928 2485 1142 2558 scilicet
1160 2487 1384 2558 suscepit
1408 2502 1492 2540 eos
1520 2490 1582 2540 de
1607 2484 1688 2541 via
1709 2489 1893 2558 iniqui-

321 2559 441 2609 tatis
469 2573 666 2621 eorum,
714 2556 763 2609 id
800 2566 879 2608 est
924 2554 1314 2627 liberavitcos
1356 2556 1424 2610 de
1456 2554 1890 2627 praisumptione,

318 2642 439 2693 quin
474 2630 700 2680 faciebat
747 2640 841 2678 eos
878 2628 1109 2693 iniquos,
1151 2624 1203 2678 id
1234 2634 1338 2691 est,
1386 2624 1733 2695 irreligiosos.
1762 2628 1891 2694 Quin

318 2698 571 2765 iniquitas
591 2711 772 2748 eorum
802 2711 905 2749 non
938 2706 1055 2749 erat
1075 2695 1333 2759 auctoris,
1359 2696 1483 2764 quia
1504 2697 1754 2750 humiliati
1775 2708 1892 2751 sunt

318 2777 526 2835 propter
566 2766 844 2830 iniustitias
884 2781 1033 2828 suos;
1063 2768 1183 2834 quia
1211 2766 1404 2833 injuste
1431 2776 1654 2835 egerunt
1692 2767 1891 2823 viribus

317 2838 455 2900 suis,
484 2840 620 2904 quod
652 2835 740 2887 Dei
764 2845 900 2901 erat,
926 2836 1264 2889 ascribendo.

395 2907 611 2959 Omnem
654 2920 820 2958 escam
865 2906 1177 2958 abominata.
1244 2906 1382 2958 Ecce
1443 2906 1595 2959 tertia
1645 2907 1887 2961 tentatio.

322 2974 487 3042 Quasi
513 2978 655 3030 dicat
683 2992 693 3002 ·
740 2974 1260 3043 Splenditicatisjam
1289 2976 1550 3036 tenebris,
1583 2989 1631 3029 et
1663 2977 1891 3029 dil'licul-

324 3048 519 3100 tatibus
566 3054 803 3098 Veterum
860 3048 1305 3098 consuetudinum
1358 3046 1660 3112 superatis,
1716 3046 1892 3101 adhuc

321 3126 489 3169 restat
531 3114 670 3169 aliud
696 3115 1012 3182 periculum,
1048 3117 1147 3167 hoc
1174 3116 1397 3176 scilicet,
1431 3115 1568 3183 quod
1604 3116 1775 3168 anima
1805 3132 1891 3169 eo-

319 3202 436 3239 rum
462 3186 752 3238 abominata
778 3195 851 3238 est
873 3200 1069 3238 omnem
1098 3200 1263 3235 escam
1288 3200 1390 3236 non
1413 3189 1769 3254 corporalem,
1795 3187 1886 3240 sed

323 3256 679 3323 spiritualein,
735 3256 784 3308 id
816 3265 919 3320 est,
953 3255 1164 3325 taedium
1199 3256 1342 3308 verbi
1379 3256 1608 3318 Domini,
1647 3268 1701 3308 ut
1728 3270 1887 3325 supra

322 3321 525 3379 dictum
555 3333 659 3394 est,
696 3325 1019 3378 habuerunt.
1043 3321 1111 3376 Et
1141 3326 1259 3378 ideo
1284 3340 1439 3388 usque
1458 3326 1525 3375 ad
1547 3338 1724 3392 portas
1750 3321 1886 3380 mor-

319 3397 409 3459 tis,
441 3396 491 3449 id
523 3407 626 3460 cst,
675 3409 844 3464 usque
888 3396 953 3446 ad
996 3394 1270 3449 interitum
1310 3396 1888 3463 appropinquaverunt:

321 3468 446 3532 qoia
480 3469 620 3519 sicut
651 3463 1007 3534 periculosum
1038 3474 1122 3517 est
1164 3467 1375 3528 corpori
1427 3463 1667 3518 fastidire
1697 3480 1888 3531 corpo-

322 3550 471 3587 ream
517 3549 716 3599 escain,
752 3536 819 3587 ita
854 3534 1184 3588 incitiferuin
1215 3542 1298 3586 est
1320 3534 1513 3586 anima:
1555 3535 1889 3602 spiritualem

316 3620 500 3656 escam
533 3606 794 3659 l‘astidiie.
826 3602 893 3655 Et
928 3606 1115 3656 iterum
1146 3606 1489 3657 clamauerunt
1518 3607 1584 3655 ad
1614 3603 1891 3659 Dominum

317 3690 435 3726 cum
466 3676 851 3735 tribularentur,
887 3684 933 3726 et
961 3675 1023 3726 de
1052 3675 1426 3727 necessitatibus
1454 3689 1627 3727 eorum
1662 3675 1892 3730 liberavit

318 3760 429 3807 eos,
476 3747 525 3797 id
557 3757 658 3812 est,
693 3762 814 3799 nam
871 3747 971 3797 hoc
1019 3746 1180 3796 modo
1234 3746 1368 3795 misit
1408 3749 1632 3808 verbum,
1683 3746 1889 3800 scilicet

330 3818 471 3867 idem
501 3818 755 3882 pra‘cepit
783 3823 837 3867 et
870 3813 1032 3867 voluit
1067 3822 1125 3864 ut
1153 3825 1488 3876 sanarentur,
1518 3823 1564 3865 et
1588 3816 1665 3867 sic
1695 3819 1892 3870 sanavit

321 3900 436 3937 eos.
478 3886 607 3937 Tale
636 3896 689 3939 et
742 3887 869 3939 illud
901 3894 983 3938 est
1029 3886 1167 3949 ιιιιοιι
1196 3885 1247 3935 ιιι
1298 3885 1585 3950 Evangelia
1627 3888 1889 3940 habetur:

322 3953 541 4007 Domine
570 3957 653 4006 u'ic
680 3966 877 4007 tantum
915 3954 1084 4016 verbo,
1118 3965 1163 4006 et
1191 3955 1459 4005 sanabitur
1495 3969 1619 4021 puer
1640 3972 1796 4009 meus.
1832 3959 1894 4010 lit

321 4038 449 4077 vere
487 4026 712 4079 salvaVit
761 4040 875 4086 eos,
918 4029 1041 4093 quia
1072 4026 1255 4091 eripuit
1305 4040 1389 4076 eos
1437 4026 1893 4079 detnteritionibtts

320 4109 519 4147 eorum.
555 4094 703 4148 Unde
730 4098 888 4148 etiam
917 4095 1255 4160 conﬁteantur
1286 4094 1507 4146 Domino
1538 4096 1894 4149 misericordia:

318 4166 454 4234 ejus,
484 4175 531 4216 et
577 4166 831 4217 mirabilia
861 4169 972 4233 ejus
1014 4164 1135 4227 [illis
1175 4163 1453 4216 hominum.
1489 4163 1555 4217 Et
1586 4167 1653 4217 ita
1699 4168 1893 4219 debent

323 4235 593 4294 conﬁteri,
630 4245 683 4289 υι
711 4235 997 4301 sacrificent
1035 4234 1345 4299 sacri/icium
1385 4236 1576 4297 laudis,
1619 4235 1667 4287 id
1708 4250 1806 4301 est,
1839 4247 1888 4288 ιιι

321 4305 459 4357 nihil
491 4305 613 4368 sibi,
647 4306 740 4357 sed
790 4314 956 4357 totum
993 4304 1101 4355 Deo
1145 4306 1457 4358 attribuant.
1492 4303 1559 4355 Et
1590 4312 1893 4358 annuntient

320 4389 480 4443 Opera
522 4377 654 4444 ejus,
689 4376 735 4427 id
782 4385 885 4438 est,
936 4376 1255 4439 multiplices
1299 4377 1508 4428 labores
1540 4390 1658 4441 e,us
1704 4392 1808 4429 non
1840 4378 1891 4430 in

322 4460 605 4507 inciiioria,
635 4450 728 4498 sed
761 4449 811 4497 in
844 4445 1202 4497 exsultatione.

1990 549 2129 589 runt.
2183 538 2316 590 Nam
2366 539 2468 589 hoc
2499 540 2655 590 modo
2687 539 2952 603 viderunt,
2994 540 3115 605 quia
3168 542 3313 600 dixit,
3368 540 3417 591 id
3451 550 3555 601 e-t,

1992 608 2239 674 praecepit
2268 606 2521 661 Dominus
2549 609 2859 676 aliquando,
2891 618 2937 660 et
2966 610 3180 674 spiritus
3207 609 3442 676 procella:
3464 620 3564 663 sls-

1997 677 2072 734 tit,
2106 677 2155 729 id
2185 685 2268 730 est
2299 676 2585 741 inhorruit,
2619 681 2666 729 id
2719 688 2820 739 est,
2882 678 3224 746 intempestas
3267 694 3451 738 magna
3483 680 3565 731 fa-

1990 758 2071 797 eta
2098 756 2201 811 est,
2242 755 2288 799 et
2330 749 2537 814 fluctus,
2563 750 2673 816 ejus
2718 746 2935 799 nimium
2985 748 3195 800 exaltati
3234 757 3393 801 sunt:
3419 752 3565 812 prius

1989 822 2167 886 autem
2195 832 2351 883 quam
2386 817 2484 868 lioc
2518 818 2629 881 liat,
2662 818 2941 869 ascendunt
2972 819 3173 885 prmlati
3206 818 3279 871 illi
3314 834 3469 886 usque
3493 818 3561 869 aii

1989 884 2142 937 cmlos
2176 886 2309 938 bene
2336 887 2603 951 sperando
2632 888 2698 940 de
2727 888 2953 939 subditis
2976 884 3094 940 'suis
3124 903 3138 939 :
3163 899 3208 941 et
3233 884 3409 941 stante
3438 903 3563 955 pro-

1990 956 2122 1007 cella
2172 957 2484 1007 descendunt
2535 972 2689 1024 usque
2735 956 2804 1008 ad
2844 956 3055 1024 abyssos
3100 958 3450 1023 desperando.
3502 958 3566 1011 Et

1989 1026 2108 1078 ideo
2134 1025 2486 1088 descendunt,
2519 1030 2635 1091 quia
2668 1028 2837 1079 anima
2871 1042 3068 1088 eorum,
3104 1026 3154 1079 id
3183 1038 3286 1087 est,
3321 1028 3566 1093 prii-lato-

1990 1109 2104 1146 rum
2137 1094 2433 1158 tabescebat,
2484 1095 2530 1148 id
2576 1103 2679 1159 est,
2713 1095 2994 1149 deﬁciebat
3044 1098 3095 1147 in
3145 1097 3291 1148 malis
3324 1097 3459 1161 suis,
3512 1097 3561 1150 id

1988 1172 2091 1227 est,
2144 1167 2194 1217 in
2229 1164 2494 1231 pressuris
2525 1165 2888 1228 subditorum,
2921 1166 3002 1218 vel
3051 1167 3242 1219 aliter:
3276 1165 3417 1220 Dixit
3464 1164 3565 1219 Do-

1990 1236 2187 1297 minus,
2219 1235 2268 1287 id
2323 1243 2424 1295 est,
2452 1238 2703 1302 praecepit
2754 1236 3031 1299 Dominus,
3084 1246 3131 1287 et
3178 1240 3334 1300 stetit,
3371 1238 3419 1289 id
3460 1246 3561 1299 est,

1989 1306 2193 1368 quievit
2226 1306 2480 1371 procella,
2524 1315 2569 1358 et
2610 1304 2803 1359 deinde
2843 1305 3034 1358 iterum
3067 1306 3276 1359 cxaltati
3314 1316 3435 1359 sunt
3461 1306 3564 1374 [tua

1989 1384 2099 1425 ctus
2144 1376 2275 1444 ejus.
2313 1375 2373 1426 Et
2422 1384 2599 1428 stante
2631 1376 2860 1441 procella
2891 1375 3186 1444 ascendunt
3222 1376 3419 1441 praelati
3463 1376 3559 1444 ipsi

1991 1444 2129 1497 bene
2169 1443 2435 1509 sperando
2483 1461 2641 1510 usque
2689 1446 2756 1496 ad
2806 1443 2978 1508 ctelos,
3028 1460 3144 1497 cum
3198 1460 3325 1498 vero
3372 1443 3562 1499 ﬂuctus

1991 1514 2312 1583 exaltaiitur,
2347 1514 2658 1566 descendunt
2689 1531 2847 1583 usque
2880 1515 2947 1567 ad
2974 1514 3183 1582 abyssos
3209 1516 3559 1582 desperando.

1995 1582 2057 1635 Et
2089 1583 2187 1636 hoc
2238 1584 2378 1649 ideo,
2408 1585 2527 1652 quia
2561 1586 2731 1636 anima
2764 1600 2942 1637 eorum
2970 1585 3022 1637 in
3066 1584 3217 1637 malis
3258 1584 3558 1652 tabescebat,

1994 1662 2049 1703 ut
2083 1656 2249 1719 prius.
2284 1654 2347 1706 Et
2374 1654 2607 1706 ostendit
2631 1656 2898 1722 quomodo
2926 1654 3088 1716 dicat,
3120 1653 3335 1706 Turbati
3356 1666 3475 1707 sunt
3507 1656 3559 1708 in

1994 1735 2054 1774 se
2088 1723 2217 1788 ipsis
2268 1722 2510 1783 interius.
2542 1733 2587 1775 et
2620 1726 2738 1776 moti
2782 1734 2898 1776 sunt
2929 1733 2987 1777 ιιι
3014 1737 3073 1776 se
3102 1725 3436 1791 expedirent,
3464 1724 3559 1779 sed

1997 1799 2198 1843 tantum
2228 1792 2356 1843 sicut
2380 1792 2565 1855 ebrius,
2594 1792 2642 1845 id
2673 1802 2776 1856 est,
2811 1794 3067 1846 inutiliter
3095 1794 3223 1845 moti
3254 1802 3403 1857 sunt,
3429 1794 3557 1849 dum

1992 1861 2163 1932 dese
2219 1871 2693 1929 prsesuinpseiuul,
2740 1864 2858 1927 quia
2923 1863 3274 1932 movebuntur
3322 1865 3561 1932 quidem,

1990 1930 2085 1984 sed
2115 1946 2217 1984 non
2248 1932 2536 1999 pronioveb
2556 1941 2717 1983 uitur.
2746 1933 2808 1984 Et
2843 1935 2943 1983 hoc
2975 1930 3116 1995 ideo,
3145 1934 3264 1999 quia
3294 1935 3459 1986 omnis
3479 1930 3566 1986 sa;

1992 2002 2182 2067 pientia
2221 2016 2412 2060 eorum,
2457 2001 2662 2054 scilicet
2707 2012 2763 2056 et
2791 2000 3127 2067 praiconaudi
3174 2012 3228 2055 et
3275 2003 3461 2056 orandi
3508 2012 3563 2057 et

1994 2069 2199 2138 legendi
2244 2073 2483 2122 devorata
2519 2078 2613 2134 est,
2662 2072 2710 2124 id
2766 2082 2869 2133 est,
2918 2071 2981 2123 ad
3015 2071 3146 2124 nihil
3190 2072 3404 2125 redacta
3435 2081 3559 2126 est:

1994 2138 2144 2194 Unde
2170 2138 2293 2193 dicit
2335 2139 2622 2211 Apostolus
2653 2159 2665 2193 :
2701 2140 2960 2211 Nolumus
3002 2156 3087 2193 vos
3114 2141 3299 2209 fratres
3325 2142 3563 2211 ignorare

1992 2214 2053 2281 de
2080 2225 2337 2278 pressura,
2368 2225 2484 2278 qua:
2512 2210 2649 2278 facta
2692 2221 2763 2263 est
2813 2210 2956 2263 nobis
2995 2211 3047 2263 in
3086 2212 3231 2275 Asia,
3260 2210 3379 2275 quia
3407 2228 3566 2281 supra

1990 2280 2121 2332 vires
2150 2290 2353 2332 nostras
2400 2288 2446 2332 et
2477 2296 2633 2350 supra
2678 2284 2884 2332 modum
2928 2282 3125 2350 gravati
3169 2297 3365 2345 sumus,
3413 2280 3565 2336 etre-

1989 2364 2229 2416 sponsum
2259 2350 2433 2403 mortis
2458 2351 2510 2403 in
2541 2349 2683 2403 nobis
2715 2349 2985 2405 habuimus
3007 2365 3026 2403 :
3050 2359 3106 2403 ut
3135 2368 3237 2404 non
3257 2352 3414 2403 simus
3444 2368 3566 2405 con-

1990 2422 2203 2482 fidentes
2224 2420 2287 2487 in
2318 2419 2480 2486 nobis,
2510 2421 2598 2474 sxd
2638 2421 2690 2474 in
2719 2422 2811 2473 illo
2839 2423 2924 2487 qui
2954 2423 3164 2474 suscitat
3190 2432 3433 2473 mortuos.
3467 2421 3565 2475 Ubi

1991 2488 2127 2541 dicit
2158 2507 2169 2541 :
2204 2486 2522 2554 Responsum
2553 2491 2729 2543 mortis
2761 2492 2813 2543 in
2844 2486 2985 2542 nobis
3015 2490 3306 2555 habuimus,
3334 2493 3567 2545 ostendit

1990 2560 2305 2625 sapientiam
2347 2573 2502 2613 suam
2546 2558 2713 2614 fuisse
2767 2561 3099 2613 devoratum.
3149 2558 3217 2611 Et
3276 2573 3458 2613 rursus
3510 2559 3566 2616 lit

1992 2629 2334 2681 clamauerunt
2377 2630 2443 2681 ad
2490 2626 2792 2692 Dominum,
2822 2644 2939 2680 cum
2984 2630 3363 2694 tribularentur,
3412 2639 3459 2682 et
3504 2634 3570 2685 de

1991 2699 2368 2752 necessitatibus
2396 2714 2572 2751 eorum
2599 2699 2772 2751 eduxit
2803 2714 2909 2751 eos.
2955 2700 3017 2753 Et
3048 2714 3171 2753 vere
3201 2700 3399 2752 eduxit.
3433 2699 3563 2754 Nam

1995 2768 2093 2839 lioc
2126 2767 2284 2821 modo
2333 2772 2533 2833 statuit,
2579 2770 2781 2823 scilicet
2813 2770 3093 2838 procellam
3134 2770 3267 2839 ejus,
3305 2771 3387 2821 vel
3433 2787 3567 2836 pro-

1994 2837 2141 2890 fundi
2173 2840 2334 2890 maris
2361 2839 2414 2891 in
2439 2854 2645 2902 auram,
2674 2841 2723 2892 id
2771 2837 2854 2892 εει
2905 2841 2957 2892 ιιι
2986 2837 3421 2905 tranquillitatem
3453 2841 3564 2907 pla-

1991 2909 2189 2962 cidam.
2225 2910 2290 2961 Et
2321 2911 2420 2961 hoc
2452 2912 2664 2974 iterum,
2710 2909 2852 2977 quod
2881 2912 3133 2962 siluerunt
3161 2922 3347 2961 omnes
3376 2910 3563 2976 ﬂuctus

1991 2978 2103 3046 ejus
2124 2993 2143 3029 :
2177 2991 2300 3030 tunc
2341 2978 2543 3044 praelati
2575 2987 2691 3029 sunt
2718 2979 2895 3044 ltetati,
2925 2980 3043 3047 quia
3072 2979 3262 3031 ﬂuctus
3297 2978 3567 3034 siluerunt.

1993 3049 2058 3099 bl
2087 3050 2275 3102 merito
2306 3049 2429 3114 quia
2459 3046 2666 3099 deduxit
2704 3063 2788 3100 eos
2837 3050 2888 3099 in
2935 3057 3138 3116 portum
3164 3050 3440 3101 voluntatis
3477 3064 3566 3102 eo-

1995 3132 2131 3185 rum,
2183 3119 2233 3169 id
2263 3127 2365 3181 est,
2398 3120 2448 3169 in
2496 3131 2711 3170 omnem
2761 3118 2905 3170 illam
2936 3121 3169 3185 quietem
3202 3126 3256 3170 et
3302 3118 3563 3185 securita—

1998 3198 2123 3251 tem,
2156 3202 2314 3254 quam
2356 3188 2453 3254 ipsi
2489 3189 2762 3253 Optabam.
2793 3184 3310 3248 Utide’conﬁteantur
3343 3184 3565 3239 Domino

1992 3257 2352 3311 misericordia:
2379 3272 2510 3325 ejus,
2540 3264 2585 3308 et
2620 3257 2874 3308 mirabilia
2895 3259 3006 3326 ejus
3030 3259 3154 3323 filiis
3182 3256 3442 3326 hominum
3466 3272 3484 3308 :
3514 3266 3569 3310 et

1993 3327 2064 3379 ita
2110 3323 2485 3387 conﬁteantur,
2521 3335 2577 3378 ut
2602 3328 2825 3378 exaltant
2857 3323 2968 3379 eum
3013 3337 3213 3378 tantum
3246 3327 3297 3377 in
3331 3323 3563 3379 Ecclesia

1992 3396 2172 3463 plebis,
2214 3397 2264 3449 id
2316 3406 2418 3460 est,
2455 3413 2503 3449 in
2555 3396 2793 3450 Ecclesia
2842 3397 2978 3451 bene
3024 3397 3463 3462 gubernatorum.
3498 3398 3565 3448 It‘t

1991 3470 2197 3519 laudent
2238 3482 2353 3517 eum
2390 3467 2443 3517 in
2490 3468 2731 3518 cathedra
2775 3466 3034 3518 seniorum
3080 3469 3213 3519 bene
3246 3466 3566 3531 regentium,

1993 3538 2132 3603 quod
2168 3547 2249 3588 est
2271 3541 2485 3587 dicere:
2519 3536 2582 3588 Et
2613 3537 2811 3588 subdisi
2842 3541 2981 3604 quod
3015 3540 3150 3588 bene
3172 3538 3562 3604 gubernantur,

1994 3616 2049 3658 et
2079 3607 2279 3673 pﬁlBlttli
2310 3607 2449 3672 quod
2483 3608 2618 3659 bene
2659 3606 2981 3672 gubernant,
3039 3621 3142 3658 non
3173 3605 3293 3669 sibi,
3323 3605 3420 3660 sed
3463 3606 3568 3662 soli

1996 3675 2224 3728 Domitio
2262 3678 2576 3741 attribuant,
2609 3688 2663 3729 et
2690 3679 2738 3728 ei
2768 3678 2867 3728 Soli
2894 3676 3079 3730 laudes
3107 3686 3284 3743 agant.

2070 3746 2251 3798 l’osuit
2285 3746 2502 3811 [luntina
2550 3749 2601 3797 in
2652 3750 2927 3798 desertum.
2961 3747 3123 3812 Quasi
3148 3742 3311 3797 dicat
3337 3760 3347 3794 :
3374 3742 3567 3798 Merito

1994 3816 2190 3869 debent
2232 3815 2375 3868 illum
2409 3816 2649 3878 laudare,
2683 3818 2803 3882 quia
2848 3817 3081 3884 superbis
3123 3814 3331 3878 resistit,
3363 3816 3574 3866 humili-

1994 3892 2088 3937 bus
2121 3900 2292 3938 au'eni
2320 3888 2407 3936 dat
2436 3889 2674 3954 gratiunt.
2726 3886 2791 3938 Et
2838 3887 3072 3938 ostendit
3104 3900 3153 3938 in
3202 3884 3405 3952 primis,
3438 3901 3571 3952 quo-

1997 3956 2155 4008 modo
2206 3960 2454 4023 superbis
2506 3964 2743 4018 res'ISIat,
2798 3954 2984 4009 dicens
3016 3972 3028 4006 :
3059 3956 3192 4019 Quia
3240 3954 3477 4020 ﬂumina,
3512 3956 3562 4008 id

1996 4038 2096 4085 est,
2133 4029 2251 4079 lItOS
2278 4028 2417 4092 apud
2449 4041 2581 4092 quos
2611 4036 2766 4078 erant
2799 4024 2993 4079 ﬂuenta
3034 4028 3293 4077 doctrina:
3323 4039 3418 4091 per
3449 4040 3572 4089 pro-

1999 4095 2207 4161 phetica
2255 4098 2451 4162 scripta
2499 4106 2551 4146 et
2582 4094 2770 4162 legalia
2823 4097 3086 4158 instituta,
3121 4096 3170 4147 id
3222 4103 3324 4154 est.
3352 4093 3566 4149 .ludzeos

1997 4169 2165 4232 posuit
2209 4170 2260 4216 in
2308 4170 2599 4217 desertum:
2630 4180 2751 4234 quia
2782 4174 2836 4219 et
2887 4168 2932 4220 si
2983 4170 3179 4233 scripta
3210 4176 3560 4229 servaverint,

1999 4236 2399 4299 ititelligeuiiaiii
2435 4244 2608 4288 tamen
2666 4251 2842 4288 veram
2888 4238 3207 4298 amiserunt,
3240 4236 3448 4300 probat.
3498 4234 3567 4288 Et

1996 4308 2160 4358 exitus
2201 4321 2471 4374 aquarum,
2523 4307 2572 4357 id
2615 4316 2715 4368 est,
2747 4306 2867 4359 illos
2896 4310 3113 4359 eosdem
3165 4320 3194 4356 a
3241 4306 3433 4370 quibus
3473 4305 3571 4356 do-

1997 4385 2164 4428 ctrinu
2209 4383 2273 4428 ad
2303 4378 2433 4428 alios
2472 4376 2636 4428 exwit
2668 4392 2759 4442 per
2795 4378 3135 4443 propheticus
3164 4374 3475 4438 scripturas,
3509 4384 3565 4428 et

2002 4461 2094 4513 per
2126 4446 2444 4513 primitivum
2482 4445 2774 4498 Ecclesium
2811 4449 2936 4499 ιιιιιε
2978 4454 3305 4507 assumptum
3339 4445 3391 4494 in
3419 4444 3562 4497 sitim

404 4515 503 4580 Qui
532 4517 839 4568 descendunt
874 4529 1012 4566 mare
1043 4515 1094 4564 in
1126 4512 1357 4567 navibus.
1393 4512 1529 4567 Ecce
1557 4525 1743 4582 quarta
1778 4526 1889 4571 teti-
1925 4513 1972 4571 Ι)
1997 4512 2191 4584 posuit,
2226 4518 2328 4569 hoc
2360 4528 2441 4569 est
2472 4518 2524 4567 in
2549 4517 2772 4568 naturali
2803 4515 2891 4567 Siti
2923 4517 3226 4579 dereliquit.

323 4594 478 4638 latio.
511 4586 670 4649 Quasi
698 4588 835 4638 dicat
863 4602 875 4636 :
902 4586 1015 4636 Non
1046 4585 1218 4635 solum
1247 4586 1319 4635 illi
1350 4600 1573 4651 quorum
1599 4587 1773 4638 anima
1800 4598 1891 4641 ta:-

320 4655 472 4708 dtu'm
503 4657 649 4708 verbi
683 4656 892 4720 incidit,
917 4666 969 4707 et
995 4655 1084 4705 alii
1115 4654 1349 4719 praidicti
1380 4656 1774 4709 misericordias
1798 4658 1890 4711 Dei

320 4725 532 4791 experti
581 4736 727 4789 sunt,
758 4728 852 4779 sed
882 4735 1041 4778 etiam
1077 4725 1151 4774 illi
1182 4724 1269 4790 qui
1312 4726 1465 4789 positi
1498 4725 1547 4773 in
1578 4727 1808 4790 navibus,
1842 4731 1890 4780 id

320 4806 433 4859 est,
485 4796 572 4862 qui
628 4795 852 4861 perfecti
886 4796 950 4846 ad
1000 4797 1235 4861 regimen
1289 4795 1643 4846 lacclesiarum
1675 4797 1891 4850 descen-

318 4865 459 4917 dunt
488 4879 577 4926 per
604 4881 763 4932 mare,
810 4866 857 4917 id
888 4873 990 4929 est,
1027 4866 1369 4915 humiliantur
1402 4874 1615 4930 pl‘OplCl‘
1657 4881 1890 4921 amaram

325 4934 728 4988 tribulationem
777 4938 1126 4997 esiritisecus,
1179 4945 1232 4984 et
1275 4935 1754 4987 contradictionem
1810 4937 1891 4991 in-

324 5005 616 5070 trinsecus,
667 5016 722 5059 et
764 5006 998 5058 dolendo
1043 5002 1268 5057 subditis
1323 5006 1471 5068 suis;
1504 5006 1893 5063 descendentes

318 5074 449 5128 dico
470 5076 710 5141 facientes
738 5075 1104 5145 operationem,
1152 5073 1333 5145 idest,
1362 5074 1799 5145 gubernationem
1840 5079 1894 5129 in

316 5148 474 5215 aquis
505 5146 702 5208 multis,
730 5143 780 5198 id
828 5155 930 5208 est,
966 5143 1253 5215 iiipopulis
1293 5146 1491 5215 multis.
1526 5144 1548 5196 Ι
1559 5146 1637 5212 psi
1664 5146 1894 5200 viderunt

317 5214 484 5284 opera
522 5215 749 5283 Domini,
796 5225 841 5267 et
888 5214 1143 5266 mirabilia
1190 5216 1325 5284 ejus,
1355 5214 1405 5265 id
1453 5223 1556 5279 est,
1585 5217 1895 5271 mirabiliter

320 5285 755 5339 iiiisei-icordiam
774 5285 893 5352 ejus
915 5300 1039 5350 erga
1063 5298 1122 5336 se
1144 5294 1508 5350 cognoverunt
1531 5287 1584 5337 in
1607 5287 1888 5353 profundo,

321 5358 434 5408 hoc
463 5355 623 5408 estin
649 5354 810 5409 maris
840 5353 1097 5423 periculo,
1133 5355 1215 5405 vel
1250 5370 1299 5405 ιιι
1332 5353 1673 5420 profundum,
1707 5356 1759 5409 id
1785 5366 1890 5421 est,

320 5427 383 5478 in
408 5427 636 5479 occultis
666 5427 908 5478 cordium
938 5427 1271 5476 subditorum
1304 5438 1543 5478 suorum.
1578 5424 1727 5480 Alius
1750 5442 1891 5480 enim

320 5496 384 5549 iii
415 5495 629 5548 occulto
656 5508 757 5548 suo
795 5496 955 5548 habet
980 5492 1323 5559 adulterium,
1356 5495 1491 5546 alius
1526 5496 1889 5563 homicidium,

318 5563 469 5617 alios
511 5565 634 5630 hoc,
679 5566 812 5619 alius
857 5566 1006 5618 illud.
1062 5570 1126 5617 ιι
1163 5563 1278 5617 haec
1308 5566 1484 5617 omnia
1527 5566 1632 5619 illis
1662 5569 1894 5633 praelatis

320 5636 640 5689 referuntur
673 5655 685 5687 :
720 5646 774 5689 et
795 5638 838 5689 si
865 5648 989 5687 tunc
1020 5634 1223 5700 possint
1244 5637 1564 5703 gubernare,
1596 5646 1645 5689 et
1670 5638 1893 5706 singulis

316 5709 611 5759 consulere
642 5721 708 5759 ne
740 5706 1127 5773 periclitentur,
1158 5707 1208 5757 in
1234 5708 1335 5761 hoc
1367 5710 1653 5763 maximam
1679 5709 1891 5763 miscri-

318 5776 565 5830 cordiam
598 5778 689 5831 Dei
713 5785 1120 5845 recognoscunt.

2064 4586 2277 4639 Terram
2310 4586 2648 4654 fructiferam.
2676 4587 2818 4639 Ideni
2844 4586 3034 4652 repetit
3064 4598 3157 4651 per
3182 4580 3341 4635 aliam
3368 4581 3558 4635 simili-

1996 4660 2253 4715 tudinem,
2303 4664 2357 4708 et
2387 4668 2468 4708 est
2505 4654 2722 4708 dicere:
2757 4655 2877 4708 llles
2935 4654 3022 4721 qui
3055 4667 3198 4722 prius
3227 4662 3380 4705 erant
3420 4666 3559 4707 terra

1993 4728 2289 4788 l’ruetilera,
2336 4736 2592 4795 quantum
2624 4728 3019 4795 adrqwsdaui,
3065 4726 3186 4795 quia
3220 4740 3324 4776 non
3369 4722 3557 4776 delue-

1995 4806 2117 4849 runt
2143 4800 2406 4864 in-pOpulo
2436 4796 2526 4848 illo
2559 4794 2745 4863 priori,
2773 4796 2862 4863 qui
2888 4794 3168 4863 reputandi
3195 4804 3375 4864 eSseut
3400 4797 3452 4847 in
3480 4808 3563 4847 se-

1994 4870 2159 4921 mine.
2193 4869 2252 4918 ιιι
2277 4863 2318 4918 [ε
2348 4870 2564 4932 inquam
2598 4864 2805 4933 redegit
2832 4866 2883 4917 in
2913 4865 3246 4934 salsuginem,
3278 4863 3329 4916 id
3368 4873 3472 4929 est,
3507 4865 3561 4917 in

1992 4935 2397 4989 amaritudinem
2429 4947 2484 4988 et
2511 4936 2872 5003 sterilitatem,
2903 4949 3022 5002 quia
3070 4946 3275 5001 tempus
3306 4935 3566 4986 visitatio-

1993 5012 2076 5059 iiis
2107 5022 2211 5059 non
2253 5014 2641 5073 cegnoverunt,
2684 5013 2740 5058 et
2769 5007 3027 5073 juStitiam
3057 5004 3148 5057 Dei
3184 5018 3289 5057 non
3325 5007 3566 5057 attende-

1994 5085 2137 5139 runt,
2167 5078 2260 5129 sed
2288 5076 2551 5143 justitiam
2576 5091 2727 5129 suam
2758 5088 2995 5128 statuere
3019 5075 3319 5127 voluerunt.
3356 5073 3562 5125 Etcum

1993 5147 2193 5213 aliquid
2235 5147 2301 5199 de
2346 5149 2428 5199 eis
2481 5146 2627 5213 prius
2672 5145 3021 5209 crediderint,
3066 5145 3225 5197 modo
3267 5144 3395 5196 nulli
3442 5146 3566 5196 inde

1994 5220 2241 5271 credunt.
2269 5216 2497 5282 Salsugo
2541 5217 2679 5288 enim
2712 5217 2927 5284 proprie
2955 5216 3169 5288 Adicitur
3184 5228 3411 5288 amarus
3445 5226 3573 5288 suc-

1994 5301 2090 5341 cus
2115 5296 2295 5353 terrze,
2337 5301 2496 5352 quem
2527 5283 2782 5340 sterilitas
2815 5283 3135 5339 comitatur.
3181 5283 3246 5336 Et
3296 5283 3398 5335 hoc
3439 5283 3568 5350 qiii-

1994 5358 2118 5411 dem
2147 5357 2276 5411 dicit
2307 5369 2414 5409 non
2445 5357 2514 5408 ab
2542 5353 2799 5423 injustitia
2840 5370 2934 5410 sua
2966 5356 3245 5424 processit,
3278 5358 3370 5406 sed
3401 5368 3428 5404 a
3458 5369 3567 5403 ma-

1997 5428 2108 5480 litia
2144 5427 2488 5479 habitantium
2532 5425 2583 5477 in
2615 5441 2675 5478 ea
2724 5435 2887 5490 terra,
2922 5423 3023 5480 hoc
3058 5423 3344 5478 estdicere
3373 5439 3387 5475 ε
3416 5424 3566 5476 lusio

1988 5497 2197 5565 judicio
2242 5510 2339 5550 suo
2379 5495 2639 5549 Dominus
2689 5505 2881 5550 terram
2938 5497 3082 5550 illam
3132 5497 3183 5548 in
3241 5496 3564 5563 salsuginem

1997 5569 2173 5632 vertit,
2214 5568 2340 5635 quia
2374 5565 2609 5636 nequitia
2637 5579 2821 5619 eorum
2867 5570 2922 5619 in
2953 5567 3248 5620 terreuitati
3280 5580 3440 5618 nimis
3467 5565 3561 5617 aii-

1995 5637 2309 5691 baireiitium
2341 5640 2441 5691 hoc
2470 5636 2755 5705 promittit.

2067 5705 2248 5759 Posuit
2275 5702 2531 5761 desertum
2584 5710 2637 5759 in
2664 5713 2869 5775 stagna.
2900 5703 3145 5759 Ostendit
3182 5702 3454 5775 quomodo
3480 5717 3571 5759 stt-

1996 5778 2175 5847 perbis
2216 5782 2442 5845 resistit,
2481 5785 2539 5833 et
2585 5777 2818 5849 qualiter
2847 5777 3137 5832 humilibus
3186 5781 3278 5831 dat
3312 5778 3564 5849 gratiam,
