4026 6200
514 362 649 419 1027

988 314 1189 416 ΒΕΒκΙέ
1233 360 1680 417 VENERADELIS
1717 360 1867 416 DPP.
1911 362 2077 417 PARS

2182 404 2187 418 .
2228 363 2415 418 SHET.
2460 363 2522 416 ll.
2564 395 2632 405 —
2664 358 2861 418 ΒΗΜΛ
2907 363 2990 417 ΕΤ
3028 362 3291 419 ΒΡυΒΙΑ.

3615 362 3754 418 1028

511 476 695 534 dicens
719 493 732 528 ε
764 474 892 541 Quia
919 474 1034 545 illos
1066 475 1151 541 qui
1186 474 1329 545 prius
1360 484 1510 527 erant
1538 475 1790 526 desertum
1818 488 1844 545 a
1875 474 1989 541 lege
2013 483 2067 527 et
2097 484 2140 538 Α
2179 475 2242 527 Et
2273 477 2371 528 hoc
2397 476 2554 527 modo
2583 476 2757 541 posuit
2782 487 2830 528 et
2860 490 3009 541 ponet
3037 491 3125 526 eas
3150 476 3200 528 in
3227 485 3364 528 tanta
3392 475 3753 545 subiectione,

513 545 788 617 prophetis
824 543 1246 617 destitutiini,_id
1279 556 1376 605 εει,
1411 545 1636 617 gentiles
1684 544 1848 617 posuit
1878 545 1929 595 in
1960 554 2065 617 sta-

510 612 628 686 gnaﬁ
641 629 884 686 aquarum
910 631 920 663 :
948 612 1065 686 quia
1095 612 1334 686 indeper
1356 612 1630 677 quosdam,
1665 615 1922 686 sicut‘per
1953 614 2065 686 A_tt-

510 681 801 754 ᾗιιειὶιιιιηι,
830 681 1159 754 Gregorium,
1197 682 1685 754 llieroiiyiiinm,_et
1715 682 2065 754 tniﬂiltosalios

510 748 829 809 documenta
872 752 1109 801 veritatis
1150 748 1529 803 emanaverunt
1569 751 1705 804 aliis.
1755 748 1822 802 Et
1858 752 1981 809 illic.
2016 750 2067 804 id

510 832 593 876 est
621 823 671 873 in
704 830 843 873 terra
878 819 962 872 illa
996 819 1257 871 collocat-it
1277 823 1549 872 esurientes
1576 832 1628 872 et
1659 820 1838 872 avidos
1861 824 2065 883 agrico-

513 892 608 945 las.
646 890 707 942 Et
742 892 813 942 illi
845 891 1209 941 constituerunt
1235 891 1488 941 civitatem
1517 889 1859 953 habitationis,
1894 889 1941 941 id
1966 901 2063 951 est,

514 970 934 1013 consuluerunt
990 957 1280 1012 Ecclesiam
1331 960 1666 1022 catholicam,
1720 973 1837 1025 quae
1883 960 2068 1011 civitas

511 1040 597 1084 est
623 1045 748 1082 vere
780 1028 1141 1081 habitationis.
1186 1027 1248 1079 Et
1286 1030 1649 1080 seminaverunt
1689 1029 1893 1081 semine
1923 1029 2070 1081 verbi

513 1100 608 1153 Dei
650 1115 822 1168 agros,
858 1097 907 1149 id
938 1108 1039 1168 est,
1093 1097 1335 1168 fecerunt
1374 1098 1566 1150 mullos
1599 1097 1978 1168 fructilicantes
2014 1099 2067 1150 in

513 1170 667 1223 bonis
687 1166 964 1235 operibus.
1004 1167 1066 1235 Et
1088 1166 1436 1235 plantaverunt
1466 1167 1655 1226 vineas,
1686 1167 1735 1216 id
1776 1173 1877 1226 est,
1918 1168 2067 1218 insti—

515 1249 733 1291 tuerunt
759 1236 996 1289 diversas
1024 1234 1312 1298 ECclesias,
1343 1246 1389 1288 et
1437 1239 1658 1302 fecerunt
1681 1236 1901 1301 fractum
1939 1238 2072 1289 nati-

517 1309 709 1361 vitatis.
746 1306 812 1359 Et
839 1304 1163 1358 institutores
1189 1317 1239 1358 et
1266 1305 1485 1358 instituti
1514 1305 1735 1357 fructum
1766 1307 2067 1371 nativitatis,

516 1377 569 1430 id
599 1386 700 1439 est,
724 1389 881 1443 opera
906 1382 959 1426 et
989 1375 1227 1427 doctrina
1255 1388 1458 1433 eorum,
1486 1389 1586 1426 non
1615 1375 1976 1427 dissenserunt
2005 1380 2071 1428 ab

514 1447 809 1514 apostolis,
861 1444 948 1511 qui
1002 1446 1209 1496 luerunt
1252 1445 1494 1495 nativitas
1542 1459 1722 1497 eorum
1753 1445 1916 1514 :quia
1976 1460 2070 1514 per

513 1512 697 1568 eorum
746 1514 1038 1567 doctrinam
1091 1514 1199 1565 nati
1246 1522 1371 1565 sunt
1410 1514 1460 1565 in
1509 1514 1755 1579 operibus
1786 1513 1957 1566 bonis.
2003 1512 2069 1566 Et

515 1586 766 1636 Dominus
795 1585 866 1635 eis
908 1582 1180 1646 benedixit,
1212 1591 1263 1634 et
1292 1584 1668 1635 incrementum
1700 1582 1862 1642 dedit,
1897 1593 1942 1634 et
1971 1584 2067 1650 ipsi

514 1653 837 1722 multiplicati
858 1660 973 1705 sunt
1004 1654 1055 1704 in
1084 1661 1302 1714 tantum,
1336 1652 1475 1717 quod
1500 1652 1658 1703 etiam
1682 1653 1893 1717 quidam
1922 1655 2071 1707 minis

515 1724 849 1789 multiplicati
880 1731 1024 1782 sunt,
1056 1723 1261 1773 seilicet
1288 1722 1358 1773 illi
1391 1723 1477 1785 qui
1510 1737 1602 1786 per
1630 1722 1929 1787 superbiam
1964 1726 2070 1775 hit:-

514 1794 664 1846 retici
691 1792 813 1844 facti
844 1805 872 1843 a
903 1792 1051 1842 nobis
1078 1791 1339 1842 exierunt.
1376 1792 1447 1841 De
1476 1792 1664 1855 quibus
1693 1790 1820 1841 dicit
1842 1798 2069 1858 Aposto-

519 1864 700 1914 luszA
732 1862 871 1912 nobis
910 1862 1158 1922 exierunt,
1207 1860 1291 1928 qui
1334 1876 1365 1911 a
1416 1862 1554 1909 nobis
1603 1875 1703 1910 non
1744 1860 1986 1926 fuerunt;
2028 1863 2071 1914 si

515 1935 645 1983 enini
671 1948 698 1981 a
727 1932 862 1981 nobis
891 1941 1071 1991 essent,
1102 1944 1133 1979 a
1171 1930 1309 1979 nobis
1342 1944 1441 1978 non
1468 1930 1703 1981 exissent.
1738 1930 1803 1980 Et
1831 1933 2070 1997 quamvis

518 2001 732 2065 quidam
781 1999 935 2049 nimis
963 1999 1072 2050 sint
1117 1997 1470 2064 ﬂlllillplica‘i,
1520 2009 1693 2050 tamen
1714 2000 1949 2067 jnmenta
1980 2016 2066 2053 eo-

515 2086 628 2121 rum
668 2085 765 2121 non
797 2068 1063 2119 minoraiit
1088 2081 1105 2118 :
1132 2069 1251 2133 quia
1282 2071 1346 2119 de
1392 2068 1470 2118 his
1499 2069 1586 2134 qui
1635 2081 1781 2120 erant
1806 2070 2046 2132 juinenta

517 2157 620 2191 non
658 2140 877 2191 multum
904 2137 1077 2198 docti,
1120 2138 1210 2188 sed
1243 2146 1417 2190 tamen
1458 2139 1558 2190 lide
1591 2137 1763 2204 plena,
1794 2138 1844 2191 id
1875 2151 1975 2203 est,
2008 2143 2073 2194 de

514 2208 841 2274 simpfiCibns
872 2207 996 2258 nulli
1026 2209 1287 2259 exierunt.

591 2278 653 2329 Et
682 2280 826 2344 pauci
856 2278 973 2343 [acti
998 2285 1130 2327 sunt.
1166 2276 1490 2343 Multiplicati
1520 2284 1642 2329 sunt
1672 2276 1884 2346 inquam
1918 2280 2073 2333 nimis

525 2350 758 2415 quidam,
792 2360 838 2398 et
887 2345 1004 2399 ideo
1042 2345 1163 2411 facti
1193 2356 1307 2396 sunt
1346 2348 1516 2415 pauci,
1556 2350 1667 2399 sive
1716 2345 2072 2415 remanentes,

524 2428 775 2486 quantum
810 2415 874 2468 ad
909 2420 1136 2481 priet-eiii
1168 2431 1441 2469 numerum
1474 2415 1624 2468 :sive
1669 2416 1765 2482 ipsi
1794 2430 2073 2485 exeuntes,

520 2498 574 2539 et
606 2504 708 2538 non
740 2496 817 2538 tot
843 2486 1138 2547 exivetunt,
1170 2496 1296 2551 quot
1325 2498 1715 2537 remanserunt.
1744 2488 1807 2538 Et
1833 2491 1955 2555 quia
1988 2492 2071 2542 iii-

522 2555 595 2607 hil
634 2555 798 2621 niagis
836 2556 1092 2606 donorum
1135 2555 1407 2619 paucitati,
1449 2569 1603 2621 quam
1650 2557 1788 2621 quod
1820 2570 1900 2609 est
1929 2559 2077 2611 debi-

520 2634 631 2678 tum
665 2624 965 2692 perditioni.
1000 2622 1066 2674 Et
1095 2623 1257 2674 vexati
1294 2632 1411 2676 sunt
1438 2624 1548 2688 alii,
1579 2626 1627 2675 id
1667 2633 1766 2684 est,
1798 2641 2077 2680 remanen-

523 2702 607 2748 tes
634 2710 663 2746 a
705 2692 1028 2746 tribulatione
1059 2692 1325 2757 malorum,
1394 2692 1444 2745 id
1486 2702 1587 2756 est,
1624 2694 1987 2749 tribulationes
2016 2698 2077 2749 il-

523 2762 644 2818 lata:
673 2772 795 2816 sunt
824 2778 857 2833 a
885 2762 1036 2833 uialis
1062 2764 1381 2833 exeuntibus
1409 2777 1500 2830 per
1540 2762 1796 2829 malignas
1824 2766 2073 2833 quaestio-

525 2846 622 2886 nes
644 2847 784 2885 suas.
820 2831 878 2883 lit
910 2848 937 2883 a
961 2832 1153 2894 dolere,
1182 2832 1232 2883 id
1261 2841 1360 2896 est,
1395 2842 1607 2899 propter
1634 2831 2075 2901 conipaSsiOnem,

525 2916 685 2969 quam
720 2901 986 2953 habebant
1014 2901 1063 2952 in
1097 2903 1198 2952 alio
1223 2904 1309 2968 qui
1339 2903 1777 2955 contribulaniur.

601 2970 781 3036 Effusa
802 2980 873 3021 est
902 2970 1172 3020 contentio.
1201 2971 1443 3023 Ostendit
1471 2974 1734 3037 quomodo
1760 2975 1929 3026 vexati
1955 2988 2077 3029 sunt

526 3041 728 3105 dolore,
778 3040 894 3091 ideo
938 3039 1161 3103 scilicet,
1212 3040 1330 3105 quia
1378 3055 1469 3107 per
1518 3055 1734 3106 pravam
1783 3044 2076 3097 doctrinam

530 3114 831 3163 exeuntium
858 3107 1017 3171 e/Tusa
1052 3117 1121 3180 est
1146 3112 1396 3161 contentio
1423 3125 1572 3176 super
1597 3111 1847 3179 principes
1873 3128 2076 3180 eorum,

530 3194 648 3245 quae
678 3189 1066 3240 retiianseruut,
1113 3178 1211 3230 hoc
1243 3188 1343 3241 est,
1373 3184 1493 3246 quia
1538 3191 1695 3232 etiam
1744 3178 1952 3235 veridici
1984 3178 2078 3236 do;

528 3262 705 3302 cures
731 3264 915 3301 eorum
947 3262 1043 3299 ciui
1071 3250 1372 3313 eiuptibiles
1419 3260 1590 3313 eianl,
1638 3251 1715 3303 vel
1769 3251 1927 3304 habiti
1960 3264 2081 3308 sunt

530 3327 746 3391 propter
780 3319 896 3369 illos
943 3316 1217 3391 l'alsidiiros
1265 3319 1352 3384 qui
1391 3321 1654 3370 exierunt.
1704 3319 1768 3372 Et
1815 3326 1934 3375 ideo
1963 3324 2081 3391 fecit

532 3387 787 3441 Dominus
833 3403 937 3448 eos,
986 3388 1034 3438 id
1064 3399 1164 3449 est,
1217 3399 1471 3440 exeuntes
1514 3404 1686 3440 errare
1724 3391 1775 3443 in
1816 3387 1971 3445 invio;
2004 3394 2081 3447 Illi

568 3458 742 3510 uideni
770 3459 836 3508 de
867 3458 1055 3524 quibus
1093 3461 1332 3523 superius
1360 3458 1676 3521 audivimus,
1706 3460 1759 3513 in
1790 3464 1926 3513 viain
1959 3474 2083 3516 sunt

568 3471 742 3510 uideni
770 3471 836 3508 de
867 3471 1055 3524 qutDtlS
1093 3472 1332 3523 supernis
1360 3471 1676 3521 ttuillVlllluS,
1706 3476 1759 3513 tn
1790 3477 1926 3513 Viam
1959 3474 2082 3516 sunt

528 3471 764 3587 deducti,
792 3537 844 3578 ει
864 3528 925 3577 ad
949 3525 1213 3577 civitatein
1238 3527 1576 3580 habitationis
1604 3531 1826 3594 directi;
1851 3531 1935 3583 isti
1959 3548 2082 3586 vero

535 3611 639 3669 non
669 3596 878 3669 deducti
909 3596 1002 3647 sed
1043 3597 1273 3669 seducti,
1304 3596 1355 3648 id
1399 3606 1502 3661 εει,
1536 3598 1630 3650 sibi
1663 3599 1790 3666 ipsis
1820 3602 2077 3669 derelicti,

534 3667 656 3734 quia
690 3668 895 3717 tradidit
921 3681 1002 3717 eos
1032 3663 1164 3716 Deus
1187 3668 1235 3716 in
1266 3663 1696 3735 concupiscentias
1722 3673 1886 3722 cordis
1907 3673 2006 3736 sui,
2030 3663 2082 3725 ut

540 3737 728 3805 faciant
759 3749 872 3803 ora:
900 3750 997 3786 non
1025 3736 1344 3799 conrinhint,
1375 3749 1428 3789 ct
1473 3739 1546 3789 sic
1576 3749 1883 3805 criaverunt
1923 3744 1974 3793 in
2005 3744 2082 3794 in-

530 3807 646 3868 vio;
679 3818 728 3858 et
766 3812 863 3856 hoc
892 3806 983 3867 ita,
1015 3806 1151 3872 quod
1197 3820 1460 3875 nunquam
1492 3804 1718 3874 amplius
1749 3811 1959 3875 quidam
1991 3828 2081 3865 eo-

530 3890 645 3928 rum
675 3876 949 3948 redierunt
978 3876 1030 3927 iti
1062 3876 1219 3948 viam.
1269 3874 1334 3927 Et
1384 3876 1632 3929 Dominus
1661 3874 1853 3947 adjuvit
1893 3896 2083 3948 paupe-

534 3960 663 4009 rem,
698 3944 880 4006 idest,
917 3944 1166 3995 humilem
1199 3959 1281 4011 poi
1304 3947 1445 4011 ulnm
1498 3962 1650 3999 suum
1683 3944 1820 4001 intus
1868 3944 2083 4005 manen-

536 4022 665 4077 tem,
694 4016 755 4064 de
783 4014 975 4081 inapia,
1009 4012 1060 4065 id
1104 4021 1209 4079 est,
1244 4016 1502 4081 paucitate
1532 4017 1639 4080 illa,
1669 4033 1823 4083 quam
1870 4022 2081 4082 quidam

543 4092 798 4134 exumtes
827 4084 1088 4145 fecerunt,
1136 4086 1357 4148 SCIlltel,
1411 4088 1532 4152 quia
1580 4087 1699 4139 lacti
1746 4098 1866 4140 sunt
1893 4094 1970 4142 eis
2000 4089 2077 4143 illi

536 4162 797 4221 exeuntes
838 4166 932 4217 per
979 4165 1102 4221 suas
1133 4167 1318 4218 pravas
1366 4156 1688 4221 quaestiones
1718 4167 1773 4209 et
1816 4161 2082 4212 contradi-

541 4219 744 4272 etioin-s
789 4222 947 4272 etiam
1001 4219 1065 4272 ad
1125 4219 1434 4276 exercitium
1489 4227 1860 4289 inquisitionis,
1912 4242 1963 4281 et
2015 4231 2079 4282 ad

540 4290 841 4362 exemplum
875 4291 1104 4342 timoris.
1137 4293 1345 4353 Quanto
1375 4293 1539 4360 magis
1565 4294 1705 4346 enim
1735 4298 2082 4362 respondetur

542 4361 825 4421 haereticis,
871 4370 1017 4411 tanto
1046 4362 1214 4427 major
1240 4372 1499 4414 correctio
1526 4364 1580 4413 lit
1611 4361 1899 4417 catholicas.
1935 4368 2081 4422 Unde

530 4431 690 4504 etiam
723 4431 1007 4504 Apostolus
1046 4430 1209 4504 dicit:
1237 4430 1368 4504 Qma
1411 4442 1743 4504 oportetesse
1767 4436 1998 4504 liwreses,
2025 4449 2080 4489 ut

531 4501 617 4569 qui
643 4498 839 4567 probati
864 4510 977 4550 sunt
1006 4500 1263 4567 manifesti
1285 4506 1432 4564 /iaitt.
1471 4503 1555 4551 Vel
1579 4501 1731 4555 aliter
1763 4521 1774 4555 :
1809 4498 1995 4568 lii/fusa.
2009 4520 2080 4559 est
2111 4500 2158 4558 ι)

531 4571 802 4620 contentio.
836 4571 993 4633 Quasi
1044 4573 1183 4621 diCat
1212 4586 1225 4621 :
1253 4569 1363 4622 Hoc
1406 4573 1564 4623 modo
1603 4575 1750 4639 pauci
1780 4576 1899 4640 {acti
1946 4590 2080 4641 sunt,

530 4654 649 4705 qum
685 4644 895 4690 luerunt
926 4642 1140 4708 quidam
1172 4655 1259 4707 qui
1309 4655 1365 4692 se
1408 4643 1680 4694 voluerunt
1714 4645 1888 4696 lacere
1941 4649 2080 4710 prin-

533 4724 700 4774 cipes,
736 4710 783 4760 id
814 4722 914 4774 est,
958 4712 1240 4776 magistros
1264 4712 1499 4773 erioris;
1536 4712 1674 4764 inter
1702 4728 1795 4765 eos
1826 4712 1989 4779 effusa
2014 4727 2085 4769 est

535 4782 801 4850 Contetitio
828 4781 911 4829 illa
941 4782 1005 4831 de
1036 4796 1131 4845 qua
1165 4782 1291 4831 dicit
1320 4782 1605 4846 Apos‘tolus
1632 4798 1643 4833 :
1673 4782 1729 4833 Si
1776 4799 1886 4850 quis
1934 4800 2087 4837 evan-

532 4849 821 4913 gctizarerit
854 4850 986 4898 vobis
1006 4855 1143 4898 altat
1172 4865 1319 4915 quant
1350 4854 1481 4913 quod
1506 4849 1794 4916 accepistis,
1826 4856 1970 4904 ctiam
2001 4872 2087 4907 ait-

529 4919 671 4995 gelus
716 4919 778 4968 de
807 4918 949 4979 casto,
996 4917 1280 4995 anui/tenta!
1307 4922 1391 4982 sit,
1444 4924 1541 4971 hoc
1593 4932 1674 4995 cst
1702 4928 1879 4975 dicere
1905 4941 1918 4976 :
1945 4925 2087 4977 lntus

531 4987 655 5038 ideo
688 4994 737 5038 te
766 4997 1039 5037 manentes
1078 4990 1225 5058 pauci
1255 4987 1375 5053 facti
1412 5001 1551 5050 sunt,
1577 4992 1697 5056 quia
1731 4995 1945 5058 snperbi
1989 5009 2085 5046 ελ-

527 5058 661 5128 eiusi
692 5068 833 5106 sunt.
871 5058 933 5128 lat
975 5070 1087 5128 eos,
1140 5056 1188 5107 id
1232 5064 1330 5119 est,
1365 5062 1646 5128 superbos,
1676 5056 1811 5128 fecit
1835 5079 2004 5114 errare
2035 5068 2087 5116 in

532 5125 684 5188 ini-io,
722 5134 768 5175 et
787 5141 895 5195 non
919 5126 969 5175 in
998 5127 1093 5185 via,
1152 5138 1203 5177 ut
1247 5142 1408 5192 prius.
1467 5125 1751 5195 Pauperem
1796 5145 1995 5191 autem.
2035 5136 2086 5185 id

530 5204 630 5269 est,
657 5192 905 5269 humilem
931 5198 1176 5269 populoin
1209 5212 1360 5248 suum
1389 5192 1591 5263 adjuvit
1606 5200 1666 5251 de
1688 5201 1884 5269 inopia,
1910 5206 1959 5253 id
1981 5213 2084 5267 est,

536 5264 601 5315 de
627 5262 962 5330 simplicitate
996 5266 1324 5329 intellectus;
1356 5262 1457 5320 hoc
1490 5272 1630 5320 enitn
1655 5262 1793 5327 quod
1819 5262 1921 5323 non
1953 5262 2089 5324 mut;

530 5334 800 5399 tipliciter,
849 5334 943 5387 sed
991 5334 1307 5396 similieiter
1350 5337 1744 5400 intellexerunt,
1779 5341 1877 5392 luit
1904 5344 1981 5393 eis
2032 5343 2085 5395 in

529 5404 781 5479 auxilium
815 5420 879 5456 ne
907 5401 1133 5479 exirent,
1182 5408 1272 5479 sed
1320 5404 1459 5479 intus
1500 5418 1793 5462 manerent.
1830 5411 1895 5462 Et
1921 5414 2089 5479 posuit

529 5472 753 5537 familias
793 5490 915 5526 suas
944 5474 1168 5525 alterum
1198 5477 1263 5527 de
1304 5478 1727 5542 cii'cuiiicisione.
1771 5472 1994 5532 alterum
2023 5483 2090 5536 de

530 5542 810 5613 praeputio,
844 5544 912 5613 ita
943 5543 1179 5613 subditas
1221 5548 1342 5606 SlDl,
1370 5550 1497 5600 sicut
1530 5564 1642 5603 oves
1674 5550 1890 5613 pastori.
1929 5549 2088 5603 Juxta

525 5619 664 5673 quod
696 5608 806 5676 ipse
835 5612 909 5663 ait
936 5628 947 5662 :
979 5611 1107 5664 Oves
1131 5629 1252 5666 metu
1284 5631 1445 5667 vocem
1474 5634 1638 5671 meant
1661 5608 1901 5686 audiunt,
1933 5632 1977 5674 et
2001 5639 2092 5691 ego

525 5692 771 5745 cognosco
797 5697 899 5732 eas.

609 5748 850 5801 Videbunt
877 5752 1016 5804 recti.
1048 5752 1171 5806 Dico
1201 5754 1321 5820 quia
1352 5759 1515 5823 posuit
1544 5760 1764 5826 familias
1794 5762 1924 5815 sicut
1953 5777 2088 5819 ores.

2172 545 2223 596 id
2253 556 2354 608 est,
2384 559 2571 597 omnes
2616 548 2700 611 qui
2747 545 2853 614 jani
2899 548 3141 596 exierunt
3188 546 3505 614 oppilabnnt,
3553 548 3602 598 id
3646 560 3751 613 εει,

2173 614 2450 667 obstruent
2496 630 2549 665 os
2594 630 2759 663 suum.
2793 613 2923 677 Quia
2958 616 3044 666 ille
3089 629 3212 667 vere
3259 618 3468 681 sapiens
3498 626 3599 677 est,
3626 619 3754 683 quia

2169 684 2297 734 nihil
2328 685 2557 750 amplius
2603 684 2969 735 contradicere
3021 685 3316 747 audebunt;
3348 694 3399 736 et
3430 684 3544 736 haec
3570 686 3753 739 omnia

2172 753 2417 817 pi'milicta
2445 753 2601 805 debet
2637 754 2859 820 quisque
2903 754 3117 816 sapiens
3162 754 3456 808 attendere.
3502 755 3625 820 Quis
3666 766 3751 807 est

2168 833 2344 874 autem
2373 838 2495 873 vrre
2522 821 2765 885 sapiens?
2792 819 2859 872 Et
2911 822 3028 872 ideo
3074 822 3191 874 dico
3240 824 3350 887 quis
3388 833 3474 883 est,
3507 819 3628 890 quia
3661 826 3752 879 ille

2167 892 2254 958 qui
2285 906 2405 944 vere
2433 891 2645 954 sapiens
2672 900 2769 949 est,
2808 893 3070 955 custodiet,
3106 891 3154 942 id
3183 903 3283 954 est,
3316 891 3618 945 observabit
3643 898 3751 946 hac

2169 961 2344 1011 omnia
2378 960 2626 1024 praedicta
2661 974 2752 1025 per
2780 960 3149 1013 humilitatem.
3186 959 3251 1010 Et
3277 962 3516 1029 intelliget
3544 964 3749 1014 miseri-

2170 1029 2371 1081 cordias
2406 1029 2608 1081 Domini
2653 1044 2771 1099 esse
2817 1029 2866 1079 in
2921 1029 3003 1082 his
3048 1030 3317 1093 omnibus,
3351 1031 3575 1091 scilicet,
3604 1032 3748 1099 quod

2171 1108 2437 1151 errantem
2485 1106 2540 1149 et
2586 1098 2908 1151 esurientem
2960 1102 3009 1150 in
3060 1099 3196 1151 viain
3236 1100 3455 1152 deduxit
3481 1110 3537 1153 et
3568 1098 3749 1167 pavit;

2174 1167 2315 1233 quod
2378 1176 2696 1235 pugnantem
2751 1176 2936 1219 contra
2988 1168 3353 1221 difﬁcultatem
3410 1183 3749 1236 peccatorum

2173 1250 2391 1288 suorum
2439 1248 2492 1290 et
2540 1237 2753 1303 ligatum
2804 1236 3029 1289 vinculis
3077 1239 3474 1291 consuetudinis
3516 1241 3676 1291 solvit
3700 1247 3752 1292 et

2172 1305 2448 1368 libvravit;
2482 1307 2620 1372 quod
2655 1305 3007 1359 lastidientein
3041 1306 3196 1358 Verbi
3231 1306 3342 1367 Dei,
3374 1318 3429 1360 et
3459 1324 3569 1374 pne
3596 1308 3753 1361 ιιι-δίο

2170 1376 2397 1439 quodam
2432 1391 2563 1441 pene
2606 1376 2941 1435 morientem,
2973 1379 3132 1429 inissa
3166 1378 3423 1428 medicina
3460 1379 3614 1431 Verbi
3645 1380 3748 1440 sui,

2172 1445 2469 1506 recreavit;
2514 1445 2648 1511 quod
2683 1443 3063 1509 periclitantem
3112 1446 3249 1498 inter
3278 1446 3527 1515 naufraga
3561 1460 3611 1499 et
3648 1465 3748 1510 pr—

2171 1515 2401 1564 riculosa
2432 1514 2757 1576 discrimina,
2782 1523 2968 1581 paeato
3001 1515 3235 1578 marin
3264 1514 3749 1581 portumilediixit:

2172 1592 2226 1633 et
2252 1584 2389 1647 quod
2446 1583 2498 1635 in
2530 1583 2724 1650 populo
2754 1584 2846 1635 illo
2892 1585 2977 1635 tibi
3011 1585 3253 1651 superbis
3284 1587 3500 1649 resistit,
3534 1588 3627 1638 sed
3665 1587 3749 1638 ubi

2174 1652 2459 1704 humilibus
2486 1653 2574 1705 dat
2619 1655 2842 1719 gratiam
2887 1668 3005 1706 esse
3037 1654 3196 1717 fecit;
3238 1662 3291 1707 et
3331 1657 3471 1722 quod
3502 1656 3667 1706 voluit
3699 1667 3751 1707 ut

2174 1736 2307 1772 unus
2352 1737 2572 1774 manetis
2622 1722 3085 1790 muliplicaretur,
3137 1738 3241 1776 non
3291 1734 3347 1777 ut
3392 1723 3535 1777 foras
3565 1725 3749 1777 exiens

2101 1816 2149 1876 Β
2174 1791 2579 1845 diuiitiueretur.

2668 1904 2729 1956 ΙΝ
2772 1904 3088 1961 PSALMUM
3125 1903 3276 1959 CVII.

2577 2016 2873 2085 Canticum,
2909 2019 3141 2086 psalmus
3170 2018 3356 2075 David.

2771 2123 3148 2161 ARGUIIENTUM.

2246 2198 2354 2247 Sub
2386 2195 2809 2249 Maelialiamriiiii
2844 2213 3068 2264 persona
3101 2206 3361 2258 cantatur.
3395 2201 3634 2254 continet
3657 2215 3751 2255 au-

2177 2276 2281 2319 tem
2315 2269 2590 2337 piecesile
2610 2268 2863 2337 hostibus
2902 2267 3135 2320 victoria:
3163 2270 3548 2336 gratulatione;
3581 2282 3757 2337 potest

2179 2346 2232 2388 et
2259 2337 2322 2387 de
2352 2338 2463 2402 ipso
2498 2335 2655 2387 David
2688 2336 2877 2403 accipi,
2911 2338 3049 2404 quod
3084 2338 3323 2403 plurimis
3370 2335 3612 2405 gentibus
3656 2343 3758 2394 im-

2178 2408 2467 2474 peraverit.
2499 2406 2665 2459 Aliter
2698 2420 2797 2459 vox
2841 2406 3095 2461 Ecclesia:
3144 2410 3208 2459 ad
3250 2412 3757 2477 suierpositionem.

2792 2532 3140 2571 ῙΞΧΡΙΔΝΔΤΙΟ.

2247 2602 2521 2677 Canticum
2576 2606 2641 2677 ad
2697 2604 2993 2660 divinarum
3035 2622 3211 2661 rerum
3251 2610 3757 2677 conteniplaiiunmn

2178 2672 2426 2748 relertttr,
2479 2675 2713 2748 psalmus
2758 2680 2824 2729 ad
2873 2691 3064 2748 operas
3109 2680 3362 2743 actuales,
3413 2672 3530 2748 qum
3579 2693 3758 2736 tau-icti

2178 2743 2371 2817 divinis
2406 2747 2734 2817 conveniant
2782 2746 3060 2817 mandatis.
3094 2748 3246 2812 Quod
3295 2748 3345 2800 in
3378 2743 3551 2817 primo
3593 2768 3756 2805 versu

2182 2813 2297 2882 ipse
2316 2822 2540 2865 testatur
2564 2830 2576 2865 :
2607 2833 2624 2864 ι
2648 2814 2889 2867 Cantabo
2911 2826 2963 2868 et
2993 2818 3248 2882 psalmum
3271 2813 3441 2871 dicam
3476 2821 3622 2870 Domi
3664 2837 3718 2871 ο.
3737 2842 3755 2872 ι

2185 2881 2349 2953 David
2389 2896 2564 2953 autem
2612 2882 2867 2953 significat
2896 2881 3072 2953 regem
3112 2884 3400 2947 Christum,
3430 2892 3515 2952 qui
3561 2893 3615 2941 in
3658 2894 3763 2943 hoc

2182 2952 2386 3026 psalmo
2414 2952 2683 3026 Iociiturus
2712 2966 2813 3026 est.
2862 2952 2969 3026 Per
3009 2963 3173 3008 totum
3223 2959 3478 3018 psalmum
3523 2961 3762 3026 loquitur

2182 3018 2457 3074 Dominus.
2497 3022 2672 3095 Primo
2703 3022 2888 3095 ordne
2918 3024 3056 3076 Patri
3083 3027 3282 3090 gratias
3304 3027 3432 3093 agit,
3464 3018 3605 3094 quod
3641 3039 3764 3095 post

2185 3095 2445 3165 passionis
2497 3094 2818 3165 triumphum
2865 3104 3173 3165 perpetuam
3227 3113 3265 3147 ΙῚ
3284 3102 3518 3148 Surrexit
3562 3100 3613 3149 in
3644 3094 3763 3165 glo-

2107 3162 2152 3223 C
2182 3159 2333 3232 riam.
2366 3161 2608 3213 Secundo
2640 3164 2875 3213 humiliat
2921 3176 2980 3215 se
3028 3180 3117 3227 per
3164 3163 3539 3218 humanitatem
3580 3159 3758 3232 sitam,

2183 3229 2268 3280 ubi
2287 3239 2475 3302 tamen
2506 3241 2556 3280 et
2590 3232 2876 3295 potentiam
2910 3234 3131 3298 propria:
3175 3235 3468 3299 maiestatis
3498 3229 3756 3302 ostendit,

2184 3308 2241 3350 ut
2266 3299 2398 3349 duas
2428 3307 2640 3351 naturas
2672 3310 2929 3352 veiaCiter
2960 3304 3011 3353 in
3042 3317 3140 3354 una
3171 3304 3379 3357 Domini
3421 3305 3615 3357 Christi
3664 3299 3755 3359 co;

2183 3382 2407 3441 gnoscas
2432 3384 2549 3441 esse
2594 3384 2837 3434 persona.
2870 3371 3162 3424 Ν‹›ι.ειιιιιιηι
3190 3388 3365 3425 autem
3406 3376 3543 3441 quod
3577 3386 3761 3430 cente-

2180 3436 2348 3490 simus
2392 3439 2648 3503 septimus
2704 3440 2937 3505 psalmus
2995 3456 3057 3492 ex
3112 3436 3475 3496 ti-riniualiiius
3528 3444 3758 3497 duorum

2185 3513 2503 3571 psalmorum
2540 3508 2772 3573 partibus
2800 3519 3257 3579 estcompactus,
3289 3515 3339 3564 in
3367 3528 3471 3579 quo
3503 3512 3761 3566 Dominus

2185 3590 2277 3641 per
2307 3591 2601 3651 passmneui
2628 3578 3175 3651 resurrectioneinque
3196 3596 3345 3633 suam
3373 3578 3505 3634 duos
3532 3583 3634 3635 sibi
3666 3600 3760 3651 po-

2183 3649 2332 3712 pulos
2365 3660 2462 3718 una
2494 3646 2592 3697 [ide
2619 3648 2908 3714 conjunxit,
2938 3663 3037 3700 una
3060 3650 3272 3716 spiritus
3302 3653 3464 3718 gratia
3500 3646 3758 3705 retunda-

2183 3724 2275 3777 vit,
2301 3714 2485 3767 eodem
2513 3718 2632 3767 vita:
2655 3729 2866 3769 aneina:
2893 3714 3111 3771 munere
3138 3714 3459 3772 sublimat-it.
3492 3720 3755 3774 Centena-

2181 3784 2291 3856 rius
2322 3799 2572 3837 numerus
2600 3788 2758 3837 vitam
2790 3801 2905 3855 quae
2954 3788 3007 3839 in
3052 3790 3253 3842 dextris
3294 3802 3393 3851 est,
3425 3794 3757 3856 septenarius

2181 3852 2436 3919 Spiritum
2468 3866 2707 3907 sanctum
2738 3852 3015 3923 designat;
3049 3874 3135 3924 qui
3165 3858 3300 3911 bene
3340 3862 3392 3911 in
3423 3852 3523 3913 hoc
3551 3865 3756 3925 psalmo

2181 3926 2247 3976 de
2274 3925 2478 3975 duobus
2508 3940 2611 3975 uno
2638 3928 2777 3996 laeto
2800 3927 3138 3993 copuiantur,
3165 3931 3288 3996 quia
3316 3928 3617 3995 spiiituales
3646 3943 3759 3984 tau-

2184 4002 2293 4045 tuni
2326 3996 2482 4045 vitam
2514 3995 2789 4062 percipere
2821 3995 3193 4060 promerentur
3219 4009 3493 4051 aeternam.

2759 4102 3184 4143 CHNHENTARIUS.

2250 4172 2497 4246 Paratum
2526 4189 2614 4246 cor
2646 4190 2810 4227 meum
2852 4175 3007 4229 Deus.
3040 4176 3301 4231 Canticum
3338 4178 3544 4246 psalmi,
3574 4176 3625 4230 id
3656 4187 3761 4244 est,

2180 4242 2295 4297 haec
2321 4244 2605 4297 exsultatio
2630 4245 2976 4311 operationis,
3009 4252 3120 4298 sive
3148 4248 3260 4299 haec
3289 4242 3604 4300 eisultaiiva
3634 4242 3760 4314 ope;

2178 4318 2314 4366 ratio
2343 4314 2651 4365 attribuitur
2680 4314 2868 4377 David,
2902 4317 2948 4366 id
2974 4326 3076 4378 cst,
3106 4318 3286 4384 capiti,
3316 4319 3434 4384 quia
3464 4319 3568 4384 agit
3602 4328 3762 4383 caput

2180 4393 2416 4436 nostrum
2448 4383 2498 4434 in
2529 4386 2868 4452 ltocipsaltiio
2896 4384 2961 4436 de
2997 4383 3183 4452 gloria
3214 4383 3763 4440 sineresurrectionis

2184 4462 2237 4503 et
2260 4452 2608 4523 ascensionis.
2639 4451 2785 4506 Unde
2808 4451 3207 4508 Illel‘llttDtltlteS
3233 4456 3427 4508 debent
3455 4458 3644 4521 laetari,
3670 4457 3759 4523 qui

2187 4523 2251 4573 ad
2281 4537 2428 4587 spem
2460 4520 2698 4587 ejusdem
2729 4524 2909 4589 gloria:
2940 4533 3062 4575 sunt
3092 4526 3287 4577 vocati.
3320 4525 3387 4577 Ει
3428 4520 3763 4592 ρτθνοιιίιέε

2188 4592 2343 4642 nobis
2372 4592 2675 4657 exemplum
2707 4594 3042 4655 Obedleltlttt',
3090 4596 3380 4648 exhortans
3433 4610 3530 4647 nos
3575 4605 3631 4646 ut
3674 4610 3765 4645 ca-

2185 4660 2309 4712 dent
2341 4659 2666 4722 obedientia,
2699 4677 2854 4728 Qtldlll
2897 4674 2944 4713 et
2980 4662 3097 4729 ipse
3148 4665 3473 4727 iusistamus,
3504 4674 3557 4716 ει
3594 4666 3672 4715 sic
3697 4664 3762 4714 ad

2188 4730 2682 4801 εθιιιαυιιι-ςςιιπιειιιι
2715 4732 3104 4801 pet'veiiiatiiiis.
3144 4734 3208 4783 lit
3246 4744 3329 4786 est
3372 4734 3521 4801 quasi
3572 4732 3713 4784 dicat
3744 4750 3755 4781 :

2186 4800 2228 4850 υ
2263 4798 2400 4850 Deus
2432 4797 2605 4859 l‘ater,
2635 4800 2777 4851 ειιιιιὶ
2812 4802 3055 4853 homines
3088 4810 3268 4867 putant
3308 4797 3402 4856 me
3440 4802 3659 4854 invitum
3706 4810 3762 4854 ει

2187 4869 2619 4940 quasicoactum
2675 4869 2766 4920 tibi
2814 4871 3147 4936 saCl'liiCﬂl‘e;
3200 4872 3294 4925 sed
3338 4886 3438 4940 ego
3478 4871 3763 4923 voluntarie

2193 4938 2490 5002 sacriﬁcabo
2515 4939 2622 5001 tibi,
2647 4940 2765 5001 quia
2790 4952 3024 5003 paratum
3046 4951 3127 4991 est
3149 4942 3199 4992 in
3228 4956 3311 4994 me
3333 4938 3446 5008 ἰρήεο
3463 4957 3551 4993 cor
3572 4957 3761 5003 meum,

2186 5016 2241 5057 et
2273 5017 2506 5065 paratum
2534 5015 2615 5057 est
2645 5007 2696 5058 in
2746 5008 2879 5059 meis
2920 5024 3007 5059 cor
3050 5025 3211 5060 meum
3258 5007 3611 5062 obedientiam
3660 5014 3757 5061 iiii-

2192 5076 2359 5147 plcre.
2394 5076 2486 5147 γει
2531 5078 2571 5125 si
2620 5078 2758 5142 quod
2805 5078 2993 5129 melius
3025 5089 3125 5141 est,
3166 5090 3448 5147 utrumque
3489 5090 3663 5133 tamen
3696 5080 3756 5129 ad

2189 5143 2361 5209 ipsum
2393 5146 2704 5208 referamus,
2736 5147 2807 5196 ita
2832 5147 3038 5201 dicetur
3065 5166 3075 5199 :
3108 5143 3455 5202 Paratum—est
3484 5166 3571 5201 cor
3597 5166 3757 5201 meum

2189 5214 2542 5265 obedientiam
2573 5215 2794 5279 implere
2822 5217 2872 5267 in
2897 5232 3075 5282 Opere.
3110 5218 3354 5270 Paratum
3383 5234 3464 5269 εει
3494 5224 3653 5271 etiam
3676 5236 3757 5269 (υτ

2189 5298 2356 5334 meum
2385 5283 2530 5335 omni
2561 5283 2884 5353 intentione;
2913 5299 2966 5339 et
3012 5288 3109 5339 hoc
3153 5290 3291 5349 ideo,
3342 5292 3460 5351 quia
3508 5303 3626 5353 ego.
3676 5290 3755 5353 qui

2190 5367 2338 5418 quasi
2388 5366 2534 5420 prius
2586 5352 2783 5418 ploravi
2830 5356 2882 5405 in
2932 5359 3234 5408 uilirinitate
3280 5371 3418 5419 mea,
3465 5352 3667 5421 positus
3696 5352 3755 5403 in

2190 5424 2353 5490 gloria
2386 5439 2511 5486 mea,
2549 5422 2595 5472 id
2629 5433 2729 5487 cst,
2766 5426 2815 5475 ιιι
2846 5431 3009 5489 gloria
3043 5427 3447 5477 resurrectionis
3487 5435 3542 5478 et
3572 5438 3755 5475 asceti-

2192 5489 2380 5563 sioiiis,
2411 5494 2620 5563 cantabo
2645 5510 2740 5546 ore
2767 5505 2810 5545 et
2840 5497 3050 5563 psallam
3073 5510 3157 5560 Upt
3176 5509 3254 5555 re,
3289 5497 3411 5559 quia
3440 5495 3582 5545 dabo
3610 5508 3754 5559 spem

2194 5559 2309 5611 aliis
2340 5563 2389 5612 in
2417 5574 2500 5612 ine
2529 5561 2770 5627 ejusdem
2797 5559 2997 5629 glorias,
3020 5575 3071 5616 et
3099 5559 3176 5616 sc
3203 5563 3388 5616 faciam
3420 5580 3514 5615 eos
3542 5575 3759 5616 cantare

2192 5644 2307 5692 ore,
2340 5641 2391 5683 et
2439 5636 2663 5697 psaltere
2691 5648 2870 5696 oierc.
2902 5633 3185 5686 Sciendum
3231 5636 3353 5701 quia
3402 5634 3638 5700 psalmus
3662 5636 3763 5684 iste

2194 5706 2340 5771 totus
2370 5702 2479 5751 l‘eie
2505 5703 2769 5771 colligitur
2796 5715 2858 5752 ex
2901 5702 3217 5767 quibusdam
3267 5702 3483 5771 psalmis
3520 5715 3766 5767 superio-

2197 5767 2365 5822 ribus.
2398 5772 2459 5822 Lt
2488 5770 2613 5823 dicit
2642 5776 2823 5824 beatus
2870 5774 3192 5839 Augustinus
3220 5767 3279 5827 se
3311 5790 3413 5828 non
3442 5773 3606 5826 aliain
3631 5786 3763 5825 cau-
