4026 6200
419 345 436 394 l
449 345 553 400 0‘19

1105 337 1171 394 IN
1212 336 1625 395 PSALMOBUM
1664 335 1919 392 LIBRUM
1961 334 2317 390 EXEGESIS.
2358 365 2423 376 —
2467 335 2703 393 PSALM.
2748 337 2925 394 CVIll.

3507 346 3644 401 1050

411 473 522 508 sam
572 453 809 508 invenire
856 467 950 506 cur
996 455 1249 518 repetitus
1295 454 1383 512 sit,
1428 449 1524 503 nisi
1575 449 1694 514 quia
1751 446 1967 514 Spiritui
2001 448 2045 506 Α
2074 455 2306 518 paratum
2334 462 2420 498 cor
2447 463 2628 500 nteant.
2661 448 2724 518 Et
2767 449 2907 511 ideo,
2948 449 3082 502 Deus
3122 449 3295 516 Pater,
3327 469 3389 506 ne
3431 459 3644 509 tacueris

409 537 595 579 sancto
643 525 721 577 sic
769 523 1110 588 complacuit.
1159 523 1326 576 Nemo
1369 537 1496 588 ergo
1527 521 1744 572 miretur
1782 519 1825 571 si
1867 535 1970 574 non

413 607 518 648 tam
569 595 850 661 diligenter
904 594 990 646 hic
1035 594 1407 660 perquirantur
1449 591 1690 661 singula,
1723 590 1970 656 quoniam

410 659 798 732 superius—suis
826 663 877 714 in
911 662 1039 715 locis
1071 659 1302 732 ple'oarie
1331 670 1454 715 sunt
1482 659 1738 722 esposita.

486 728 732 800 Exsurge,
765 733 1058 802 psalterium
1093 741 1139 784 et
1179 731 1395 794 cithara,
1430 745 1694 802 exsurgant
1723 728 1967 802 diluculo.

411 801 553 858 Caro
571 800 790 866 Christi,
821 811 1034 869 prOpter
1065 803 1380 855 inlirmitatis
1403 809 1458 854 et
1485 800 1668 852 mortis
1694 800 1971 866 experien-

414 874 564 937 tiam,
607 872 799 926 dicitur
843 872 1072 932 cithara;
1106 873 1410 939 psalterium
1455 885 1580 922 vero
1609 869 1819 930 dicitur,
1849 886 1971 937 pro-

411 953 528 1010 pter
555 943 790 997 cmlestia
819 955 1001 1008 opera.
1037 941 1102 995 Et
1143 951 1224 994 est
1267 941 1419 1008 quasi
1465 939 1605 992 dicat
1634 957 1646 990 :
1683 940 1743 990 Et
1773 949 1829 992 ut
1869 954 1969 1009 ego

409 1021 620 1067 cantem
647 1022 701 1067 et
731 1011 948 1079 psallam
979 1013 1030 1064 in
1075 1011 1260 1078 gloria,
1293 1010 1341 1063 id
1372 1018 1472 1073 est,
1502 1023 1627 1079 caro
1670 1021 1806 1079 inea,
1857 1026 1970 1079 ntu-

409 1096 567 1147 rere;
611 1092 664 1137 et
711 1075 953 1148 exsurge,
997 1090 1054 1134 ut
1080 1075 1174 1134 'sis
1217 1082 1542 1147 psalterium.
1588 1075 1651 1130 Et
1695 1077 1816 1130 ideo
1853 1078 1970 1133 dico

407 1167 644 1223 exsurge,
691 1150 825 1223 quis
859 1166 933 1223 es
962 1151 1379 1223 cithara.rLicet
1419 1149 1560 1223 enim
1603 1161 1728 1200 caro
1775 1148 1968 1203 CIIrlSli

411 1219 755 1290 prius'etiam
802 1219 961 1274 fuerit
1007 1222 1335 1286 psalterium,
1374 1219 1826 1290 maximetamen
1878 1234 1971 1285 per

407 1286 632 1359 gloriam
665 1293 1067 1345 resurrectionis
1093 1301 1146 1343 et
1181 1289 1504 1344 ascensionis
1536 1286 1838 1359 psalterium
1878 1305 1970 1341 ex-

407 1355 563 1414 stitit.
599 1362 660 1415 Et
693 1375 816 1414 vere
844 1363 1015 1428 (quasi
1042 1361 1204 1428 dicat)
1228 1374 1498 1425 exsurges,
1532 1355 1648 1428 quia
1674 1371 1968 1428 eg0_exsor-

477 1447 524 1483 in
570 1432 817 1494 diluculo,
858 1425 992 1484 facta
1039 1425 1459 1493 resurrectione;
1509 1438 1556 1482 et
1606 1427 1704 1489 sic,
1760 1425 1970 1481 Domine

411 1497 588 1564 Pater,
630 1499 904 1567 conﬁtebor
931 1500 1018 1552 tibi
1048 1501 1098 1552 in
1129 1501 1329 1569 populis
1372 1498 1625 1569 Judaicis,
1662 1506 1706 1569 et
1747 1497 1967 1569 psallam

410 1569 500 1621 tibi
518 1571 569 1622 in
601 1565 886 1623 nationibus
913 1571 1170 1638 gentium.
1195 1565 1265 1622 Et
1310 1570 1427 1622 ideo
1473 1567 1765 1622 confitebor
1797 1565 1883 1619 tibi
1917 1570 1967 1620 in

407 1639 535 1701 illis,
564 1649 616 1692 et
645 1641 865 1707 psallam
915 1637 968 1692 in
1015 1640 1147 1702 istis,
1178 1643 1295 1707 quia
1341 1653 1464 1706 ego,
1507 1637 1598 1703 qui
1646 1651 1748 1688 non
1796 1638 1966 1689 solum

407 1709 713 1762 misericors
757 1721 874 1762 tuus
921 1711 1178 1762 dicendus
1220 1724 1358 1771 sum,
1410 1719 1628 1773 magnus
1668 1719 1762 1758 ero
1809 1719 1968 1770 super

2073 517 2271 568 laudem
2301 534 2479 580 meam,
2508 521 2612 569 imo
2639 517 2925 586 gloriosum
2951 531 2999 572 et
3026 521 3340 576 laudabilem
3366 539 3449 576 me
3482 524 3644 579 lat-ias

2075 599 2165 651 per
2195 590 2634 660 resurrectionem
2667 597 2720 660 et
2744 590 3130 660 ascensionem.
3164 590 3265 651 Tu,
3307 593 3541 660 inquam,
3579 609 3646 648 ne

2071 665 2248 726 taceas
2279 657 2509 723 laudem,
2538 657 2657 726 quia
2689 659 2860 725 (quasi
2901 658 3062 726 dicat)
3096 661 3291 713 inimici
3332 657 3436 715 non
3469 673 3645 717 tacent

2071 724 2530 799 vituperationem.
2561 724 2709 778 Nam
2733 724 2983 799 :apertum
3029 724 3104 782 est
3141 746 3293 796 super
3321 747 3418 794 me,
3452 731 3500 784 id
3535 743 3639 799 est,

2069 795 2133 846 ad
2159 810 2243 869 me
2265 795 2618 869 damnandum
2642 805 2698 869 et
2714 796 3070 852 devorandum
3097 814 3152 850 os
3175 795 3474 864 peccatoris,
3501 795 3640 869 pra);

2069 863 2334 918 varientur
2368 865 2452 918 ille
2497 865 2720 932 populus
2746 875 2877 928 erat,
2913 869 3048 921 unde
3095 863 3345 923 Dominus
3377 871 3426 921 in
3464 863 3640 924 Evan-

2067 934 2206 1006 gelio
2234 950 2246 985 :
2277 933 2338 1006 Si
2381 936 2514 1006 enim
2557 935 2815 1006 crederent
2864 935 3050 1005 Moysi,
3093 938 3261 1006 utique
3303 941 3557 994 crederent
3592 951 3642 995 et

2071 1003 2216 1067 mihi,
2246 1004 2368 1078 quja
2395 1004 2460 1078 de
2483 1020 2561 1078 me
2587 1004 2692 1078 ipse
2709 1005 2910 1078 scripsit
2939 1003 2984 1058 et
3013 1022 3068 1078 os
3097 1003 3261 1061 dolosi
3290 1010 3490 1076 populi,
3513 1016 3635 1077 quia

2071 1086 2176 1124 non
2207 1073 2409 1146 tantum
2438 1073 2623 1133 Judaei,
2657 1075 2750 1126 sed
2799 1074 2993 1129 milites
3025 1075 3268 1142 Romani,
3291 1073 3384 1145 qui
3416 1073 3637 1146 gentiles

2070 1151 2242 1203 erant,
2280 1142 2332 1194 in
2365 1144 2480 1207 ejus
2510 1152 2732 1195 mortem
2760 1154 3162 1199 consenserunt.
3205 1142 3327 1200 Cur'
3351 1142 3527 1203 aulein
3557 1151 3640 1204 di-

2069 1221 2152 1263 cat
2173 1212 2356 1275 dolosi,
2379 1226 2588 1266 causam
2616 1213 2810 1277 subdit,
2841 1215 3023 1268 diceris
3055 1233 3070 1269 :

2139 1278 2318 1355 [δεουιὶ
2347 1291 2463 1334 sunt
2487 1283 2766 1355 adversum
2807 1299 2879 1336 me
2925 1286 3099 1352 lingua
3135 1287 3332 1340 dolosa.
3365 1287 3419 1342 Id
3446 1300 3544 1355 est,
3571 1291 3637 1345 ad

2069 1364 2240 1422 meam
2266 1351 2656 1404 damnationem
2701 1353 2876 1422 lingua
2902 1351 3101 1419 dolosa,
3134 1368 3381 1412 vocantes
3412 1374 3496 1412 me
3527 1351 3639 1413 ma-

2067 1421 2308 1498 gistrum,
2340 1422 2632 1498 etsimilia.
2663 1422 2725 1473 Et
2758 1437 2881 1475 vere
2908 1423 3085 1498 lingua
3120 1425 3467 1498 dolosa,iquia
3496 1440 3638 1498 post-

2068 1502 2132 1559 e_a
2187 1490 2619 1543 circumdederunt
2659 1508 2738 1544 me
2765 1490 3070 1545 sermonibus
3111 1495 3236 1559 odii,
3295 1490 3586 1552 cla-man'tes
3619 1517 3632 1554 :

2069 1555 2337 1627 Cruci/iga,
2385 1563 2624 1630 cruci/ige
2666 1577 2796 1614 eum.
2846 1566 2910 1615 Et
2941 1555 3304 1632 impugnantes
3350 1582 3455 1630 me,
3480 1584 3639 1636 expu-

2068 1640 2348 1700 gnaverunl
2377 1647 2458 1682 me
2490 1636 2822 1695 reputatione
2851 1647 2963 1691 sua,
2995 1636 3072 1686 vel
3111 1645 3360 1700 quantum
3398 1639 3460 1688 ad
3491 1651 3636 1691 exte-

2071 1697 2179 1749 rius
2214 1715 2409 1774 meum,
2445 1702 2535 1774 scd
2571 1703 2894 1774 lanietrutlio
2938 1697 3230 1756 habuerunt
3259 1722 3336 1757 me
3363 1708 3540 1774 gratis.
3575 1709 3640 1760 Ει

407 1778 596 1850 εφιυε,
647 1779 698 1831 id
745 1788 848 1845 est,
896 1778 1255 1850 magnificatus
1296 1769 1388 1831 ero
1435 1769 1594 1842 super
1635 1788 1820 1850 omnes
1850 1769 1962 1850 illos
2001 1791 2042 1850 Β
2071 1781 2195 1850 vere
2223 1770 2402 1834 gratis,
2450 1771 2568 1850 quia
2597 1769 2932 1850 detrahebant-
2953 1774 3074 1823 mihi
3113 1790 3299 1850 pro‘eo
3326 1769 3461 1842 quod
3490 1790 3637 1829 com-

407 1847 497 1916 qui
524 1855 650 1900 sunt
677 1844 1174 1916 cceli,iquia'nullus
1203 1863 1384 1900 eorum
1427 1853 1741 1916 potestatem
1788 1844 1967 1897 habuit

403 1915 637 1970 animam
667 1932 814 1971 suam
840 1913 1086 1985 ponendi,
1111 1926 1163 1970 et
1193 1917 1382 1970 iterum
1407 1916 1667 1969 sumendi.
1697 1913 1758 1965 Et
1787 1915 1968 1985 veritas

409 1996 793 2054 praeceptorum
842 1984 1053 2042 tuorum
1101 2002 1192 2053 per
1229 2001 1314 2040 me
1359 1987 1479 2039 data
1526 1984 1965 2054 magnilicabitur,

405 2071 564 2122 usque
586 2052 658 2108 ad
686 2058 837 2110 nubes
868 2052 1284 2110 constituendas.
1317 2056 1376 2109 Et
1406 2056 1527 2124 quia
1559 2055 1634 2107 sic
1660 2052 1967 2120 magniﬁca-

404 2126 519 2189 bor,
547 2133 690 2196 'ergo
740 2130 873 2182 Deus
905 2127 1130 2180 Verbum
1180 2125 1306 2178 mihi
1350 2125 1964 2196 personaliter_unit_um,

404 2190 652 2261 exaltare:
683 2212 768 2252 me
798 2198 1010 2251 homine
1038 2197 1290 2258 exaltato,
1321 2190 1475 2258 super
1501 2195 1670 2247 caelos.
1700 2190 1766 2244 Et
1802 2191 1967 2257 gloria

404 2273 515 2326 tua,
548 2266 598 2319 id
627 2276 728 2332 est,
759 2281 883 2320 caro
913 2281 941 2320 a
974 2276 1024 2320 te
1051 2274 1282 2333 sumpta,
1310 2281 1429 2332 quae
1475 2268 1622 2331 prius
1669 2262 1765 2316 fuit
1815 2265 1966 2329 igno-

405 2335 566 2387 minia
596 2345 708 2402 tua,
737 2335 871 2390 facta
902 2351 993 2403 per
1023 2337 1463 2390 resurrectionem
1510 2343 1564 2388 et
1601 2333 1966 2403 ascensionem

401 2405 570 2470 gloria
621 2401 726 2469 tua,
779 2401 1036 2460 exalietur
1084 2421 1234 2471 super
1278 2422 1474 2458 omnem
1521 2413 1728 2465 terram,
1773 2401 1822 2454 id
1862 2410 1963 2466 est,

401 2474 726 2541 gloiilicetur
764 2475 815 2528 in
861 2477 1003 2529 omni
1049 2483 1186 2528 terra
1231 2477 1423 2538 adhuc,
1456 2484 1508 2527 ut
1537 2472 1707 2525 dilecti
1742 2471 1813 2523 tui
1844 2471 1969 2524 tibe-

401 2553 597 2612 rentur,
628 2560 723 2614 per
750 2559 897 2612 spem
929 2544 1352 2610 resurrectionis,
1385 2559 1414 2596 a
1445 2547 1634 2614 timore
1661 2541 1868 2614 mortis.
1903 2542 1967 2596 Et

405 2620 462 2665 ut
510 2611 994 2679 hoc’liat,’salvum
1039 2630 1123 2668 me
1151 2615 1254 2679 fac,
1289 2614 1509 2668 Domine
1551 2612 1725 2670 Pater.
1759 2611 1966 2664 dextera

406 2690 517 2744 tua,
549 2683 598 2736 id
629 2693 730 2746 est,
760 2699 850 2752 per
875 2685 1264 2739 confessionem
1295 2695 1470 2748 tuam;
1501 2694 1544 2734 et
1571 2683 1750 2752 in_boc
1776 2682 1966 2734 exaudi

402 2767 503 2805 nte.
535 2754 598 2805 Et
622 2750 884 2807 convertit
912 2769 969 2808 se
995 2757 1059 2806 ad
1085 2767 1198 2806 nos.
1233 2753 1390 2818 Quasi
1414 2754 1554 2807 dicat
1583 2769 1595 2803 :
1632 2750 1768 2804 Vere
1788 2753 1965 2805 salvas

403 2822 456 2874 in
488 2823 700 2877 dextera
732 2832 838 2889 tua,
867 2826 985 2892 quia
1016 2823 1148 2876 Deus
1194 2822 1346 2876 Pater
1384 2824 1581 2875 locutus
1609 2831 1682 2874 est
1710 2819 1966 2892 in_san_cto

399 2906 513 2956 suo,
544 2892 592 2945 id
627 2900 731 2960 est,
767 2887 1006 2960 promisit
1034 2893 1132 2945 hoc
1178 2893 1230 2946 in
1274 2894 1553 2946 sanctitate
1588 2904 1704 2945 sua.
1737 2887 1804 2942 Et
1845 2890 1965 2944 ideo

403 2975 526 3014 vere
555 2963 795 3016 exaltabo
825 2963 1211 3016 resurrectione
1235 2972 1287 3015 et
1313 2961 1645 3016 ascensione.

475 3029 540 3082 Et
573 3033 796 3085 dividant
825 3031 1122 3085 Sic/rimam.
1154 3030 1249 3084 Vel
1294 3032 1466 3096 aliter,
1510 3029 1645 3083 Deus
1685 3028 1774 3097 qui
1823 3030 1964 3098 prius

406 3100 614 3153 locutus
639 3112 719 3155 est
744 3105 794 3154 in
821 3102 992 3156 servis
1020 3102 1151 3165 suis,
1174 3102 1413 3168 apparuit
1441 3099 1658 3163 mundo,
1684 3108 1738 3152 et
1764 3101 1961 3152 locutus

399 3182 472 3222 est
501 3175 549 3222 in
581 3187 664 3224 me
692 3181 863 3224 sancto
891 3187 983 3224 suo
1003 3187 1021 3235 ,'
1043 3182 1093 3225 et
1114 3172 1234 3225 ideo
1257 3186 1380 3225 vere
1404 3169 1682 3229 exsultabo,
1711 3180 1765 3222 ut
1793 3169 1960 3237 prius.

408 3240 504 3293 Vel
534 3241 685 3294 aliter
719 3258 733 3294 :
767 3242 902 3294 Deus
931 3241 1086 3295 Pater
1115 3241 1311 3293 locutus
1337 3253 1407 3294 est
1437 3243 1489 3294 in
1525 3241 1722 3294 sanctis
1749 3241 1879 3302 suis,
1914 3240 1964 3292 id

401 3322 504 3374 est,
539 3311 775 3379 promisit
805 3326 898 3378 per
938 3325 1025 3364 me
1056 3324 1299 3363 sanctum
1330 3325 1507 3374 suum,
1539 3311 1698 3370 istud,
1740 3310 1964 3374 scilicet,

400 3381 540 3446 quod
585 3396 682 3448 ego
721 3381 986 3434 exsultabo
1033 3380 1202 3448 gloria
1243 3380 1644 3433 resurrectionis
1684 3389 1737 3432 et
1775 3393 1962 3431 ascen-

401 3449 590 3513 sionis,
620 3461 669 3502 ct
693 3450 914 3504 dividam
940 3450 1251 3512 Sic/rimam;
1274 3460 1325 3502 et
1343 3459 1552 3503 cratera.
1582 3452 1708 3513 Qua:
1735 3463 1966 3516 sequun-

404 3529 489 3571 tur
521 3519 666 3584 inde,
700 3520 838 3576 Deus
881 3521 967 3590 qui
1013 3521 1246 3588 repulisti
1289 3535 1410 3586 nos,
1454 3519 1686 3588 plenarie
1730 3519 1968 3573 invenies

393 3591 662 3658 exposita.

853 3659 919 3715 IN
958 3659 1280 3716 PSALMUM
1317 3658 1495 3714 CVIII.

780 3751 836 3806 lu
901 3752 1059 3808 linem
1113 3751 1346 3821 psalmus
1401 3750 1584 3805 David.

993 3860 1368 3902 ARGUHENTUM.

471 3935 582 3989 Sub
617 3933 1034 3989 Machabaeorum
1065 3948 1289 4002 persona
1320 3934 1547 3998 canitur,
1575 3931 1964 4000 deplorantium

389 4021 519 4074 quae
544 4004 612 4058 ab
646 4007 844 4058 exteris
891 4015 944 4059 ct
984 4004 1294 4058 domesticis
1341 4004 1561 4057 adversa
1612 4002 1962 4074 pertulerunt,

406 4071 890 4142 postulantiumque
921 4074 1172 4128 ultionem
1205 4075 1255 4127 iu
1285 4087 1381 4126 eos
1411 4075 1497 4142 qui
1525 4071 1842 4126 Antiochum
1881 4071 1966 4126 vel

399 4145 724 4198 Demetrium
751 4159 900 4212 reges
928 4146 980 4198 in
1023 4159 1206 4197 eorum
1257 4145 1376 4195 odia
1431 4142 1556 4194 lalsa
1596 4143 1966 4212 criminatione

397 4211 831 4276 succenderant,
863 4215 1058 4282 quique
1113 4213 1353 4266 venalem
1401 4212 1634 4282 fecerant
1681 4211 1964 4266 sacerdotii

397 4286 743 4352 dignitatem;
776 4284 916 4350 quod
963 4297 1067 4335 non
1100 4291 1300 4352 tantum
1347 4281 1562 4334 excluso
1592 4282 1726 4352 Uuia
1771 4283 1962 4352 factum

399 4350 506 4415 esi,
535 4355 626 4407 sed
675 4368 767 4419 per
795 4367 953 4404 omne
984 4363 1189 4418 tempus
1219 4351 1472 4419 deinceps
1507 4366 1610 4416 quo
1637 4351 1816 4404 Judaea
1851 4350 1964 4419 Ma:

394 4425 631 4476 chabaiis
655 4417 736 4474 est
765 4417 1130 4488 proeliantibus
1156 4417 1425 4476 libcrataﬁ
1444 4419 1612 4474 Aliter
1637 4435 1734 4473 vos
1763 4417 1961 4473 Christi

395 4494 462 4544 ad
495 4493 704 4546 Patrem
733 4493 800 4546 de
823 4491 1040 4546 Judaeis.

1003 4597 1168 4634 ΕιΡιΔ
1176 4593 1351 4634 ΝΔἸῚΟ.

472 4669 666 4722 Titulus
694 4673 784 4723 iste
811 4670 1098 4723 notissimus
1122 4673 1393 4738 psalmuttt
1420 4671 1572 4735 refert
1600 4670 1667 4719 ad
1695 4667 1965 4720 Dominum

395 4738 670 4793 Christum.
711 4742 884 4792 Prima
915 4755 1055 4806 parte
1099 4737 1344 4790 Dominus
1367 4737 1578 4790 Judwos
1608 4741 1850 4804 increpat,
1878 4739 1965 4804 qui

397 4812 533 4860 mala
560 4826 650 4878 pro
680 4812 818 4862 bonis
841 4812 1067 4861 Creatori
1091 4824 1180 4860 suo
1204 4810 1414 4860 reddtre
1435 4813 1742 4860 maluerunt.
1772 4807 1965 4859 Secun-

394 4881 464 4931 da
491 4877 644 4931 Judw
671 4883 930 4930 traditoris
957 4889 1002 4929 et
1025 4880 1208 4946 pcr/idi
1236 4879 1413 4946 pepuli
1442 4878 1960 4946 narraturiniquitus,

394 4957 443 4999 et
473 4964 584 5017 quur
608 4950 713 5000 illis
743 4959 884 5000 erant
911 4966 1001 5013 pro
1026 4945 1167 5000 tanta
1196 4945 1382 5001 scelere
1412 4955 1640 4998 ventura.
1667 4945 1832 4998 Tertia
1859 4963 1966 5014 pre-

394 5029 542 5070 catur
563 5028 615 5070 ut
643 5020 877 5071 liberatus
898 5034 928 5069 a
948 5021 1172 5086 periculo
1195 5017 1442 5085 passionis
1466 5029 1564 5069 cito
1590 5019 1966 5069 resurrections

393 5089 612 5156 gloriam
639 5099 990 5156 consequatur.

966 5181 1382 5221 COMMENTARIUS.

468 5257 605 5310 Deus
635 5258 835 5309 laudem
863 5273 1026 5310 nteant
1051 5274 1111 5310 ne
1138 5260 1374 5321 tacueris,
1400 5257 1518 5324 quia
1543 5272 1599 5308 os
1623 5255 1896 5325 peccatoris
1917 5262 1965 5307 et

391 5344 451 5381 os
480 5329 644 5380 dolosi
669 5344 818 5396 super
838 5344 915 5379 nte
943 5341 1169 5397 opertum
1192 5337 1285 5380 est.
1317 5327 1441 5379 Ilucc
1470 5327 1626 5379 Verba
1664 5325 1965 5397 referuntur

391 5402 447 5451 in
494 5400 664 5466 ﬁnem,
700 5395 749 5450 id
781 5408 879 5460 est,
913 5395 1286 5461 intjhristum,
1318 5412 1435 5464 qua:
1461 5407 1584 5448 sunt
1631 5395 1856 5463 psalmus
1884 5405 1965 5446 at-

394 5465 624 5522 tributus
667 5469 764 5534 ipsi
807 5465 988 5519 David.
1021 5466 1372 5521 Commendat
1399 5468 1539 5519 enim
1581 5467 1732 5517 nobis
1767 5467 1817 5516 ιιι
1865 5467 1964 5516 hoc

391 5541 599 5607 psalmo
625 5546 784 5603 caput
814 5551 1052 5591 n05trum
1082 5552 1230 5589 suam
1265 5538 1580 5603 passionem,
1607 5544 1662 5586 ut
1689 5548 1962 5586 commen-

391 5610 486 5660 det
532 5616 586 5660 et
632 5611 1092 5671 resurrectionem,
1148 5608 1198 5659 id
1242 5614 1344 5672 est,
1389 5607 1868 5658 remunerationem
1911 5610 1966 5654 et

391 5679 614 5744 gloriam
650 5679 931 5743 passionis,
957 5678 1075 5744 quia
1099 5677 1142 5728 si
1162 5677 1516 5741 compatimur,
1540 5684 1586 5726 et
1611 5672 1966 5744 conglori/ica-

389 5741 579 5801 bimur.
611 5741 672 5800 Et
699 5755 779 5802 est
807 5762 954 5816 quasi
976 5741 1120 5800 dicat
1147 5762 1162 5798 :
1200 5747 1444 5799 Paratum
1474 5759 1559 5798 cor
1583 5741 1770 5811 meum,
1802 5741 1960 5807 Deus,

2067 1849 2386 1908 merueram,
2406 1849 2462 1890 ut
2484 1855 2556 1890 me
2572 1839 2854 1908 diligerent.
2888 1841 3116 1894 Mortuus
3137 1846 3275 1895 enim
3305 1839 3484 1897 eorum
3512 1859 3634 1898 sos-

2067 1907 2372 1976 citaveram,
2419 1907 3038 1972 inlirmos’sanaveram,
3088 1926 3257 1964 caacos
3305 1915 3634 1976 illuminave-

2068 1975 2351 2051 r_am._lfro
2394 1978 2580 2051 quibus
2611 1994 2741 2051 cum
2773 1994 2856 2032 me
2899 1980 3118 2051 diligere
3147 1983 3422 2048 deberent,
3462 1985 3636 2051 potius

2067 2045 2388 2118 detrahebant
2417 2046 2558 2109 mihi,
2591 2049 2825 2101 dicentes
2859 2067 2870 2100 :
2901 2045 3023 2102 Non
3065 2060 3134 2103 est
3159 2053 3240 2103 hic
3264 2045 3416 2104 homo
3446 2045 3476 2104 ἁ
3507 2054 3634 2118 Deo,

2067 2115 2157 2181 qui
2186 2114 2466 2168 Sabbutum
2493 2132 2594 2168 non
2635 2120 2874 2181 custodit,
2906 2129 2959 2172 et
2987 2121 3200 2174 similia.
3239 2122 3279 2175 Ε
3326 2132 3506 2174 contra
3549 2114 3637 2174 an;

2068 2192 2172 2259 tem
2203 2201 2293 2254 ego
2328 2201 2421 2259 pro
2449 2186 2762 2259 eisAorabam
2803 2189 2984 2259 dicens
3013 2206 3026 2242 :
3063 2188 3236 2254 Pater,
3285 2193 3484 2259 ignosce
3509 2194 3633 2256 illis,

2065 2253 2434 2330 quia__nesciunt
2461 2255 2581 2323 quid
2595 2257 2822 2330 faciant.
2851 2258 2914 2310 Et
2945 2259 3081 2330 quod
3115 2253 3442 2327 potissimum
3470 2253 3638 2330 genus

2066 2325 2429 2395 retributionis
2457 2335 2558 2387 est,
2593 2327 2689 2393 ipsi
2721 2336 3017 2394 posuerunt,
3048 2325 3240 2395 id'cst,
3284 2325 3504 2384 lirmitei-
3527 2344 3634 2386 sta-

2071 2400 2284 2469 tuerunt
2313 2394 2448 2446 mala
2477 2411 2567 2469 pro
2593 2397 2736 2469 bonis
2771 2396 3159 2469 adversum‘rne,
3192 2394 3243 2452 id
3275 2409 3374 2461 est,
3403 2400 3634 2469 actione,

2065 2471 2112 2539 et
2137 2463 2308 2539 odium
2333 2479 2427 2539 pro
2453 2465 2729 2539 dilectione
2755 2482 2867 2539 mea
2913 2470 2964 2520 ιιι
3004 2465 3301 2539 all‘ectione.
3332 2469 3408 2522 Tu
3433 2463 3632 2539 autem,

2067 2529 2309 2598 Domine,
2334 2529 2604 2607 reddeeis
2631 2535 2768 2603 quod
2799 2546 3089 2607 uterentur.
3139 2537 3249 2591 lloc
3285 2529 3634 2607 arquipolleul

2066 2609 2148 2654 ter
2193 2617 2296 2674 non
2346 2604 2741 2669 maledicendo,
2771 2604 2864 2658 sed
2917 2607 3301 2674 prophetaodo,
3350 2604 3406 2661 et
3428 2604 3633 2664 divinae

2066 2673 2342 2745 sententia:
2382 2673 2775 2745 aggratulaudo,
2816 2673 3021 2729 dicens
3045 2676 3117 2729 ita
3151 2694 3162 2728 :
3195 2678 3631 2745 Quandoquidem

2067 2741 2396 2815 populariter
2435 2743 2522 2796 ille
2565 2742 2751 2815 subjici
2778 2745 2929 2815 mihi
2977 2745 3164 2811 noluit,
3213 2761 3358 2815 ergo,
3393 2741 3630 2813 Domine,

2065 2812 2313 2884 constitue
2361 2823 2688 2881 peccatorem,
2739 2813 2789 2866 id
2834 2825 2934 2880 est,
2990 2827 3190 2883 patrem
3238 2812 3397 2870 ttitius
3434 2812 3632 2884 peccati

2064 2879 2370 2954 diabolum,
2403 2896 2563 2954 super
2607 2898 2747 2954 eum.
2801 2884 2868 2937 Et
2913 2879 3012 2937 hoc
3039 2885 3192 2948 adeo,
3223 2888 3362 2954 quod
3400 2879 3634 2942 diabolus

2065 2958 2216 3024 _ste_t_a
2244 2949 2462 3003 dexteris
2488 2955 2617 3020 ejus,
2653 2953 2834 3024 idest,
2871 2955 3070 3018 potiora
3105 2949 3296 3009 habeat.
3324 2972 3482 3024 opera
3515 2959 3633 3010 ilia-

2067 3017 2171 3092 buli
2219 3036 2375 3086 qum)
2423 3017 2527 3092 tua,
2578 3032 2631 3074 nt
2676 3021 2755 3092 sic
2789 3017 3054 3088 jttdicetur
3097 3040 3147 3078 et
3191 3026 3272 3078 hic
3303 3017 3632 3092 et'tandeut;

2069 3087 2169 3142 hoc
2198 3100 2278 3142 est
2322 3091 2458 3158 quod
2489 3091 2610 3144 dicit
2643 3108 2656 3144 :
2703 3087 2826 3144 Cum
2856 3095 3115 3159 iudicatur
3159 3094 3245 3148 hic
3296 3111 3388 3161 per
3417 3087 3635 3150 interio;

2070 3173 2180 3227 rem
2208 3160 2634 3224 excmcationem,
2666 3171 2806 3213 exeat
2831 3165 2986 3215 etiam
3015 3164 3222 3216 tandem
3249 3160 3630 3227 condsmnatus,

2069 3226 2118 3279 id
2150 3238 2250 3291 cst,
2289 3245 2350 3281 ex
2380 3239 2486 3281 tum
2520 3229 2708 3282 habeat
2748 3240 2998 3282 aeternam
3037 3233 3552 3298 condemnationem,
3581 3226 3630 3288 et

2069 3299 2362 3371 oratio‘ejns
2408 3301 2504 3371 ﬁat
2543 3300 2594 3371 in
2637 3309 2908 3371 peccatum.
2939 3301 3122 3371 omnis
3147 3301 3287 3353 enim
3318 3304 3486 3355 oratio
3511 3321 3630 3371 quin

2069 3381 2186 3438 non
2218 3366 2276 3419 lit
2323 3383 2414 3433 per
2462 3367 2801 3421 Mediatorem
2854 3369 3133 3422 Dominum
3180 3383 3418 3424 nostrum
3447 3366 3628 3427 lusum

2067 3436 2351 3508 Christum,
2388 3453 2489 3488 non
2521 3448 2703 3505 purgat
2751 3451 3042 3504 peccatum,
3084 3439 3177 3493 sed
3207 3449 3382 3508 auget.
3417 3443 3481 3495 lit.
3511 3445 3630 3496 ideo

2067 3505 2191 3558 dicit
2219 3507 2438 3580 ;_0ratio
2474 3508 2729 3580 ejus-ﬁat
2775 3509 3151 3580 inupeccatum,
3201 3518 3254 3562 et
3281 3505 3388 3561 dies
3413 3515 3546 3580 ejus,
3577 3515 3627 3566 id

2068 3584 2168 3636 est,
2201 3577 2314 3629 dies
2343 3578 2483 3644 regni
2507 3588 2558 3630 et
2587 3578 2888 3640 sacerdotii,
2921 3592 3051 3644 quos
3083 3594 3174 3645 per
3203 3577 3626 3634 mortem—meam

2070 3648 2329 3711 promittit
2346 3649 2443 3697 sibi
2470 3648 2730 3714 longiores
2754 3650 2888 3710 lieri,
2911 3663 3002 3714 per
3022 3649 3188 3714 ipsam
3213 3657 3434 3701 mortem
3459 3666 3628 3704 meam

2070 3713 2195 3788 fiant
2225 3718 2392 3780 pauci.
2418 3713 2577 3788 Sient
2601 3732 2784 3771 revera
2833 3713 3155 3783 lacturuiest,
3195 3717 3314 3785 quia
3344 3721 3631 3788 quadrage-

2068 3785 2208 3836 simo
2233 3786 2466 3838 secundo
2490 3800 2629 3838 anno
2652 3787 2904 3840 destructi
2933 3798 3052 3840 sunt
3085 3788 3290 3853 penitus
3317 3802 3345 3839 a
3380 3785 3631 3844 Romanis

2068 3855 2408 3922 principibus.
2439 3854 2504 3907 Et
2531 3858 2870 3924 episcOpatum
2893 3858 3024 3920 eius,
3051 3858 3102 3909 id
3131 3869 3229 3920 est,
3256 3860 3628 3923 sacerdotium,

2071 3925 2298 3993 scilicet.
2330 3925 2570 3979 ordinem
2611 3926 3015 3989 Melchisedech,
3063 3927 3202 3993 quod
3236 3929 3548 3993 promissum
3581 3931 3630 3982 ci

2069 3990 2163 4046 fuit
2212 4008 2304 4061 per
2346 3997 2676 4050 sacerdotem
2710 4000 2907 4058 Aaron,
2941 3990 3159 4062 accipiat
3196 3990 3368 4062 potius
3403 3998 3551 4061 alter,
3581 3999 3630 4051 id

2066 4072 2169 4128 est,
2217 4064 2447 4134 gentilis.
2493 4065 2558 4117 Et
2605 4065 2720 4132 ﬁlii,
2768 4067 2818 4120 id
2866 4077 2966 4132 est,
3008 4079 3353 4134 successores
3373 4068 3480 4134 ejus
3507 4071 3634 4130 [iant

2065 4133 2300 4200 orpltani.
2331 4133 2464 4204 Vere
2491 4135 2630 4204 enim
2677 4146 2761 4188 est
2805 4135 3093 4204 orphanus,
3126 4135 3216 4203 qui
3261 4152 3288 4185 a
3331 4133 3440 4188 Deo
3479 4137 3636 4193 Patre

2065 4206 2284 4272 orbatus
2311 4203 2442 4269 patri
2469 4203 2680 4256 diabolo
2717 4203 2950 4272 subjiCit.
2983 4203 3047 4256 Et
3096 4220 3224 4257 uxor
3271 4204 3381 4272 ejus
3420 4205 3514 4271 ﬁat
3555 4207 3632 4258 vi-

2067 4272 2190 4324 dua.
2229 4271 2453 4327 Uxorem
2485 4276 2621 4326 illius
2651 4271 2826 4341 populi
2851 4283 2997 4342 potes
3020 4275 3282 4342 accipcre,
3313 4274 3391 4325 vel
3420 4275 3630 4341 plebem

2065 4342 2349 4413 subditam,
2376 4343 2457 4396 vel
2485 4343 2746 4396 civitatein
2776 4345 2966 4413 ip-am,
2995 4344 3045 4396 in
3073 4358 3172 4410 qua
3207 4344 3345 4393 velut
3376 4358 3424 4394 in
3467 4358 3632 4398 uxore

2065 4412 2482 4467 delectabantur.
2511 4415 2574 4466 Et
2605 4414 2750 4481 plebs
2777 4412 2986 4481 quidem
3022 4417 3224 4464 viduata
3247 4422 3348 4469 εει,
3372 4414 3489 4478 quia
3511 4413 3628 4466 sine

1990 4474 2040 4531 D
2067 4483 2213 4534 omni
2244 4484 2497 4550 regimine
2527 4474 2666 4536 lac-ta
2703 4474 2816 4545 est';
2845 4493 2898 4536 et
2941 4483 3098 4534 etiam
3122 4482 3352 4550 “civitas,
3390 4474 3522 4548 quia
3561 4483 3630 4536 ab

2067 4553 2196 4618 ipsis
2225 4549 2585 4604 estdesolata.
2636 4554 2700 4604 Et
2748 4552 2866 4604 ideo
2906 4552 3030 4606 dicit
3063 4567 3076 4603 :
3114 4549 3254 4605 Uxor
3298 4551 3409 4616 ejus
3455 4550 3627 4604 vidua.

2068 4621 2134 4672 Et
2162 4620 2258 4686 ﬁlii
2287 4621 2395 4688 ejus
2423 4621 2792 4688 transferantur
2819 4636 2848 4672 a
2878 4621 2990 4674 loco
3015 4621 3079 4672 ad
3113 4625 3303 4680 locum,
3339 4635 3430 4686 per
3459 4627 3627 4673 totum

2065 4695 2315 4741 mundum
2346 4701 2596 4754 nutantes,
2629 4691 2681 4743 id
2711 4701 2812 4754 est,
2844 4691 3037 4742 nullam
3082 4699 3283 4742 certam
3328 4691 3504 4741 sedem
3536 4691 3632 4742 Ita-

2065 4758 2270 4812 bentes.
2302 4757 2366 4808 Et
2400 4759 2591 4826 ubique
2619 4763 2919 4818 mendicent,
2955 4762 3002 4810 id
3033 4767 3130 4818 est,
3159 4758 3329 4809 aliena
3357 4771 3456 4824 Ope
3487 4759 3627 4811 iudi-

2061 4838 2237 4895 geaut.
2272 4827 2334 4879 Et
2361 4831 2624 4894 ejicmnlur
2652 4831 2713 4881 de
2761 4829 3145 4880 habitationibus
3173 4827 3298 4889 suis,
3331 4826 3382 4878 id
3425 4837 3524 4891 est,
3561 4829 3631 4882 de

2065 4898 2288 4964 propriis
2331 4899 2459 4948 locis
2489 4899 2618 4962 suis,
2649 4899 2728 4950 vel
2775 4898 2839 4951 de
2879 4898 3165 4949 stabilitate
3209 4897 3384 4949 cordis
3413 4899 3491 4949 sui
3528 4899 3626 4964 eji-

2062 4968 2265 5019 ciaotur
2295 4980 2386 5032 per
2414 4968 2610 5019 fumum
2656 4970 2809 5020 malae
2851 4968 3208 5020 conscientiaz.
3257 4967 3320 5018 Et
3351 4970 3624 5035 fenerator,

2065 5038 2114 5088 id
2142 5047 2241 5100 est,
2274 5035 2534 5100 diabolus,
2559 5038 2647 5103 qui
2697 5039 2814 5090 ideo
2853 5035 2956 5089 labi
3005 5038 3270 5087 hominem
3317 5035 3369 5086 in
3411 5036 3625 5102 aliquod

2063 5122 2223 5173 grave
2252 5113 2519 5171 peccaturo
2551 5106 2692 5174 facit,
2723 5116 2778 5159 ιιι
2824 5119 3001 5173 postea
3052 5105 3102 5158 in
3134 5105 3276 5157 aliud
3315 5106 3625 5171 praecipitet,

2063 5187 2114 5228 et
2153 5179 2339 5228 iterum
2390 5177 2441 5227 in
2473 5177 2633 5236 aliud,
2682 5186 2734 5230 et
2782 5185 3055 5242 propterea
3104 5175 3294 5227 dicitur
3339 5180 3624 5227 tenerator.

2065 5246 2176 5310 Ille,
2200 5247 2436 5310 inquam,
2464 5256 2708 5297 scrutetur
2729 5261 2920 5297 omnem
2944 5245 3270 5298 substantiam
3292 5244 3424 5311 ejus,
3453 5243 3498 5292 id
3523 5254 3625 5306 est,

2063 5330 2220 5368 onine
2247 5324 2520 5380 peccatutu
2550 5317 2688 5367 illius
2728 5316 2924 5382 populi,
2958 5330 3049 5381 per
3079 5318 3212 5380 quod
3247 5319 3356 5378 ipse
3387 5326 3443 5382 se
3471 5313 3628 5363 susti-

2066 5399 2192 5439 nere
2231 5383 2421 5449 credit,
2462 5380 2737 5438 scrutetur
2766 5380 2820 5437 ul
2847 5385 3044 5436 nullum
3090 5385 3348 5447 relinquat
3400 5380 3628 5449 impuni-

2065 5467 2194 5508 tum.
2223 5457 2352 5506 Cum
2383 5448 2522 5507 enim
2551 5454 2786 5508 dicerent
2822 5472 2834 5506 :
2868 5455 2926 5506 Si
2957 5453 3252 5504 dimittimus
3279 5465 3391 5501 eum
3425 5448 3521 5515 sic,
3548 5466 3629 5502 ve-

2064 5528 2197 5576 nient
2227 5521 2468 5587 Romani,
2505 5533 2550 5576 et
2595 5525 2768 5578 tollent
2796 5533 3020 5575 nostrum
3057 5523 3219 5573 locum
3249 5528 3293 5569 et
3322 5528 3554 5587 gentem;
3575 5530 3629 5573 et

2064 5597 2184 5648 ideo
2233 5603 2504 5659 peccatum
2547 5608 2732 5647 eorum
2779 5592 3070 5646 sobstantia
3117 5591 3338 5650 dicitur;
3378 5599 3436 5659 et
3474 5590 3628 5641 alieni

2064 5658 2304 5738 diripiant
2334 5663 2526 5738 labores
2570 5665 2711 5738 ejus;
2755 5662 3112 5738 adhuceuim
3157 5658 3624 5738 circutttciduntur,

2064 5746 2117 5789 et
2147 5729 2250 5787 alia
2279 5733 2462 5802 lcgalia
2492 5729 2818 5790 custodiunt.
2857 5732 2962 5788 Sed
3008 5733 3110 5787 hoc
3149 5729 3364 5800 maligni
3411 5729 3627 5798 spiritus
