4026 6200
413 346 434 401 Ι
446 340 542 402 Οἰτι

872 338 1073 398 ΒΕῡτΕ
1113 339 1563 398 VENERABILIS
1599 340 1750 397 OPP.
1796 337 1970 394 PARS
2009 338 2072 394 ll.
2113 335 2303 391 SECT.
2356 334 2420 393 11.
2465 365 2532 377 --
2572 332 2781 392 DUBIA
2826 334 2913 390 ET
2950 332 3217 390 SPURIA.

3520 336 3661 393 £031

408 455 683 522 diripiunt,
713 466 834 518 quia
882 449 1170 522 inefﬁcacia
1210 456 1270 522 et
1314 450 1512 522 inutilia
1561 450 1805 522 reddunt.
1857 448 1977 515 quia
2008 449 2054 506 Α
2088 445 2265 522 {quasi
2293 444 2458 513 dicat)
2490 447 2578 513 qui
2616 446 2915 522 solost-ere
2944 444 3196 497 Durnium
3216 459 3295 505 es,
3327 445 3410 513 [ac
3438 464 3659 515 neeum,

408 519 721 590 qui—hostes
769 530 893 574 sunt
938 519 1329 590 meriloialieni
1371 520 1635 573 dicuntur.
1690 520 1778 572 Vel
1810 529 1984 586 potest

407 589 510 646 dici
558 602 697 645 totus
744 592 826 643 hic
872 605 1055 642 versus
1102 589 1167 641 ad
1218 590 1386 642 solam
1433 589 1876 653 similitudinem;
1907 591 1986 643 sic

410 668 682 729 fenerator,
712 661 759 712 id
787 670 889 724 est,
922 658 1073 712 Titus
1102 660 1183 713 vel
1220 659 1590 728 Vespasianus,
1614 661 1986 726 comparabilis

413 732 718 792 t'eneratori,
751 731 836 796 qui
889 743 1099 781 omnem
1146 730 1531 798 supellectilem
1578 730 1836 783 debitoris
1880 745 1984 783 non

412 801 636 854 valentis
677 799 933 852 creditum
986 799 1208 852 reddere
1262 808 1622 866 perscrutatur
1674 811 1726 854 et
1773 798 1981 860 auio-rt,

410 880 662 924 scrutetur
702 885 900 921 omnem
946 869 1279 920 substantiam
1322 872 1435 939 ejus
1483 870 1677 937 pepuli.
1721 870 1906 927 Alieni.
1934 870 1985 922 id

410 951 515 1004 est,
542 942 734 992 milites
763 954 973 1001 eorum,
1000 939 1244 1009 diripiant
1270 938 1466 991 labores
1492 942 1623 1009 ejus,
1653 951 1707 991 ιιι
1737 941 1864 992 nihil
1895 940 1987 993 fiat

412 1013 459 1062 ei
495 1010 775 1075 reliquum.
828 1009 891 1061 Et
933 1008 1052 1075 quia
1104 1023 1189 1061 me
1233 1010 1524 1076 adjutoretn
1572 1010 1767 1063 habere
1794 1011 1984 1064 nolue-

410 1087 556 1139 runt,
587 1095 688 1131 non
730 1080 794 1132 sit
826 1080 869 1131 ei
897 1078 1088 1146 aliquis
1116 1079 1343 1148 adjutor,
1376 1094 1474 1133 nec
1522 1096 1639 1146 rex,
1672 1094 1770 1134 nec
1807 1094 1989 1133 sacer-

414 1151 531 1212 dos,
564 1165 658 1202 nec
687 1149 749 1202 sit
774 1153 861 1215 qui
891 1150 1189 1201 misereatur
1219 1149 1431 1215 pupillis
1477 1153 1606 1215 ejus,
1654 1151 1702 1202 id
1749 1159 1850 1208 est,
1894 1166 1985 1215 po—

412 1220 571 1272 steris
601 1234 629 1271 a
678 1227 735 1290 te
776 1222 885 1271 Deo
919 1233 1047 1271 vero
1073 1220 1295 1290 orbatis.
1343 1218 1447 1273 Sed
1491 1221 1619 1287 ﬁant
1659 1222 1770 1290 nati
1796 1223 1904 1290 ejus
1934 1222 1985 1273 in

413 1289 695 1351 interitum,
724 1288 774 1341 id
806 1297 908 1352 est,
941 1290 1075 1341 tales
1122 1288 1229 1342 sint
1279 1304 1464 1343 omnes
1497 1292 1689 1357 posteri
1727 1288 1863 1356 ejus,
1896 1292 1983 1355 qui

418 1359 695 1412 videantur
724 1373 844 1412 esse
874 1358 1007 1420 nati,
1040 1373 1145 1410 non
1178 1368 1234 1410 ut
1264 1359 1463 1418 vivant,
1496 1361 1591 1414 sed
1626 1371 1679 1413 ut
1719 1363 1985 1413 asternali-

419 1439 499 1480 ter
529 1429 825 1489 intereant;
856 1438 903 1480 et
934 1444 1135 1488 nomen,
1171 1428 1221 1480 id
1242 1438 1343 1491 est,
1376 1432 1651 1487 memoria.
1682 1433 1793 1496 ejus
1815 1431 1985 1482 delea-

416 1508 499 1550 tur
519 1498 572 1549 in
603 1501 924 1568 generatione
951 1513 1071 1559 una,
1116 1498 1165 1550 id
1206 1508 1308 1563 est,
1342 1500 1391 1553 in
1419 1502 1763 1568 generatione
1785 1502 1984 1554 carnali

416 1577 642 1632 tantum,
674 1576 729 1620 et
767 1583 1036 1635 nunquam
1068 1569 1242 1621 veniat
1292 1569 1357 1621 ad
1403 1571 1750 1635 spiritualem.
1796 1571 1859 1623 Et
1888 1572 1980 1623 ini~

415 1639 681 1710 qui:as,id
711 1648 812 1700 est,
844 1647 1175 1710 tnurmuret
1218 1640 1581 1700 cervicositas.
1625 1654 1823 1709 patrum
1874 1644 1986 1710 ejts

412 1711 586 1760 redeat
617 1707 669 1759 in
715 1712 1030 1769 memoriam,
1072 1708 1122 1760 id
1152 1718 1253 1772 est,
1294 1723 1396 1761 non
1451 1707 1686 1763 tradatur
1711 1707 1981 1776 nblivEtini,

2086 517 2136 567 id
2167 522 2271 578 est,
2301 530 2591 581 cooperare
2616 516 2747 567 Inibi
2782 516 2831 567 in
2860 527 3115 568 resurrect
3141 529 3245 567 οιιε
3276 531 3389 569 mea
3417 533 3521 570 non
3542 535 3667 585 pro-

2087 596 2202 651 pter
2229 586 2474 637 meritum
2500 600 2697 646 meum,
2728 586 2819 637 Sed
2852 600 3055 654 propter
3078 602 3257 637 nomen
3282 595 3426 638 tuum
3450 605 3546 649 per
3570 606 3657 643 me

2084 654 2516 719 glorilicaudnm;
2547 664 2606 707 et
2636 658 2744 721 ipse
2770 660 3062 708 secundum
3094 660 3309 707 Verbum
3342 670 3401 709 se
3430 660 3661 712 re~u~ci-

2086 724 2245 788 tavit,
2275 734 2327 776 et
2352 735 2501 790 pater
2528 740 2651 777 eum
2679 726 3011 777 resuscitavit
3038 744 3048 777 :
3080 734 3134 777 ει
3162 726 3280 777 ideo
3300 729 3474 793 (quasi
3493 730 3663 795 dicat)

2087 809 2217 861 rogo
2269 802 2323 846 ttt
2369 808 2579 847 mecum
2608 795 2789 856 lacius,
2816 796 2936 861 quia
2967 795 3313 847 misericordia
3343 807 3451 858 tua,
3478 797 3529 849 id
3558 809 3664 859 est,

2085 864 2407 916 resttrrectio
2456 863 2599 916 facta
2643 881 2736 927 per
2764 866 3183 917 miserictirdiam
3219 878 3381 925 tuam,
3417 878 3501 919 est
3531 872 3664 919 mibi

2086 934 2255 986 suavis
2291 936 2582 987 secundum
2635 935 2942 991 hominem;
2997 935 3075 987 vel
3108 936 3302 987 aliter:
3338 934 3415 987 Tu
3449 938 3667 990 haurite

2087 1003 2169 1072 {ac
2211 1018 2421 1063 mecum,
2477 1005 2525 1055 id
2568 1013 2670 1066 cst,
2720 1002 2910 1072 adjuva
2956 1021 3040 1057 me
3083 1006 3133 1057 in
3173 1006 3495 1072 perlicienda
3529 1008 3666 1061 ube—

2086 1075 2284 1126 dieutia
2335 1086 2537 1143 propter
2586 1091 2763 1146 nomen
2814 1084 2975 1135 tuum,
3028 1092 3129 1127 non
3165 1084 3382 1146 propter
3413 1081 3663 1132 meritam

2090 1158 2300 1208 meum;
2350 1154 2402 1197 et
2445 1151 2541 1197 hoc
2593 1145 2726 1207 ideo,
2778 1147 2902 1212 quia
2952 1145 3300 1198 misericordia
3327 1156 3434 1211 tua,
3477 1150 3527 1198 ul
3555 1158 3663 1209 est,

2087 1213 2339 1265 auxilium
2391 1223 2534 1267 tttnm
2574 1224 2658 1267 est
2702 1214 2828 1266 ntilti
2876 1229 3057 1267 sutve.
3106 1217 3364 1281 Quocirca
3403 1216 3563 1269 libera
3587 1235 3667 1271 me

2089 1282 2476 1349 resuscitando,
2510 1284 2589 1336 vel
2618 1285 2966 1337 constantiam
2997 1287 3190 1348 dando,
3214 1303 3333 1352 quia
3353 1303 3443 1353 ego
3467 1304 3582 1340 sunt
3612 1291 3664 1338 in

2089 1367 2175 1405 me
2206 1354 2319 1420 ipso
2341 1361 2598 1427 egenuset
2628 1370 2842 1427 pauper,
2894 1355 2943 1407 id
2966 1366 3068 1419 εει,
3104 1364 3293 1427 reputo
3321 1371 3405 1410 me
3429 1373 3660 1427 egenum

2087 1431 2141 1473 et
2163 1437 2463 1489 pauperem.
2512 1423 2573 1474 Et
2604 1425 2741 1491 quod
2771 1440 2856 1476 cor
2886 1440 3050 1476 meum
3088 1426 3437 1477 conturbatum
3472 1438 3547 1479 est
3575 1423 3667 1491 per

2090 1492 2246 1545 tristit
2271 1508 2355 1544 aut
2408 1495 2689 1558 passionis,
2734 1494 2832 1546 hoc
2861 1494 2996 1545 intra
3024 1510 3101 1545 me
3123 1504 3225 1557 est,
3262 1498 3308 1546 id
3338 1505 3443 1555 est,
3475 1506 3671 1561 Sponte

2091 1578 2228 1624 utea,
2279 1578 2386 1614 non
2430 1579 2492 1616 ex
2526 1564 2787 1615 coatione.
2823 1564 2973 1617 Unde
3000 1565 3146 1624 alibi,
3188 1562 3355 1617 Volun
3379 1569 3489 1616 arie
3507 1583 3666 1618 sarrt-

2088 1632 2250 1698 ﬁcnbo
2282 1633 2388 1690 tibi.
2412 1643 2464 1685 et
2506 1642 2732 1696 caetera;
2770 1634 2851 1687 vel
2882 1634 3055 1698 aliter,
3084 1633 3185 1685 Cor
3207 1651 3371 1686 meum
3393 1638 3669 1689 Conturba-

2093 1716 2200 1753 tum
2246 1713 2317 1755 est
2369 1717 2471 1755 non
2521 1712 2736 1769 pr0pter
2780 1719 2883 1769 me,
2933 1704 3025 1756 sed
3052 1707 3174 1773 quia
3203 1712 3317 1757 tran
3353 1706 3467 1757 l’eru
3499 1710 3550 1760 in
3582 1723 3669 1760 uie

416 1778 511 1830 καί
538 1781 606 1830 εει
632 1778 685 1829 in
711 1788 979 1844 εοηερεειιι
1011 1776 1238 1841 Domini,
1268 1789 1316 1830 ει
1342 1790 1598 1845 peccatum
1637 1781 1810 1832 matri;
1853 1772 1982 1847 qua;
2018 1785 2064 1843 Β
2098 1774 2451 1847 inﬁrmitatem
2493 1772 2703 1825 illorum
2751 1774 2839 1838 qtti
2888 1776 3039 1847 intra
3071 1790 3148 1824 me
3176 1785 3321 1838 sunt,
3356 1775 3405 1827 id
3436 1784 3538 1839 est,
3570 1793 3663 1844 qut

416 1847 468 1899 id
496 1857 600 1911 est,
633 1849 947 1916 Synagogte,
982 1863 1080 1898 non
1112 1849 1343 1899 deleatur
1388 1862 1417 1899 a
1463 1852 1714 1901 ιιιειιιιιιίιι
1759 1849 1985 1906 Domini.

416 1920 567 1988 Quod
597 1929 677 1968 est
699 1918 878 1969 dicere
912 1935 923 1969 :
956 1917 1067 1969 Non
1092 1917 1262 1969 solum
1295 1926 1509 1983 peccata
1543 1934 1638 1984 pro
1680 1919 1752 1971 tia
1782 1935 1989 1988 eorum,

414 1987 510 2040 Sed
540 1989 700 2057 etiam
747 1988 936 2057 merita
984 1995 1523 2057 parentnmisuorutn
1564 1991 1733 2050 mala,
1766 1987 1990 2057 quorum

420 2055 714 2127 nequitiam
763 2055 1059 2127 imitantur,
1086 2057 1163 2110 eis
1194 2056 1511 2127 reddantur.
1548 2057 1679 2112 Vere
1721 2055 1862 2112 enim
1901 2077 1994 2127 per

420 2126 733 2197 prophetam
783 2126 980 2180 dictum
1030 2136 1113 2180 est
1145 2144 1157 2178 ε
1194 2124 1425 2179 Visitabo
1467 2139 1673 2197 peccata
1711 2124 1911 2194 patrunt
1939 2133 1992 2184 in

418 2196 551 2267 [ilius
578 2212 736 2267 usque
764 2196 815 2249 in
844 2198 1042 2267 tertiam
1070 2206 1117 2249 et
1156 2205 1387 2263 quartam
1417 2196 1621 2267 generat
1644 2215 1809 2253 ouem.
1845 2201 1903 2252 Et
1939 2212 1994 2255 nt

423 2265 525 2319 hoc
554 2264 642 2327 sit,
679 2266 763 2318 iiut
798 2265 1050 2334 iniquitas
1081 2275 1293 2335 patrum
1340 2276 1393 2319 et
1419 2264 1624 2321 'matris
1666 2282 1848 2323 contra
1892 2270 1932 2323 Ι)
1957 2301 1995 2313 .-

422 2335 649 2400 minuto,
683 2346 739 2390 ιιι
761 2353 865 2389 non
895 2336 1149 2389 oblivioni
1183 2338 1442 2401 tradatur,
1471 2338 1563 2391 sed
1595 2355 1809 2405 semper
1836 2342 1902 2393 ab
1929 2357 1994 2394 eo

419 2405 801 2473 conspiciatur,
833 2415 878 2460 et
909 2407 1155 2477 memoria
1184 2422 1369 2460 eorum
1402 2407 1654 2477 dispereat
1700 2411 1905 2476 penitus
1932 2414 1995 2465 de

421 2483 561 2548 terra
598 2477 910 2530 viventium.
940 2476 1091 2543 Quod
1126 2478 1315 2548 merito
1344 2476 1491 2540 dico,
1527 2480 1750 2546 scilicet,
1797 2497 1889 2548 pro
1935 2499 1994 2535 eo

418 2545 558 2618 quod
587 2562 686 2618 non
718 2557 791 2618 est
832 2548 1128 2618 recordatus
1158 2546 1323 2618 [acere
1349 2548 1695 2601 miricordiant
1740 2545 1836 2603 siin
1867 2550 1991 2618 ipsi,

418 2615 566 2682 juxta
601 2614 730 2667 illud
763 2616 1066 2670 Salomonis
1099 2634 1111 2667 :
1146 2616 1390 2668 Miserere
1428 2620 1609 2671 anima
1636 2631 1755 2679 tute,
1786 2631 1834 2674 et
1872 2614 1900 2673 ti
1934 2614 1995 2675 ne

424 2687 630 2757 placens
659 2685 759 2738 etis
792 2685 919 2739 Deo.
949 2686 1002 2757 lu
1035 2700 1140 2754 quo
1168 2696 1346 2740 autem
1395 2701 1443 2739 ιιι
1466 2702 1501 2741 n
1547 2690 1613 2740 sit
1661 2692 1991 2757 recordatus,

422 2756 656 2808 ostendit
682 2757 869 2810 dicens
899 2774 910 2807 :
947 2756 1012 2810 Et
1037 2765 1329 2824 persecutus
1350 2766 1426 2810 est
1462 2772 1548 2811 me
1589 2758 1840 2814 hominem
1873 2777 1992 2828 pro-

423 2832 543 2892 pter
572 2840 694 2877 eum
722 2830 914 2879 tactum
958 2827 1161 2895 inopem
1188 2836 1237 2879 et
1267 2829 1574 2894 mendicum,
1600 2840 1656 2884 et
1687 2846 1789 2883 non
1818 2834 1992 2885 solum

424 2908 532 2955 me,
567 2895 659 2947 sed
688 2898 846 2947 etiam
881 2910 1049 2959 meos,
1078 2898 1165 2962 qui
1197 2907 1508 2963 persecutus
1536 2910 1616 2953 est
1646 2902 1827 2953 volens
1857 2919 1996 2954 more

422 2963 623 3029 ti/irare
650 2979 915 3033 quemque
964 2966 1231 3018 hominem
1261 2978 1617 3033 compunctum
1655 2972 1825 3036 corde,
1857 2975 1995 3027 sit-ut

424 3045 640 3107 sanctos
670 3036 960 3107 apostolos,
991 3044 1047 3088 et
1069 3036 1231 3087 etiam
1266 3050 1459 3107 omnes
1498 3039 1615 3089 illos
1644 3042 1730 3107 qui
1773 3044 1994 3095 venien-

426 3111 507 3154 tes
535 3102 600 3155 ad
624 3106 1175 3197 8|t08|lliOSLtilXerlilll
1209 3123 1219 3155 :
1251 3104 1387 3186 Quid
1425 3102 1686 3173 faciemus,
1738 3112 1834 3164 t'iri
1877 3110 1997 3179 {ro-
2023 3134 2072 3197 ρ

425 3182 545 3237 tres,
569 3182 622 3225 et
651 3184 861 3227 ett-tera.
898 3176 962 3227 Et
993 3191 1042 3227 ιιι
1092 3177 1191 3229 hoc
1221 3178 1377 3229 etiam
1428 3193 1527 3229 uon
1574 3176 1885 3235 recordatus
1922 3193 1996 3236 est

424 3243 593 3319 (acere
623 3244 725 3319 sibi
762 3246 1181 3319 misericordiam,
1211 3246 1298 3311 qui
1348 3247 1527 3300 dilexit
1570 3251 1994 3319 maledictionem,

424 3313 608 3367 dicens
628 3331 663 3386 _:_
687 3312 911 3385 Sanguis
955 3317 1063 3384 ejus
1109 3331 1261 3385 super
1310 3333 1424 3386 nos,
1462 3329 1511 3370 et
1551 3335 1704 3384 super
1740 3325 1874 3386 ﬁlios
1903 3312 1997 3375 ηοξ

422 3392 572 3436 stros.
621 3382 685 3435 Et
715 3382 833 3449 quia
866 3382 986 3437 eant
1029 3382 1236 3447 dilexit,
1287 3385 1403 3440 ideo
1451 3382 1703 3450 veniet—ei,
1741 3382 1789 3444 ιιι
1835 3396 2000 3447 noluit

426 3454 672 3506 benedicti
707 3470 843 3517 nem,
888 3457 1010 3522 quia
1060 3458 1380 3523 contempsit
1432 3458 1485 3509 in
1534 3459 1625 3511 illo
1657 3461 1915 3522 benedicl.
1942 3463 1995 3518 iu

425 3536 534 3600 quo
567 3525 948 3600 benedicentur
977 3535 1403 3600 Otttncsgentrs.
1439 3527 1501 3600 Et
1533 3526 1651 3580 ideo
1680 3532 2000 3600 elongabitur

425 3593 491 3644 ab
515 3609 574 3645 eo
606 3595 922 3658 benedictio,
956 3606 1009 3647 et
1057 3597 1273 3657 merito,
1317 3595 1437 3661 quia
1486 3599 1652 3651 induit
1682 3593 1998 3655 ntalEdtctto-

429 3678 542 3736 nem
568 3667 627 3736 sit
642 3678 692 3715 ut
722 3666 1071 3716 vestimentum
1093 3666 1427 3718 extrinsecus
1452 3681 1573 3719 cum
1602 3670 1824 3736 diceret,
1860 3673 1994 3727 Sun-

431 3734 542 3806 guis
567 3735 678 3803 ejus
708 3750 861 3800 super
892 3750 1001 3806 nos,
1032 3745 1089 3806 et
1115 3745 1339 3798 tenera;
1371 3745 1427 3790 et
1454 3738 1613 3790 etiam
1658 3734 1998 3806 itttritisecos,

427 3803 548 3869 quia
579 3807 785 3876 intravit
815 3806 868 3876 in
891 3804 1134 3857 intetiora
1161 3808 1296 3876 ejus,
1332 3806 1457 3858 sicut
1483 3824 1633 3872 aqua,
1666 3822 1713 3862 et
1744 3814 1838 3863 lntt
1873 3803 2001 3865 sicut

425 3875 593 3947 oleum
632 3875 683 3925 in
711 3874 909 3947 ossibus
938 3877 1066 3943 ejus.
1099 3874 1248 3944 Aqua
1289 3891 1429 3947 eum
1466 3890 1585 3944 qua:
1630 3880 1913 3947 perfundit,
1949 3894 2003 3937 et

429 3942 608 3995 oleum
637 3942 989 3997 exlnlaratatn
1020 3942 1206 3999 lactem
1254 3946 1447 3999 reddit.
1484 3942 1580 4002 Sic
1608 3942 1656 4001 et
1700 3953 2003 4006 maledictio

431 4011 518 4064 illa
550 4015 942 4090 quodaminodo
964 4029 1057 4068 eos
1097 4016 1341 4075 mollivit,
1372 4018 1495 4085 quia
1542 4019 1620 4071 eis
1658 4024 1999 4090 Cttlltpial'ltil,

428 4091 485 4157 et
509 4089 656 4157 quasi
707 4085 1055 4157 exhilaratum
1105 4101 1201 4157 cor
1246 4100 1430 4139 eorum
1481 4090 1726 4157 reddidit,
1776 4085 1825 4145 et
1868 4095 2003 4146 bene

431 4152 583 4229 dicit,
609 4153 735 4204 sicut
766 4154 933 4229 oleum
971 4155 1024 4206 in
1069 4156 1263 4208 ossibus
1296 4170 1315 4208 :
1339 4157 1460 4229 quia
1499 4152 1724 4227 quanto'
1749 4163 1864 4229 plus
1905 4164 2001 4217 ali—

434 4222 805 4295 quispeccato
833 4224 1153 4289 delectatur,
1175 4234 1321 4277 tanto
1344 4222 1532 4279 fortior
1557 4236 1605 4281 in
1631 4222 1896 4295 peccando
1924 4237 2000 4287 tit.

508 4289 629 4364 Fiat
674 4292 721 4344 ei
765 4296 892 4343 sicut
921 4297 1291 4348 vestimentum.
1342 4297 1506 4360 Quasi
1538 4289 1677 4350 dicat
1704 4317 1715 4351 :
1745 4303 1995 4364 Quando-

430 4363 644 4439 quidem
681 4372 955 4439 tantopere
1002 4364 1054 4415 in
1110 4365 1481 4439 maledictione
1523 4368 1742 4431 Studuit,
1769 4363 1887 4422 ideo
1913 4374 2004 4439 ,‘iat

432 4435 480 4486 ei
529 4432 835 4507 maledictio
878 4433 1002 4507 sicut
1025 4435 1392 4507 restimentum,
1422 4451 1528 4503 quo
1560 4449 1698 4491 totus
1729 4432 2002 4507 operiatur

431 4513 485 4555 ει
506 4505 839 4556 extrinsecus
886 4514 937 4555 et
966 4504 1299 4557 intrinsecus.
1329 4507 1603 4572 Quoddant
1632 4504 1808 4563 autem
1841 4515 1999 4564 vesti-

432 4583 672 4645 mentum
699 4582 782 4626 est
810 4574 946 4637 quod
979 4589 1084 4626 non
1118 4583 1305 4645 totum;
1334 4578 1423 4629 sed
1461 4588 1663 4645 partem
1691 4579 1861 4645 aperit
1890 4598 1900 4632 :
1946 4591 1999 4635 et

434 4641 683 4719 ideonnon
713 4646 989 4719 superﬂuit
1018 4644 1158 4711 quod
1188 4646 1363 4711 addit,
1394 4641 1596 4701 scilicet
1622 4641 1995 4719 quo-operitur.

436 4703 505 4787 Et
550 4712 640 4787 liat
685 4715 732 4764 ei
760 4703 887 4787 sicut
916 4703 1065 4787 zona,
1088 4730 1187 4783 qua
1211 4703 1407 4785 semper
1429 4703 1790 4787 praecingitur:
1810 4721 1858 4773 id
1891 4703 1996 4784 est,

400 4784 507 4833 'sit
556 4784 603 4834 ei
646 4786 796 4851 quasi
842 4784 1270 4849 expeditnentum
1321 4788 1421 4840 hoc
1470 4784 1740 4854 peccatum
1787 4790 1851 4843 ad
1898 4792 1999 4844 alia

437 4861 651 4927 peccata
705 4854 1149 4927 perpetrandum,
1185 4857 1388 4909 scilicet
1431 4867 1485 4909 ut
1526 4860 1611 4924 qui
1640 4860 1878 4913 sordidus
1905 4872 1998 4927 est,

434 4922 693 4998 sorti-mat
737 4924 925 4977 adhuc.
962 4923 1086 4998 _N_ec
1140 4925 1240 4978 hoc
1269 4926 1438 4998 (quasi
1465 4922 1628 4998 dicat)
1655 4940 1737 4984 est
1764 4922 1998 4985 tnalevoi

440 4989 617 5042 lentize
650 5001 852 5057 votum,
884 4993 977 5067 sed
1001 4992 1144 5067 justa
1174 4989 1453 5048 retributio
1480 4989 1662 5051 eorum
1701 5017 1715 5053 :
1747 5000 1869 5067 quia
1906 5004 2001 5054 ttoc

437 5070 513 5111 est
553 5076 680 5127 opus
705 5078 913 5139 eorum,
932 5065 979 5115 id
1010 5066 1214 5139 esthoc
1241 5079 1579 5139 promeretur
1610 5065 1788 5138 iniqua
1815 5086 2003 5139 opera—

437 5140 525 5205 tio
542 5147 746 5205 eorum,
775 5134 862 5200 qui
884 5135 1167 5187 detrahunt
1185 5135 1309 5188 mihi
1334 5137 1473 5204 apud
1500 5134 1802 5204 Dominum,
1822 5134 1873 5191 id
1898 5154 2000 5205 est,

436 5203 541 5275 qui
571 5204 861 5275 mendacns
914 5206 1026 5255 suis
1066 5214 1321 5271 quantum
1369 5203 1420 5258 tu
1444 5221 1503 5260 se
1530 5218 1634 5272 est,
1665 5212 1894 5275 spoliant
1918 5203 2003 5264 tne

434 5272 735 5342 divinitate,
761 5288 862 5341 qua
883 5274 1291 5338 coaequalissutn
1306 5275 1530 5330 Domino
1548 5272 1708 5342 patri,
1728 5281 1964 5334 dicentes
1989 5298 2001 5331 :

440 5294 735 5337 urvmltatc,
761 5294 862 5341 qua
883 5294 1530 5338 coaequattssumuomtno
1584 5294 1703 5342 alrl,
1728 5294 1964 5334 utceutes
1989 5298 2001 5331 :

440 5340 563 5416 Non
606 5354 679 5416 est
724 5346 804 5396 hic
832 5345 981 5397 homo
1003 5359 1034 5416 ts
1068 5344 1191 5407 Deo,
1214 5355 1267 5397 et
1292 5348 1503 5399 similia.
1534 5294 1600 5399 Et
1629 5352 1713 5414 qui
1748 5359 2003 5416 praeterea

436 5414 598 5464 multa
629 5414 902 5483 loquuntur
927 5415 1062 5466 mala
1091 5420 1331 5468 adversus
1357 5432 1576 5469 animam
1604 5414 1791 5483 meum,
1823 5422 2006 5473 dicen-

436 5488 562 5556 tes_:
618 5482 716 5556 lite
759 5486 909 5547 dixit,
942 5501 1145 5551 possunt
1172 5489 1427 5540 destruere
1447 5490 1694 5556 templum
1719 5482 1833 5553 Dei,
1884 5496 2007 5542 etin

432 5553 604 5603 triduo
633 5553 725 5604 hoc
750 5556 1093 5623 randi/itare;
1119 5566 1173 5607 et
1198 5572 1210 5608 :
1246 5556 1394 5609 Hunc
1422 5553 1700 5611 invenimus
1720 5564 2008 5613 subvertere

433 5634 643 5695 gentem
677 5637 921 5686 nostram,
967 5638 1015 5677 et
1053 5626 1392 5695 probibeutent
1420 5629 1612 5680 tributa
1640 5634 1765 5682 dare
1787 5629 2005 5694 thsari,

433 5702 493 5740 ει
539 5693 703 5742 multa
753 5696 892 5746 talia.
930 5695 993 5747 Et
1025 5693 1144 5760 quia
1177 5698 1274 5763 ipsi
1307 5698 1590 5752 intendunt
1618 5699 1684 5751 ad
1710 5693 2009 5753 damnatio?

431 5773 557 5813 netu
607 5774 803 5830 meatu,
866 5765 1002 5829 ideo,
1054 5765 1270 5821 Domine
1317 5779 1487 5837 pater,
1537 5776 1592 5823 tu
1638 5768 1759 5825 dico
1788 5769 2010 5825 Domine

2096 1850 2294 1895 tantum
2346 1844 2398 1895 in
2438 1856 2662 1908 corpore
2688 1856 2808 1894 meo
2837 1854 2979 1895 sunt.
3013 1843 3192 1897 l’oxest
3220 1847 3383 1898 etiam
3405 1847 3469 1897 ad
3500 1843 3667 1899 nte-tn-

2096 1911 2186 1963 bra
2218 1913 2316 1965 hoc
2346 1911 2532 1966 referri
2565 1915 2642 1965 sic
2673 1928 2685 1963 :
2717 1910 2900 1964 Libera
2929 1929 3027 1974 me,
3060 1914 3108 1964 id
3138 1924 3237 1974 cst,
3269 1931 3417 1968 ιιιειιε
3448 1932 3477 1967 a
3506 1919 3669 1970 deso-

2094 1983 2361 2055 t-antibus,
2409 1982 2549 2055 quod
2575 1983 2756 2055 debes,
2789 1985 2910 2055 quia
2935 1997 3030 2052 ego
3058 1999 3173 2035 sunt
3192 1999 3377 2055 egenus
3406 1996 3453 2037 et
3476 2002 3670 2050 pauper

2095 2049 2146 2103 in
2174 2056 2306 2104 meis
2338 2070 2351 2105 :
2383 2060 2428 2104 et
2450 2050 2572 2119 quia
2601 2052 2647 2105 si
2676 2054 2889 2121 quando
2919 2049 3273 2105 conturbatum
3299 2063 3369 2106 est
3399 2049 3485 2108 eor
3504 2049 3673 2109 meum

2095 2121 2145 2174 in
2176 2123 2311 2175 meis
2336 2162 2351 2187 ,
2380 2123 2461 2174 vel
2495 2123 2686 2176 timore
2716 2123 2923 2187 mortis,
2955 2125 3034 2176 vel
3052 2140 3143 2187 per
3158 2125 3453 2177 naturalem
3469 2136 3669 2178 tutotuto

2096 2189 2206 2244 irte.
2264 2192 2356 2245 Illa
2402 2191 2738 2246 conturbatio
2766 2202 2849 2244 est
2879 2199 3081 2247 tantum
3113 2193 3247 2245 intra
3279 2211 3374 2256 me,
3412 2196 3458 2246 id
3482 2208 3585 2255 est,
3617 2202 3671 2249 iu

2093 2262 2257 2334 corde
2280 2276 2543 2334 ineorum,
2563 2277 2669 2334 non
2688 2262 2847 2334 etiam
2865 2263 3115 2334 erumpit,
3135 2265 3187 2316 in
3207 2264 3437 2334 aliquem
3464 2276 3670 2321 actum.

2098 2330 2247 2403 Unde
2276 2331 2401 2385 alibi
2427 2349 2439 2383 :
2472 2330 2784 2393 lrascimini,
2812 2342 2859 2384 et
2883 2333 3037 2385 nolite
3060 2349 3289 2403 peccare.

2165 2402 2310 2456 Sicut
2338 2402 2512 2455 umbra
2539 2418 2657 2454 cum
2686 2403 2934 2467 declinat,
2964 2402 3166 2457 ablatus
3194 2421 3323 2455 sum.
3355 2403 3483 2459 Dtco
3516 2407 3673 2461 libera

2094 2487 2194 2534 me,
2242 2485 2290 2525 et
2313 2487 2448 2539 Opus
2484 2482 2568 2526 est
2614 2482 2670 2525 ut
2718 2473 2931 2537 liberes,
2968 2475 3087 2541 quia
3111 2475 3310 2528 ablutus
3334 2493 3451 2528 suus
3470 2478 3576 2542 jam
3603 2479 3673 2528 de

2097 2544 2196 2595 hac
2233 2546 2359 2608 vita,
2402 2550 2659 2610 qttantum
2701 2546 2765 2595 ad
2795 2545 3126 2596 voluntatem
3153 2545 3514 2609 inunicorutu,
3538 2560 3588 2598 et
3618 2549 3671 2600 in

2095 2627 2181 2666 me
2232 2613 2345 2680 ipso
2392 2624 2447 2667 et
2490 2615 2540 2666 in
2570 2614 2703 2667 meis
2725 2614 2816 2675 ita,
2846 2615 2978 2666 sicut
3001 2613 3055 2665 (it
3081 2630 3197 2666 cum
3226 2618 3405 2667 umbra
3433 2618 3671 2669 declinat.

2099 2682 2291 2736 Umbra
2334 2684 2475 2737 enim
2524 2691 2744 2750 propter
2782 2697 3034 2736 occasum
3066 2689 3195 2738 solis
3225 2687 3581 2740 declinantem
3614 2697 3673 2738 ιιι

2094 2767 2221 2814 nos,
2244 2764 2297 2807 et
2326 2752 2625 2806 declinante
2647 2754 2750 2807 vita
2779 2755 2835 2806 lit
2866 2768 3012 2807 ιιι-»ιε
3038 2772 3050 2807 :
3090 2766 3143 2808 et
3173 2755 3292 2808 ideo
3325 2758 3485 2819 dicit,
3517 2757 3676 2808 Abla-

2094 2832 2175 2875 tus
2198 2837 2311 2875 sum
2334 2823 2461 2876 sicut
2482 2824 2595 2876 dies
2614 2823 2872 2887 aufertur,
2900 2839 3012 2875 cunt
3040 2824 3215 2877 untbrtt
3239 2826 3554 2878 declinatlt't
3581 2844 3675 2879 es:-

2094 2908 2271 2964 cussus
2316 2908 2427 2946 sum
2454 2895 2534 2964 vel
2563 2894 2629 2945 de
2663 2895 2760 2947 hac
2788 2896 2891 2945 vita
2922 2896 3003 2946 ιε]
3034 2896 3100 2948 de
3127 2898 3380 2949 cordibus
3406 2913 3677 2964 uit-orum,

2094 2963 2265 3015 lactus
2294 2966 2420 3015 sicut
2456 2962 2671 3027 locusta,
2708 2964 2756 3015 id
2788 2972 2892 3027 est,
2930 2964 3156 3018 instabili
3175 2997 3206 3019 ι.

2164 3030 2341 3086 Genua
2369 3042 2479 3087 mea
2508 3036 2763 3099 inﬁrmata
2792 3048 2905 3105 sunt
2936 3051 2966 3086 α
2979 3036 3205 3105 jejunio,
3231 3044 3279 3088 et
3306 3051 3427 3088 caro
3451 3052 3561 3089 mea
3581 3036 3674 3089 ins-

2102 3114 2296 3156 ntutnta
2318 3114 2391 3158 est
2419 3115 2620 3173 propter
2644 3105 2827 3156 oleum.
2866 3102 2997 3158 Vere
3020 3102 3404 3159 excussuSsutu
3421 3109 3486 3159 de
3501 3109 3677 3160 cordi-

2104 3174 2201 3246 bus
2252 3190 2515 3246 meorum,
2561 3175 2687 3246 quia
2729 3190 2895 3246 genua
2940 3191 3069 3238 mea,
3097 3176 3148 3227 id
3178 3187 3282 3243 est,
3314 3177 3387 3228 illi
3412 3193 3500 3246 qui
3528 3192 3615 3230 era
3640 3189 3677 3230 tt

2103 3244 2241 3296 sicut
2264 3245 2431 3297 nudus
2462 3255 2514 3298 et
2552 3245 2823 3312 junctura,
2866 3244 2918 3298 id
2944 3255 3048 3307 est,
3081 3248 3230 3298 tiruta
3262 3244 3585 3302 sustenta-tio
3615 3250 3669 3300 in

2107 3330 2330 3382 corpore
2355 3331 2495 3379 tneo,
2527 3320 2625 3368 hoc
2653 3324 2732 3368 est
2762 3316 3012 3381 apostoli,
3044 3316 3295 3370 iulirtnati
3324 3327 3452 3370 sunt
3477 3334 3507 3369 a
3527 3320 3678 3386 jeju-

2104 3388 2209 3446 nio,
2258 3388 2307 3437 id
2358 3397 2459 3447 cst,
2504 3396 2719 3453 proplet‘
2766 3387 3062 3438 absentiam
3092 3401 3287 3448 meam,
3321 3402 3371 3439 tu
3402 3403 3505 3454 qua
3531 3401 3679 3455 prius

2105 3456 2413 3507 reticiebant
2454 3470 2531 3513 se.
2562 3458 2647 3522 qni
2682 3469 2777 3523 per
2810 3465 3033 3509 mortem
3065 3457 3143 3509 eis
3168 3456 3377 3510 ablatus
3404 3472 3544 3510 sum.
3581 3456 3677 3510 Vel

2104 3524 2449 3597 illtiulirtnati
2472 3534 2599 3579 sunt
2627 3525 2714 3597 qui
2740 3526 2989 3597 dixerunt
3019 3541 3035 3579 :
3068 3524 3178 3579 Nos
3206 3529 3512 3597 putabamus
3535 3528 3679 3597 quod

2102 3596 2453 3664 redempturus
2473 3607 2596 3647 esset
2625 3593 2804 3647 Israel.
2832 3596 2935 3649 Sed
2955 3610 3068 3663 «illa:
3088 3596 3254 3649 cura?
3285 3597 3469 3650 Genua
3486 3593 3681 3665 quippe

2105 3667 2192 3719 illa
2244 3670 2661 3719 itntnntalmmur
2698 3666 2765 3717 de
2813 3667 3028 3720 tristitia
3079 3666 3130 3719 itt
3173 3668 3418 3731 gaudium
3469 3679 3681 3734 propter

2105 3740 2293 3797 oleum,
2323 3737 2372 3787 id
2402 3747 2503 3797 εει,
2535 3747 2750 3803 propter
2779 3746 3184 3790 resurrectionis
3198 3738 3674 3791 exhilaratinuem.

2107 3806 2175 3859 Et
2224 3818 2346 3858 vcrc
2396 3820 2563 3872 genua
2617 3809 3061 3869 tuttuulabnntur,
3103 3809 3223 3875 quia
3255 3810 3413 3860 etiam
3445 3824 3587 3870 caro,
3624 3808 3677 3863 id

2106 3886 2189 3930 est
2219 3876 2539 3929 intirmiorcs
2587 3880 2637 3927 in
2683 3889 2908 3942 corpore
2948 3890 3086 3940 meo,
3124 3879 3477 3945 propteriltud
3508 3877 3678 3930 oleum

2107 3945 2548 4000 immolabantur.
2598 3948 2778 3998 I’otest
2802 3952 2961 3999 etiam
2997 3961 3090 4014 per
3116 3952 3291 4000 oleum
3319 3949 3489 4016 accipi
3517 3952 3673 4002 estti-

2106 4018 2294 4071 laratio
2334 4016 2562 4083 Spiritus
2610 4017 2807 4079 sancti,
2854 4019 3291 4085 quinquagesimo
3321 4020 3410 4071 dte
3438 4033 3469 4070 ι
3500 4033 3676 4071 resur-

2106 4088 2343 4141 rectione
2387 4100 2547 4152 super
2570 4085 2839 4153 apostolus
2869 4088 3037 4154 missi,
3062 4097 3119 4140 et
3145 4100 3334 4142 caetera
3362 4089 3431 4141 de
3458 4098 3678 4141 εειιιειιο

2108 4160 2175 4210 tia
2219 4172 2323 4210 non
2378 4167 2671 4209 mutantur.
2731 4157 2818 4208 Vel
2861 4157 3036 4221 aliter,
3082 4170 3138 4209 ut
3177 4163 3243 4211 ad
3275 4161 3673 4211 similitudinem

2107 4229 2314 4281 dicatur
2360 4228 2436 4279 sic
2470 4244 2481 4278 :
2527 4225 2707 4279 Genua
2754 4228 3153 4298 nteaqin/irmata
3180 4238 3294 4280 sunt
3319 4245 3349 4279 a
3368 4230 3591 4298 jejunio,
3628 4227 3679 4280 id

2107 4308 2208 4359 est,
2230 4312 2330 4365 ego
2355 4308 2407 4348 et
2435 4299 2538 4350 mei
2560 4296 2948 4366 comparabiles
2976 4298 3095 4349 lacti
3118 4312 3301 4350 smnus
3325 4296 3431 4352 ilus
3448 4313 3673 4366 quorum

2107 4364 2285 4437 genua
2308 4369 2556 4421 deficiunt
2591 4364 2805 4434 propter
2826 4364 3108 4435 jejunium,
3142 4374 3265 4436 quia
3301 4364 3542 4421 invenire
3565 4384 3669 4421 ttOn

2114 4440 2393 4503 potuimus,
2445 4438 2496 4490 in
2539 4439 2732 4505 quibus
2761 4452 2853 4488 no:
2888 4437 3254 4490 relicerenms.
3285 4440 3375 4492 Vis
3410 4442 3553 4491 enim
3592 4444 3668 4490 la-

2111 4518 2314 4562 tronem
2364 4506 2512 4573 juxta
2566 4524 2625 4561 se
2675 4507 3015 4573 pendentem,
3071 4506 3122 4560 in
3165 4523 3274 4575 quo
3319 4523 3380 4560 se
3410 4512 3671 4570 reticeret,

2106 4579 2324 4632 invenit.
2352 4578 2417 4631 Et
2444 4578 2813 4631 conturionem
2845 4578 3011 4639 illum,
3041 4580 3130 4645 qui
3163 4583 3348 4631 valens
3378 4589 3534 4631 terra:
3560 4594 3672 4629 tuo-

2105 4658 2215 4727 t_utt_t
2249 4659 2302 4702 et
2338 4652 2625 4727 signaque
2654 4649 2905 4727 iaciebat,
2935 4650 3252 4727 exclamavit
3284 4665 3304 4727 ί
3343 4647 3471 4701 Vere
3503 4646 3674 4700 Filius

2103 4716 2198 4770 Dei
2241 4728 2350 4771 erat
2388 4716 2501 4771 iste.
2539 4716 2741 4783 Genua,
2778 4721 3012 4782 inquam,
3053 4733 3167 4769 mea
3211 4719 3473 4782 infirmata
3503 4731 3621 4771 sunt
3649 4736 3681 4769 a

2094 4790 2318 4859 jejunio,
2361 4799 2407 4840 et
2447 4803 2565 4840 caro
2609 4804 2721 4842 mea
2749 4789 3016 4840 immutata
3035 4798 3129 4851 est,
3160 4789 3211 4842 id
3238 4800 3340 4855 est,
3375 4800 3532 4843 inortt
3557 4800 3679 4843 data

2105 4869 2308 4927 propter
2343 4860 2667 4928 subtractum
2710 4864 2900 4921 ot‘eum,
2958 4860 3007 4909 id
3053 4868 3156 4924 est,
3204 4864 3328 4928 quia
3367 4877 3470 4914 non
3503 4862 3679 4928 reperi

2104 4926 2236 4982 alios
2265 4928 2353 4998 qui
2383 4944 2467 4998 me
2496 4926 2871 4982 exhilararent.

2182 4998 2245 5051 Et
2287 4997 2387 5067 ego
2437 4997 2601 5065 [nctus
2648 5013 2781 5051 sum.
2833 5002 2921 5051 διε
2969 4998 3019 5049 in
3067 5013 3384 5067 quacunque
3412 5000 3680 5055 sententia

2114 5070 2359 5141 continua
2389 5086 2407 5141 ι
2440 5070 2502 5120 lit
2530 5069 2649 5132 quia
2674 5083 2836 5141 genua
2863 5083 2985 5141 mea
3003 5070 3265 5141 infirmata
3285 5081 3423 5126 sunt.
3443 5072 3563 5123 Ideo
3588 5085 3680 5141 ego

2106 5155 2218 5192 sum
2250 5139 2353 5192 illis
2381 5139 2545 5206 [actus
2572 5140 2918 5206 opprobrium.
2952 5136 3351 5193 Videruntenitn
3375 5157 3453 5191 me
3476 5136 3677 5192 tantum

2111 5223 2468 5270 estrmsecus,
2504 5210 2551 5261 id
2584 5222 2687 5271 est,
2720 5210 3195 5261 consideraverunt
3221 5213 3272 5262 in
3304 5228 3389 5262 tne
3411 5225 3473 5263 so
3496 5226 3581 5262 ain
3606 5212 3697 5262 itt-

2110 5280 2436 5343 lirmitatem,
2484 5293 2589 5329 non
2631 5279 2982 5330 thvutttatem.
3033 5281 3095 5330 Et
3145 5280 3264 5331 ideo
3308 5292 3569 5332 moverunt
3612 5279 3679 5333 ad

2107 5358 2469 5417 c0utemptutn
2508 5362 2683 5400 meum
2734 5349 2901 5414 capita
2947 5363 3040 5399 sua
3078 5350 3318 5403 dicentes
3354 5368 3365 5401 :
3427 5350 3569 5402 Vult!
3595 5347 3691 5417 qui

2110 5422 2325 5473 destruis
2348 5418 2585 5485 temtttum
2612 5418 2728 5482 Dei,
2752 5427 2806 5470 et
2838 5420 3049 5472 similia.
3077 5424 3431 5487 Quapropter,
3468 5419 3679 5473 Domine

2113 5489 2255 5542 Deus
2296 5489 2474 5553 Pater,
2522 5488 2575 5540 id
2622 5497 2704 5541 est
2751 5502 2908 5554 quem
2940 5489 3075 5540 iacio
3101 5492 3232 5542 mihi
3268 5492 3457 5553 Deum,
3486 5500 3544 5543 et
3573 5508 3679 5545 non

2112 5573 2228 5612 sunt
2282 5572 2384 5628 ego
2432 5558 2560 5610 tnihi
2617 5558 2776 5622 Dens,
2831 5558 2968 5611 sicut
3017 5561 3185 5612 Adam
3238 5563 3399 5614 voluit
3433 5561 3533 5613 sibi
3562 5576 3680 5612 esse

2116 5630 2272 5697 Deus,
2305 5631 2491 5697 adjuva
2519 5644 2597 5680 me
2627 5629 2677 5680 in
2707 5628 3024 5695 perlicienda
3052 5633 3375 5691 obedientia,
3406 5644 3461 5683 et
3490 5633 3682 5683 salttum

2113 5714 2191 5752 me
2220 5701 2301 5769 [ac
2325 5698 2689 5752 resuscitando
2719 5712 2824 5751 non
2857 5709 3070 5768 propter
3092 5702 3359 5765 ineritntn,
3385 5707 3479 5756 sed
3500 5715 3684 5754 secun-

2112 5772 2230 5824 d-nn
2261 5780 2398 5825 tuam
2420 5770 2839 5825 misericordiam.
2871 5771 2935 5826 Et
2968 5771 3087 5826 ideo
3116 5775 3238 5828 dico
3264 5784 3465 5829 satuum
3488 5788 3566 5827 me
3578 5775 3687 5842 fac,
