4026 6200
385 383 520 440 10ἷὸ

1095 389 1161 444 ΙΝ
1202 388 1612 446 ΡΞᾹΙΛῘΟΒΗΜ
1656 386 1912 442 LIBRUM
1954 384 2311 440 EXEGESlS.
2353 416 2421 426 —
2464 385 2704 441 PSALM.
2751 381 2885 438 CIX.

3508 377 3636 432 10⁷4

377 510 432 552 ιιι
482 498 646 551 sciant
691 498 912 564 inimici,
942 502 1059 570 quia
1089 501 1196 555 haec
1226 517 1332 568 res,
1364 502 1568 555 scilicet
1599 500 1774 568 passio
1801 513 1940 561 mea,
1974 500 2022 556 A
2051 498 2296 565 nitatem;
2343 498 2488 560 huic,
2514 497 2759 570 inquam,
2791 495 3019 548 Domino
3051 493 3130 548 sic
3160 492 3357 563 agenti,
3384 509 3635 570 paratum

375 580 459 622 est
503 579 592 621 tua
639 585 842 634 manus,
870 585 972 624 non
996 572 1228 638 ipsorum
1255 588 1464 639 manus,
1497 572 1547 624 id
1573 581 1674 634 est,
1702 570 1946 635 provenit

376 654 444 692 ex
481 649 565 692 tua
594 639 830 708 potentia
861 650 916 694 et
941 641 1314 708 dispositiOne,
1351 657 1454 695 non
1493 658 1556 694 ex
1589 643 1824 708 ipsorum
1860 655 1946 704 po-

379 719 587 781 testate.
613 707 676 762 Et
695 725 820 763 vere
841 707 1115 764 estmauus
1142 723 1248 776 tua,
1265 715 1384 781 quia
1409 722 1484 776 tu,
1509 707 1742 772 Domine,
1761 710 1946 781 fecisti,

377 779 427 832 id
457 789 560 841 est.
595 781 878 849 permisisti
909 799 1040 846 eant,
1072 779 1604 848 scilicet'passionem
1639 792 1692 835 et
1724 780 1946 832 tribula-

377 852 572 903 tiooem
617 866 809 904 meam.
860 851 1009 905 Unde
1070 853 1193 905 alibi
1225 871 1237 905 :
1274 852 1392 906 Non
1418 852 1628 904 haberes
1653 858 1947 922 potestatem

377 921 643 973 adversum
690 937 768 974 me
790 922 974 985 ullam,
1006 923 1099 975 nisi
1125 922 1214 976 tibi
1235 925 1408 975 datum
1437 933 1563 975 esset
1584 919 1819 986 desuper.
1854 919 1947 972 Vel

377 991 555 1054 aliter,
613 990 814 1052 Sciant.
862 992 912 1044 id
968 1001 1050 1046 est
1096 994 1437 1061 experiantur
1475 993 1686 1045 tandem
1721 989 1946 1053 inimici,

375 1061 464 1128 qui
497 1076 635 1113 nunc
674 1076 998 1130 cognoscere
1037 1064 1244 1130 nolunt,
1274 1065 1394 1133 quia
1423 1063 1529 1115 lucc
1554 1078 1757 1124 manus,
1785 1061 1834 1113 id
1867 1069 1950 1114 est

376 1145 477 1197 ego
498 1145 615 1183 sum
646 1147 832 1185 manus
857 1143 968 1200 tua,
1001 1148 1096 1200 per
1124 1149 1281 1199 quem
1311 1145 1364 1187 tu
1395 1134 1573 1186 omnia
1607 1142 1858 1198 operatus
1889 1146 1948 1183 es

372 1203 441 1253 ab
466 1201 616 1254 initio
635 1211 690 1254 et
708 1212 832 1256 ante
862 1205 1077 1257 saecula.
1115 1203 1179 1256 Et
1207 1214 1383 1257 tamen
1412 1214 1490 1269 tu,
1523 1203 1752 1267 Domine,
1779 1200 1947 1269 fecisti

371 1287 484 1324 eam
515 1287 754 1336 manum,
783 1273 832 1325 id
862 1284 945 1326 est
978 1289 1062 1328 me
1087 1275 1379 1328 secundum
1413 1278 1816 1327 humanitatem.
1852 1269 1948 1326 Vel

371 1341 528 1395 aliter
554 1357 586 1412 7:
637 1341 836 1407 Sciant,
866 1343 918 1396 id
960 1355 1060 1408 est,
1091 1354 1414 1412 cognoscant
1442 1343 1663 1407 inimici,
1689 1343 1811 1412 quia
1841 1343 1948 1394 haec

373 1427 484 1474 res,
515 1411 564 1464 id
603 1422 704 1475 εει,
738 1414 916 1480 passio
940 1430 1054 1466 mea
1087 1411 1177 1468 est
1201 1431 1380 1467 manus
1415 1425 1524 1479 tua,
1549 1414 1597 1466 id
1630 1411 1733 1478 est,
1758 1427 1945 1480 magna

376 1483 614 1548 potentia
638 1493 746 1547 tua,
772 1486 890 1550 qttia
917 1493 988 1546 tu,
1019 1485 1253 1548 Domine,
1279 1485 1442 1555 fecisti
1460 1501 1570 1537 eam
1597 1483 1946 1553 permissione

376 1561 468 1621 tua
488 1555 552 1621 ad
581 1567 752 1605 meam
788 1569 1034 1621 magnam
1063 1555 1521 1609 clariticatiouem.

446 1620 758 1675 Maledicent
804 1620 906 1676 illi.
942 1623 1078 1678 Vere
1108 1636 1162 1678 ιιι
1191 1625 1382 1690 fecisti,
1417 1641 1521 1678 non
1548 1625 1670 1693 ipsi,
1703 1624 1824 1692 quia
1848 1624 1946 1692 ipsi

373 1693 674 1746 maledicam
706 1694 832 1747 mihi
863 1693 1234 1761 deprimendo,
1266 1704 1312 1748 et
1335 1707 1388 1749 tu
1415 1710 1446 1750 e
1466 1707 1652 1749 contra
1685 1696 1947 1748 benedices

370 1762 676 1834 exaltando.
735 1764 799 1817 Et
853 1766 971 1832 quia
1019 1766 1369 1830 maledicent,
1421 1767 1804 1834 confundantur
1829 1766 1947 1818 ideo

374 1831 513 1884 bona
542 1834 626 1886 vel
661 1834 796 1886 mala
827 1831 1164 1906 confusione,
1203 1837 1291 1904 qui
1333 1831 1601 1906 insurgunt
1625 1838 1796 1888 inme.
1823 1834 1947 1889 Ser-

373 1917 462 1954 rus
515 1913 680 1954 autem
732 1914 869 1965 tuus,
918 1904 968 1957 id
1019 1916 1098 1958 est
1144 1922 1262 1975 ego.
1298 1923 1401 1960 non
1432 1904 1553 1958 dico
1586 1907 1814 1970 la-tetur,
1849 1907 1944 1958 sed

376 1975 672 2054 prtenimia
698 1975 1018 2030 certitudiue
1047 1976 1166 2031 dico
1196 1979 1316 2047 quia
1360 1976 1614 2030 lwtabitur
1645 1992 1737 2045 per
1771 1991 1957 2029 resur-

372 2052 682 2097 rectionem.

445 2111 760 2168 Induantur.
801 2115 960 2182 Quasi
1004 2114 1146 2170 dicat
1181 2133 1192 2168 :
1236 2117 1310 2171 Ita
1339 2117 1755 2179 confundantur,
1789 2127 1845 2170 ut
1876 2118 1958 2170 in-

373 2183 602 2255 duantur
633 2185 964 2250 confusione,
1007 2188 1057 2238 id
1086 2198 1187 2250 est,
1219 2191 1508 2241 maximum
1541 2190 1801 2255 pudorem
1834 2188 1958 2242 inde

376 2253 605 2326 habeant
655 2256 706 2308 in
751 2256 946 2308 bonum
992 2257 1075 2309 vel
1115 2258 1165 2310 in
1199 2259 1434 2323 malum;
1472 2253 1653 2326 illiqui
1685 2258 1956 2310 detrahunt

375 2322 523 2387 mihi,
553 2333 734 2378 etnon
769 2338 944 2380 tamen
971 2330 1229 2393 exterius,
1256 2330 1348 2381 sed
1389 2331 1548 2382 etiam
1581 2322 1827 2381 interius.
1861 2328 1954 2382 Vel

373 2409 482 2445 non
503 2404 733 2467 Διέιιιιιιιιι
767 2397 912 2467 apud
946 2397 1210 2463 homines,
1237 2401 1331 2452 sed
1361 2402 1498 2467 apud
1536 2399 1728 2461 Deum;
1754 2398 1854 2451 hoc
1874 2409 1956 2452 est

370 2463 516 2538 quinti
537 2466 674 2538 dicit
708 2485 718 2518 :
751 2465 1061 2534 Operiuntur
1089 2463 1515 2536 confusione'sua
1548 2470 1676 2522 sicut
1703 2469 1950 2538 diploide.

372 2532 579 2606 Diplois
631 2546 712 2588 est
752 2532 948 2601 duplex
981 2532 1376 2603 vestimentum,
1404 2551 1457 2593 et
1487 2541 1606 2592 ideo
1639 2555 1730 2606 per
1759 2532 1954 2604 diploi-

370 2605 495 2678 dem
529 2615 751 2678 uterque
773 2608 943 2674 pudor
977 2617 1120 2662 rrcte
1142 2609 1472 2678 designatur.
1506 2610 1614 2675 Ego
1640 2605 1952 2678 autemnon

369 2675 496 2747 dico
523 2675 805 2738 confiteor.
836 2678 927 2730 sed
952 2689 1158 2732 certum
1187 2675 1279 2732 est
1298 2680 1415 2747 quia
1431 2679 1709 2746 conﬁtebor
1730 2676 1954 2730 Domino

369 2745 424 2795 in
448 2759 536 2796 ore
562 2761 693 2813 meo,
718 2747 932 2812 vitulos,
955 2749 1160 2801 scilicet
1186 2745 1467 2814 labiorum,
1492 2753 1538 2804 ei
1571 2750 1864 2803 offerendo.
1893 2748 1955 2801 Et

368 2814 544 2878 nimis,
589 2816 639 2868 id
694 2824 793 2880 est,
849 2818 1001 2873 valde
1029 2818 1326 2872 confitebor
1355 2821 1426 2882 ei,
1459 2821 1667 2875 scilicet
1692 2834 1795 2872 non
1830 2828 1950 2871 tan-

371 2895 480 2936 tum
514 2899 664 2948 voce,
699 2887 794 2940 sed
818 2891 978 2942 etiam
1008 2903 1191 2956 Opere.
1221 2889 1286 2942 Et
1315 2889 1539 2942 laudabo
1568 2907 1678 2942 eum
1707 2892 1757 2942 in
1782 2891 1952 2943 medio

368 2955 672 3021 multarunt,
717 2957 767 3010 id
809 2969 911 3022 est,
960 2960 1098 3011 inter
1125 2962 1344 3024 multus,
1389 2962 1439 3012 in
1472 2959 1711 3013 Ecclesia
1744 2962 1953 3016 scilicet

366 3025 665 3090 catholica;
699 3028 782 3080 vel
822 3029 872 3080 in
916 3029 1112 3090 medio,
1147 3028 1199 3082 id
1227 3039 1329 3094 est,
1360 3031 1409 3082 in
1441 3031 1602 3083 corde
1630 3030 1948 3084 multorum.

368 3094 432 3167 lit
464 3095 654 3167 nierito
680 3096 853 3166 (quasi
884 3097 1111 3167 diceret)
1139 3101 1438 3154 conlitebor
1469 3103 1540 3166 ei,
1584 3101 1706 3167 quia
1733 3102 1897 3153 astitit
1919 3117 1951 3154 a

365 3165 562 3243 dextris
605 3165 869 3243 pauperis,
993 3165 1101 3243 est,
1128 3170 1264 3234 tnei;
1302 3170 1401 3223 hoc
1428 3165 1543 3243 est,
1563 3165 1684 3239 quia
1715 3169 1841 3243 fecit
1864 3187 1948 3224 tne

365 3234 565 3301 eligere
598 3229 821 3301 potiora,
860 3229 1118 3294 'vidclicet
1145 3229 1400 3306 seipsum,
1436 3241 1500 3294 ad
1519 3229 1632 3294 rhoc
1663 3251 1716 3293 ιιι
1754 3241 1950 3294 salvam
1980 3229 2023 3290 Ο
2055 3229 2217 3307 Quasi
2261 3229 2401 3296 diva't
2442 3260 2454 3293 :

364 3321 588 3380 annnam
621 3323 783 3360 meum
813 3317 867 3362 et
898 3324 1137 3380 meorum
1163 3312 1623 3380 aptat-sequentibus
1647 3311 1947 3377 liberando,

367 3390 435 3429 ne
459 3377 540 3430 vel
570 3393 668 3447 ego
698 3380 782 3433 vel
807 3377 911 3434 mei
942 3381 1007 3433 ab
1037 3379 1164 3446 ipsis
1196 3377 1555 3435 vinceremur.

869 3492 930 3546 IN
960 3492 1284 3549 PSALMUM
1314 3493 1447 3549 CIX.

921 3608 1162 3662 Psalmus
1203 3609 1369 3664 David

959 3715 1343 3754 Λιιειιιιειςτωι.

443 3790 516 3844 De
539 3790 764 3844 Domino
787 3790 996 3845 Christo
1018 3794 1246 3857 canitur,
1273 3794 1408 3846 sicut
1432 3800 1487 3846 et
1515 3792 1628 3859 ipse
1671 3794 1953 3851 Pharisu-is

367 3861 610 3931 exponit.
643 3863 774 3916 Item
811 3877 910 3916 vox
935 3863 1189 3918 Ecclesiae
1219 3867 1286 3918 de
1313 3864 1470 3917 Patre
1493 3877 1543 3916 et
1575 3863 1732 3918 Filio.

989 3969 1339 4008 EXPLANA'I'IO.

440 4041 680 4117 Psalntus
721 4045 809 4117 Ahic
842 4044 1273 4117 deincarnatione
1301 4045 1540 4117 Dontini,_
1559 4054 1606 4098 et
1629 4046 1690 4098 de
1722 4049 1834 4117 ejus
1862 4047 1953 4098 tli-

364 4114 574 4166 uinitate
595 4113 882 4186 plenissime
900 4113 1486 4186 breviterquedecantat.
1512 4115 1576 4168 In
1609 4113 1774 4186 primo
1805 4134 1952 4170 versu

365 4186 613 4252 propheta
659 4184 833 4252 refert,
881 4201 994 4249 qua:
1023 4184 1177 4237 Pater
1208 4184 1348 4238 Filio
1375 4187 1583 4250 dixerit,
1610 4184 1851 4240 naturam
1877 4190 1951 4241 si-

367 4257 474 4305 mul
517 4255 724 4307 deitatis
766 4266 812 4308 et
838 4254 1172 4307 humanitatis
1201 4258 1488 4311 ostendens.
1523 4257 1584 4309 In
1610 4259 1834 4312 secunda
1864 4259 1948 4310 di-

365 4325 560 4375 t'istone
604 4323 764 4377 Pater
817 4336 1053 4378 naturam
1101 4329 1210 4396 ejus
1268 4326 1555 4380 divinitatis
1605 4345 1697 4394 pro
1743 4328 1952 4381 matth

365 4405 553 4446 uostrte
594 4397 890 4462 capacitatis
927 4397 1252 4464 aliquatenus
1293 4398 1512 4451 indicat.
1549 4399 1613 4451 In
1645 4400 1794 4452 tertia
1826 4415 1951 4467 pro~

366 4470 518 4531 pheta
556 4467 856 4538 reloquitur,
891 4483 1046 4538 usque
1083 4468 1149 4518 ad
1184 4468 1356 4534 ﬁnem,
1389 4473 1610 4538 formam
1636 4471 1816 4522 iterum
1840 4470 1950 4538 ejus

366 4535 702 4589 immanitatis
732 4537 1021 4591 ostendens.

939 4642 1374 4684 COMMENTARIUS.

442 4729 584 4782 Dixit
637 4729 891 4782 Dominus
937 4729 1158 4783 Domino
1207 4747 1338 4796 meo,
1368 4742 1488 4784 sede
1517 4749 1548 4784 a
1576 4733 1772 4785 dextris
1795 4735 1940 4787 meis.

369 4799 609 4854 Psalmus
649 4802 748 4868 ipsi
796 4799 985 4865 David,
1041 4801 1089 4854 id
1127 4811 1210 4854 est
1240 4803 1514 4869 prephette
1543 4805 1940 4858 attribuendus.

365 4871 632 4938 Propheta
675 4873 864 4938 plenus
896 4872 1094 4942 §piritti
1118 4882 1324 4935 sancto,
1358 4872 1409 4924 in
1441 4874 1673 4942 quodam
1704 4887 1943 4927 secreta-

365 4944 449 5013 rio
480 4951 860 5011 mysteriorum
895 4941 987 4995 Dei
1022 4941 1279 5013 praevidet
1305 4957 1334 4994 a
1378 4941 1564 5010 spiritu
1589 4945 1730 4997 intus
1759 4946 1945 5013 praesi-

361 5011 544 5074 dente,
593 5021 644 5064 et
698 5012 923 5065 interius
953 5027 1073 5064 eum
1108 5012 1444 5066 Illmninanle
1472 5015 1736 5066 occultam
1761 5011 1941 5081 dispo-

363 5083 617 5135 sitionem
653 5082 744 5135 Dei
775 5083 937 5148 patris
978 5083 1045 5134 de
1073 5081 1439 5135 incarnatione
1473 5083 1627 5136 Verbi
1658 5087 1763 5148 sui,
1798 5095 1851 5137 ct
1877 5086 1944 5138 de

361 5165 532 5219 regno
559 5151 694 5218 ejus,
720 5162 774 5206 et
800 5154 865 5206 de
894 5152 1196 5222 sacerdotio
1222 5152 1358 5221 ejus.
1391 5154 1456 5206 Et
1483 5155 1624 5222 quod
1661 5155 1710 5206 in
1735 5156 1945 5208 occulto

365 5222 646 5288 praevidet,
675 5225 773 5275 hoc
805 5221 1087 5276 manifeste
1111 5227 1353 5289 prmdtxit
1385 5241 1395 5274 :
1431 5233 1486 5276 et
1506 5221 1648 5292 quod
1673 5233 1942 5278 secretum

361 5300 504 5354 erat,
555 5307 672 5343 cum
723 5307 913 5360 magna
964 5292 1157 5346 fiducia
1212 5293 1564 5360 prOpltela\'it.
1618 5294 1728 5347 Hoc
1767 5307 1942 5349 autem

363 5361 493 5414 fecit
541 5363 605 5412 ad
638 5363 1024 5417 correctionem
1055 5371 1111 5415 et
1139 5362 1542 5417 instructionem
1577 5365 1716 5417 illius
1741 5366 1943 5432 populi,

360 5446 522 5500 quem
557 5441 662 5483 tam
711 5435 827 5485 duri
862 5432 1041 5485 cordis
1071 5442 1125 5485 et
1154 5442 1313 5486 tanta:
1341 5435 1727 5487 cervicositatis
1755 5438 1943 5501 praevi-

359 5503 444 5555 dit
476 5502 727 5567 futurum,
763 5513 817 5554 ut
845 5513 894 5554 ut
928 5517 1091 5569 regno
1119 5503 1236 5569 ejus
1267 5504 1528 5569 obviarct,
1561 5516 1613 5557 et
1641 5508 1944 5558 sacerdotio

360 5574 774 5626 contradiceret.
823 5569 890 5624 Et
933 5572 1119 5638 incipit
1160 5583 1272 5627 tta:
1321 5574 1575 5626 Dominus
1628 5574 1783 5628 l’aler
1811 5577 1943 5628 dixit

362 5642 594 5696 Domino
637 5643 770 5696 Filio
817 5657 914 5695 suo
961 5644 1254 5695 secundum
1299 5645 1652 5705 divinitatem,
1688 5643 1824 5697 Filio
1851 5663 1945 5698 au-

361 5722 475 5767 tem
508 5724 558 5766 et
588 5712 809 5766 Domino
831 5729 942 5765 meo
964 5715 1257 5766 secbndum
1284 5715 1700 5777 humanitatem;
1726 5716 1773 5768 ei
1802 5732 1946 5768 nam-

358 5800 468 5851 que
495 5787 668 5836 datum
711 5798 783 5836 est
805 5799 1007 5847 nomen,
1036 5787 1173 5851 quod
1198 5793 1270 5837 est
1301 5802 1451 5850 super
1474 5802 1618 5838 autne
1643 5801 1843 5839 nomen.
1883 5789 1946 5840 Et

360 5856 488 5910 ideo
529 5869 652 5909 vere
693 5854 949 5908 Domitius
981 5858 1219 5908 omnium
1242 5855 1538 5911 secundum
1567 5855 1725 5912 etiam
1757 5857 1944 5914 huma-

653 5945 919 6008 PATItOL.
953 5945 1171 6007 XCII!-

2048 577 2130 622 est
2172 585 2262 622 cor
2306 585 2490 634 meum,
2537 579 2585 622 et
2635 567 2841 620 laudent
2891 581 3056 618 meam
3103 581 3166 617 ne
3203 568 3440 618 tacueris.
3495 567 3639 621 Dixit

2053 638 2306 692 Dominus
2353 639 2511 693 Pater
2563 640 2662 693 hoc
2703 655 2716 690 :
2757 636 2868 703 Ego
2919 652 3038 690 sum
3069 635 3404 706 principium,
3441 646 3636 703 totum,

2047 708 2222 774 idest,
2245 724 2344 777 ego
2366 719 2419 763 et
2443 720 2497 763 tu
2522 723 2707 762 sunms
2753 707 3093 774 principium,
3138 722 3261 777 non
3291 718 3468 759 tamen
3514 709 3638 762 inde

2048 781 2190 846 quod
2244 776 2352 833 duo
2394 782 2502 834 sint
2559 780 2830 846 principia,
2893 780 3029 831 sicut
3081 791 3180 829 nec
3234 776 3340 828 duo
3370 778 3635 847 dii;quia

2050 865 2276 915 quorum
2325 852 2510 904 eadem
2566 860 2649 903 est
2700 848 2957 916 potentia.
2994 862 3181 902 eorum
3213 848 3401 901 eadem
3435 863 3515 900 εει
3546 866 3636 902 es-

2047 920 2240 974 sentia.
2295 920 2455 986 Quasi
2506 919 2650 974 dicat
2682 937 2694 971 :
2731 918 3050 986 Principium
3079 931 3194 970 sum
3225 926 3408 979 tecum,
3446 935 3550 971 non
3582 921 3636 974 itt

2049 989 2376 1044 obscuritate
2425 1002 2527 1044 tua:
2577 991 2929 1054 inﬁrmitatis,
2982 989 3074 1040 sed
3117 989 3169 1040 in
3218 989 3318 1053 die,
3366 988 3419 1041 id
3470 1001 3550 1042 est
3581 997 3632 1046 in

2050 1060 2291 1115 claritate
2339 1071 2438 1115 tute
2484 1061 2706 1126 virtutis,
2747 1061 2928 1122 idest,
2963 1057 3293 1125 divinitatis;
3336 1061 3632 1115 secundum

2050 1131 2192 1183 enim
2237 1130 2572 1185 divinitatem
2626 1130 2767 1185 idem
2817 1139 2896 1182 εει
2927 1145 3047 1182 cum
3083 1130 3257 1182 Patre.
3292 1131 3451 1194 Quasi
3489 1130 3634 1186 dicat

2053 1201 2168 1267 ipse
2205 1211 2488 1256 attestatus
2535 1202 2719 1256 dicens
2762 1217 2774 1253 :
2812 1200 2910 1263 Qui
2942 1215 3019 1251 me
3056 1199 3208 1260 misit,
3243 1215 3437 1252 mecum
3466 1211 3558 1263 est,
3584 1211 3636 1254 et

2051 1287 2151 1324 non
2201 1273 2401 1342 reliquit
2455 1289 2532 1325 me
2582 1273 2767 1334 solum,
2817 1271 2953 1342 quia_
2990 1285 3088 1342 ego
3137 1285 3252 1342 qua:
3296 1273 3632 1342 placita_sunt

2047 1342 2116 1414 ei,
2164 1338 2316 1410 {acia
2343 1359 2557 1414 semper.
2601 1344 2681 1414 Et
2707 1345 2830 1396 item
2866 1360 2878 1392 :
2910 1339 3020 1414 Ege
3073 1340 3125 1392 in
3171 1338 3347 1414 Patre,
3388 1350 3453 1414 et
3474 1339 3632 1394 Pater

2050 1413 2104 1463 in
2151 1429 2250 1475 me,
2297 1423 2351 1467 et
2391 1412 2555 1467 multa
2595 1412 2748 1475 talia;
2796 1421 2850 1464 et
2894 1412 3052 1464 etiam
3087 1425 3202 1463 sum
3231 1412 3547 1479 principium
3578 1415 3634 1466 in

2048 1481 2408 1541 splendoribus
2449 1493 2762 1548 sanctorum,
2791 1482 2839 1535 id
2868 1491 2972 1546 est,
3000 1482 3051 1533 in
3081 1483 3278 1550 Spiritu
3309 1494 3519 1548 sancto,
3541 1485 3630 1552 qui

2051 1552 2173 1607 ideo
2223 1554 2417 1607 dicitur
2475 1553 2733 1622 splendor
2788 1561 3133 1616 sanctorum,
3217 1555 3337 1619 quia
3417 1567 3632 1609 sanctos

2050 1624 2359 1691 splendidos
2389 1624 2537 1678 facit.
2570 1624 2990 1678 Deberctautem
3021 1622 3202 1676 dicere
3228 1640 3238 1673 :
3268 1623 3321 1676 lu
3341 1623 3628 1690 splendore

2053 1706 2390 1760 sanctorum;
2441 1696 2534 1748 sed
2586 1705 2804 1762 propter
2829 1694 2997 1746 divisa
3031 1695 3168 1745 dona
3200 1693 3430 1758 Spiritus
3458 1697 3629 1749 sancti

2051 1764 2328 1833 pluraliter
2360 1766 2510 1833 ponit
2546 1765 2944 1832 splendorilms.
2980 1763 3127 1816 Unde
3165 1774 3219 1815 et
3247 1763 3370 1816 alibi
3402 1764 3628 1820 dicitur:

2057 1832 2185 1886 Htec
2214 1832 2381 1888 autem
2409 1835 2581 1887 omnia
2603 1841 2846 1902 apvt-atur
2874 1850 3006 1885 unus
3035 1843 3182 1900 atque
3213 1833 3346 1885 idem
3379 1834 3630 1902 Spiritus.

2065 1904 2132 1958 Et
2157 1907 2276 1975 quia
2306 1907 2372 1960 de
2400 1906 2656 1975 qualitate
2681 1918 2784 1957 non
2817 1913 2933 1975 erat
2958 1903 3177 1956 dubium
3212 1904 3261 1955 iu
3287 1902 3485 1970 Spiritu
3513 1923 3633 1960 san-

2067 1973 2187 2040 cto,
2228 1976 2320 2029 scd
2363 1987 2579 2044 propter
2619 1973 2999 2027 humanitatem
3028 1983 3377 2038 asstunptam,
3410 1975 3634 2031 dubium

2063 2056 2242 2113 posset
2270 2061 2390 2100 esse
2417 2047 2469 2098 in
2500 2044 2653 2108 Filio,
2678 2045 2798 2097 ideo
2816 2044 2882 2096 de
2901 2044 2991 2096 illo
3023 2052 3222 2096 tantum
3240 2046 3445 2111 prohat.
3466 2051 3633 2113 Quasi

2060 2115 2201 2170 dicat
2231 2133 2243 2168 :
2277 2116 2413 2169 Vere
2446 2116 2760 2184 principium
2785 2129 2901 2167 sum
2938 2125 3109 2184 tecum
3138 2132 3148 2166 :
3180 2115 3310 2168 Nam
3329 2118 3482 2183 genui
3505 2129 3551 2170 te
3569 2134 3635 2172 ex

2059 2196 2222 2253 utero,
2275 2185 2327 2239 id
2359 2183 2464 2249 est,
2509 2202 2572 2239 ex
2605 2187 2786 2239 intima
2818 2183 3117 2238 substantia
3146 2200 3286 2249 mea,
3317 2201 3418 2252 qua
3447 2192 3631 2242 occul-

2061 2265 2146 2310 tus
2192 2272 2311 2310 sum
2375 2255 2628 2325 quidquid
2679 2270 2828 2320 sum;
2895 2271 2996 2309 non
3053 2254 3192 2323 quod
3250 2255 3388 2310 Deus
3441 2257 3635 2315 habeat

2062 2337 2295 2395 uterum,
2344 2329 2438 2381 sed
2467 2328 2532 2379 ad
2563 2325 2731 2380 solam
2760 2325 3164 2380 similitudinem
3192 2325 3390 2379 dictum
3422 2338 3523 2381 est.
3559 2329 3628 2383 Et

2057 2400 2214 2466 genui
2265 2410 2316 2451 te
2359 2407 2476 2451 ante
2522 2397 2814 2466 luciferum,
2841 2396 2891 2448 id
2923 2405 3026 2466 est,
3059 2396 3132 2448 ita
3164 2404 3219 2449 ut
3248 2395 3456 2466 dignior
3479 2415 3627 2454 esses

2060 2460 2205 2522 omni
2257 2477 2529 2533 creatura,
2574 2460 2693 2534 quia
2726 2466 2885 2520 etiam
2917 2460 3125 2532 dignior
3153 2466 3241 2519 illo
3270 2460 3460 2535 aogclo
3488 2472 3634 2536 prin-

2059 2539 2214 2604 cipe;
2245 2554 2402 2605 quem
2434 2554 2553 2591 cum
2585 2553 2682 2605 ego
2706 2536 2947 2590 fecissem
2977 2537 3278 2601 luciferum,
3305 2538 3418 2606 ipse
3446 2553 3632 2606 super-

2060 2608 2252 2662 biendo
2285 2609 2409 2662 fecit
2435 2624 2494 2663 se
2519 2606 2884 2670 mortiferum;
2920 2607 3002 2660 vel
3033 2607 3185 2676 genui
3218 2617 3267 2660 te
3294 2619 3412 2661 ante
3441 2611 3628 2679 lucife-

2057 2694 2194 2744 rum,
2246 2679 2296 2732 id
2342 2689 2426 2733 est
2467 2687 2592 2732 ante
2641 2692 2800 2731 omne
2847 2687 3078 2744 tempus,
3122 2686 3180 2730 ut
3212 2693 3306 2746 per
3331 2679 3627 2748 digniorem

2059 2760 2286 2816 partem,
2316 2750 2367 2803 id
2397 2761 2477 2803 est
2501 2748 2805 2811 luciferum,
2834 2762 3022 2801 omnes
3044 2749 3227 2802 stellas
3265 2751 3625 2818 accipiamus:

2057 2829 2110 2872 et
2142 2833 2235 2885 per
2263 2821 2444 2873 stellas
2471 2828 2699 2886 tempus,
2734 2833 2852 2886 quae
2875 2826 2932 2870 ut
2958 2820 3430 2874 auctores'ethuici
3458 2830 3513 2874 et
3541 2836 3632 2874 ca-

2059 2889 2238 2944 tholici
2284 2891 2506 2954 dicunt,
2554 2898 2750 2943 creatae
2789 2897 2913 2942 sunt
2959 2899 3216 2945 utessent
3260 2890 3315 2943 iu
3363 2891 3512 2958 signa
3569 2901 3628 2946 et

2059 2969 2320 3029 tempora,
2372 2969 2428 3014 et
2470 2961 2588 3014 dies
2633 2967 2687 3013 ει
2716 2973 2904 3012 annos.
2941 2960 3004 3011 Et
3035 2959 3080 3012 si
3111 2972 3234 3012 ante
3266 2971 3474 3026 tempus
3501 2975 3629 3016 eum

2056 3031 2265 3099 genuit,
2294 3030 2656 3085 necessarium
2689 3040 2771 3084 est
2800 3044 2928 3099 ergo
2954 3031 3279 3084 ueternaliter
3305 3046 3426 3084 eum
3454 3031 3626 3100 gigni.

2132 3100 2282 3155 Unde
2329 3102 2522 3155 merito
2567 3101 2809 3169 genitura
2853 3101 2937 3152 illa
2981 3109 3066 3153 est
3111 3101 3411 3154 ineii'abilis.
3467 3101 3623 3155 Juxta

2055 3173 2194 3236 quod
2225 3173 2300 3226 ait
2323 3173 2608 3240 Apostolus
2637 3188 2648 3222 :
2679 3169 3064 3224 Geuerationt-m
3087 3173 3193 3234 eius
3209 3172 3318 3238 quis
3337 3175 3629 3227 enarrabit?

2504 3242 2570 3295 Et
2609 3242 2734 3308 quia
2781 3240 2938 3307 gunui
2987 3253 3037 3293 te
3067 3256 3132 3292 ex
3164 3249 3332 3304 utero,
3365 3257 3492 3309 ergo
3525 3259 3622 3309 pro

2057 3322 2279 3377 experta
2331 3313 2552 3373 militia,
2605 3326 2700 3378 pro
2746 3310 3017 3363 humiliter
3057 3309 3269 3378 expleta
3315 3312 3620 3365 obedientia

2055 3382 2183 3435 sede
2226 3399 2254 3434 a
2285 3381 2487 3435 dextris
2531 3382 2686 3443 meis,
2715 3379 2766 3432 id
2797 3389 2899 3442 est,
2932 3380 3112 3447 recipe
3141 3395 3226 3435 me
3255 3383 3321 3434 de
3350 3383 3530 3436 labore
3556 3384 3622 3438 ad

2055 3453 2412 3519 aequalitatem
2459 3466 2652 3505 meam.
2683 3451 2816 3502 Nota
2844 3461 3021 3503 autem
3051 3450 3190 3518 quod
3221 3460 3275 3505 et
3304 3452 3492 3507 sedere
3523 3455 3621 3507 ini-

2057 3522 2292 3588 perando
2334 3523 2488 3576 dicit.
2531 3521 2645 3575 Non
2677 3520 2817 3574 enim
2847 3521 3171 3581 imperamus
3195 3522 3292 3573 nisi
3320 3523 3531 3584 minori,
3566 3537 3622 3578 et

2055 3593 2264 3655 sedere,
2287 3602 2341 3646 et
2370 3605 2533 3656 stare,
2566 3602 2621 3647 et
2647 3590 2946 3660 lmjusmodi
2979 3589 3267 3657 positiones
3298 3600 3498 3645 tantmn
3533 3609 3618 3648 re-

2059 3678 2174 3714 rum
2204 3664 2577 3732 corporalium,
2610 3672 2932 3732 quapmpter
2964 3663 3402 3732 reSpeclusolius
3433 3663 3623 3716 huma-

2058 3732 2238 3786 uitatis
2287 3731 2414 3787 dicit
2444 3751 2457 3785 :
2504 3734 2638 3786 Sede
2675 3748 2707 3784 a
2736 3731 2932 3784 dextris
2962 3732 3102 3784 meis.
3129 3731 3291 3786 Sedet
3321 3733 3466 3786 enim
3497 3745 3548 3786 et
3574 3735 3626 3786 in

2055 3805 2275 3856 excelso
2317 3815 2371 3858 et
2419 3804 2472 3856 iu
2504 3803 2734 3857 occulto.
2765 3802 3051 3854 Excellens
3073 3803 3284 3866 quidem
3315 3812 3415 3865 εει,
3447 3813 3503 3856 ιιι
3531 3805 3626 3856 do-

2056 3874 2288 3928 minetur
2319 3892 2331 3928 :
2362 3875 2600 3927 occultus
2631 3887 2758 3926 vero
2781 3881 2881 3933 est,
2909 3881 2964 3924 ut
2990 3871 3040 3924 ei
3061 3873 3326 3938 credatur,
3348 3884 3400 3925 et
3419 3874 3622 3939 jusiida

2055 3943 2140 3997 illa
2196 3943 2520 4013 perficiatur,
2571 3944 2638 3997 de
2681 3958 2783 4010 qua
2830 3943 3190 4013 dictumdest:
3222 3941 3406 3999 Jus‘tus
3433 3959 3496 3996 ex
3525 3945 3628 4010 ﬁde

2055 4011 2208 4065 vivit;
2251 4016 2314 4067 Et
2356 4015 2422 4068 de
2467 4030 2568 4082 qua
2608 4014 2730 4066 alibi
2763 4013 2993 4065 dicitur:
3029 4011 3153 4063 Cum
3183 4014 3370 4066 venerit
3395 4014 3621 4077 Spiritus

2053 4085 2293 4142 veritatis.
2319 4086 2405 4136 ille
2430 4093 2606 4154 arguet
2634 4085 2876 4135 mundum
2912 4083 2974 4154 de
3002 4091 3205 4147 peccato
3239 4092 3286 4135 el
3313 4086 3375 4137 de
3397 4087 3618 4151 justitiu,

2053 4163 2097 4206 et
2141 4154 2203 4207 de
2243 4153 2594 4225 judicioﬁls'e
2633 4165 2837 4221 peccato
2876 4153 3098 4225 quidem,
3131 4154 3254 4221 quia
3283 4170 3382 4206 non
3405 4156 3620 4208 credunt

2054 4225 2104 4275 in
2136 4241 2214 4277 me
2244 4221 2261 4278 Ξ
2301 4226 2364 4296 de
2399 4226 2605 4296 justitia
2635 4221 2922 4296 utrmquia
2944 4223 3011 4274 ad
3032 4221 3245 4296 Patrem
3268 4227 3419 4296 uado.
3447 4236 3492 4278 et
3511 4230 3628 4296 jam

2052 4310 2154 4348 non
2182 4295 2411 4348 videbitis
2440 4311 2540 4348 me.
2567 4295 2688 4348 Haec
2712 4295 2853 4348 enim
2879 4305 2961 4348 est
2984 4309 3103 4346 vera
3123 4294 3346 4362 justitia,
3383 4306 3436 4348 ut
3460 4294 3619 4348 modo

2053 4365 2104 4418 in
2135 4367 2285 4420 illum
2330 4382 2486 4435 quem
2531 4382 2633 4418 non
2661 4366 2922 4426 videmus,
2954 4364 3268 4435 credamus.
3291 4364 3496 4435 Μειεεε
3523 4380 3623 4418 au-

2052 4445 2156 4489 tem
2201 4434 2358 4505 hujus
2401 4436 2616 4504 justitiu:
2664 4445 2768 4498 est,
2797 4444 2853 4488 ut
2881 4434 3120 4487 mundati
3145 4434 3309 4505 corda
3341 4434 3466 4497 fide,
3499 4447 3620 4488 tan-

2050 4506 2170 4560 dem
2217 4503 2365 4562 itlum
2403 4503 2710 4572 ’videamus,
2763 4506 2816 4559 in
2865 4519 3022 4573 quem
3080 4503 3240 4557 modo
3287 4519 3394 4558 non
3441 4506 3616 4559 visum

1978 4584 2023 4642 ι)
2049 4578 2336 4632 credimus.

2117 4657 2291 4713 Donec
2305 4673 2507 4726 ponam.
2531 4656 2684 4721 Sede,
2709 4656 2946 4726 inquam,
2963 4669 2992 4706 a
3005 4654 3195 4726 dextris
3212 4653 3354 4721 meis,
3377 4655 3620 4710 occultus

2047 4738 2099 4782 ct
2121 4725 2551 4793 indimoi'eudus,
2587 4729 2756 4780 donec
2791 4725 2973 4778 venias
3004 4725 3301 4788 manifeste,
3349 4740 3452 4778 non
3478 4726 3620 4793 judi-

2046 4799 2269 4862 candus,
2320 4799 2414 4851 sed
2459 4798 2795 4867 judicaturus
2843 4811 2856 4848 :
2905 4805 2969 4867 et
2987 4795 3148 4867 donec
3171 4811 3354 4861 ponam
3381 4796 3615 4867 inimicos

2049 4881 2158 4923 tuos
2186 4865 2473 4922 scabellum‘
2489 4869 2673 4936 pedum
2703 4878 2926 4930 tuorum,
2960 4865 3011 4918 id
3034 4874 3119 4918 est
3142 4867 3312 4920 donec
3332 4866 3614 4936 subjiciam

2049 4941 2142 4993 tibi
2197 4941 2444 4994 inimicos
2475 4949 2615 4991 tuos.
2658 4937 2907 4990 Inimicos
2937 4945 3091 4988 vocat
3114 4951 3458 5006 quoscunque
3490 4953 3615 5005 pec.

2046 5021 2256 5065 catores
2313 5007 2531 5069 invenit,
2595 5009 2710 5062 sive
2759 5019 2940 5074 postea
2991 5008 3110 5060 facti
3137 5017 3256 5060 sunt
3287 5022 3351 5060 ex
3383 5009 3615 5062 minucis

2046 5083 2224 5145 amici,
2255 5081 2371 5134 sive
2411 5079 2465 5133 in
2497 5078 2771 5131 inimicitia
2807 5077 3198 5144 permanserint
3230 5095 3242 5131 :
3273 5080 3396 5146 quia
3426 5093 3614 5132 omnes

2046 5153 2144 5205 etsi
2195 5153 2424 5215 occulte,
2475 5164 2690 5216 semper
2741 5158 2915 5201 tamen
2971 5150 3019 5202 ei
3069 5149 3614 5216 suntsubje.:ti,cum

2047 5232 2223 5275 autem
2278 5221 2452 5275 veniet
2497 5223 2848 5287 iudicaturus,
2911 5229 3034 5272 tunc
3074 5217 3354 5287 manifeste
3395 5216 3615 5284 pedibus

2048 5293 2166 5358 ejus
2193 5285 2562 5358 sobjicientur.
2596 5291 2660 5343 Et
2680 5290 2766 5342 alii
2800 5290 3013 5355 quidem
3046 5289 3315 5358 habebunt
3343 5285 3415 5339 ibi
3443 5288 3615 5340 locum

2049 5357 2242 5429 pinum,
2289 5357 2376 5414 alii
2431 5375 2559 5414 vero
2591 5361 2765 5414 locum
2791 5359 3192 5429 misericordia),
3215 5357 3315 5429 qui
3343 5358 3617 5411 humiliter

2047 5433 2110 5486 ad
2156 5427 2274 5501 ejus
2325 5431 2676 5500 imitationem
2743 5429 3047 5482 obedientia
3096 5427 3393 5495 implebunt
3443 5429 3615 5501 locum

2047 5498 2240 5571 puum),
2290 5498 2394 5570 qui'
2427 5501 2718 5554 obviabunt
2772 5501 2888 5567 ejus
2935 5513 3121 5566 regno,
3165 5509 3220 5552 et
3245 5498 3619 5552 contradiceut

2046 5572 2162 5642 ejus
2186 5571 2506 5626 sacerdotio.

2133 5643 2334 5710 Virgam
2361 5643 2555 5694 virtutis
2586 5650 2706 5695 tute.
2735 5638 3010 5692 Convertit
3037 5637 3187 5692 sead
3216 5637 3390 5710 ipsum
3427 5637 3617 5710 filium,

2047 5729 2110 5768 ac
2135 5715 2177 5766 si
2217 5707 2396 5766 dicat:
2435 5712 2564 5776 Hoc,
2600 5713 2835 5779 inquam,
2869 5711 3117 5776 promisit
3155 5711 3246 5760 tibi
3276 5709 3414 5761 Deus
3439 5707 3616 5773 Pater,

2047 5798 2100 5839 et
2125 5800 2306 5836 revera
2348 5783 2617 5850 implebit;
2642 5815 2648 5819 ~
2677 5783 2798 5848 quia
2843 5781 3092 5832 Dominus
3135 5781 3326 5833 emittet
3359 5780 3411 5832 in
3436 5795 3622 5832 Olllllt‘s

2046 5866 2231 5926 gentes
2280 5855 2474 5926 virgam
2518 5855 2714 5908 virtutis
2741 5865 2858 5923 tute,
2887 5851 2938 5908 id
2961 5861 3062 5920 cst,
3098 5850 3335 5918 regimen
3380 5851 3626 5923 potentia:

3119 5945 3194 6003 33
