4026 6200
383 382 514 436 [εὖτ

373 572 509 624 enim
552 569 681 622 salvi
729 567 851 634 facti
894 582 1109 629 sumus,
1155 576 1500 632 exspectantes
1552 568 1950 632 redemptio-tem

375 640 604 709 corporis
655 637 832 709 nostri.
863 636 941 709 _ln
975 635 1133 703 hujus
1183 638 1436 709 temporis
1465 636 1949 709 considerationem

374 707 523 778 plebs
549 708 746 764 ChriSti
791 707 992 761 habens
1021 714 1202 773 peetus
1231 708 1442 774 plenum
1476 707 1698 778 Iretitiae,
1731 716 1952 778 eructat

375 777 430 835 in
463 778 672 834 Iaudem
708 779 822 840 Dei,
857 778 979 845 quia
1013 779 1244 844 loquitur
1275 780 1362 830 hic
1391 792 1587 844 corpus
1615 777 1814 831 Christi
1842 777 1950 842 jam

378 867 474 918 per
503 866 651 916 spem
682 847 1092 918 resurrectionis
1119 847 1238 916 ejus
1269 847 1335 901 ab
1364 850 1610 903 omnilms
1638 848 1791 918 malis
1822 847 1953 918 lihe-

380 917 576 985 ratum,
623 926 679 976 et
703 919 951 986 malignis
981 917 1285 972 hominibus
1316 919 1439 971 etsi
1483 919 1720 970 nondum
1767 917 1954 970 locali-

384 1005 485 1060 ter,
529 1001 706 1044 tamen
737 989 1006 1060 moraliter
1035 999 1358 1056 separatum,
1407 987 1591 1060 dicens
1622 989 1688 1041 ita
1715 1005 1740 1060 :_
1779 1001 1812 1040 ο
1834 986 1954 1060 _D_o-

380 1057 535 1123 mine,
564 1059 841 1128 confitebor
870 1059 958 1112 tibi
987 1060 1038 1112 in
1061 1068 1164 1112 toto
1187 1060 1337 1111 corde
1367 1075 1495 1122 meo,
1531 1058 1702 1118 idest,
1731 1057 1955 1111 laudabo

381 1142 434 1188 te
461 1143 512 1187 et
543 1132 628 1185 hic
657 1146 754 1200 per
778 1145 962 1199 spem,
1008 1140 1060 1184 et
1093 1129 1306 1183 tandem
1337 1129 1386 1182 in
1421 1145 1476 1200 re
1507 1130 1558 1182 iu
1589 1128 1733 1181 omni
1760 1128 1955 1200 angulo

377 1201 554 1257 cordis
584 1198 714 1256 mei.
758 1198 966 1255 Pesitus
995 1215 1113 1254 sum
1141 1201 1195 1252 in
1219 1200 1432 1253 consilio
1449 1199 1710 1269 justorum
1729 1241 1744 1265 ,
1777 1198 1825 1252 id
1849 1207 1956 1263 est,

380 1275 745 1341 apostolorum
772 1283 828 1326 et
855 1272 1079 1324 aliorum
1129 1279 1455 1333 sanctorum,
1486 1271 1710 1341 scilicet,
1762 1278 1818 1341 ut
1847 1283 1954 1341 non

379 1339 616 1409 quaeram
639 1355 760 1410 qua:
790 1356 905 1394 mea
936 1352 1082 1405 sunt,
1131 1341 1224 1395 sed
1254 1341 1530 1410 qumWJesu
1578 1339 1798 1394 Christi.
1847 1339 1958 1392 Hoc

383 1415 528 1467 enim
562 1409 956 1468 estconsilium
1006 1409 1293 1479 justornm.
1352 1409 1415 1464 Et
1464 1410 1588 1479 quia
1621 1411 1706 1464 hic
1753 1425 1870 1479 sum
1903 1410 1955 1463 in

380 1484 630 1544 consilio,
683 1482 802 1535 ideo
829 1496 922 1552 ero
952 1477 1019 1534 iu'
1051 1482 1456 1552 congregatione,
1486 1477 1557 1533 'id
1585 1490 1687 1543 est,
1736 1477 1956 1534 tandem

383 1554 462 1608 eis
488 1554 836 1622 aggregabor.
869 1551 1122 1622 Quisquis
1163 1553 1305 1604 enim
1336 1553 1421 1606 hic
1452 1567 1554 1604 non
1585 1561 1666 1606 est
1695 1552 1747 1605 in
1773 1565 1956 1605 eorum

383 1624 632 1686 consilio,
658 1621 772 1678 ’uon
806 1621 1016 1676 tandem
1045 1623 1148 1676 erit
1177 1623 1227 1675 in
1252 1622 1493 1690 collegio.

460 1694 831 1764 Magnappera
865 1691 1090 1745 Domini.
1137 1692 1294 1758 Quasi
1323 1692 1502 1764 dicat:
1549 1691 1701 1764 Quod
1728 1691 1957 1748 conﬁte-

386 1764 486 1819 bor
523 1762 768 1824 Domino,
819 1763 919 1815 hoc
957 1778 1062 1816 non
1093 1778 1158 1815 ex
1208 1777 1293 1816 me
1323 1762 1512 1828 habeo,
1567 1762 1662 1816 sed
1706 1764 1772 1816 ab
1818 1764 1956 1829 ipso,

384 1836 516 1917 quia
543 1851 696 1921 Opera
731 1833 933 1886 Domini
971 1833 1031 1921 lin
1061 1847 1146 1887 me
1175 1842 1298 1921 spot
1337 1848 1546 1915 magna.
1596 1833 1687 1914 Illa
1717 1832 1836 1886 dico
1864 1849 1955 1886 ετ·
1995 1861 2038 1921 Β

385 1903 599 1971 quisita,
629 1905 680 1958 id
720 1912 823 1964 est,
872 1903 1125 1970 perlécta.
1183 1903 1512 1966 Esquisitum
1561 1903 1702 1956 enim
1746 1919 1955 1966 aurum,

385 1978 581 2029 dicitur
609 1975 897 2038 perlectum
927 1989 1137 2026 aurum.
1174 1973 1238 2026 Et
1267 1972 1384 2026 ideo
1410 1974 1660 2040 perleCta,
1695 1974 1815 2039 quia
1839 1984 1964 2026 sunt

387 2049 564 2098 euntia
596 2046 648 2098 in
675 2060 848 2097 omnes
878 2045 1156 2097 voluntates
1185 2045 1317 2112 ejus,
1366 2042 1418 2096 id
1449 2051 1549 2108 est,
1582 2045 1700 2111 quia
1733 2045 1782 2096 itt
1817 2045 1963 2098 nullo

389 2115 438 2168 ei
469 2124 784 2184 repugnant.
838 2114 972 2184 Etsi
1003 2114 1190 2184 aliquis
1237 2123 1502 2181 qttzercret
1529 2129 1646 2182 quae
1685 2114 1770 2167 illa
1799 2128 1962 2181 opera

385 2185 538 2254 dicit,
569 2183 634 2240 ne
663 2184 852 2252 aliquis
882 2183 950 2237 de
981 2183 1375 2254 suisopet’ibus
1406 2192 1712 2248 praesumat.
1765 2188 1964 2254 confes:

389 2257 466 2308 sio
501 2266 833 2323 peccatorum
856 2263 939 2308 est
967 2269 1102 2320 opus
1127 2255 1244 2324 ejus
1273 2253 1326 2307 in
1358 2268 1464 2319 me,
1493 2254 1544 2308 id
1572 2264 1675 2318 est,
1705 2254 1805 2310 hoc
1825 2253 1963 2324 quod

389 2341 492 2395 ego
522 2325 825 2395 conﬁtebor
847 2336 1092 2391 peccata,
1143 2341 1246 2378 non
1275 2326 1449 2392 aliqua
1479 2339 1594 2380 mea
1627 2326 1834 2390 merita,
1867 2325 1960 2379 sed

387 2394 506 2464 ipse
537 2405 793 2466 operatur
815 2394 1004 2466 inme.
1056 2408 1103 2449 et
1133 2395 1507 2465 magnificentia
1550 2406 1633 2450 est
1662 2398 1821 2450 etiam
1853 2398 1962 2466 ejus

389 2483 518 2530 opus
545 2469 596 2519 in
626 2481 729 2519 me.
759 2464 1033 2519 Confessio
1053 2475 1137 2519 est
1167 2464 1366 2534 peceati
1394 2466 1730 2532 improhatio,
1761 2464 1962 2532 magni-

392 2537 601 2590 licentia
635 2551 761 2589 vero
801 2544 882 2589 est
930 2539 1222 2604 peccatoris
1258 2535 1593 2604 jttstilicatio.
1638 2537 1773 2602 Quid
1820 2535 1960 2591 enim

393 2606 812 2674 magniﬁcentius
843 2603 998 2673 quam
1021 2607 1087 2659 de
1121 2603 1400 2670 peccatore
1427 2603 1604 2660 facere
1628 2609 1850 2676 justum,
1892 2608 1960 2661 de

392 2675 646 2730 damnato
683 2677 962 2729 electum?
1016 2678 1078 2730 Et
1111 2678 1194 2730 hic
1228 2676 1398 2745 (quasi
1429 2675 1591 2746 dicat)
1615 2675 1962 2744 magniﬁcen-

395 2747 467 2799 tia
497 2762 601 2801 non
629 2757 712 2800 est
743 2746 972 2812 horaria,
1015 2748 1107 2800 sed
1139 2749 1483 2815 sempiterna,
1511 2749 1632 2816 quia
1651 2747 1874 2816 justitia,
1911 2747 1961 2801 id

393 2826 497 2878 est,
525 2817 831 2886 ju~tilicatio
858 2817 968 2885 ejus
997 2829 1162 2870 manet
1191 2823 1240 2870 in
1281 2821 1526 2870 saeculum
1566 2819 1758 2871 stecttli.
1809 2817 1961 2882 Quod

396 2887 508 2953 ipsa
539 2887 740 2955 justitia
791 2887 860 2939 sit
889 2895 1110 2951 aeterna,
1159 2889 1280 2955 quia
1317 2887 1496 2940 linitur
1548 2903 1669 2942 cum
1725 2889 1960 2950 homine,

396 2958 490 3010 sed
521 2957 881 3030 remuneratio
903 2958 1143 3030 justititc,
1168 2959 1288 3030 quia
1313 2957 1575 3030 justitiam
1610 2961 1694 3030 (ac
1723 2958 1766 3010 si
1796 2958 1960 3030 dicat)

395 3041 490 3097 per
521 3026 620 3080 hoc
657 3035 905 3094 operatur
951 3029 1001 3080 in
1039 3042 1142 3090 me,
1185 3029 1303 3096 quia
1334 3029 1446 3093 ipse
1491 3037 1572 3081 est
1615 3026 1706 3097 qui
1740 3038 1821 3082 est
1854 3028 1962 3080 Do-

394 3098 562 3150 minus
597 3097 881 3150 misericors
918 3097 970 3150 in
1001 3097 1301 3162 ollectioue,
1353 3098 1620 3152 miserator
1659 3104 1710 3152 in
1752 3099 1961 3153 exhibi-

397 3169 562 3231 tione,
613 3167 730 3236 fecit
775 3167 1069 3220 memoriam
1108 3167 1417 3221 ntirabilium
1462 3184 1708 3232 suorum,
1757 3170 1810 3223 id
1855 3180 1958 3235 est,

395 3241 670 3306 signorum
735 3239 785 3290 in
841 3237 1054 3292 deserto
1103 3237 1379 3292 factorum.
1445 3238 1498 3292 In
1550 3238 1766 3294 deserto
1813 3239 1956 3294 enim

397 3323 590 3361 manna
637 3307 767 3376 pluit
795 3307 861 3361 de
889 3308 1050 3374 cudo,
1097 3319 1151 3363 et
1180 3323 1369 3376 aqtiam
1410 3308 1478 3362 de
1509 3319 1655 3374 petra
1689 3311 1957 3376 produxit,

395 3380 653 3447 pluraque
685 3377 807 3430 talia
842 3377 986 3431 fecit.
1024 3380 1087 3431 Et
1129 3380 1316 3432 horum
1345 3379 1614 3445 signorum
1649 3381 1957 3435 memoriam

397 3464 493 3517 per
522 3449 810 3517 signiﬁcata
842 3448 986 3510 fecit,
1035 3451 1158 3516 quia
1186 3463 1345 3502 mune
1371 3451 1720 3517 signiﬁcatum
1755 3466 1960 3503 memo-

397 3519 475 3572 ria
501 3530 583 3572 est
611 3520 690 3571 sui
725 3518 882 3584 signi.
941 3520 1002 3571 Et
1037 3519 1268 3573 odendit
1309 3521 1575 3586 quomodo
1600 3519 1765 3572 dicit:
1810 3520 1959 3573 Dedit

392 3603 562 3642 escam
610 3589 895 3642 timentibus
947 3605 1017 3642 se.
1069 3588 1208 3642 Misit
1247 3592 1387 3643 enim
1433 3603 1622 3657 panem
1665 3590 1846 3643 vixum
1892 3591 1959 3644 de

397 3659 560 3726 caelo,
610 3659 698 3726 qui
738 3669 819 3712 est
845 3673 966 3712 vera
994 3660 1209 3712 reiectio
1237 3660 1474 3713 omnium
1505 3661 1801 3714 timentium
1833 3675 1957 3714 eum

397 3741 548 3783 casto
579 3729 789 3792 timore,
835 3744 992 3798 quem
1023 3745 1212 3798 panem
1255 3745 1447 3785 manna
1499 3731 1742 3799 signavit.
1797 3731 1960 3784 Aliter

398 3813 611 3871 quoque
637 3801 943 3871 versusille
975 3800 1257 3866 praedictus
1288 3801 1516 3871 legitur;
1565 3799 1760 3871 Magna
1805 3817 1960 3869 opera

399 3867 630 3923 Domini.
688 3869 849 3934 Quasi
895 3870 1074 3924 dicat:
1128 3871 1314 3925 Merito
1347 3867 1677 3925 Vconlitebor'
1714 3867 1958 3935 Domino,

398 3941 523 4007 quia
555 3954 713 4008 opera
746 3939 954 3993 Domini
1001 3950 1127 3994 sont
1154 3955 1366 4009 magna,
1410 3940 1644 4006 scilicet,
1694 3943 1814 4010 quia
1845 3942 1962 3995 nul-

402 4010 510 4063 lmu
543 4009 883 4062 conﬁtentem
929 4010 1295 4066 misericordia
1337 4010 1558 4074 deserit,
1607 4009 1728 4078 quia
1767 4011 1963 4066 nullius

401 4081 654 4148 iniquitas
680 4080 936 4146 impunita
969 4082 1284 4149 remanebit,
1317 4095 1438 4135 cum
1475 4096 1576 4134 non
1610 4081 1960 4149 parcitetiam

403 4152 525 4203 liltis
555 4164 689 4218 quos
717 4150 923 4218 recipit.
957 4148 1126 4219 Eligat
1153 4165 1280 4220 ergo
1297 4152 1457 4204 homo
1483 4148 1622 4217 quod
1649 4152 1792 4205 velit.
1827 4153 1964 4219 Quia

401 4235 508 4274 non
541 4226 616 4272 sic
647 4227 771 4272 sunt
798 4223 1082 4274 constituta
1114 4235 1273 4287 Opera
1300 4221 1526 4284 Domini,
1555 4229 1613 4274 ut
1639 4232 1878 4276 creatura
1911 4223 1962 4278 in

404 4291 573 4344 libero
602 4290 822 4343 arbitrio
850 4291 1118 4345 Creatoris
1155 4293 1440 4345 constituta
1482 4303 1696 4359 superet
1725 4294 1964 4346 volunta-

403 4371 534 4422 tem,
563 4361 606 4412 si
635 4371 818 4413 contra
850 4361 963 4428 ejus
993 4361 1150 4414 laeiat
1172 4364 1516 4415 voluntatem.
1548 4362 1659 4414 Non
1689 4364 1830 4417 enim
1859 4363 1964 4417 vult

405 4431 545 4483 heus
575 4440 628 4483 ttt
659 4444 864 4498 pecces,
899 4447 1018 4485 nam
1045 4431 1308 4499 prohibet.
1354 4433 1409 4487 Si
1436 4441 1610 4485 autem
1646 4432 1805 4485 homo
1839 4449 1964 4499 pec-

401 4502 626 4565 caverit,
681 4515 786 4553 non
821 4513 970 4569 putes
1000 4501 1264 4555 hominem
1311 4503 1500 4558 iecisse
1529 4503 1671 4571 quod
1701 4504 1883 4568 voluit,
1914 4516 1965 4558 et

404 4571 514 4624 Deo
539 4557 798 4624 accidisse
821 4557 964 4637 quod
1013 4573 1198 4626 noluit.
1253 4574 1396 4627 Sicut
1427 4557 1567 4625 enini
1603 4575 1712 4625 vult
1745 4557 1883 4627 Deus
1912 4557 1968 4627 ut
1999 4557 2047 4614 ί)

405 4654 512 4693 non
547 4654 754 4706 pecces,
783 4641 852 4693 ita
892 4643 1002 4694 vult
1031 4645 1167 4695 conli
1195 4644 1302 4697 enti
1338 4657 1578 4710 part-ere,
1605 4655 1662 4695 ut
1689 4655 1966 4697 converta-

405 4721 491 4764 tur
538 4721 592 4765 et
619 4714 778 4763 vivat.
837 4713 909 4764 Ita
957 4723 1230 4780 pistremo
1275 4714 1388 4766 vult
1432 4723 1860 4780 perseverantem
1915 4715 1967 4768 in

409 4783 642 4847 peccatis
695 4782 902 4848 punire,
955 4799 1020 4836 ne
1068 4783 1288 4850 justitiaa
1339 4783 1626 4850 potentiam
1682 4797 1968 4839 contumax

403 4852 617 4924 evadat.
665 4852 930 4918 Quidquid
980 4867 1110 4924 ergo
1157 4855 1405 4924 elegeris,
1459 4855 1813 4921 omnipotenti
1862 4872 1967 4908 non

406 4923 580 4993 deerit
609 4924 945 4993 tmde__suam
995 4923 1062 4976 de
1112 4933 1163 4993 te
1205 4923 1472 4993 cetnpleat
1513 4927 1855 4978 voluntatem.
1907 4927 1973 4980 Et

406 4992 673 5065 ideodicit
695 5010 706 5044 :
743 4990 912 5065 Opera
936 4992 1141 5046 Domini
1162 4990 1495 5065 suntniagna.
1526 4996 1654 5058 Qua:
1671 4997 1713 5048 si
1744 4996 1850 5050 sint
1874 5011 1968 5050 etc-

405 5063 614 5131 quisitu,
642 5064 690 5116 id
714 5072 814 5128 est,
832 5062 1107 5131 diligenter
1132 5062 1484 5125 censiderata.
1506 5067 1824 5119 videbuntur
1857 5077 1972 5120 ten-

406 5134 614 5205 det-ein
638 5149 810 5186 omnes
841 5136 1121 5187 voluntates
1150 5137 1261 5203 ejus
1297 5135 1661 5203 complendas,
1712 5139 1826 5191 sive
1854 5153 1974 5205 par-

405 5203 560 5257 cendi
589 5206 701 5256 sive
731 5205 998 5271 puniendi.

481 5272 743 5341 Conftssio
773 5282 818 5326 et
846 5275 1240 5345 magnificentia.
1285 5277 1445 5341 Quasi
1470 5276 1646 5330 dicat:
1699 5276 1822 5331 Ideo
1851 5293 1974 5333 vere

405 5360 595 5418 magna
620 5353 744 5418 sunt
771 5360 926 5415 opera
961 5346 1197 5410 Domini,
1242 5362 1366 5418 quia
1396 5349 1642 5418 confessio
1670 5360 1712 5402 et
1739 5350 1976 5418 magni/i-

407 5415 594 5488 centia,
632 5414 682 5467 id
706 5414 810 5479 est,
839 5421 1037 5482 [κλει-ειη
1068 5414 1406 5488 improbatio,
1437 5414 1803 5485 et'pcccatoris
1826 5414 1976 5488 justi-

408 5487 611 5560 licatio,
656 5495 742 5539 est
769 5502 896 5560 opus
938 5489 1048 5555 ejus
1073 5487 1145 5560 in
1191 5491 1614 5543 retnunet'andis.
1672 5489 1736 5542 Et
1772 5487 1978 5560 justiia

409 5559 547 5627 ejus,
577 5570 754 5625 quam,
787 5559 1010 5624 scilicet,
1045 5557 1322 5626 sitjnstus,
1356 5568 1440 5612 est
1469 5560 1521 5612 in
1554 5557 1889 5627 damnandis,
1923 5571 1978 5614 ut

407 5628 613 5682 nullum
643 5628 1172 5698 nuneeouliteutem
1220 5628 1432 5682 deserat
1483 5646 1660 5696 ptena.
1715 5632 1857 5698 lla-c,
1899 5633 1978 5686 in.

405 5712 592 5767 quam,
642 5696 1118 5772 justitiajmanetin
1156 5700 1400 5772 siccatum
1442 5703 1637 5765 siccati,
1689 5705 1808 5772 quia
1844 5696 1977 5756 nun-

405 5784 569 5837 quam
595 5768 762 5835 parcit
794 5767 1076 5837 iniquitati,
1126 5770 1226 5824 nisi
1261 5781 1312 5823 tu
1345 5786 1448 5824 non
1491 5787 1681 5840 parcas
1708 5767 1781 5829 ci.
1824 5775 1975 5840 Quod

405 5842 552 5894 enim
583 5849 636 5894 tu
668 5841 845 5908 punis,
877 5841 976 5895 hoc
1001 5843 1175 5896 solum
1205 5841 1319 5912 ipse
1348 5856 1452 5897 non
1485 5844 1651 5912 punit.

1115 377 1176 432 ΙΝ
1221 377 1640 435 PSALMORUM
1682 375 1934 434 LIBRUM
1977 376 2328 432 EXEGESIS.
2373 407 2442 419 -—-
2479 375 2724 433 PS.\L.\I.
2766 378 2899 434 CXI.

371 501 498 554 dum
549 512 644 562 re,
692 510 786 562 per
829 509 978 561 spem
1026 495 1436 549 resurrectionis
1483 496 1793 550 Dominiea.
1846 495 1954 564 Spe
1988 502 2026 558 Α

3505 385 3638 439 i058

2135 491 2435 545 Memoriam
2475 494 2612 562 fecit.
2664 494 2968 548 Secundum
3022 495 3158 549 hanc
3204 497 3528 552 sententiam
3573 504 3638 556 ad

2054 563 2283 632 primum
2319 579 2531 616 Versum
2559 565 2958 618 continuabitur
3004 567 3104 620 hoc
3134 566 3211 619 sic
3240 582 3253 616 :
3291 565 3414 619 Ideo
3448 572 3640 626 merito

2053 633 2350 688 confitebor
2386 633 2630 694 Domino.
2661 637 2783 702 quia
2818 634 3066 688 Dominus
3090 637 3374 689 misericors
3410 649 3456 691 et
3481 641 3642 693 mise-

2054 714 2197 779 rator
2251 706 2546 757 memoriam
2598 705 2718 774 fecit
2761 707 3071 760 mirabilium
3113 721 3340 770 sumunt,
3389 717 3446 762 ut
3480 723 3640 779 supra

2053 773 2252 826 dictum
2283 784 2385 828 cst.

2125 842 2324 896 Memor
2362 844 2472 898 erit.
2517 843 2690 912 Dedit,
2743 847 2978 912 inpiam,
3021 863 3186 901 escam
3235 849 3530 905 timentibus
3564 867 3639 913 se,

2057 924 2113 968 et
2146 931 2239 982 per
2281 915 2420 968 hanc
2449 918 2762 970 memoriam
2789 933 2980 971 memor
3007 919 3100 972 erit
3125 923 3409 972 testamenri
3450 923 3550 982 sui,
3588 921 3637 973 id

2055 995 2156 1047 est,
2191 985 2528 1057 conﬁrmavit
2555 988 2936 1052 promissioncs
2962 1002 3107 1053 suas,
3146 1004 3247 1040 nou
3273 1006 3392 1057 qua:
3416 992 3482 1044 ad
3509 1005 3640 1046 tem-

2058 1070 2155 1123 pus
2188 1056 2556 1127 lnerunt,’sed
2583 1074 2701 1121 qua:
2727 1068 2854 1111 sunt
2882 1058 2936 1111 in
2977 1060 3240 1119 sa'culam,
3278 1056 3328 1113 ill
3382 1073 3483 1127 est,
3528 1078 3632 1114 tmn

2055 1126 2323 1190 carnales,
2356 1126 2448 1179 sed
2477 1127 2800 1197 spirituales.
2835 1128 3101 1181 StEClliUlll
3138 1144 3233 1194 pro
3260 1126 3641 1197 mtt'ruo'ponit

2060 1207 2278 1262 propter
2304 1199 2427 1250 αἰών
2467 1194 2736 1261 ϐτεεευηι,
2770 1207 2826 1251 ut
2857 1213 3012 1266 Supra
3041 1200 3238 1252 dictum
3286 1212 3384 1254 εει.
3421 1194 3643 1255 Ει-νειθε

2059 1281 2249 1318 memor
2277 1267 2388 1329 erit,
2427 1269 2475 1336 id
2507 1276 2611 1330 est,
2642 1272 2764 1334 quia
2797 1269 3155 1332 annnntiabit,
3191 1269 3239 1322 id
3269 1284 3375 1336 es',
3419 1271 3640 1326 manife-

2061 1337 2223 1389 stabit
2267 1335 2467 1410 papula
2491 1352 2607 1399 suo,
2660 1339 2709 1391 id
2748 1349 2852 1404 est,
2899 1340 3153 1406 populum
3202 1335 3383 1408 gratia:
3415 1344 3642 1410 primiti-

2059 1419 2205 1468 vum,
2236 1407 2372 1460 sicut
2401 1416 2618 1460 sanctos
2649 1410 2927 1476 apostolos
2973 1407 3274 1476 intelligere
3325 1407 3448 1465 fecit
3478 1414 3643 1466 virtu-

2059 1485 2156 1528 tem
2189 1492 2395 1543 operum
2425 1493 2660 1544 suorum,
2717 1480 2765 1532 id
2799 1489 2899 1544 θεῖ,
2951 1480 3057 1532 vim
3090 1490 3143 1534 et
3171 1481 3526 1547 signiﬁcatum
3556 1497 3643 1535 sa-

2060 1556 2456 1601 cramentorum
2487 1562 2728 1602 ειιοτιιιιί.
2756 1549 3163 1604 Sacramentum
3196 1553 3338 1605 enim
3369 1562 3452 1605 est
3475 1568 3642 1606 sacra:

2062 1618 2138 1690 rei
2173 1618 2413 1690 sigrium.
2451 1617 2519 1672 Et
2560 1635 2752 1672 manna
2794 1619 2897 1690 luit
2939 1630 3360 1686 sacramentum,
3393 1624 3515 1690 quia
3548 1623 3645 1676 fuit

2062 1689 2275 1756 signum
2307 1689 2417 1741 veri
2468 1690 2621 1756 panis
2652 1690 2742 1757 qui
2774 1689 2842 1743 de
2889 1690 3031 1744 caelo
3082 1691 3384 1745 descendit.
3412 1689 3646 1747 ’Talium

2062 1767 2519 1810 sacramentorum
2549 1761 2655 1810 vim
2693 1759 2949 1812 Dominus
2980 1762 3281 1817 notiﬁcahit
3310 1765 3565 1823 apostolis
3591 1775 3646 1818 et

2066 1825 2184 1880 aliis
2215 1828 2552 1881 consortibus
2577 1843 2789 1893 eorum,
2830 1829 2895 1882 ad
2931 1830 3050 1890 hoc,
3085 1841 3137 1882 ut
3181 1833 3263 1885 det
3291 1832 3396 1884 illis
3428 1835 3648 1887 hwredi-

2065 1906 2216 1949 tatem
2243 1899 2499 1964 gentium,
2549 1897 2602 1951 id
2633 1908 2713 1951 est
2734 1939 2749 1962 ,
2792 1899 2881 1952 det
2912 1900 3015 1953 illis
3046 1910 3230 1967 gentes
3277 1902 3326 1953 in
3355 1904 3643 1957 lizeredita-

2067 1967 2398 2046 tem.“Sicut
2430 1968 2518 2046 ille
2559 1968 2647 2035 qui
2690 1968 2864 2021 dixit:
2920 1968 3154 2046 Principc
3198 1970 3434 2046 divitibus
3486 1973 3644 2046 hujus

2063 2037 2240 2088 sa'culi
2260 2038 2594 2112 nonsublinte
2615 2054 2812 2105 sapere.
2843 2047 2949 2094 etc.
2999 2037 3125 2112 [huc
3154 2051 3204 2094 et
3235 2043 3431 2096 similia
3453 2037 3641 2112 genies

2069 2114 2322 2178 tanquam
2365 2109 2730 2162 haereditatem
2761 2112 3035 2165 excolunt.
3070 2111 3322 2178 Sequitur
3355 2130 3368 2166 :

2139 2175 2309 2248 Opera
2338 2193 2586 2232 manuum
2627 2179 2760 2248 ejus.
2809 2179 2970 2247 Quasi
2998 2175 3179 2235 dicat:
3232 2183 3487 2247 Quamvis
3527 2184 3650 2238 dico

2068 2247 2208 2314 quod
2233 2248 2332 2323 illa_
2351 2248 2604 2323 excolam
2625 2247 2812 2323 gentes
2838 2262 3085 2323 tanquam
3110 2252 3499 2319 hzercditatem,
3533 2255 3645 2323 ipse

2069 2328 2246 2372 tamen
2301 2317 2574 2393 Dominus
2599 2317 2997 2393 principaliter
3028 2320 3131 2375 hoc
3179 2333 3432 2392 operatur
3456 2317 3492 2387 ,⁷
3521 2317 3645 2393 quia

2065 2403 2231 2462 opera
2262 2405 2529 2462 uiantium,
2563 2389 2613 2443 id
2642 2397 2746 2455 est,
2802 2392 3052 2458 potentia:
3081 2393 3194 2462 ejus
3218 2389 3346 2446 sunt
3387 2389 3569 2448 veritas
3599 2406 3650 2450 et

2057 2458 2340 2523 judicium.
2373 2459 2500 2514 llaec
2529 2467 2613 2514 est
2652 2464 2883 2528 potentia
2915 2463 3053 2528 ejus,
3093 2458 3350 2530 operatur
3379 2465 3428 2516 in
3455 2467 3538 2518 eis
3567 2481 3652 2520 ve-

2067 2529 2300 2602 ritatem,
2344 2530 2393 2602 id
2415 2539 2530 2602 est,
2587 2529 2653 2602 iu
2693 2541 3078 2599 praeceptorum
3127 2529 3542 2602 completionetu
3595 2548 3653 2590 et

2061 2597 2344 2664 judicium,
2376 2598 2428 2652 id
2459 2607 2574 2663 est,
2608 2597 2981 2655 discretionem
3033 2602 3170 2656 inter
3203 2597 3398 2657 bonum
3443 2617 3495 2658 et
3539 2622 3652 2658 ma-

2069 2667 2202 2739 lum,
2249 2678 2300 2721 et
2329 2669 2408 2722 sie
2435 2684 2528 2723 eas
2559 2670 2773 2739 excolit.
2815 2671 2948 2737 Qua:
2978 2671 3106 2734 duo,
3139 2673 3362 2739 scilicet,
3401 2676 3580 2729 veritas
3603 2686 3651 2729 et

2057 2738 2320 2812 judicium
2341 2739 2514 2812 (quasi
2541 2737 2704 2810 dicat)
2720 2751 2852 2812 sunt
2880 2737 3357 2810 mandataejusjlt
3377 2745 3496 2799 ideo
3528 2747 3653 2812 ﬁde.

2068 2810 2164 2881 lia,
2206 2811 2326 2875 quia
2372 2809 2549 2881 omnia
2571 2809 2816 2862 mandata
2845 2813 2956 2881 ejus
2977 2809 3173 2878 ﬁdelia,
3207 2815 3259 2867 id
3290 2824 3394 2880 est,
3423 2809 3537 2869 non
3560 2819 3655 2870 l‘al-

2071 2877 2258 2941 lentia,
2289 2880 2383 2932 sed
2413 2892 2581 2944 certa,
2618 2877 2945 2948 quapropter
2977 2877 3262 2938 Servanda.
3299 2877 3497 2939 lit'nOn
3530 2897 3656 2940 sunt

2068 2948 2300 3011 horai-ia,
2353 2951 2447 3004 sed
2487 2950 2795 3016 conﬁrmata
2841 2952 2895 3004 in
2920 2953 3168 3006 stcculum
3197 2956 3410 3019 seaculi;
3460 2965 3513 3009 et
3553 2957 3656 3010 hoc

2065 3019 2210 3081 ideo,
2239 3019 2362 3087 quia
2407 3029 2531 3073 sunt
2559 3020 2715 3088 facta,
2751 3036 2854 3074 non
2885 3021 2938 3074 in
2973 3025 3182 3087 umbra,
3216 3028 3310 3078 sed
3338 3027 3581 3088 veritate;
3610 3037 3657 3080 ct

2064 3097 2192 3142 sunt
2223 3089 2358 3162 laeta
2383 3089 2434 3162 in
2461 3092 2722 3160 aequitate,
2755 3106 2860 3145 non
2889 3093 2940 3144 in
2966 3093 3264 3162 iniquitate,
3294 3096 3430 3150 sicut
3453 3098 3657 3150 oculum

2065 3172 2159 3227 pro
2181 3161 2563 3234 oculo,dentem
2589 3176 2682 3227 pro
2705 3163 2872 3226 dente,
2901 3171 2956 3217 et
2979 3161 3192 3228 similia,
3223 3175 3397 3234 erant,
3416 3166 3656 3234 inquam,

2070 3244 2176 3282 non
2211 3240 2353 3283 recte
2386 3230 2678 3285 intellecta.

2143 3299 2558 3373 lledemptionem
2583 3301 2720 3373 misit
2742 3301 2930 3373 populo
2958 3318 3074 3358 suo.
3103 3303 3266 3370 Quasi
3306 3305 3454 3359 dicat
3478 3321 3492 3359 :
3524 3306 3650 3361 Ideo

2069 3367 2187 3421 hare
2233 3369 2481 3444 mandata
2521 3367 2834 3444 conﬁrmata
2864 3380 2992 3426 sunt
3035 3375 3087 3426 in
3127 3367 3420 3443 internum,
3463 3378 3655 3444 conﬁr-

2067 3447 2227 3500 mata,
2282 3442 2410 3512 quia
2463 3455 2566 3493 non
2600 3451 2746 3512 sunt
2796 3441 2932 3495 facta
2985 3458 3077 3512 per
3125 3459 3344 3499 servum
3385 3441 3525 3499 sicut
3560 3441 3655 3500 illa

2070 3512 2268 3584 priora,
2318 3509 2413 3562 sed
2449 3525 2554 3584 per
2589 3511 2895 3584 Dominum.
2939 3509 3182 3584 Namque
3215 3513 3466 3569 Dominus
3500 3516 3658 3568 Pater

2067 3580 2254 3702 Pﬁpulo
2281 3595 2400 3652 suo,
2446 3581 2500 3633 id
2539 3590 2643 3647 est,
2691 3583 2886 3652 populo
2917 3599 3054 3637 novo
3099 3580 3480 3640 constituendo
3512 3586 3654 3639 misit

2067 3665 3660 3714 utt.m................

2562 3759 2627 3815 IN
2660 3761 2986 3818 PSALMUM
3017 3764 3154 3820 CXI.

2273 3871 2497 3926 Alleluia
2531 3871 2856 3927 reversionis
2884 3873 3061 3943 Αεεωί
3090 3886 3140 3930 et
3165 3875 3458 3933 Zacharim.

2671 3980 3051 4020 ARGUMENTUM.

2143 4077 2344 4150 Omnes
2376 4076 2439 4150 in;
2456 4092 2741 4150 commune
2771 4080 2836 4134 ad
2883 4079 3119 4134 studium
3167 4081 3375 4138 \irtmis
3409 4087 3660 4150 institu‘t,

2072 4150 2161 4218 qui
2209 4148 2371 4222 etiam
2399 4148 2625 4222 rl'ructus
2659 4149 2796 4222 bona
2841 4165 3006 4222 opera
3049 4163 3452 4222 consequatur,
3499 4148 3665 4211 adneé

2071 4231 2223 4274 ctens
2255 4218 2476 4272 divitias
2499 4219 2642 4294 inter
2672 4218 3486 4294 alia,_despectusquehostium
3517 4243 3666 4280 com-

2074 4302 2403 4364 memorans,
2426 4288 2585 4364 good
2622 4291 2865 4364 reversis,
2907 4288 3236 4364 a‘liabylone
3267 4297 3515 4350 collatum
3556 4309 3658 4350 est.

2074 4359 2264 4426 Aliter,
2297 4375 2396 4413 vox
2426 4359 2686 4415 Ecclesiae
2717 4360 2785 4415 de
2809 4362 3048 4416 Christo.

2691 4491 3049 4531 EXPLANATIO.

2144 4587 2362 4660 Agamus
2384 4598 2429 4639 et
2460 4586 2738 4660 Zacharias
2768 4588 3046 4660 prophetae,
3077 4589 3165 4657 qui
3185 4601 3296 4658 post
3328 4593 3666 4660 transmigra-

2080 4655 2267 4710 tionem
2310 4655 2594 4730 Babylonis
2634 4658 2724 4710 sub
2767 4657 2928 4710 Dario
2957 4673 3074 4727 rege
3091 4655 3260 4730 Vniuth
3293 4670 3404 4728 post
3446 4655 3669 4730 tempore

2074 4735 2216 4795 fuere
2241 4743 2393 4796 quam
2419 4729 2516 4780 ista
2547 4737 2752 4780 cantata
2775 4737 2910 4792 sunt,
2937 4731 3120 4780 reversi
3142 4730 3192 4782 in
3215 4727 3524 4796 Jerusalem,
3547 4727 3669 4786 cum

2075 4798 2307 4873 reparari
2339 4799 2583 4873 templum
2613 4799 2859 4873 viderent,
2881 4799 3073 4873 laudes
3108 4799 3540 4873 Dominomagna
3570 4821 3668 4857 cx-

2074 4867 2350 4922 sttllatione
2391 4869 2760 4936 profudeunt.
2808 4869 2888 4920 Ad
2916 4885 3067 4933 quam
3098 4867 3480 4924 similitudinem
3511 4886 3555 4928 et
3586 4877 3617 4927 It
3641 4892 3668 4927 c

2076 4939 2302 5013 psalmus
2321 4939 2635 5013 integerrimi
2647 4938 2905 5006 alphabeti
2925 4940 3109 5013 litteris
3125 4950 3196 4993 est
3216 4952 3497 5006 contextus,
3523 4962 3666 5013 quem

2074 5019 2188 5078 post
2217 5008 2586 5061 absolutionem
2618 5018 2939 5075 peccatorum
2962 5011 3329 5079 perfectissima
3352 5014 3494 5068 debet
3519 5008 3665 5070 Chri-

2075 5083 2276 5153 stianus
2317 5080 2590 5153 alacritate
2631 5089 2858 5153 cantare.
2914 5080 3015 5153 Per
3045 5091 3206 5135 totum
3255 5085 3504 5148 psalmum
3540 5101 3664 5153 pro-

2075 5152 2227 5218 pheta
2260 5150 2506 5222 loquitur.
2553 5149 2730 5203 Prima
2775 5151 3128 5206 admonitione
3156 5154 3275 5221 quid
3305 5156 3463 5222 faciat
3490 5149 3665 5207 beatas

2074 5223 2171 5282 vir,
2202 5229 2248 5272 et
2269 5235 2383 5288 qua:
2410 5219 2541 5273 bona
2582 5236 2857 5288 mereatur,
2895 5224 3138 5278 ostendit.
3168 5219 3441 5277 Secunda
3472 5225 3664 5278 adven-

2077 5302 2183 5363 tunt
2207 5288 2412 5363 Domini
2433 5292 2710 5363 signiﬁcat,
2743 5307 2832 5361 per
2859 5309 3006 5358 quem
3038 5294 3264 5345 homines
3295 5311 3357 5347 ex
3386 5298 3669 5363 peccatori-

2078 5361 2167 5413 bus
2199 5370 2243 5413 et
2267 5361 2434 5425 impiis
2462 5361 2513 5413 in
2541 5371 2785 5414 tctcrnum
2818 5366 2947 5416 beati
2977 5380 3079 5416 csse
3110 5361 3479 5430 promercnfur.
3536 5365 3664 5420 Ter-

2078 5433 2148 5482 tia
2180 5431 2353 5502 impiis
2376 5434 2631 5484 contraria
2673 5435 2936 5502 provenire
2967 5444 3203 5487 testatur.
3256 5433 3437 5488 Prima
3481 5435 3664 5490 divisio

2077 5506 2298 5554 continet
2322 5501 2514 5553 litteras
2531 5518 2640 5566 sex,
2667 5504 2889 5555 secunda
2914 5505 3173 5569 tredecim,
3204 5506 3354 5558 tertia
3378 5516 3497 5560 tres.
3529 5509 3667 5561 Lon-

2078 5572 2358 5638 gitudincm
2383 5584 2554 5624 autem
2587 5589 2753 5626 versus
2782 5573 2866 5639 qui
2891 5574 2939 5626 in
2969 5579 3242 5628 centesimo
3271 5577 3466 5631 dccimo
3489 5588 3664 5632 octavo

2080 5642 2519 5720 psalinrtcxitur,
2556 5645 2608 5694 in
2652 5643 2732 5720 his
2757 5648 2865 5720 duo
2908 5645 3108 5720 explent
3160 5648 3414 5720 versiculi,
3449 5651 3667 5720 utquod

2080 5712 2146 5788 tbi
2176 5713 2451 5788 e/ﬁcituna
2483 5713 2670 5776 littera,
2713 5715 2793 5766 hic
2833 5717 2950 5772 dare
2972 5712 3187 5773 diversa:
3214 5719 3431 5788 efﬁciant
3475 5712 3662 5779 secan-

2081 5785 2200 5836 dttnt
2231 5784 2458 5838 ordinem
2483 5800 2534 5838 se
2557 5795 2836 5858 sequentes.
