4026 6200
357 344 483 401 11111

1084 337 1149 393 IN
1191 335 1609 394 PSALMORUM
1649 333 1902 390 LIBRUM
1944 330 2306 388 EXEGESIS.
2342 360 2408 371 -ο
2449 329 2689 386 [‘SAL“.
2732 327 2910 384 CXIII.

3457 327 3606 381 lilii”

352 458 422 509 tio
465 456 704 510 llebraici
734 453 909 520 populi
940 469 1026 516 per
1056 469 1240 518 magna
1270 452 1518 504 miracu'a
1561 450 1924 519 plenitudinem
1958 450 2000 506 A
2030 457 2147 514 est,
2188 451 2442 504 mundum
2485 452 2570 519 qui
2605 466 2726 504 vere
2760 448 3222 519 pratcipitabantur
3252 449 3444 503 habent
3472 460 3598 503 ante

352 528 499 596 legis,
525 529 611 598 qui
633 536 704 581 est
740 524 1242 598 DominusCliristus
1267 525 1456 576 mundo
1487 522 1768 598 prtt'stitum
1800 535 1929 572 nun-

354 592 643 664 tiaret,'per
685 612 812 662 quas
859 594 1233 664 similitudincs_
1258 610 1424 645 rerum
1463 602 1510 645 ct
1554 592 1701 664 hodie
1745 606 1934 642 unum-

353 660 600 735 quemque
648 660 848 720 liberari
897 666 1144 731 approbat
1186 661 1566 735 _Cltristianitm.
1618 660 1720 714 Per
1771 669 1934 712 totum

355 733 605 804 psalmum
629 737 871 803 praplieta
903 736 1143 803 loquitur.
1173 733 1346 786 Primo
1368 734 1518 785 modo
1543 742 1932 804 commemorat,

356 802 475 866 quia
514 802 764 860 miracula
808 806 1056 858 Dominus
1090 804 1317 857 Hebrwis
1348 804 1632 872 praestiterit
1665 809 1713 855 et
1744 802 1936 866 populo

357 877 667 932 Christiano.
707 877 946 932 Secundo
975 878 1066 928 sub
1109 871 1504 941 interrogatione
1536 873 1691 935 dicit,
1723 887 1814 923 cur
1853 871 1938 936 [u-

357 952 486 1016 gi'rit
515 964 671 1009 mare,
702 963 856 1014 quare
895 961 1098 999 cursum
1127 961 1276 998 suum
1304 943 1571 1016 Jordanis_
1595 942 1938 1016 abstinuerit?

360 1011 756 1088 llesponsionern
802 1018 1138 1088 gratissimam
1175 1017 1434 1088 jungens,
1471 1029 1502 1065 a
1533 1014 1677 1088 facie
1725 1011 1935 1088 Domini

357 1083 545 1141 terram
585 1090 738 1156 fuisse
795 1083 1116 1138 commotam.
1166 1083 1342 1138 Tertio
1390 1085 1668 1156 simulacra
1710 1083 1936 1156 gentium

356 1160 559 1211 inutilia
585 1150 899 1211 demonstrat
927 1156 1280 1210 adoratoribus
1301 1157 1426 1218 suis,
1453 1166 1496 1207 et
1524 1150 1937 1220 religio'Domini

358 1245 514 1295 quam
534 1231 595 1280 sit
621 1229 784 1282 vitalis
808 1237 854 1280 et
895 1227 1228 1281 saluberrima
1257 1226 1476 1296 propriis
1506 1223 1787 1277 cultoribus
1817 1238 1938 1275 con-

357 1309 618 1369 sequenter
636 1300 864 1369 exponit.

937 1404 1364 1443 COMMENTARIUS.

433 1501 499 1554 In
541 1502 681 1555 exitu
722 1500 890 1554 Israel
918 1502 978 1554 tle
1008 1499 1262 1571 ngypto.
1289 1501 1529 1556 Alleluia.
1565 1500 1817 1570 Legimus
1858 1501 1938 1554 Is--

360 1573 654 1626 raeliiicum
703 1571 952 1640 populum
983 1571 1049 1624 de
1081 1572 1392 1641 Aegyptiam
1435 1572 1693 1625 servitute
1742 1571 1938 1624 libera-

363 1655 495 1706 tum,
526 1657 619 1709 per
647 1658 792 1695 mare
818 1641 1052 1695 Rubrum
1083 1652 1138 1695 et
1167 1657 1263 1710 per
1284 1641 1569 1695 .Iordanein
1603 1642 1935 1695 exsiccatum

363 1715 685 1768 traductum.
715 1712 866 1780 Quod
902 1711 1161 1782 propheta
1191 1713 1398 1765 videtur
1425 1712 1509 1764 hic
1537 1721 1804 1778 repetere,
1833 1727 1936 1764 non

2036 522 2254 574 vultum.
2280 521 2437 575 Tales
2459 536 2667 588 quoque
2692 521 2931 575 videntes
2961 522 3105 575 illum
3131 528 3236 574 tam
3260 531 3602 573 constantem-

2035 592 2234 644 exitom
2272 592 2664 655 concutiuntur,
2698 601 2748 645 et
2793 593 2960 644 ﬂuunt
2987 601 3304 653 retrorsum,
3336 590 3404 643 ita
3436 589 3602 643 Crea-

2037 671 2205 714 torem
2248 661 2475 715 habeant
2520 672 2646 715 ante
2676 662 2897 716 vultum.
2933 661 3074 716 Mare
3125 676 3250 716 vero
3279 669 3597 724 retrorsum,

2037 731 2086 784 id
2117 739 2220 793 est,
2253 732 2504 785 mundum
2539 741 2659 798 post
2687 733 2902 784 dorsum
2937 732 3255 794 habuerunt,
3287 745 3472 784 eorum
3501 731 3602 783 sci-

2039 799 2164 854 licet
2187 816 2304 869 quae
2334 811 2475 855 retro
2504 811 2629 855 sunt
2658 802 2826 864 obliti,
2861 803 2911 855 in
2940 818 3000 855 ea
3033 818 3158 856 vero
3183 818 3300 871 qua:
3329 810 3451 854 ante
3481 811 3607 853 sunt

2039 874 2268 925 extensi.
2302 871 2531 925 lntendit
2572 883 2772 936 autem,
2818 882 2875 925 ut
2923 873 3153 927 breviter
3202 873 3433 933 dicatur,
3478 885 3606 938 pro-

2041 940 2196 1009 pheta
2227 942 2420 995 docere
2464 951 2516 995 et
2567 942 2840 996 exhortari
2888 958 2983 997 nos
3032 943 3080 995 in
3135 944 3233 996 hoc
3278 942 3502 1009 psalmo,
3551 949 3610 992 ut

2043 1011 2359 1078 posthabitis
2391 1011 2790 1078 impedimentis
2834 1013 3080 1066 omnibus
3107 1015 3259 1067 exire
3290 1013 3356 1065 de
3387 1011 3484 1064 hac
3515 1009 3610 1064 A5-

2041 1091 2202 1152 gypto
2233 1083 2574 1146 festinemus;
2609 1098 2694 1144 ne,
2727 1093 2782 1136 ot
2813 1083 3123 1149 prredictum
3169 1093 3273 1145 est,
3301 1085 3468 1135 simus
3507 1081 3610 1134 du-

2041 1162 2222 1221 centes
2248 1155 2430 1221 jugom
2472 1168 2590 1206 cum
2624 1152 2946 1216 inﬁdelibus,
2973 1162 3028 1207 et
3057 1155 3184 1206 dicit
3230 1153 3299 1206 ita
3328 1171 3339 1204 :
3374 1152 3439 1204 In
3469 1153 3608 1221 eat-itu

2041 1219 2209 1292 Israel
2237 1219 2582 1292 dc'zEgypto,
2618 1225 2716 1277 hoc
2762 1234 2843 1277 est
2881 1239 3000 1279 cum
3033 1221 3222 1290 aliquis
3270 1225 3453 1276 volens
3497 1219 3610 1276 ﬁeri

2045 1291 2240 1350 Israel.
2284 1293 2334 1346 id
2385 1291 2488 1356 est,
2516 1295 2698 1346 volens
2741 1294 2924 1348 venire
2967 1296 3030 1347 ad
3083 1294 3173 1347 Dei
3225 1293 3606 1363 cognit'onem,

2042 1374 2194 1434 exeat
2221 1364 2288 1418 de
2313 1363 2568 1434 Egypto.
2602 1363 2664 1417 Et
2692 1364 2741 1416 in
2773 1364 2916 1418 exitu
2940 1365 3118 1417 domus
3143 1363 3306 1434 Iacob
3330 1364 3391 1416 de
3419 1363 3609 1430 populo

2045 1431 2279 1498 barbaro,
2308 1433 2359 1488 id
2391 1431 2496 1500 est,
2525 1449 2644 1487 cum
2680 1434 2769 1488 ille
2799 1434 2936 1488 idem
2964 1434 3073 1503 jam
3118 1433 3463 1501 spiritualiter
3489 1446 3612 1496 per-

2046 1504 2224 1558 tinens
2252 1504 2318 1558 ad
2349 1504 2535 1570 lacob,
2563 1505 2732 1558 exiret
2757 1504 2824 1557 de
2851 1506 3046 1570 pepnlo
3076 1505 3322 1563 barbaro,
3353 1512 3409 1556 ut
3449 1515 3612 1570 supra

2043 1572 2239 1626 dictum
2283 1584 2383 1629 est.
2417 1575 2554 1629 Ecce
2584 1575 2718 1641 facta
2761 1584 2833 1628 est
2861 1574 3047 1628 .Iiitltea
3088 1574 3423 1641 sanctiﬁcatio
3466 1573 3604 1642 ejus.

2045 1645 2174 1708 Quia
2222 1644 2350 1699 fides
2381 1659 2473 1699 cor
2500 1643 2615 1712 ejus
2644 1645 2996 1707 circumcidit,
3027 1654 3081 1698 et
3109 1643 3376 1700 Confessio
3417 1657 3611 1712 purga-

2047 1717 2140 1766 vit.
2174 1715 2236 1767 Et
2267 1714 2453 1779 Israel,
2484 1715 2534 1768 id
2579 1724 2680 1779 est,
2715 1713 3002 1768 Israelitica
3047 1724 3186 1768 terra
3233 1714 3366 1767 facta
3397 1723 3478 1766 est
3521 1729 3614 1779 po-

361 1793 421 1855 _ut
469 1783 742 1855 historiam
794 1781 1271 1855 narrans,rsed_ad
1298 1781 1665 1855 allegorieoni
1713 1795 1929 1855 sensum
1967 1797 2008 1855 Β
2045 1793 2197 1837 testas
2226 1787 2354 1854 ejus,
2385 1785 2510 1855 quia
2548 1799 2669 1837 cum
2705 1785 2858 1855 prius
2902 1787 2954 1838 in
2986 1783 3215 1855 Aﬂgypto
3251 1793 3395 1839 esset
3440 1783 3614 1851 impo-

360 1853 610 1907 invitans.
646 1852 758 1906 Non
784 1855 927 1907 enim
958 1853 1147 1920 legitur
1179 1852 1229 1905 in
1258 1852 1474 1906 historia
1506 1851 1592 1904 illa
1640 1851 1925 1905 Jordanem

361 1933 506 1977 retro
533 1921 772 1985 ﬂuxisse,
797 1923 889 1977 sed
922 1925 1164 1986 stetisse;
1199 1937 1368 1990 neque
1398 1921 1591 1988 legitur
1614 1921 1685 1974 ibi
1719 1933 1927 1974 montes

361 2005 421 2047 ut
457 1995 670 2060 arietes,
699 1993 783 2047 vel
823 1994 988 2047 colles
1026 1995 1159 2047 sicut
1201 2007 1366 2062 agnos
1394 1993 1571 2045 ovium
1609 1991 1926 2062 exsultasse.

361 2064 710 2117 Attendamus
751 2079 876 2132 ergo
903 2063 1026 2131 quid
1074 2061 1479 2122 admoneamur,
1515 2062 1634 2128 quia
1682 2071 1735 2116 et
1782 2061 1918 2116 facta

360 2133 452 2187 illa
494 2142 690 2188 nostrae
727 2134 907 2204 ligone
945 2143 1094 2204 stitit,
1120 2140 1174 2185 et
1220 2135 1333 2185 litec
1362 2133 1521 2194 dicta,
1549 2141 1607 2204 ut
1656 2146 1752 2185 nos
1784 2133 1928 2204 ipsos

360 2203 826 2272 recognoscamus,
871 2203 1242 2258 exhortantur.
1291 2204 1420 2269 Quia
1469 2204 1515 2256 si
1568 2203 1720 2256 ﬁrmo
1768 2203 1929 2257 corde

360 2275 712 2330 retinebimus
735 2274 959 2344 gratiam
1004 2273 1118 2344 Dei,
1144 2287 1265 2340 quae
1293 2286 1417 2344 erga
1448 2288 1546 2327 nos
1577 2272 1711 2344 laeta
1742 2281 1843 2337 est,
1876 2281 1931 2326 et

362 2342 782 2399 misericordiam
809 2360 926 2412 qua:
953 2343 1104 2396 nobis
1133 2342 1364 2396 exhibita
1397 2351 1498 2407 est,
1530 2343 1692 2396 Israel
1721 2358 1925 2408 sumus,

361 2415 486 2483 quia
518 2415 738 2483 vestigia
784 2416 903 2468 lidei
935 2415 1100 2483 patris
1127 2413 1293 2467 nostri
1325 2413 1590 2466 Abraham
1634 2414 1926 2481 imitamur,

361 2431 486 2483 quia
518 2431 650 2469 vesu
693 2431 738 2469 ia
784 2431 903 2468 noei
935 2431 1100 2483 patris
1127 2431 1293 2467 n05trt
1325 2431 1590 2466 auranam
1634 2431 1926 2481 imitamur,

360 2499 415 2537 ei
444 2499 628 2538 sumus
655 2431 836 2539 gacob.
875 2486 964 2539 Ille
994 2491 1169 2538 autem
1218 2485 1439 2552 populus
1471 2483 1662 2537 merito
1693 2483 1931 2550 perﬁdiae

365 2557 680 2623 reprobatos
725 2556 952 2624 pertinet
998 2555 1062 2607 ad
1114 2555 1273 2607 Esau.
1310 2553 1572 2623 :Egyplus
1619 2567 1929 2624 vero,gqo:e

365 2622 580 2678 tenebrat
625 2622 957 2696 vel'aﬂlictio
1006 2622 1501 2696 iiiterpreiator,’in
1560 2624 1725 2696 ﬁgura
1775 2622 1930 2691 hujus

368 2696 550 2748 mundi
583 2693 832 2761 pooitur":
867 2696 932 2748 de
962 2710 1068 2763 quo
1094 2693 1399 2761 Specialiter
1429 2693 1784 2748 recedendum
1816 2704 1927 2758 est,

366 2780 435 2818 ne
462 2767 628 2820 simus
658 2767 838 2835 jogum
865 2765 1267 2835 ducentesCiim
1293 2763 1614 2835 inﬁdelibus.
1643 2763 1732 2818 Sic
1751 2773 1929 2835 autem

363 2836 594 2904 quisque
621 2833 840 2891 idoneos
869 2837 1000 2890 civis
1032 2837 1082 2888 in
1112 2834 1408 2888 Jerusalem
1436 2834 1689 2896 eiiicitur,
1717 2834 1760 2886 si
1803 2833 1926 2890 huic

364 2908 562 2959 saeculo
599 2907 1070 2960 abrenuntiaverit.
1101 2905 1248 2960 Sicut
1283 2906 1505 2972 pepolos
1536 2904 1626 2958 ille
1654 2905 1704 2957 in
1737 2913 1930 2958 terram

372 2976 744 3041 promissionis
789 2992 893 3030 non
927 2979 1095 3045 potuit
1124 2975 1404 3038 introduci,
1433 2988 1709 3045 quousque
1727 2975 1804 3045 de
1836 2973 1934 3029 Atl-

365 3054 531 3113 gypto
571 3043 1000 3111 educeretur;'et
1047 3047 1184 3100 sicut
1228 3046 1449 3112 populos
1478 3046 1566 3098 ille
1604 3044 1670 3098 de
1703 3043 1932 3114 Egypto

369 3120 525 3169 exire
554 3131 660 3202 non
710 3118 900 3202 posuit,
933 3115 1031 3202 nisi
1078 3115 1260 3196 divino
1304 3114 1826 3202 auxiliolibera'tns':
1851 3116 1932 3194 ita
1962 3145 2004 3202 (Σ

370 3200 528 3238 nemo
573 3186 696 3242 huic
727 3188 924 3241 mundo
953 3185 1329 3240 abrenuntiare
1360 3186 1576 3254 poterit,
1610 3185 1712 3238 nisi
1752 3185 1934 3240 divina
1964 3184 2005 3204 υ

370 3256 730 3310 misericordia
760 3259 993 3326 adjutus.
1027 3257 1086 3310 Et
1116 3257 1254 3326 quod
1287 3256 1358 3309 ibi
1401 3256 1565 3326 semel
1594 3255 1937 3326 ligorabator,

371 3325 838 3394 hoe'quotidianis
871 3325 1368 3382 Ecclesiieltetibus
1408 3325 1459 3379 in
1511 3325 1609 3378 hac
1651 3325 1940 3378 novissima

373 3400 555 3449 mundi
587 3399 715 3451 liora
750 3399 1068 3466 completur,
1098 3397 1222 3466 quia
1270 3396 1448 3450 omnia
1501 3395 1697 3448 ﬁebant
1739 3395 1844 3448 illis
1888 3396 1940 3448 in

375 3467 616 3534 ﬁguram.
656 3469 720 3521 Et
749 3483 867 3538 quae
898 3478 1022 3522 tunc
1055 3471 1226 3521 l'utnra
1274 3468 1771 3536 przetigorabantor,
1802 3479 1942 3538 nunc

376 3537 646 3602 praeterita
695 3537 956 3606 leguntur,
991 3550 1046 3593 et
1091 3538 1371 3606 praesentia
1413 3544 1827 3604 cognoscuntur.
1861 3537 1943 3588 ln-

374 3607 504 3672 eipit
533 3617 709 3678 autem
755 3610 872 3678 quis
901 3610 968 3664 de
1013 3608 1245 3678 {Egypto
1274 3608 1441 3668 exire,
1475 3621 1594 3678 cum
1627 3606 1812 3672 incipit
1848 3620 1944 3678 cor

374 3691 530 3730 suum
559 3677 668 3732 Deo
691 3680 980 3747 applicare,
1011 3689 1064 3732 et
1091 3677 1236 3732 suavi
1265 3679 1531 3747 jugoejus
1556 3677 1806 3730 devotum
1828 3677 1942 3728 ani-

379 3762 522 3799 mum
566 3746 822 3815 subdere,
853 3751 1110 3804 recedens
1138 3764 1169 3800 a
1202 3746 1437 3817 pristinis
1481 3747 1795 3814 ignorantiae
1833 3760 1942 3801 sua:

377 3818 682 3884 desideriis,
711 3820 862 3888 quasi
907 3822 972 3874 ab
1013 3819 1262 3888 cperibos
1295 3817 1469 3880 luteis,
1503 3817 1805 3888 iniquibns,
1833 3817 1944 3888 irii-

377 3898 496 3960 stra
511 3886 815 3960 laborabat;
843 3891 962 3960 quia
991 3886 1188 3943 1111111111
1212 3890 1412 3943 dictum
1434 3898 1535 3960 est,
1559 3886 1744 3939 Manus
1759 3887 1870 3954 ejus
1891 3887 1942 3960 in

379 3957 595 4026 cophino
621 3957 922 4013 servierunt.
950 3962 1122 4014 Exivit
1144 3961 1213 4014 de
1244 3959 1439 4028 populo
1463 3959 1708 4021 barbaro.
1731 3958 1943 4028 quando

379 4025 593 4093 separat
638 4044 696 4085 se
725 4047 754 4083 a
797 4031 1052 4086 societate
1089 4025 1520 4097 blaSpheinorum
1561 4036 1616 4081 et
1652 4042 1681 4080 a
1727 4025 1940 4080 confor-

385 4099 618 4170 matione
667 4103 1038 4170 malignorum,
1065 4110 1120 4155 et
1147 4101 1224 4154 sic
1267 4097 1446 4153 Judiea
1474 4099 1558 4170 111
1594 4098 1944 4152 sanctiﬁcatio

383 4168 522 4235 ejus.
571 4168 865 4240 Interroget
895 4172 1035 4226 enim
1067 4187 1125 4225 se
1162 4171 1410 4238 quisque,
1440 4169 1484 4223 si
1534 4168 1664 4222 fides
1704 4183 1799 4222 cor
1829 4170 1944 4234 ejus

384 4239 750 4307 circumcidat,
783 4239 825 4294 εἰ
873 4243 1134 4296 confessio
1161 4254 1253 4294 cor
1283 4241 1400 4308 ejus
1439 4247 1653 4308 purget;
1685 4240 1807 4308 quia
1838 4255 1942 4293 non

385 4310 526 4374 quod
559 4311 612 4363 in
645 4312 951 4378 manifesto,
981 4311 1195 4365 .ludaeos
1223 4321 1323 4373 est,
1358 4309 1452 4363 sed
1484 4311 1571 4378 qui
1613 4313 1663 4363 in
1714 4309 1943 4363 occulto.

385 4380 564 4450 {Seque
597 4381 650 4434 in
681 4397 839 4436 carne
876 4384 1208 4436 circumcisio
1234 4393 1332 4446 εει,
1367 4383 1458 4435 sed
1492 4396 1609 4450 quae
1643 4381 1694 4434 in
1729 4379 1941 4447 spiritu.

387 4448 454 4501 Et
482 4451 528 4503 si
574 4455 676 4505 hoc.
707 4454 758 4506 in
788 4467 846 4508 se
893 4457 1172 4520 invenerit,
1199 4448 1556 4506 sanctiiicatus
1598 4459 1700 4517 est,
1730 4459 1774 4503 et
1806 4451 1944 4520 facta

384 4529 457 4572 est
488 4520 674 4574 Judwa
703 4525 1041 4590 sanctiﬁcatio
1067 4527 1196 4593 ejus,
1225 4534 1270 4577 et
1301 4521 1496 4587 Israel,
1531 4522 1582 4576 id
1609 4532 1709 4584 est,
1739 4522 1951 4593 visio_et

387 4594 620 4658 cognitio
650 4593 766 4660 Dei,
801 4597 859 4648 11ι
888 4590 1104 4664 potestas
1134 4598 1266 4663 ejus.
1293 4594 1424 4659 Quia
1455 4594 1542 4660 qui
1585 4593 1728 4664 prius
1771 4593 1822 4645 in
1855 4590 1948 4645 ΑΕ-

384 4670 546 4730 gypto
571 4675 722 4717 erant
768 4667 1104 4733 impmentes,
1146 4667 1274 4717 1111111
1309 4672 1575 4730 potentes,
1614 4663 1769 4716 datur
1808 4667 1950 4716 enim

384 4747 462 4785 eis
501 4743 730 4798 potestas
764 4736 899 4790 1111οε
949 4736 1040 4789 Dei
1074 4735 1207 4788 lieri.
1257 4735 1386 4785 Dum
1431 4743 1608 4787 autem
1639 4733 1753 4786 hch
1795 4733 1947 4797 lium,

384 4802 550 4855 multa
598 4806 973 4872 impedimenta
1020 4807 1294 4859 saecularia
1340 4812 1663 4857 occurrunt:
1695 4802 1953 4872 obstrepit

384 4887 556 4937 mare,
600 4875 650 4927 id
699 4884 810 4944 est,
853 4879 1032 4930 multa:
1077 4877 1269 4944 ligo-.1:
1318 4875 1608 4927 amicorum
1659 4877 1950 4928 carnalium

387 4945 810 5000 dissuadentium
865 4959 918 5001 et
971 4949 1192 5001 aliorum
1246 4956 1601 5000 teirenoriim.
1647 4947 1750 5000 Sed
1804 4957 1950 5012 post-

387 5030 548 5084 quam
578 5020 916 5085 cognoscitur
944 5017 1187 5072 exeuntis
1216 5017 1284 5071 de
1323 5017 1552 5085 Algyplo
1593 5031 1679 5068 cor
1721 5028 1954 5084 paratum

387 5101 510 5141 esse
553 5103 756 5157 sperare
784 5092 837 5143 in
884 5089 1127 5153 Domino,
1157 5098 1210 5142 et
1243 5090 1293 5141 in
1334 5091 1508 5154 specie
1538 5087 1624 5140 illa
1672 5088 1954 5140 conﬁrma-

390 5169 502 5212 toin
533 5155 664 5228 liigit
695 5177 862 5225 mare,
889 5164 1007 5230 quia
1056 5160 1322 5230 subtrahit
1350 5171 1409 5230 se
1432 5159 1508 5230 ab
1537 5157 1952 5230 impedimentis,

389 5238 448 5282 et
469 5231 546 5282 sic
573 5227 817 5298 panditur
841 5227 920 5285 via
947 5232 1009 5284 ad
1034 5229 1362 5297 Spiritualeiu
1389 5227 1690 5298 libertatein
1714 5229 1951 5294 exeunti,

390 5299 472 5353 vel
501 5297 634 5369 fugit
664 5318 812 5357 mare
847 5302 1148 5366 salubriter,
1181 5299 1299 5367 quia
1331 5313 1472 5365 saepe
1511 5297 1659 5351 multi
1707 5313 1772 5351 ex
1813 5314 1960 5350 ama-

390 5375 684 5425 ricantibus
727 5374 970 5438 exemplo
1013 5373 1152 5425 illius
1196 5370 1465 5433 exeuntis,
1497 5372 1562 5421 ab
1603 5369 1956 5422 amaritudine

394 5445 446 5493 iii
495 5442 831 5497 dulcedinem
876 5451 1278 5498 coiivertuutur.
1321 5439 1572 5492 Jordanis
1614 5439 1774 5492 etiam
1824 5453 1956 5492 con-

395 5515 620 5566 vertitur
646 5526 961 5568 retrorsum.
994 5514 1092 5566 I-‘er
1117 5511 1404 5564 Jordanem
1433 5512 1520 5578 qui
1553 5508 1844 5562 descensus
1876 5511 1957 5562 vel

393 5585 674 5638 descensio
701 5587 1098 5654 interpretatur,
1122 5583 1195 5635 1111
1231 5585 1540 5654 ﬁgurantur,
1571 5580 1659 5647 qui
1697 5581 1806 5654 jam
1837 5595 1959 5648 gra-

396 5667 520 5708 tiam
567 5657 686 5711 lidei
730 5651 1096 5722 susceperunt,
1131 5655 1221 5706 sed
1276 5655 1326 5704 in
1371 5652 1726 5703 amaricantes
1758 5651 1962 5722 tinctus

397 5725 554 5793 hujus
601 5727 785 5780 saeculi
837 5719 1028 5793 relapsi
1079 5733 1220 5785 sunt,
1268 5724 1334 5775 ita
1388 5731 1443 5774 nt
1495 5725 1722 5783 fontem,
1756 5719 1806 5772 id
1856 5731 1954 5783 est,

399 5808 690 5854 creatorem
721 5814 875 5855 suum
908 5797 1160 5852 haberent
1185 5807 1480 5850 retrorsum
1509 5810 1519 5845 :
1554 5807 1696 5847 mare
1729 5806 1873 5859 vero,
1909 5793 1958 5845 id

2038 1863 2176 1916 tens,
2208 1852 2299 1920 per
2322 1854 2676 1919 cognitionem
2703 1854 2795 1907 Dei
2825 1852 2996 1907 factus
3018 1852 3104 1908 est
3131 1865 3339 1922 potens,
3363 1862 3420 1908 ot
3447 1867 3607 1918 supra

2031 1923 2235 1976 dictum
2267 1934 2367 1979 est.
2406 1924 2554 1978 Ilonc
2597 1924 2798 1977 exitum
2830 1925 2952 1976 vidit
2994 1921 3149 1986 mare,
3198 1924 3247 1976 id
3279 1935 3379 1985 est.
3421 1923 3509 1976 alii
3555 1921 3607 1977 in

2034 1997 2270 2061 peccatis
2303 1996 2659 2048 amaricantes
2688 2006 3054 2063 cognoverunt
3081 2005 3363 2049 exeuntem
3409 1993 3608 2047 habere

2032 2079 2124 2116 eor
2152 2080 2372 2132 sperare
2417 2065 2469 2117 in
2513 2064 2737 2118 Domino
2779 2075 3019 2130 paratum
3048 2076 3101 2118 et
3130 2064 3524 2128 conﬁrmatum,
3554 2071 3611 2117 et

2034 2135 2152 2188 ideo
2182 2137 2430 2202 fugerunt
2456 2134 2663 2188 duobus
2695 2134 2798 2188 illis
2840 2136 3030 2198 modis,
3062 2149 3197 2203 quos
3227 2133 3606 2203 praediximus;

2031 2215 2086 2259 et
2110 2207 2268 2259 etiam
2299 2203 2548 2258 Jordanis
2586 2205 2771 2259 videns
2801 2206 3002 2260 exitum
3033 2208 3200 2267 illum,
3235 2219 3504 2258 conuersus
3531 2213 3607 2256 est

2032 2287 2326 2342 retrorsum,
2357 2286 2413 2330 ut
2441 2291 2598 2343 supra
2629 2275 2882 2328 diximus.
2915 2277 2979 2329 Et
3019 2291 3113 2341 pro
3157 2276 3254 2329 hac
3299 2274 3416 2343 iuga
3448 2274 3610 2327 maris

2035 2345 2086 2398 in
2131 2346 2353 2405 bonum.
2381 2354 2434 2399 et
2484 2360 2550 2399 ex
2601 2346 2951 2399 conversione
3006 2345 3254 2399 Jordaiiis
3304 2354 3520 2406 montes,
3553 2344 3604 2397 id

2033 2427 2135 2480 est,
2173 2418 2372 2484 praalati
2408 2418 2458 2469 in
2488 2415 2726 2469 Ecclesia
2755 2416 2805 2468 in
2833 2416 3113 2470 virtutibus
3143 2417 3262 2469 aliis
3282 2416 3605 2481 eminentes,

2033 2495 2088 2539 et
2119 2488 2168 2540 in
2202 2488 2304 2540 iide
2335 2493 2644 2541 constantes
2672 2487 3077 2548 exsuttarerunt,
3110 2497 3163 2539 ut
3191 2485 3381 2540 merito
3413 2485 3488 2538 illi
3521 2500 3612 2538 ex-

2034 2556 2236 2610 sultare
2279 2557 2597 2620 debuerunt,
2628 2558 2715 2625 qui
2762 2566 2915 2610 erant
2961 2556 3165 2621 arietes,
3196 2557 3246 2610 id
3279 2564 3380 2616 est,
3425 2557 3605 2608 ovium

2036 2627 2224 2692 duces,
2252 2643 2476 2696 quorum
2527 2627 2733 2681 scilicet
2773 2626 3073 2681 imitatione
3119 2637 3173 2680 et
3219 2627 3463 2679 doctrina
3512 2626 3616 2678 hoc

2037 2698 2231 2750 laetum
2271 2710 2370 2751 εει.
2403 2697 2471 2750 Et
2509 2699 2664 2751 colles
2691 2699 2870 2761 etiam,
2903 2697 2952 2750 id
2984 2707 3082 2759 est,
3113 2698 3348 2752 minores
3376 2696 3614 2749 exsulta-

2037 2777 2227 2822 veroiit
2271 2767 2337 2821 de
2384 2769 2499 2835 iuga
2531 2767 2676 2820 etde
2705 2768 3057 2820 conversione
3102 2768 3210 2834 illa,
3247 2768 3376 2820 sicut
3423 2766 3616 2820 merito

2038 2836 2112 2889 illi
2142 2836 2226 2902 qui
2253 2846 2404 2892 erant
2427 2837 2545 2908 agni
2571 2839 2757 2902 ovium,
2788 2837 2837 2891 id
2865 2846 2967 2901 est,
3003 2837 3200 2894 subditi
3226 2838 3440 2892 illorum
3473 2850 3612 2905 prie-

2038 2908 2289 2960 latorum.

2112 2977 2248 3043 Quid
2293 2987 2364 3032 est
2405 2978 2496 3031 tibi
2545 2995 2705 3033 mare.
2749 2979 2895 3034 Hanc
2941 2979 3413 3048 interrogationem
3468 2975 3614 3041 facit,

2037 3061 2142 3100 non
2178 3049 2396 3117 utquod
2425 3051 2639 3116 quierit,
2673 3051 2879 3104 nesciat
2904 3059 2993 3103 aut
3034 3050 3252 3104 dubium
3300 3049 3494 3112 faciat;
3523 3048 3618 3100 sed

2041 3128 2098 3170 ut
2137 3119 2189 3172 in
2235 3120 2427 3188 majori
2457 3121 2776 3176 certitiidine
2805 3135 2902 3173 nos
2949 3131 3130 3187 ponat.
3162 3121 3322 3186 Quasi
3354 3119 3499 3172 dicat
3525 3132 3540 3170 :
3571 3119 3643 3169 0.

2045 3204 2208 3251 mare,
2239 3191 2378 3257 quod
2427 3191 2681 3246 hactenus
2720 3189 3043 3253 oblatrabas,
3077 3190 3199 3255 quid
3230 3199 3305 3242 est
3355 3188 3442 3241 tibi
3471 3188 3648 3257 quod;

2045 3259 2203 3328 modo
2243 3256 2309 3314 ab
2337 3261 2691 3314 amaritudine
2721 3260 2787 3312 ad
2819 3259 3154 3313 dulcedinem
3205 3258 3427 3328 fugisti?
3459 3256 3521 3308 Et
3561 3266 3618 3308 tu

2042 3327 2310 3393 Iordanis,
2344 3331 2434 3396 qui
2483 3333 2627 3398 prius
2675 3329 2878 3382 fontem
2921 3329 2984 3381 ad
3034 3327 3248 3382 dorsum
3282 3327 3536 3392 habebas,
3564 3335 3638 3380 et.

2043 3398 2094 3450 in
2129 3413 2273 3452 mare
2299 3399 2581 3464 inﬂuebas,
2613 3399 2738 3469 quid
2769 3408 2852 3453 est
2881 3398 2974 3453 tibi
3007 3414 3146 3453 nunc
3175 3399 3313 3467 quod
3344 3412 3614 3469 conversus

2043 3485 2097 3521 es
2125 3471 2441 3523 retrorsum?
2471 3470 2538 3523 Et
2567 3486 2600 3522 0
2629 3467 2838 3524 montes
2866 3478 2920 3523 et
2962 3470 3146 3533 colles,
3181 3470 3306 3538 quid
3349 3477 3430 3522 est
3467 3467 3620 3538 vobis

2044 3540 2183 3607 quod
2214 3554 2306 3593 vos
2329 3550 2520 3593 montes
2546 3541 2839 3594 cxsultastis
2868 3541 3000 3592 sicut
3031 3536 3229 3604 arietes,
3259 3548 3306 3592 et
3339 3553 3434 3591 vos
3462 3536 3616 3590 colles

2045 3611 2174 3660 sicut
2203 3611 2325 3680 agni
2352 3612 2556 3664 ovium?
2581 3611 2672 3664 Ille
2703 3611 2886 3680 otique
2931 3611 3031 3664 hoc
3057 3609 3203 3672 fecit,
3235 3610 3327 3677 qui
3368 3623 3496 3660 vere
3525 3614 3622 3680 est

2048 3677 2315 3744 potens'et
2345 3681 2622 3735 Doiiiinns.
2655 3677 2892 3749 Namque
2921 3690 3082 3742 terra,
3115 3682 3162 3733 id
3203 3689 3312 3746 est,
3340 3677 3624 3749 terrenitas

2046 3759 2294 3802 commota
2322 3761 2392 3803 est
2426 3768 2456 3804 a
2488 3752 2615 3818 facie
2660 3746 2886 3815 Domini,
2920 3751 2968 3803 id
2999 3759 3102 3814 est,
3135 3750 3253 3819 quia
3282 3749 3499 3814 quidam
3533 3746 3620 3812 qui

2050 3821 2193 3884 prius
2239 3831 2390 3874 erant
2419 3821 2472 3874 in
2508 3822 2737 3892 ASgypto
2772 3833 2827 3875 et
2859 3823 2908 3873 in
2945 3822 3141 3890 p0pulo
3188 3821 3438 3883 barbaro,
3470 3831 3621 3892 rece—

2050 3899 2240 3956 perunt
2294 3891 2648 3959 cognitiooeiii
2702 3892 2948 3954 Domini,
2999 3905 3224 3959 quorum
3274 3891 3516 3959 exemplo
3567 3896 3644 3940 tu.

2049 3975 2194 4013 mare
2221 3958 2426 4030 fugisti,
2453 3971 2506 4016 et
2529 3973 2580 4015 tu
2604 3961 2850 4016 Jordanis
2877 3973 3020 4015 retro
3043 3959 3261 4021 iliixisti,
3281 3971 3340 4030 et
3367 3958 3485 4012 ideo
3507 3962 3623 4021 vos,

2046 4039 2241 4084 montes
2263 4029 2312 4084 et
2342 4033 2515 4098 colles,
2547 4033 2852 4087 exsultastis.
2884 4033 2925 4085 A
2957 4033 3087 4100 facie
3113 4031 3234 4084 dico
3266 4029 3360 4082 Dei
3390 4038 3524 4082 mota
3551 4038 3627 4082 est

2049 4109 2182 4152 terra
2227 4115 2328 4155 non
2362 4102 2671 4171 cujuslibet,
2701 4104 2794 4156 sed
2831 4101 2926 4155 Dei
2960 4099 3158 4164 Jacob,
3195 4100 3392 4171 idest,
3427 4101 3508 4153 vir
3548 4099 3630 4151 toi

2049 4172 2248 4238 populi.
2281 4170 2532 4238 Quamvis
2574 4176 2714 4227 enim
2768 4173 2908 4228 Deus
2955 4175 3188 4227 omnium
3236 4170 3306 4224 sit
3356 4185 3447 4239 per
3478 4179 3636 4222 natu-

2048 4255 2182 4311 ram,
2211 4243 2363 4311 hujus
2395 4255 2570 4297 tamen
2601 4255 2679 4297 est
2711 4259 2805 4311 per
2831 4243 3076 4311 gratiam.
3116 4243 3178 4295 Et
3209 4243 3328 4294 ideo
3355 4240 3484 4293 dicit
3517 4239 3624 4290 Deo

2049 4309 2232 4377 Jacob,
2275 4309 2364 4366 Dei
2396 4316 2537 4378 dico,
2566 4315 2655 4381 qui
2681 4309 2873 4382 petram
2903 4314 3140 4367 convertit
3172 4313 3224 4364 in
3253 4320 3436 4382 stagna
3467 4323 3630 4382 aqua-

2049 4397 2195 4444 rum;
2225 4387 2324 4438 hoc
2354 4392 2436 4437 est
2463 4388 2548 4450 qui
2578 4380 2808 4452 Seipsum
2837 4386 2925 4452 qui
2966 4382 3195 4452 quandiu
3226 4380 3627 4452 cognitus_tiie-

2059 4461 2158 4516 τίη,
2189 4455 2338 4520 quasi
2370 4447 2513 4519 petra
2545 4447 3069 4519 11111’1ιηι›οιὶυϋὶι’1ε;
3103 4451 3180 4505 sic
3210 4447 3539 4520 notilicando
3565 4461 3628 4499 se

2057 4516 2404 4590 molliiicavit,
2451 4533 2510 4577 iit
2548 4535 2692 4579 esset
2741 4516 2793 4578 in
2837 4523 3086 4577 cordibus
3131 4521 3461 4574 credentium
3511 4516 3632 4590 fons

2051 4609 2210 4666 aqua;
2245 4586 2484 4648 salientis
2530 4597 2579 4666 in
2610 4596 2768 4647 vitam
2800 4602 3072 4666 aeternam.
3111 4590 3176 4642 Et
3205 4590 3295 4658 qui
3343 4586 3628 4666 rupem..id

2053 4675 2156 4727 est,
2191 4665 2431 4732 Paulum,
2465 4665 2554 4732 qui
2585 4679 2713 4718 vere
2747 4664 2890 4732 prius
2925 4663 3020 4715 fuit
3052 4675 3240 4730 aspera
3281 4673 3440 4727 rupes
3467 4667 3521 4711 et
3551 4663 3632 4732 in-

2058 4735 2366 4803 tractabilis,
2412 4728 2642 4790 et'alios
2688 4728 2904 4787 sanctos
2950 4728 3325 4803 priedieatores
3368 4728 3634 4803 convertit

2057 4819 2151 4871 per
2180 4799 2417 4858 notitiam
2447 4819 2596 4858 suam
2622 4805 2675 4857 in
2705 4805 2865 4873 fontes
2909 4799 3178 4870 aquarum.
3211 4801 3414 4873 scilicet
3444 4808 3502 4852 ut
3533 4799 3635 4865 ipsi

2057 4884 2414 4928 monstrarent
2443 4876 2560 4928 aliis
2589 4871 2754 4943 aquas
2780 4874 2945 4937 vivas,
2980 4875 3029 4925 id
3058 4880 3170 4937 est,
3201 4871 3496 4924 doctrinam
3523 4883 3634 4923 cce-

2058 4945 2242 4998 Iestem
2271 4954 2323 4998 et
2352 4946 2638 5012 spiritualia
2669 4946 2828 4998 dona.

2133 5014 2251 5067 Non
2275 5009 2438 5080 nobis,
2472 5016 2704 5069 Domine.
2737 5016 2894 5081 Quasi
2921 5015 3064 5069 dicat
3089 5033 3100 5066 :
3127 5013 3222 5077 Ita,
3250 5011 3495 5081 Domine,
3531 5009 3630 5069 lac,

2058 5087 2122 5140 da
2158 5089 2290 5139 hanc
2318 5085 2563 5154 gloriam,
2593 5080 2795 5141 scilicet
2823 5096 2879 5139 ut
2910 5095 3192 5140 convertas
3233 5091 3427 5150 petram
3449 5080 3500 5131 in
3529 5087 3634 5156 sta-

2060 5174 2162 5228 gun
2187 5150 2458 5224 aquarum,
2489 5150 2748 5224 et'rupem
2778 5158 2830 5210 in
2861 5157 3023 5226 fontes
3047 5168 3312 5228 aquarum,
3343 5165 3448 5203 non
3481 5150 3635 5228 nobis

2063 5227 2372 5296 majoribus,
2406 5243 2509 5281 non
2539 5229 2692 5281 nobis
2723 5227 3040 5292 minoribus,
3075 5227 3124 5278 id
3156 5235 3259 5290 est,
3291 5235 3394 5275 non
3414 5227 3634 5296 meritis

2064 5289 2278 5366 nostris,
2304 5289 2395 5351 sed
2418 5299 2516 5351 soli
2540 5299 2737 5351 nomini
2765 5307 2853 5350 tuo
2874 5289 3252 5366 glorilicando;
3278 5291 3426 5366 quasi
3452 5289 3628 5366 dicat:

2061 5369 2229 5422 Nemo
2267 5359 2424 5438 'potet
2465 5372 2652 5421 merita
2685 5380 2862 5421 nostra
2876 5359 3008 5419 ’11οε
3032 5359 3308 5438 olfecisse.
3339 5359 3454 5438 gon
3489 5360 3644 5438 enim

2066 5455 2161 5492 nos
2200 5428 2302 5493 hoc
2348 5438 2778 5501 commeruimus,
2819 5439 2911 5491 sed
2965 5436 3076 5488 sola
3126 5434 3291 5502 gratia
3342 5430 3486 5483 illius
3535 5428 3638 5479 hoc

2069 5510 2330 5576 praestitit,
2353 5509 2446 5578 qui
2480 5520 2787 5577 peccatores
2812 5507 2936 5560 facit
2962 5506 3157 5574 justos,
3188 5516 3371 5557 servos
3401 5502 3536 5552 lilios
3581 5505 3646 5550 et

2065 5583 2346 5632 damnatos
2375 5583 2594 5631 electos.

2141 5650 2309 5715 Super
2337 5649 2686 5701 misericordia
2726 5657 2833 5701 tua.
2883 5646 2983 5716 Da,
3017 5648 3250 5714 inquam,
3284 5642 3502 5716 gloriam
3546 5654 3642 5690 no-

2069 5721 2187 5772 mini
2227 5733 2334 5781 tuo,
2367 5730 2421 5773 et
2461 5722 2561 5773 hoc
2607 5721 2800 5785 taliter,
2833 5719 3194 5772 misericordia
3226 5715 3431 5785 scilicet
3461 5723 3546 5763 tua
3579 5718 3635 5760 et

2070 5792 2304 5858 veritate,
2335 5806 2451 5861 qua:
2492 5789 2722 5861 desuper
2749 5784 2830 5846 εει
2859 5800 3090 5845 ostensa.
3123 5784 3480 5842 Misericordia
3518 5796 3639 5849 qut--
