4026 6200
419 343 558 396 illi?)

879 337 1080 392 BEDxE
1125 334 1569 390 VENERMHLIS
1607 333 1754 388 ΟΡῐὶ
1800 328 1975 384 PARS
2015 327 2078 381 ll.
2123 326 2311 382 SECT.
2355 325 2417 378 ll.
2453 354 2522 364 —
2551 323 2756 376 DUBM
2799 321 2884 374 ET
2922 320 3191 376 SPURIA.

3522 317 3665 372 10ιῦ

416 462 562 520 dem,
602 471 701 526 qua
747 468 922 517 vocas,
956 467 1057 519 qua
1099 459 1310 526 peccata
1353 449 1624 501 condonas
1651 464 1664 500 :
1695 445 1970 526 vcritatem
2002 442 2047 496 Α
2080 436 2262 526 probat
2295 436 2535 505 repetito,
2562 436 2679 504 quia
2710 435 2973 501 omnibus,
3004 433 3125 505 quia
3157 432 3359 502 pusillis
3391 447 3507 486 cum
3540 451 3662 485 ma-

417 516 565 590 vero,
599 516 698 594 qua
727 516 944 578 vocatos
975 516 1039 575 et
1075 516 1348 576 venientes
1377 532 1711 594 remunerans.
1741 516 1966 594 Vocatus

418 584 565 660 vero,
592 584 646 652 et
674 597 853 648 venire
883 595 1122 646 nolentes
1163 594 1406 646 damnas.
1442 589 1506 660 Et
1546 591 1663 642 ideo
1693 585 1864 660 (quasi
1893 584 1974 637 di-

417 669 524 738 cat)
549 656 673 733 rogo
697 676 754 738 ut
786 678 875 729 per
890 663 1016 738 haec
1041 673 1252 738 ostensa
1282 664 1380 738 des
1403 658 1618 738 gloriam
1644 656 1837 738 notuini
1866 665 1972 735 tuo,

419 757 480 795 ne
506 726 676 807 benti»
708 726 940 807 (quando
969 726 1614 807 proqaliquandu)'dicant,
1643 729 1694 781 id
1726 737 1829 807 est,
1860 726 1977 807 uni-

419 796 694 864 versaliter
715 796 900 857 ‘d'icere
941 796 1144 870 possint
1173 796 1252 856 ’ad
1304 796 1580 866 imperium
1631 798 1821 870 populi
1847 796 1974 870 Atni:

419 882 504 933 ub‘i
541 888 610 930 est
643 875 778 928 Deus
807 868 1020 926 eorum?
1048 874 1195 926 Solet
1233 873 1372 927 enim
1406 870 1508 923 tale
1553 870 1674 935 quid
1715 868 1976 930 accidere,

420 966 539 1004 cmn
573 945 796 1012 alicujus
821 945 954 996 bene
980 943 1163 997 nutriti
1186 942 1384 996 domini
1408 954 1619 1012 servum
1647 940 1899 1012 innutrite
1922 951 1981 990 se

419 1010 722 1072 habentem
749 1013 1003 1066 videmus.
1036 1014 1165 1079 Quia
1213 1015 1443 1067 dicitur:
1477 1011 1574 1066 Ubi
1606 1017 1688 1062 est
1728 1010 1978 1062 dominus

418 1087 604 1143 istius?
634 1085 708 1138 De
737 1085 829 1136 illo
859 1091 1032 1136 autem
1056 1078 1145 1150 qui
1179 1085 1310 1137 bene
1351 1093 1406 1137 et
1451 1080 1647 1136 nutrite
1675 1094 1736 1134 se
1759 1078 1976 1142 habent,

423 1160 525 1214 hoc
568 1171 671 1211 non
721 1156 929 1218 dicitur,
959 1153 1064 1206 imo
1112 1155 1353 1209 laudatur
1401 1167 1610 1217 servus,
1644 1151 1887 1204 laudatur
1929 1159 1982 1203 et

419 1230 682 1283 dominus.
1131 1233 1136 1240 ’

491 1297 736 1352 Dominus
760 1301 946 1347 autent.
975 1291 1136 1358 Quasi
1166 1296 1308 1350 dicat
1333 1311 1344 1346 :
1374 1293 1498 1348 Ideo
1527 1294 1644 1348 dicti
1676 1304 1742 1343 ne
1770 1288 1982 1357 quando

421 1365 788 1423 universaliter
819 1364 1196 1430 imp-.Operium
1239 1365 1365 1418 illud
1397 1365 1602 1418 dicatur
1632 1362 1713 1416 vel
1760 1361 1979 1412 dicant:

419 1442 538 1506 quia
563 1435 662 1494 etsi
691 1434 882 1506 dicitur
902 1434 952 1485 in
983 1435 1164 1501 paleis.
1199 1436 1430 1488 nondum
1465 1437 1514 1488 in
1547 1433 1726 1506 granis
1754 1450 1768 1486 :
1797 1432 1895 1484 etsi
1929 1430 1982 1484 in

419 1503 583 1572 terra,
614 1503 846 1562 nondum
875 1513 1048 1557 autem
1078 1507 1128 1558 in
1155 1505 1331 1559 coelo:
1365 1507 1486 1573 quia
1521 1503 1772 1558 Dominus
1803 1511 1985 1573 noeter

421 1581 540 1663 [ςεξι
570 1575 741 1663 omnia
771 1588 1076 1653 quotcunque
1096 1576 1278 1658 uoluit,
1301 1575 1364 1655 .in
1389 1572 1477 1658 his
1499 1576 1586 1656 qui
1613 1584 1736 1663 qunt
1765 1572 1982 1636 coelum,

421 1643 470 1703 id
512 1661 613 1716 est,
642 1649 796 1703 sedes
838 1643 984 1712 ejus;
1019 1648 1193 1700 anima
1231 1644 1372 1699 enim
1406 1647 1566 1714 justi,
1606 1643 1749 1698 sedes
1790 1652 1863 1697 est
1901 1657 1986 1694 sa-

420 1722 640 1789 pientite.

495 1811 785 1864 Simulacra
829 1811 1070 1880 gentium.
1099 1806 1263 1880 Quasi
1305 1806 1452 1880 dicat
1484 1823 1498 1859 :
1533 1804 1689 1869 Deus,
1722 1806 1982 1880 inquam,

420 1890 590 1935 noster
613 1883 730 1950 fecit
751 1875 1060 1946 quicunque
1085 1877 1266 1950 voluit,
1288 1876 1360 1929 dii
1388 1875 1826 1950 autenrgcntium
1858 1877 1983 1929 nihil

425 1945 642 2016 faciunt,
675 1945 799 2018 quia
828 1963 931 2000 non
973 1958 1096 2001 sunt
1138 1946 1211 2000 dii
1239 1962 1252 1998 :
1288 1961 1408 2018 nam
1441 1961 1539 2000 nec
1569 1945 1824 2018 homines
1842 1955 1986 2018 sunt.

425 2023 488 2072 Et
520 2015 643 2074 vere
675 2015 916 2074 liomines
957 2033 1062 2071 non
1109 2023 1254 2077 sunt,
1286 2015 1406 2084 quia
1453 2025 1577 2069 sunt
1605 2031 1765 2084 opera
1814 2015 1990 2070 homio

421 2105 545 2142 num
576 2105 638 2144 ex
670 2105 801 2143 auro
831 2096 884 2141 et
926 2095 1168 2156 argento.
1213 2085 1318 2140 Nec
1365 2086 1483 2138 ideo
1518 2086 1618 2139 hoc
1665 2087 1812 2152 dicit,
1847 2087 1986 2154 quod

423 2174 608 2212 omnes
634 2160 700 2213 de
731 2159 973 2227 gentibus
1015 2157 1146 2211 deos
1175 2171 1366 2227 aureos
1396 2167 1449 2209 et
1478 2166 1758 2227 argenteos
1792 2159 1991 2210 habent

426 2229 648 2298 (habent
686 2226 829 2283 enim
857 2228 1068 2294 quidam
1097 2235 1146 2298 et
1180 2226 1391 2298 ligneos
1421 2234 1474 2278 et
1506 2226 1795 2296 terrenos),
1825 2227 1917 2280 sed
1944 2227 1989 2281 si

424 2297 746 2354 erubescunt
791 2299 843 2352 in
895 2297 1295 2362 pretiosioribus
1341 2297 1476 2359 diis,
1521 2309 1576 2349 ut
1625 2307 1773 2350 tanto
1821 2300 1991 2365 magis

427 2372 744 2423 erubescant
774 2369 826 2422 in
857 2369 1147 2422 vilioribus.
1175 2367 1238 2419 Et
1269 2367 1415 2430 quasi
1445 2367 1622 2422 dicat:
1649 2368 1760 2421 Non
1790 2369 1993 2436 qualia-

425 2454 635 2509 cunque
671 2452 828 2507 opera
875 2447 1028 2504 sunt,
1061 2440 1154 2490 sed
1187 2438 1495 2509 simulacra,
1527 2437 1577 2489 id
1613 2449 1716 2501 est,
1745 2439 1990 2491 simulata

427 2519 479 2562 et
512 2506 630 2562 licia
653 2506 834 2575 opera.
867 2509 932 2561 Et
960 2510 1059 2561 hoc
1087 2506 1295 2574 probat,
1327 2507 1470 2574 quod
1501 2522 1623 2561 vere
1652 2524 1756 2561 non
1789 2519 1990 2561 tantum

426 2579 705 2632 simulacra
737 2579 1009 2631 hominum
1038 2587 1180 2647 stitit,
1214 2588 1267 2630 et
1295 2591 1398 2629 non
1430 2576 1690 2647 homines,
1723 2579 1842 2647 quia
1872 2592 1991 2630 cum

427 2647 621 2702 habent
672 2649 989 2703 lineamenta
1040 2646 1257 2698 humani
1303 2645 1568 2713 corporis,
1602 2661 1704 2700 non
1738 2645 1993 2701 exercent

427 2718 627 2784 aliquid
670 2732 854 2773 eorum
902 2731 1019 2784 qua:
1067 2722 1191 2768 sunt
1225 2717 1438 2768 humani
1470 2717 1747 2782 corporis,
1784 2717 1883 2771 hoc
1911 2727 1994 2769 est

428 2789 567 2851 quod
599 2789 767 2842 dicit:
802 2786 871 2840 0s
903 2787 1106 2850 habent,
1140 2794 1187 2838 et
1217 2803 1316 2840 non
1359 2788 1650 2854 loquentur,
1682 2788 1856 2840 oculos
1901 2786 1996 2838 ha-

434 2859 566 2921 bent,
591 2866 636 2911 et
661 2874 758 2910 non
789 2856 1054 2920 videbunt;
1082 2873 1228 2909 nares
1265 2856 1467 2922 habent,
1491 2865 1538 2911 et
1566 2874 1664 2910 non
1686 2858 1990 2911 odorabunt.

430 2925 619 2980 Manus
664 2927 948 2992 habent,et
997 2943 1096 2978 non
1142 2925 1442 2994 palpabunt.
1495 2936 1598 2981 etc.
1658 2927 1794 2990 Ergo
1844 2931 1992 2994 quasi

431 2997 594 3063 dicat,
623 2997 863 3049 homines
892 3012 993 3048 non
1020 3004 1163 3048 sunt.
1194 2997 1359 3048 titiam
1393 3010 1497 3048 non
1525 2997 1697 3049 solum
1729 2997 1990 3062 homines,

435 3065 528 3118 sed
573 3079 669 3119 nec
696 3067 856 3119 etiam
885 3079 1107 3132 corpora
1137 3073 1261 3118 sunt
1287 3081 1299 3116 :
1333 3064 1455 3132 quia
1483 3081 1582 3118 non
1610 3066 1897 3118 clamabunt
1940 3066 1992 3117 in

433 3144 774 3217 gutturesuo,
803 3135 852 3187 id
882 3143 983 3198 est,
1019 3148 1116 3187 nec
1142 3135 1415 3217 _rugitum,
1451 3149 1549 3188 nec
1589 3136 1746 3189 ullius
1774 3135 1988 3206 generis
2015 3154 2063 3217 ο

433 3205 676 3258 animalis
705 3221 894 3259 sonum
919 3220 981 3258 ex
1008 3218 1067 3258 se
1095 3203 1278 3262 edunt.

507 3296 714 3350 Similes
742 3295 846 3349 illis
873 3295 1020 3363 fiant.
1045 3294 1202 3361 Quasi
1231 3294 1371 3350 dicat
1394 3315 1410 3352 :
1437 3295 1770 3351 Manifestum
1795 3305 1876 3350 est
1905 3312 2002 3365 per

435 3369 548 3419 bmc
577 3381 733 3434 supra
764 3366 925 3428 dicta,
948 3366 1224 3419 simulacra
1253 3367 1475 3435 gentium
1501 3381 1596 3433 pro
1621 3366 1724 3419 diis
1751 3382 1856 3420 non
1882 3383 2002 3422 esse

437 3435 685 3500 colenda,
714 3436 852 3505 quod
899 3445 1074 3488 tamen
1104 3435 1315 3500 quidam
1347 3437 1546 3490 faciunt
1574 3446 1627 3489 et
1657 3447 1998 3492 venerantur.

433 3508 627 3560 Omnes
652 3516 826 3559 autem
855 3506 941 3575 qui
970 3505 1163 3573 faciunt
1193 3521 1274 3570 ea,
1301 3515 1354 3559 et
1379 3521 1485 3559 non
1515 3507 1686 3559 solum
1718 3506 1999 3573 facientes,

435 3577 530 3630 sed
581 3578 737 3629 etiam
785 3575 1201 3647 cmisenIientes,
1225 3576 1296 3647 id_
1324 3585 1411 3647 est
1453 3591 1638 3628 omnes
1686 3578 1773 3644 qui
1825 3577 2004 3647 aliquo

440 3647 597 3700 modo
627 3645 897 3699 conlidunt
939 3646 988 3697 in
1031 3645 1130 3709 eis,
1158 3644 1347 3697 similes
1377 3645 1506 3712 ﬁant
1549 3647 1672 3711 illis,
1702 3644 1928 3700 scilicet
1950 3657 2006 3701 ut

440 3717 622 3769 oculos
652 3716 925 3778 habentes,
954 3716 1230 3768 veritatem
1264 3730 1366 3767 non
1393 3714 1624 3774 videant.
1651 3727 1701 3769 et
1727 3731 1882 3769 aures
1913 3717 2007 3768 ha-

441 3787 646 3850 bentes,
677 3785 817 3853 quod
861 3785 1181 3837 audiendum
1218 3795 1301 3838 est
1331 3799 1432 3838 non
1462 3787 1698 3849 audiant,
1727 3796 1831 3839 etc.
1867 3786 2006 3840 Dicit

440 3865 617 3909 autem
665 3857 764 3910 hoc
808 3869 912 3908 non
955 3863 1076 3908 voto
1106 3853 1496 3921 maledicentia,
1528 3856 1620 3909 sed
1668 3856 2004 3924 praastientia

444 3926 831 3994 praphetantis.

513 4018 704 4070 Domus
734 4017 919 4071 Israel.
949 4017 1109 4084 Quasi
1159 4017 1339 4073 dicat:
1371 4018 1468 4084 Qui
1516 4019 1791 4073 conﬁdunt
1839 4019 1890 4074 in
1935 4021 2010 4074 si-

443 4088 711 4152 mulacris,
759 4089 880 4140 talia
920 4099 977 4141 ut
1007 4088 1258 4152 diximus,
1289 4093 1565 4156 recipiant.
1602 4089 1799 4142 Domus
1828 4099 2008 4144 autem

445 4156 640 4219 Israel,
681 4157 732 4209 id
777 4166 886 4220 est,
921 4157 1163 4211 collectio
1211 4173 1552 4212 numerorum
1601 4160 1833 4213 ﬁdelium
1885 4160 2007 4213 talia

445 4243 550 4281 non
583 4227 809 4289 timebit,
833 4227 953 4293 quia
984 4241 1084 4278 non
1108 4229 1326 4294 sperauit
1358 4228 1408 4281 in
1439 4229 1561 4291 illis,
1588 4230 1681 4284 sed
1704 4231 1754 4281 in
1791 4229 2007 4283 Domino

446 4305 674 4359 tantum,
708 4298 758 4349 in
790 4311 896 4367 quo
939 4297 1051 4363 jam
1098 4299 1352 4362 speravit.
1388 4299 1454 4350 Et
1486 4299 1678 4352 merito
1708 4299 1759 4352 in
1789 4313 1853 4352 eo
1881 4313 2007 4367 spe-

445 4369 601 4430 ravit,
631 4367 752 4435 quia
796 4365 912 4434 ipse
953 4375 1035 4420 est
1081 4367 1288 4440 adjutor
1317 4383 1488 4440 eorum
1518 4370 1569 4421 in
1612 4369 1772 4440 bono,
1806 4378 1850 4440 et
1889 4365 2011 4440 pro-

447 4449 600 4492 tector
630 4452 802 4490 eorum
827 4445 899 4490 est
936 4451 963 4487 a
996 4437 1156 4490 malo.
1186 4435 1375 4489 Domus
1405 4437 1565 4490 etiam
1596 4438 1781 4502 Aaron,
1818 4439 1866 4492 id
1890 4435 2011 4502 est,

2067 507 2290 575 joribus.

2148 578 2364 644 Adjiciat
2403 575 2664 629 Dominus.
2711 575 2804 628 llic
2834 574 3032 628 inducit
3059 574 3126 628 de
3167 573 3269 628 illis
3298 572 3415 626 aliis
3445 573 3660 644 ovibus,

2077 643 2230 714 quasi
2260 649 2435 700 dicat:
2472 647 2722 700 Dominus
2745 647 2830 711 qui
2863 645 3010 698 vobis
3037 645 3322 712 primitivis
3367 643 3660 708 benedixit,

2078 718 2285 786 adjiciat
2317 719 2445 769 alias
2473 732 2624 786 super
2653 732 2758 778 vos,
2790 715 2906 768 illas
2927 715 3058 768 alias
3080 714 3575 786 ovesaddnccndo;
3607 724 3664 766 et

2081 782 2155 839 ita
2182 786 2416 852 adjiciat,
2462 796 2516 839 ut
2535 782 2704 851 super
2730 799 2823 838 vos
2863 786 3118 846 minores,
3161 783 3292 837 alios
3315 782 3576 851 majores:
3611 791 3661 835 et

2077 872 2226 919 super
2244 856 2376 917 ﬁlios
2401 866 2609 922 vestros,
2633 855 2683 909 id
2715 865 2813 918 est,
2843 869 3001 921 super
3021 855 3258 908 subditos
3283 865 3508 913 vestros,
3527 853 3661 905 alios

2082 927 2332 979 minores.
2377 929 2438 980 εει
2465 942 2548 980 vos
2592 926 2821 991 utrique,
2847 924 2896 977 id
2927 935 3030 987 est,
3063 924 3291 993 majores
3313 933 3366 976 et
3401 923 3659 988 minores,

2080 996 2192 1048 sive
2220 997 2286 1049 de
2317 997 2584 1063 primitivo
2615 996 2825 1064 populo,
2869 996 2984 1048 sive
3027 995 3094 1048 de
3133 995 3466 1064 secundario,
3510 993 3662 1044 bene-

2081 1067 2199 1118 dicti
2220 1067 2356 1132 sitis,
2386 1067 2437 1120 id
2463 1076 2566 1128 est,
2597 1063 2807 1133 Semper
2829 1075 3164 1132 augmentum
3195 1063 3463 1132 recipiatis
3490 1079 3522 1114 a
3552 1064 3659 1114 Do-

2081 1139 2240 1203 mino,
2263 1139 2351 1206 qui
2379 1152 2470 1190 vos
2501 1138 2730 1204 majores
2754 1135 2869 1202 fecit
2896 1135 3098 1198 caelum,
3129 1135 3321 1195 adhuc,
3342 1144 3394 1185 ut
3429 1133 3661 1206 semina-

2086 1209 2212 1260 retis
2267 1203 2554 1273 spiritualia
2576 1203 2595 1272 ;“
2621 1216 2669 1261 et
2713 1220 2806 1260 vos
2851 1206 3083 1258 minores
3128 1215 3347 1267 terram,
3382 1203 3555 1254 adhuc
3603 1212 3661 1254 ut

2083 1277 2376 1331 redderetis
2405 1277 2656 1330 carnalia.
2687 1276 2751 1328 Et
2788 1290 2890 1328 non
2917 1275 3085 1327 solum
3130 1289 3224 1327 vos
3268 1273 3513 1341 praelatos
3540 1273 3665 1324 fecit

2085 1347 2304 1406 emtum,
2335 1346 2426 1399 sed
2458 1348 2614 1400 etiam
2648 1346 2765 1399 fecit
2796 1344 2916 1399 cceli
2944 1344 3156 1408 etclam,
3185 1343 3236 1397 id
3264 1353 3362 1406 est,
3391 1343 3660 1394 hominem

2089 1416 2448 1479 Duminicum;
2474 1426 2527 1469 ut
2551 1428 2693 1470 esset
2715 1417 2906 1469 cmlnm
2926 1415 3148 1466 aliorum
3173 1413 3444 1466 caelorum.
3466 1410 3664 1463 Cirtam

2087 1487 2196 1539 caeli
2225 1486 2365 1550 dico,
2389 1487 2487 1539 sibi
2515 1485 2728 1538 Domino
2756 1484 3055 1538 rolendum.
3090 1483 3155 1536 In
3183 1499 3239 1535 eo
3265 1484 3397 1534 enim
3417 1481 3664 1532 habitavit

2089 1557 2254 1609 omnis
2277 1557 2540 1624 plenitudo
2562 1555 2834 1608 divinitatis
2858 1555 3208 1624 corporaliter.
3231 1551 3441 1624 Terram
3466 1561 3658 1624 autem,

2093 1626 2142 1678 id
2169 1621 2285 1690 est,
2307 1628 2538 1680 minores
2566 1627 2701 1678 dedit
2733 1625 2967 1678 colendis
2996 1623 3116 1690 ﬁliis
3146 1623 3425 1682 hominum,
3473 1621 3525 1674 id
3558 1630 3664 1681 est,

2096 1697 2247 1749 vobis
2279 1697 2512 1764 pra-latis
2537 1696 2890 1749 imitatoribns
2919 1692 3332 1764 patriarcharum
3363 1701 3416 1743 et
3441 1691 3671 1764 prpphe-

2024 1790 2064 1847 Β
2097 1759 2294 1847 tarum,
2323 1767 2411 1847 qui
2440 1767 2568 1819 estis
2605 1781 2708 1847 non
2731 1765 2882 1847 caeli,
2914 1763 3006 1847 sed
3037 1763 3450 1847 terreant-nm.
3482 1759 3666 1847 fclr‘test

2095 1838 2252 1888 etiam
2293 1830 2487 1890 cretum
2517 1835 2638 1890 cmli
2678 1835 2742 1887 ad
2768 1834 3002 1888 membra
3035 1832 3244 1896 referri,
3269 1832 3407 1886 velut
3438 1830 3501 1883 ad
3535 1831 3668 1882 Pau-

2094 1905 2221 1967 lum,
2253 1906 2340 1974 qui
2361 1904 2548 1959 merito
2577 1906 2772 1959 dicitur
2796 1905 2989 1960 ccelnm
3019 1903 3160 1974 creti,
3193 1904 3310 1970 quia
3336 1917 3438 1954 non
3482 1900 3671 1974 didicit

2091 1976 2160 2029 ab
2189 1971 2402 2028 homine
2430 1990 2600 2044 neque
2629 1990 2721 2041 per
2752 1977 3040 2038 hominem,
3061 1973 3152 2044 sed
3181 1981 3478 2044 prostratus
3506 1971 3557 2022 in
3587 1971 3668 2022 via

2092 2045 2248 2098 simul
2275 2048 2450 2098 omnia
2477 2043 2718 2108 a’Spiritu
2745 2054 2929 2098 sancto
2958 2043 3160 2096 audivit
3189 2049 3243 2096 et
3268 2043 3470 2094 didicit.

2165 2114 2289 2168 Non
2320 2116 2506 2167 mortui
2535 2115 2810 2167 laudabunt
2834 2124 2897 2166 te.
2931 2114 3091 2179 Quasi
3122 2115 3286 2164 dicat:
3322 2111 3422 2164 Pro
3450 2110 3532 2162 bis
3551 2124 3672 2162 om-

2095 2185 2248 2239 nibus
2291 2186 2573 2252 przedirtis,
2605 2200 2636 2238 ο
2680 2184 2911 2247 Domine,
2956 2200 3055 2236 non
3084 2183 3429 2252 laudabuntte
3459 2181 3664 2238 mortui,

2093 2255 2144 2308 id
2174 2266 2272 2316 est,
2292 2249 2599 2323 condignas
2627 2255 2825 2323 gratias
2854 2269 3032 2324 agere,
3068 2269 3181 2318 qua:
3208 2251 3260 2305 in
3293 2249 3463 2324 prima
3489 2259 3666 2324 ιιιρτιθ

2096 2326 2269 2379 adhuc
2298 2321 2779 2392 permanent,'quia
2825 2321 2929 2377 non
2975 2332 3143 2391 potest
3183 2331 3421 2375 mortuus
3453 2321 3669 2392 laudare

2096 2389 2473 2464 vivum-neque
2497 2396 2653 2448 etiam
2677 2389 2988 2446 laudabunt
3010 2404 3060 2445 te
3089 2408 3258 2445 onmes
3288 2392 3357 2443 illi
3383 2391 3494 2464 Aqui-
3527 2389 3662 2442 vivi-

2096 2466 2232 2518 ﬁcati
2265 2481 2357 2532 per
2384 2461 2606 2531 gratiam
2639 2464 2688 2517 in
2719 2473 2942 2516 mortem
2972 2462 3427 2532 reciderunt,quia
3462 2461 3669 2532 descenf

2095 2537 2221 2587 dunt
2245 2529 2297 2587 in
2324 2529 2600 2602 infernum,
2625 2535 2674 2586 id
2714 2543 2817 2598 est,
2843 2535 2892 2585 in
2919 2531 3233 2601 profundum
3263 2533 3541 2602 vitiorum.
3564 2529 3671 2582 Sed

2096 2621 2188 2657 nos
2218 2607 2314 2658 soli
2345 2600 2432 2670 qui
2459 2621 2550 2670 per
2581 2605 2802 2673 gratiam
2830 2613 2968 2656 tuam
3000 2603 3233 2655 ωδε-ἰωῇ
3268 2602 3497 2673 vivimus,
3527 2600 3677 2673 bene-

2096 2675 2336 2736 dicimus,
2371 2676 2419 2726 id
2443 2688 2546 2740 εει,
2579 2671 2791 2738 semper
2817 2683 3013 2742 gratzas
3038 2685 3253 2742 agemus
3282 2671 3348 2723 de
3369 2671 3677 2742 misericor-

2095 2745 2181 2796 dia
2226 2745 2378 2798 nobis
2417 2744 2655 2812 impensa
2703 2743 2794 2796 tibi
2827 2740 3078 2802 Domino.
3125 2741 3440 2809 incipientes
3479 2756 3539 2792 ex
3583 2740 3678 2789 hoc

2098 2825 2335 2881 tempore
2381 2822 2431 2868 et
2491 2811 2657 2877 nunc,
2718 2813 2770 2866 id
2827 2821 2938 2875 est,
2991 2811 3209 2865 indilate
3271 2821 3680 2877 perseverantes

2099 2900 2253 2948 usque
2277 2883 2401 2937 dum
2432 2884 2688 2953 perducas
2717 2898 2810 2938 nos
2854 2883 2907 2935 in
2935 2883 3198 2947 sarculum,
3232 2882 3281 2935 id
3307 2890 3411 2946 est,
3442 2881 3494 2932 in
3523 2891 3679 2933 aster-

2100 2955 2341 3010 nitatem.

2575 3022 2640 3077 lN
2663 3021 2986 3080 PSALMUM
3008 3019 3194 3077 CXIV.

2768 3113 3016 3168 Alleluia.

2707 3223 3092 3264 ARGUIIENTUL.

2173 3303 2470 3358 Gratulatio
2515 3301 2695 3369 populi
2734 3301 2798 3354 de
2853 3301 3140 3369 Babylonia
3182 3297 3414 3354 reducti.
3477 3296 3680 3369 Aliter,

2173 3316 2470 3358 uratntano
2515 3316 2695 3369 populi
2734 3316 2798 3354 uc
2853 3316 2957 3352 nan
3000 3316 3140 3353 lonia
3182 3316 3414 3354 reducti.
3479 3316 3680 3359 aliter,

2103 3390 2203 3428 vox
2239 3373 2435 3429 Christi
2483 3371 2568 3426 vel
2619 3370 2903 3441 cujuslibet
2961 3316 3133 3425 iidelis
3184 3369 3252 3424 de
3303 3366 3684 3422 tentationibus

2103 3449 2294 3514 erepti.

2711 3525 3066 3566 ειΡιΑΝΑτιο.

2177 3605 2376 3659 Excitat
2394 3620 2482 3658 nos
2498 3604 2559 3656 de
2567 3617 2742 3656 somno
2755 3601 2906 3669 hujus
2918 3599 3086 3654 saeculi
3101 3599 3332 3654 solemnis
3343 3614 3403 3650 ac
3415 3613 3529 3648 vera
3547 3611 3685 3647 com-

2103 3678 2313 3728 monitio
2328 3677 2568 3728 liberalus
2585 3672 2828 3738 prapheta
2839 3673 2901 3724 de
2914 3671 3167 3738 profunda
3187 3671 3326 3738 fovea
3338 3677 3678 3738 peccatorum,

2105 3747 2326 3799 etiamin
2343 3746 2432 3797 illa
2454 3737 2592 3811 petra
2615 3737 2968 3794 misericordia:
2985 3737 3302 3793 constitutus.
3328 3737 3504 3790 Primo
3526 3751 3682 3811 mein-

2107 3816 2194 3869 bro
2223 3817 2409 3884 gratias
2431 3807 2537 3883 agit
2555 3814 2794 3882 quoniam
2814 3827 2866 3863 se
2889 3811 3180 3884 scanditum
3198 3825 3308 3884 esse
3339 3807 3613 3884 cognrtscit,
3632 3814 3683 3857 et

2107 3875 2282 3938 contio
2311 3875 2486 3937 omuiri
2523 3875 2749 3947 pericula
2791 3882 2972 3933 mortis
3007 3880 3284 3948 efﬁcaciter
3323 3893 3374 3930 se
3401 3875 3682 3948 proﬁtetur

2105 3957 2364 4020 invocasse
2416 3943 2716 4015 Dominum,
2764 3961 2817 4003 ut
2861 3943 3104 4020 liberatus
3135 3949 3392 4020 perveniat
3441 3948 3511 4020 ad
3540 3943 3682 4020 illam

2105 4013 2321 4094 requiem
2334 4013 2874 4091 sempiternam,qaam
2895 4013 3401 4089 ﬁdelibus‘promittit
3429 4013 3680 4069 Dominus

2107 4111 2311 4149 munere
2339 4094 2735 4148 concedendam.

2676 4174 3098 4215 COMIENTARIUS.

2183 4254 2349 4308 Dilexi
2397 4253 2635 4320 quoniam
2685 4251 2921 4320 exaudiet
2962 4247 3232 4302 Dominus.
3276 4245 3521 4320 Alleluia.
3553 4244 3685 4320 ‘ﬂoc

2111 4339 2350 4387 carmen,
2386 4315 2438 4377 id
2479 4332 2580 4385 est,
2629 4321 2763 4374 hanc
2793 4319 3001 4374 laudem
3053 4326 3230 4371 cantat
3279 4317 3453 4387 fidelis
3481 4315 3679 4387 anima,

2109 4410 2228 4464 quae
2267 4385 2855 4464 adhchperegrinatur
2906 4404 2933 4440 a
2993 4387 3235 4464 Domino.
3273 4385 3398 4439 Oris
3445 4385 3529 4464 illa
3568 4400 3683 4451 qua:

2115 4453 2405 4527 aberravit,
2439 4453 2576 4514 titius
2602 4453 2690 4512 ille
2716 4460 2807 4528 qui
2836 4468 3076 4512 mortuus
3099 4458 3268 4511 fuerat
3295 4465 3348 4510 et
3366 4453 3574 4528 revixit,
3594 4469 3683 4528 pe-

448 4508 679 4596 nates:
709 4506 1330 4596 -_“.°{‘_}l_‘.“el’.‘.‘"_‘1.9“l§_
1347 4507 2011 4596 sreeturticﬂoctee
2048 4514 2094 4573 ι)
2115 4506 3272 4596 ῑῑεῑξιίῖ’ἀπεάςεῑιῖιίξδεῖῖδςιῑιείῑεὶέδῇάέ
3301 4506 3474 4578 sua.
3503 4506 3679 4576 "tam

448 4588 673 4640 tantum,
709 4587 766 4630 ut
796 4577 958 4644 prius.
994 4576 1060 4628 Et
1086 4577 1207 4645 quia
1257 4577 1487 4644 majores
1513 4588 1565 4630 et
1597 4577 1851 4642 minores,
1884 4593 2011 4645 ergo

449 4660 636 4700 omnes
665 4647 754 4714 qui
798 4649 990 4700 timent
1030 4646 1328 4712 Dominum,
1358 4649 1669 4714 sperabunt,
1698 4648 1818 4714 quia
1851 4647 2013 4702 etiam

451 4725 800 4784 speraverant
845 4716 898 4770 in
953 4717 1194 4768 Domino.
1224 4714 1291 4769 Et
1339 4720 1547 4778 merito,
1593 4717 1682 4785 qui
1726 4717 1937 4784 adjutor
1963 4727 2018 4772 et

456 4795 722 4856 protector
745 4801 948 4856 eorum,
971 4793 1072 4850 est,
1104 4793 1161 4838 ut
1201 4785 1366 4852 prius.
1393 4786 1701 4850 Sciendum,
1733 4790 1855 4854 quia
1886 4804 2018 4855 qun-

456 4855 763 4924 tiescunque
797 4855 953 4909 Israel
984 4864 1035 4907 et
1066 4857 1240 4924 Λευ-οη
1270 4858 1348 4909 sic
1377 4856 1740 4924 inveniuntur,
1773 4871 1867 4923 per
1906 4861 2020 4910 Aa-

460 4941 558 4981 ron
591 4923 691 4992 qui’
720 4925 969 4978 saterdos
1003 4932 1057 4977 et
1085 4924 1335 4993 praelatus
1365 4923 1482 4989 fuit,
1514 4927 1880 4994 intelliguntur
1910 4943 2022 4978 ma-

460 4997 634 5066 jores,
657 5009 748 5066 per
779 4994 941 5047 lsracl
973 5009 1098 5046 vero
1129 4995 1384 5049 minores.
1410 4999 1481 5066 lﬂt
1509 4996 1646 5063 quod
1689 4999 1774 5048 hic
1802 4996 2018 5066 dicitur,

464 5063 530 5121 de
563 5064 722 5133 priori
755 5066 946 5134 populo
977 5073 1175 5116 tantum
1205 5074 1283 5134 est
1311 5063 1702 5132 accipiendum,
1733 5065 1854 5134 quia
1884 5067 2020 5120 inle-

462 5137 571 5190 rius
593 5134 752 5187 addet
777 5135 840 5187 de
865 5133 984 5186 aliis
1008 5134 1166 5186 etiam
1195 5133 1401 5187 ovibus.

533 5227 778 5281 Dominus
821 5240 1010 5278 memor
1048 5223 1143 5293 fuit
1173 5225 1355 5278 nostri.
1399 5223 1540 5278 Dixit
1579 5224 1792 5289 adjutor
1820 5234 1900 5279 est
1929 5241 2022 5280 eo-

463 5314 602 5352 rum.
639 5297 704 5350 Et
734 5296 882 5364 quasi
931 5296 1108 5348 dicat:
1143 5293 1290 5358 Quod
1323 5295 1529 5361 adjutor
1561 5305 1739 5364 noster
1785 5307 1887 5358 est,
1923 5296 2024 5350 hoc

464 5383 570 5422 non
599 5383 663 5421 ex
691 5363 895 5420 meritis
922 5364 1136 5426 nostris,
1165 5364 1256 5417 sed
1286 5379 1347 5416 ex
1375 5365 1487 5417 sola
1531 5363 1648 5432 ejus
1676 5366 1871 5433 gratia;
1903 5383 1969 5432 qu
1993 5381 2021 5418 a

465 5453 569 5492 non
603 5452 698 5490 nos
726 5451 989 5490 memores
1033 5434 1228 5487 luimus
1254 5433 1391 5499 ejus,
1425 5435 1518 5487 sed
1553 5440 1666 5498 ipse
1705 5449 1893 5487 memor
1926 5441 2022 5502 ιιιιι

465 5509 654 5571 nostri;
684 5509 804 5575 quia
832 5507 1158 5559 Salvatorem
1196 5505 1348 5557 nobis
1380 5505 1545 5567 misit,
1579 5513 1638 5575 et
1669 5505 1940 5575 benedixit,
1972 5506 2020 5557 id

463 5588 572 5642 est,
621 5572 1005 5629 incrementum
1055 5577 1306 5626 virtutum
1353 5575 1494 5626 nobis
1543 5574 1706 5626 dedit.
1760 5572 2022 5626 Benedixit

466 5648 588 5698 dico
614 5647 786 5698 domui
822 5644 1005 5710 Israel,
1032 5655 1074 5696 et
1108 5644 1282 5698 domui
1320 5645 1514 5709 Aaron,
1548 5644 1599 5696 id
1627 5655 1728 5702 est,
1759 5653 1812 5696 et
1855 5659 2020 5707 map-

469 5718 612 5766 ribus
639 5723 692 5766 et
720 5716 1029 5768 minoribus.
1066 5715 1132 5766 Et
1159 5717 1235 5766 sic
1261 5715 1515 5766 benedixit
1554 5711 1804 5773 omnibus.
1832 5714 1919 5779 qui
1959 5715 2024 5764 ti—

470 5793 600 5835 ment
629 5783 816 5838 timore
859 5793 1003 5842 casto
1034 5782 1305 5838 Dominum
1336 5786 1386 5839 in
1420 5783 1688 5852 primitivo
1716 5789 1928 5853 populo.
1960 5785 2022 5839 Et

2119 4618 2239 4658 cum
2279 4592 2524 4656 omnibus
2548 4599 2746 4653 sanctis
2783 4592 3206 4652 desiderantibus
3234 4595 3378 4648 illam
3424 4592 3684 4660 requiem,

2120 4683 2174 4727 et
2201 4672 2370 4728 dit-at:
2407 4669 2572 4722 Dilexi
2597 4670 2854 4736 quoniam,
2888 4677 2991 4721 etc.
3025 4666 3145 4720 Tria
3181 4664 3265 4718 hic
3289 4667 3554 4736 proponit,
3585 4662 3688 4714 sci-

2125 4744 2268 4802 licet.
2312 4742 2490 4803 tidem,
2518 4735 2687 4806 spem,
2737 4738 3072 4800 cbaritatem,
3112 4736 3205 4789 sed
3230 4735 3432 4806 ordine
3458 4744 3690 4806 prtepos-

2123 4822 2258 4866 tero.
2289 4810 2462 4879 Major
2478 4801 2623 4862 enim
2648 4801 2907 4879 es_ltis,_ut
2930 4809 3000 4859 ait
3024 4804 3349 4879 Apostolus,
3357 4812 3426 4879 est
3449 4801 3688 4879 charitas,

2127 4897 2300 4952 quam
2329 4871 2426 4933 iste
2476 4877 2768 4946 praemittit,
2816 4871 2998 4952 dicens
3022 4893 3036 4929 :
3058 4871 3283 4952 -lDileai.
3317 4871 3515 4952 Deinde
3542 4885 3688 4952 sp'em

2128 4938 2218 5020 per
2246 4938 2491 5004 eductum
2519 4957 2682 5020 notat,
2714 4938 2832 5020 cum
2862 4947 2987 5020 dicit
3005 4964 3021 5020 εΔ
3049 4943 3301 5020 Quoniam
3317 4942 3550 4995 exaudiet
3579 4938 3687 5018 Do-

2125 5009 2287 5073 minus
2334 5034 2500 5073 vocem
2531 5009 2766 5069 orationis
2797 5030 2938 5069 mete.
2973 5015 3091 5068 Ideo
3140 5013 3284 5065 enim
3324 5020 3523 5079 sperat,
3568 5009 3689 5074 quia

2131 5091 2386 5143 Dom-nus
2415 5088 2756 5141 exauditurus
2801 5095 2880 5138 est
2907 5101 3050 5139 etnn.
3086 5081 3239 5136 Fides
3272 5097 3398 5135 vero
3427 5079 3692 5147 colligitur

2125 5175 2244 5213 eum
2271 5158 2428 5213 dicit:
2472 5157 2602 5220 Quia
2627 5156 2884 5207 inclinavit
2915 5157 3038 5208 mihi
3064 5169 3240 5205 aurem
3268 5167 3434 5213 suam,
3469 5153 3567 5202 hoc
3585 5158 3686 5206 εει,

2128 5233 2247 5296 quia
2277 5231 2421 5295 prior
2444 5219 2535 5279 nos
2566 5226 2776 5279 dilexit.
2811 5227 2915 5280 Nec
2955 5224 3109 5278 unico
3137 5221 3267 5296 lf‘ilio
3305 5235 3400 5274 suo
3431 5219 3685 5296 pepercit,

2129 5290 2185 5352 et
2210 5290 2359 5351 sic-in
2389 5297 2537 5350 nobis
2559 5297 2869 5349 charitatem
2901 5310 3050 5348 snam
3080 5293 3244 5346 voluit
3287 5290 3686 5346 cmumendare,

2131 5382 2184 5421 ut
2215 5368 2478 5423 Christum
2524 5367 2675 5418 nobis
2715 5365 2891 5432 itnpiis
2917 5362 3291 5418 victimandum
3330 5360 3596 5432 mitteret._
3631 5356 3690 5408 Et

2129 5448 2211 5492 est
2237 5440 2450 5491 dicere:
2475 5433 2743 5487 Inclinavit
2789 5428 2962 5487 aurem
2991 5449 3132 5486 suam
3154 5432 3296 5494 nti/ti,
3332 5431 3381 5482 id
3413 5438 3512 5490 est,
3547 5428 3689 5479 illum

2133 5508 2294 5566 misit.
2339 5521 2432 5572 per
2470 5520 2626 5574 quem
2659 5519 2743 5558 me
2787 5505 3004 5557 credere
3037 5500 3425 5574 feciantquia
3467 5496 3689 5574 credidi,

2132 5579 2250 5630 i.teo
2289 5567 2525 5642 speravi;
2579 5575 2696 5627 ideo
2733 5573 2914 5638 dilexi,
2964 5573 3079 5640 quia
3104 5571 3315 5643 dilexi.
3361 5569 3504 5643 Ideo,
3533 5581 3566 5618 o
3599 5567 3692 5643 Do-

2134 5648 2294 5711 mine,
2318 5638 2557 5699 inrocabo
2589 5654 2639 5695 te
2666 5645 2718 5694 in
2739 5643 2909 5695 diebus
2936 5638 3076 5707 meis,
3101 5641 3281 5713 idest,
3307 5641 3357 5692 in
3381 5638 3564 5690 diebus
3596 5638 3689 5713 tri-

2136 5717 2418 5769 bulationis
2448 5726 2502 5768 et
2524 5714 2772 5776 carceris,
2805 5714 2855 5766 in
2884 5715 3068 5765 diebus
3095 5711 3298 5763 nebula:
3323 5719 3379 5762 et
3410 5717 3567 5759 totius
3591 5711 3691 5754 mi-

2134 5787 2307 5841 seriae.
2337 5787 2479 5851 Quos
2501 5800 2596 5854 ego
2621 5796 2766 5838 meos
2794 5783 2889 5838 ieci
2922 5799 2949 5836 a
2992 5794 3042 5836 te
3070 5781 3221 5835 l‘atre
3253 5793 3373 5834 meo
3401 5776 3696 5833 recedentia
