4026 6200
429 291 560 345 10ιῖ

420 469 537 553 pavi
581 469 631 540 ἕι
663 469 987 537 ιίὶεηιοηεέε
1024 478 1118 532 lui.
1152 479 1212 553 Et
1238 475 1416 553 subdit
1440 488 1654 553 causam
1674 485 1839 553 quare
1864 469 1978 522 die-

419 540 515 611 bus
548 554 896 609 invocaudum
922 549 1224 624 necessario
1246 545 1379 624 suis,
1408 545 1486 599 sic
1511 543 1723 624 dicens:
1757 540 1974 624 Circum-

418 628 662 681 drderunt
702 640 782 679 me
826 625 878 678 in
934 622 1120 676 diebus
1157 620 1255 674 illis
1286 617 1484 695 dolores
1523 615 1737 695 mortis,
1773 611 1823 664 id
1878 618 1981 669 est.

418 699 630 751 dolores
656 700 909 749 ducentes
935 694 999 748 ad
1031 700 1278 762 mortem.
1304 687 1405 762 Per
1433 684 1575 754 quod
1600 684 1984 762 qualiacunque

418 779 634 833 peccata
679 766 938 834 simplicia
970 762 1182 834 accipit.
1225 758 1291 812 Et
1315 752 1620 834 invenerunt
1652 771 1731 807 me
1759 752 1984 834 pericula

416 822 626 912 irferni,
657 837 706 892 id
730 822 828 900 est,
862 822 1356 912 pericula-ducentia
1388 828 1451 879 ad
1482 822 1850 912 itiftlt‘rnuittpid
1880 830 1981 912 est,

419 897 481 963 in.
500 897 826 975 profundum
856 897 1122 959 vitiorum.
1150 902 1282 975 Qum
1328 898 1497 967 (quasi
1542 897 1708 975 dicat)
1746 907 1841 975 .me
1879 906 1983 973 non

418 966 768 1039 invenissent,
800 978 843 1031 si
868 990 965 1042 ego
988 988 1094 1044 non
1116 966 1520 1044 aberravissem.
1542 966 1649 1033 Ego
1674 966 1985 1044 enim-prius

417 1050 471 1102 in
514 1049 634 1102 loco
660 1033 960 1101 divitiarum
985 1041 1309 1117 pos_itu‘s_l'ui,
1335 1035 1798 1117 sedapostatando
1828 1035 1877 1086 in
1908 1033 1985 1086 lo-

416 1135 534 1172 cum
559 1126 863 1183 serpentum
894 1117 1031 1170 veni.
1064 1113 1275 1187 Etideo
1300 1113 1505 1187 merito
1545 1117 1820 1187 serpentes
1851 1118 1984 1187 pra-3:

417 1174 696 1243 valuerunt
742 1188 887 1252 milii,
921 1196 975 1241 et
1003 1184 1177 1259 omnia
1211 1181 1347 1259 mala
1380 1188 1534 1259 atque
1573 1176 1805 1259 pericula
1833 1174 1982 1256 .mihi

416 1250 950 1326 supervenerunt.vln
975 1256 1164 1326 quibus
1197 1250 1444 1326 periculis
1466 1250 1806 1326 constitutus,
1832 1250 1980 1326 lgna:-

418 1318 507 1384 rus
531 1333 702 1392 putavi
736 1330 785 1382 in
808 1328 888 1381 his
914 1318 1353 1396 prosperitatibus
1380 1318 1749 1396 e_xsultaudum
1773 1330 1911 1396 esse,
1931 1323 1985 1396 et

419 1400 469 1452 in
505 1389 714 1453 terrena
741 1389 993 1452 felicitate
1014 1389 1367 1468 gaudendum.
1396 1389 1756 1468 Sed_dgtttttn_
1779 1389 1980 1468 inve‘ni,

416 1471 537 1537 quia
562 1488 687 1523 vana
715 1470 851 1541 salus
880 1456 1097 1541 hominis
1117 1482 1145 1541 ;_
1176 1472 1230 1541 et
1268 1463 1388 1541 ideo
1412 1461 1545 1541 dixis
1574 1459 1651 1541 Da
1674 1457 1844 1541 nobis,
1882 1456 1983 1509 Do-

417 1527 581 1605 mine,
614 1540 864 1593 auxilium
893 1539 957 1592 de
991 1527 1347 1609 tribulatione.
1368 1530 1544 1609 Inveni
1572 1527 1981 1609 tribulationem,

419 1625 522 1663 non
553 1599 667 1677 que
699 1626 802 1663 non
832 1620 964 1670 erat,
991 1607 1083 1662 sed
1110 1620 1228 1680 qua:
1277 1618 1362 1658 me
1406 1602 1625 1680 latebat.
1655 1599 1834 1680 inveni
1874 1613 1980 1678 non

417 1680 502 1732 hic
531 1671 821 1734 eicruciari
853 1671 1282 1750 adversitatibus,
1331 1673 1423 1727 sed
1452 1671 1671 1750 obligari
1705 1671 1979 1750 prosperi-

417 1752 629 1805 tatibus.
648 1750 823 1804 Inveni
857 1764 961 1821 non
993 1745 1423 1821 delectationem,
1439 1741 1545 1821 sed.
1565 1740 1980 1821 tribulationem,

416 1837 520 1873 non
561 1820 830 1892 gaudium,
862 1820 954 1892 sed
984 1818 1243 1892 dolorem,
1277 1830 1380 1881 non
1414 1811 1679 1892 patriam,‘
1703 1809 1796 1892 sed
1827 1824 1983 1892 perle-

414 1878 766 1965 crinaiionem
788 1962 795 1965 Α
817 1878 1086 1965 miseram.
1116 1888 1239 1965 ξιοοί
1267 1878 1359 1965 est
1386 1882 1528 1965 quod
1558 1881 1713 1965 dicit:
1748 1878 1987 1965 Tribulu—

416 1950 602 2014 iiouem
631 1970 676 2014 et
709 1962 934 2013 dolorem
964 1959 1170 2033 int*eni_._
1194 1964 1248 2009 et
1276 1950 1563 2033 ideo-dixi:
1594 1950 1816 2033 Surgam
1839 1960 1883 2002 et
1891 1950 1986 2033 ibo

414 2032 483 2082 ad
526 2032 731 2084 Patrem
761 2047 946 2095 meum,
992 2039 1096 2082 etc.
1131 2026 1238 2081 lloc
1263 2035 1373 2079 est:
1409 2021 1645 2101 invocavi
1675 2020 1987 2101 nomen-Dio-

414 2102 559 2165 nu'ni,
586 2102 795 2156 dicens:
826 2101 868 2154 0
896 2088 1126 2160 Domine,
1157 2098 1314 2150 libera
1335 2096 1558 2146 animum
1584 2107 1768 2165 meum.
1793 2088 1989 2165 lAnLelia:

414 2158 597 2242 homo!
619 2173 731 2241 quis
760 2189 834 2225 me
866 2170 1094 2242 liberabit
1117 2158 1179 2242 de
1205 2181 1415 2242 corpore
1443 2163 1620 2242 mortis
1642 2160 1791 2242 hujus
1811 2161 1833 2213 ?
1852 2158 1988 2242 Cra:

411 2242 483 2294 tia
524 2232 733 2295 Domini
770 2258 857 2310 per
904 2240 1081 2293 Jesum
1118 2238 1395 2310 Christum.
1440 2232 1668 2287 Audiant
1721 2245 1848 2299 ergo
1897 2232 1984 2296 qui

413 2314 649 2383 nondum
673 2307 1062 2383 audierunt,_et
1090 2307 1323 2362 nondum
1356 2310 1737 2383 cognorverunt,
1757 2311 1818 2383 et,
1843 2315 1987 2383 quas:

412 2392 535 2435 rant
566 2382 855 2447 miseriam,
889 2371 1233 2434 et'invoceut
1277 2371 1469 2429 nomen
1519 2371 1722 2426 Domini
1773 2379 1824 2424 et
1854 2371 1986 2447 salvi

415 2451 562 2504 liant.
596 2452 709 2506 Non
738 2440 858 2506 dico
880 2460 935 2505 ut
962 2456 1205 2518 quaerant
1234 2447 1523 2518 miseriam,
1556 2458 1716 2518 quam
1748 2457 1850 2495 non
1878 2440 1987 2518 _l_ia-

414 2522 563 2585 bent,
586 2523 679 2576 sed
707 2530 765 2594 ut
792 2512 1082 2584 inveniant,
1114 2532 1271 2587 quam
1305 2517 1603 2594 nescientes
1635 2514 1851 2594 habent.
1876 2512 1987 2594 Nec

412 2591 536 2645 dico
584 2601 641 2646 ut
688 2592 941 2645 deserant
989 2586 1198 2644 terrena
1244 2586 1564 2645 necessaria,
1606 2586 1799 2650 quibus
1828 2592 1988 2652 egent

411 2662 536 2734 dum
566 2662 837 2734 moraliter
856 2659 1164 2734 vivunt,sed
1196 2668 1253 2712 ut
1281 2658 1495 2727 lugeant
1518 2664 1572 2709 et
1597 2655 1829 2734 doleant,
1847 2653 1985 2721 quod

411 2731 705 2807 amiserunt
734 2733 1009 2786 cmlestem
1049 2731 1367 2807 satietatem,
1396 2736 1449 2779 et
1484 2731 1988 2807 terrenis'ttecessa-

414 2801 515 2874 riis
537 2800 769 2871 indigere
800 2809 1109 2874 meruerunt
1137 2800 1201 2852 ad
1228 2796 1663 2874 sustentationem
1676 2833 1696 2874 .7
1716 2794 1860 2874 lianc
1883 2795 1983 2848 mi-

411 2870 603 2945 seriam
637 2865 955 2945 cognoscant
983 2880 1037 2926 et
1065 2871 1297 2945 lugeant,
1346 2877 1401 2920 et
1447 2865 1523 2919 sic
1552 2865 1724 2945 faciet_
1748 2865 1987 2944 lugentes

412 2955 533 3010 esse
589 2941 813 3005 beatos,
862 2941 953 3010 qui
1009 2940 1429 3010 voluit.set_nper
1485 2950 1610 3010 esse
1653 2940 1983 3010 misericors.

416 3009 559 3063 Beati
598 3012 731 3067 enim
773 3004 858 3080 qui
882 3004 1095 3081 lugent,
1146 3007 1386 3081 quoniam
1437 3004 1850 3059 consolabuntur.
1892 3005 1986 3059 Sc-

451 3093 591 3136 Ulllll‘
625 3100 636 3133 ε

411 3097 788 3227 (ἓῗιϋξξεέξοονδ-
831 3150 1103 3227 Dominus.
1150 3149 1314 3227 Quasi
1362 3146 1687 3227 dicatango
1732 3144 1989 3199 invocans

410 3219 605 3298 dixi,_o
636 3221 872 3298 Domine,
902 3224 1057 3298 libera
1077 3223 1303 3298 animum
1332 3234 1517 3298 meam.
1537 3218 1789 3298 Dominus
1812 3226 1991 3298 autem

410 3305 501 3344 tne
527 3291 790 3367 liberabit,
825 3290 1098 3357 Dominus,
1129 3291 1270 3367 dico,
1295 3291 1505 3367 qui_e.~t_
1525 3288 1837 3367 misericors,
1871 3288 1991 3367 quia

411 3371 586 3423 vocat,
631 3362 751 3427 quia
800 3372 1013 3428 peccata
1056 3361 1342 3415 condonat.
1382 3358 1677 3480 EtFjustus,
1722 3358 1845 3424 quia
1877 3366 1995 3424 post

411 3431 743 3480 Vocationem
803 3442 1083 3480 peccantes
1138 3430 1387 3480 ﬂagellat.
1460 3439 1503 3480 Λ
1527 3436 1609 3480 est
1639 3427 1773 3478 Deus
1804 3436 1991 3480 noster.

410 3427 1084 3508 Vocationem_peccantes
1138 3430 1387 3496 ﬂagellat.
1437 3427 1503 3480 Et
1526 3436 1609 3508 est
1639 3427 1991 3508 Deusnoster,

410 3500 532 3567 quia
585 3512 701 3569 post
750 3501 956 3571 ﬂagella
1012 3502 1306 3564 miseretur,
1348 3512 1483 3567 quos
1522 3497 1807 3571 ﬂagellavit
1836 3497 1997 3571 _rcci-

412 3565 629 3635 piendo.
663 3570 769 3625 Nec
797 3565 972 3625 tamen
1005 3586 1245 3624 amarum
1294 3565 1453 3622 debet
1492 3567 1681 3627 videri,
1712 3565 1850 3635 quod
1900 3566 1996 3621 ltu-

412 3641 565 3712 miles
605 3641 872 3711 ﬂagellat,
917 3656 1076 3712 quam
1120 3641 1310 3705 dulce,
1355 3637 1495 3709 quod
1528 3647 1645 3706 post
1674 3636 1877 3707 ﬂagella
1908 3652 1996 3693 re-

407 3711 556 3765 cinit.

497 3726 508 3762 ι
540 3748 556 3765 .

462 3726 784 3836 pClustodiens
815 3782 1053 3849 parvulos
1090 3780 1359 3833 Dominus.
1392 3778 1527 3832 Vere
1557 3778 1811 3849 Dominus
1830 3779 1992 3849 mise-

410 3860 559 3905 retur
580 3892 595 3915 ,
625 3852 746 3920 quia
775 3847 1004 3905 custodit
1030 3862 1250 3918 paterno
1275 3864 1456 3904 amore
1491 3849 1758 3917 parvulos,
1791 3847 1841 3920 id
1891 3857 1991 3914 est,

413 3918 661 3983 humiles,
696 3931 751 3975 ut
783 3924 978 3976 l'aciant
1028 3920 1266 3974 hmredes
1309 3934 1549 3988 magnos.
1601 3920 1666 3971 Et
1695 3933 1794 3985 ego
1822 3918 1993 3986 (quasi

411 3992 574 4061 dicat)
593 3992 1098 4070 “humiliatus-sum,
1119 3992 1169 4043 id
1215 4000 1319 4070 est,
1368 3990 1465 4043 l‘eci
1497 4004 1583 4070 me
1623 3988 1925 4070 pa_rvulum_:
1949 4000 1994 4043 et

416 4059 562 4116 ideo
593 4061 847 4116 Dominus
892 4063 1117 4116 liberavit
1167 4077 1246 4115 me
1288 4062 1397 4130 jam
1432 4062 1609 4128 specie
1644 4059 1712 4113 ab
1752 4059 1996 4114 omnibus

411 4132 587 4186 malis.

480 4201 801 4257 Convertere.
862 4204 994 4268 Quia
1054 4210 1215 4254 tantae
1241 4200 1491 4254 bonitatis
1517 4200 1770 4254 Dominus
1802 4209 1905 4263 est,
1939 4209 1997 4253 ut

408 4273 674 4326 custodiat
696 4276 975 4344 parvulos;
998 4288 1144 4340 ergo,
1173 4274 1343 4323 anima
1366 4288 1497 4344 mea,
1527 4281 1812 4324 convertere
1841 4272 1892 4322 in
1916 4288 1997 4323 re-

408 4344 575 4410 quiem
602 4342 763 4408 luam,
788 4345 836 4398 id
870 4354 973 4407 est,
1006 4352 1319 4396 convertere
1344 4342 1408 4394 ad
1444 4343 1721 4395 Dominum
1748 4353 1916 4404 tuum,
1943 4352 1996 4395 et

408 4413 631 4467 habebis
658 4416 917 4483 requiem,
944 4428 1062 4484 qua:
1094 4415 1239 4484 prius
1269 4427 1454 4466 aversa
1488 4426 1701 4484 onmem
1728 4412 1983 4484 invenisti

1131 288 1193 343 ΙΝ
1238 284 1650 343 PSAL‘UORUM
1692 283 1951 339 LIBRUM
1997 280 2359 338 EXliGESIS.
2403 312 2469 320 —
2512 280 2758 335 PSALM.
2801 281 2956 336 CXV.

417 419 467 469 in
493 413 831 484 longinquam
861 408 1131 484 regionem
1153 402 1635 484 _dissim_i_litudinis,
1670 399 1756 454 ubi
1795 411 1985 484 porcos
2017 400 2062 457 Α

2586 393 2648 447 IN
2683 393 3004 449 PSALMUM
3030 392 3189 451 CXV.

2768 486 3015 541 Alleluia.

2704 599 3083 639 ARGUMENTUM.

2156 674 2228 727 Et
2264 687 2490 741 persona
2522 677 2828 739 aegrotantis
2862 677 3099 731 Ezechiae
3127 680 3353 732 canitur.
3388 680 3555 733 Aliter
3577 698 3671 735 vox

2087 742 2233 797 Pauli
2264 745 2510 811 apostoli.
2539 746 2689 798 Ilunc
2720 746 2980 809 psalmum
3013 758 3192 814 quinta
3223 760 3277 802 et
3305 761 3453 804 sexta
3502 751 3679 806 Editio

2089 828 2209 889 eum
2277 816 2644 889 superioribus
2700 817 2969 889 conulant.
3043 820 3396 889 Symmachus
3453 836 3577 877 vero
3627 836 3680 876 ct

2085 882 2428 955 Septuaginta
2450 885 2770 955 interpretes
2792 888 3054 942 dividunt.

2701 995 3053 1034 EXPLANATIO.

2162 1067 2262 1121 Per
2291 1078 2452 1144 totum
2473 1068 2724 1144 psalmum
2748 1071 3355 1144 invictorum‘martyrum
3386 1074 3533 1127 verba
3554 1080 3679 1144 refe-

2086 1149 2289 1211 runtur.
2314 1137 2491 1211 Prima
2516 1140 2762 1208 pasitione
2776 1141 3015 1207 beneﬁcia
3038 1137 3241 1195 Domini
3261 1137 3675 1211 commemorant,

2084 1208 2266 1277 quibus
2290 1226 2401 1261 eum
2424 1210 2736 1272 htesitarent,
2756 1212 2878 1279 quid
2906 1214 2978 1281 eis
3009 1213 3221 1281 dignum
3244 1215 3484 1279 potuisset
3509 1208 3677 1280 reddi,

2091 1281 2528 1352 occurrit‘utique
2577 1277 2828 1350 gloriosus
2871 1277 3006 1335 (alia:
3050 1277 3352 1351 martyrum,
3401 1288 3485 1352 qui
3515 1277 3679 1339 tamen

2089 1348 2295 1402 Domini
2322 1350 2554 1419 largitate
2580 1348 2868 1420 prmstalur.
2899 1353 3067 1408 Secun
3088 1358 3137 1405 ἔα
3169 1348 3352 1407 chorus
3374 1348 3481 1418 ipse
3500 1373 3552 1409 se
3572 1373 3678 1409 ser-

2086 1436 2201 1493 vum
2236 1420 2438 1493 Domini
2458 1431 2505 1474 et
2531 1421 2693 1493 ﬁlium
2726 1422 2967 1476 Ecclesia:
2992 1425 3254 1477 catholica’
3299 1428 3586 1493 proﬁtetur,
3617 1443 3679 1482 ne

2092 1489 2315 1571 Domino
2343 1490 2588 1559 placitum
2627 1492 2779 1546 etiam
2803 1494 3152 1547 ha'reticornm
3195 1489 3518 1563 putaresesse
3547 1489 3678 1550 inar-

2087 1571 2296 1631 (gnum.

2665 1648 3095 1689 COMIENTARIUS.

2160 1744 2364 1799 Credidi
2418 1756 2621 1813 prapter
2671 1748 2805 1815 quod
2855 1749 3052 1801 locutus
3104 1766 3232 1801 sum.
3268 1750 3507 1807 Alleluia.
3543 1749 3678 1805 Dicit

2091 1816 2377 1881 Apostolus
2406 1816 2546 1882 quod
2575 1818 2784 1882 quidam
2812 1828 2934 1871 sunt
2976 1819 3064 1884 qui
3088 1819 3356 1873 Christum
3398 1835 3501 1873 non
3530 1832 3676 1874 caste

2091 1885 2403 1956 praedicant,
2434 1884 2533 1939 hoc
2571 1896 2672 1948 est,
2718 1902 2823 1940 non
2874 1889 3097 1955 simplici
3126 1897 3178 1942 et
3209 1904 3339 1954 puro
3364 1891 3547 1956 corde,
3580 1908 3677 1944 nec

2088 1955 2295 2009 sincera
2341 1955 2443 2008 ﬁde
2468 1971 2585 2025 quae
2627 1972 2721 2025 per
2748 1958 3091 2011 dilectionem
3122 1970 3395 2025 operatur.
3424 1955 3677 2015 Terrenis

2093 2027 2238 2101 enim
2276 2026 2651 2101 cupiditatibus
2672 2028 3034 2101 consulentes.
3062 2030 3281 2101 cmleste
3327 2046 3547 2101 regnum
3578 2047 3677 2086 an-

2092 2095 2358 2169 nuntiant,
2409 2095 2663 2169 habentes
2696 2097 2747 2149 in
2778 2107 2995 2165 pectore
3028 2100 3334 2163 falsitatem,
3391 2095 3443 2153 in
3494 2102 3672 2169 lingua

2090 2165 2393 2235 veritatem.
2442 2165 2501 2218 lli
2536 2166 2666 2220 tales
2694 2169 2832 2234 quod
2887 2169 3174 2235 loquuntur
3201 2187 3302 2225 non
3334 2165 3600 2235 credunt,"
3623 2185 3677 2229 et

2091 2234 2209 2307 ideo
2252 2234 2522 2301 reprobati
2566 2245 2707 2289 sunt.
2743 2237 2816 2290 De
2848 2237 2931 2290 his
2960 2234 3217 2293 Dominus
3246 2242 3296 2293 in
3352 2241 3673 2307 Evangelia:

2095 2305 2420 2377 Quwcunque
2447 2307 2667 2359 dixerint
2714 2308 2848 2377 vobis
2873 2309 3040 2374 facile.
3070 2311 3352 2362 secundum
3383 2305 3535 2377 opera
3564 2328 3679 2365 vero

2088 2374 2485 2449 illorumﬂnolite‘
2504 2379 2703 2443 facere:
2727 2376 2909 2449 Dicunt
2930 2379 3085 2449 enim,
3106 2389 3151 2430 et
3184 2396 3283 2433 non
3312 2374 3526 2449 faciunt.
3546 2381 3681 2437 Sunt

2090 2444 2216 2518 item
2246 2445 2333 2499 alii
2355 2446 2441 2513 qui
2474 2445 2608 2518 bene
2633 2447 2886 2518 credunt,
2916 2448 3009 2501 sed
3035 2464 3135 2501 non
3160 2444 3444 2516 Ιοιμιιίηιιιτ
3474 2450 3555 2504 vel
3585 2453 3667 2518 pi-

2090 2516 2278 2582 gritia,
2324 2517 2407 2569 vel
2458 2517 2664 2569 timore.
2713 2516 2957 2584 Pigritia.
2999 2528 3055 2570 ut
3092 2533 3279 2572 servus
3314 2520 3403 2574 ille
3443 2522 3531 2584 qui
3585 2516 3676 2576 ac-

2089 2595 2297 2656 ceptum
2331 2587 2583 2656 talentum
2618 2600 2721 2638 non
2747 2588 3007 2656 erogavit,
3027 2589 3120 2641 sed
3146 2590 3446 2644 abscondit.
3471 2590 3620 2645 Unde
3646 2609 3677 2647 a

2093 2654 2508 2730 Dominojudice
2523 2655 2727 2730 audivit
2739 2675 2753 2730 _:
2780 2654 2936 2730 Serve
2962 2674 3174 2727 nequam
3196 2672 3241 2713 ei
3259 2662 3420 2730 piger.
3437 2661 3673 2727 ’l'imore,

2093 2726 2236 2778 velut
2264 2725 2439 2799 illide
2464 2726 2653 2793 quibus
2698 2725 2891 2799 dicitur
2918 2727 2969 2781 in
3004 2725 3332 2799 Evangelia?
3368 2731 3498 2796 Quia
3531 2725 3680 2785 multi

2088 2810 2153 2849 ex
2195 2796 2507 2864 principibus
2545 2798 2863 2867 sacerdotum
2909 2796 3233 2851 crediderunt
3284 2802 3334 2853 in
3380 2817 3528 2867 eum,
3586 2802 3673 2855 sed

2099 2874 2301 2932 propter
2323 2868 2556 2918 timorem
2584 2882 2683 2918 non
2713 2866 3059 2934 loquebantur.
3090 2869 3368 2923 Titneliant
3395 2866 3537 2924 enim
3566 2872 3677 2925 lieri

2090 2943 2237 2988 extra
2266 2935 2616 3007 Synagoga_m.
2655 2936 2862 3007 thuia
2907 2939 3075 3006 m:gis
3123 2940 3343 3007 gloriam
3401 2940 3673 2995 hominum

2090 3019 2248 3079 quam
2279 3005 2500 3079 gloriam
2531 3004 2621 3079 Dei
2652 3006 2972 3079 dilexerunt,
3002 3004 3229 3062 ideo'isti
3262 3025 3469 3075 quoque
3497 3027 3681 3079 repro-

2095 3074 2197 3147 bati
2229 3084 2372 3147 sunt.
2408 3075 2469 3129 Et
2497 3077 2614 3141 quia
2650 3077 2700 3128 lti
2729 3088 2781 3130 et
2805 3078 2878 3130 illi
2904 3090 3025 3132 sunt
3052 3074 3475 3147 reproba,ti,ideo
3490 3074 3676 3135 seivus

2100 3145 2185 3219 i‘le
2214 3145 2359 3199 solus
2390 3147 2577 3199 merito
2609 3147 2777 3219 lidelis
2805 3157 2906 3202 est.
2952 3150 3013 3202 Et
3056 3145 3307 3214 probatur
3335 3151 3422 3219 qui
3464 3168 3567 3205 non
3599 3153 3677 3204 lo-

2098 3213 2294 3285 quitur,
2326 3227 2606 3284 antequam
2636 3217 2847 3272 credat:
2905 3229 2957 3271 et
3003 3213 3122 3271 cum
3155 3213 3482 3281 credit,'non
3515 3230 3674 3285 tacet,

2100 3284 2199 3337 hoc
2223 3294 2307 3360 est
2327 3326 2346 3360 ,_
2372 3286 2459 3352 qui
2506 3301 2611 3360 non
2642 3296 2820 3360 erogat
2853 3303 2970 3360 qua;
3000 3288 3156 3360 liabet
3176 3328 3190 3353 ,
3221 3303 3318 3342 nec
3349 3305 3453 3360 non
3495 3284 3681 3360 erogat

2098 3356 2235 3427 quod
2265 3355 2442 3427 habet,
2472 3356 2563 3427 sed
2595 3358 2771 3408 statim
2792 3370 2916 3427 cum
2949 3357 3106 3413 habet
3149 3367 3349 3427 erogat.
3393 3358 3537 3412 Talis
3566 3355 3679 3415 ser-

2099 3438 2196 3505 vus
2227 3424 2453 3505 loquitur
2481 3423 2546 3505 in.
2567 3427 2667 3481 hoc
2695 3425 2916 3505 P‘Sﬂllth,
2948 3423 3513 3505 auditurusabomino
3540 3447 3672 3505 suo:

2098 3491 2244 3547 Intra
2293 3491 2347 3546 in
2392 3498 2636 3564 gaudium
2687 3491 2898 3550 Domini
2944 3498 3035 3552 tui.
3092 3500 3154 3552 Et
3181 3499 3309 3553 dicit
3339 3498 3440 3555 ita:
3473 3499 3680 3555 Credidi

2098 3565 2461 3636 propterquod
2492 3564 2859 3636 locutussum,
2912 3568 3011 3620 hoc
3056 3579 3160 3634 est,
3204 3584 3298 3636 per
3326 3582 3384 3622 se
3409 3584 3527 3623 esse
3555 3586 3676 3625 cre-

2097 3633 2225 3687 didi.
2277 3633 2392 3688 Non
2422 3637 2561 3689 enim
2594 3635 2825 3702 perfecte
2853 3638 3097 3701 credunt,
3148 3633 3236 3706 qui
3276 3639 3415 3707 quod
3448 3641 3676 3696 credunt

2099 3707 2238 3772 loqui
2264 3706 2471 3779 nolunt,
2500 3707 2623 3779 quia
2667 3708 3045 3779 nonlaudatur
3077 3708 3273 3779 ﬁdelis”
3296 3706 3507 3775 servus,
3551 3712 3675 3779 quia

2098 3776 2322 3847 accepit,
2378 3776 2473 3829 sed
2503 3777 2624 3844 quia
2667 3777 2895 3831 ﬁdeliter
2935 3779 3193 3847 erogavit.
3237 3778 3304 3832 Et
3350 3780 3470 3833 ideo
3511 3776 3674 3835 dicit:

2098 3844 2305 3916 Credidi
2326 3854 2533 3914 propter
2552 3847 2687 3916 quod
2713 3847 2929 3900 locutus.
2976 3844 3145 3903 Simul
3178 3851 3317 3903 enim
3349 3851 3592 3915 credidit,
3622 3861 3677 3907 et

2096 3914 2236 3979 quod
2277 3914 2799 3991 praemium'deberet
2826 3932 3040 3991 sperare
3088 3919 3373 3988 loquendo,
3424 3929 3479 3975 et
3514 3914 3673 3991 quam

2100 3999 2310 4056 pinnam
2334 3986 2543 4039 timeret
2569 3988 2809 4040 tacendo.
2835 3988 3087 4056 Sequitur
3111 4006 3122 4041 :

2169 4054 2279 4124 Ego
2309 4064 2479 4108 autem
2510 4056 2802 4127 humiliatus
2822 4054 2936 4111 sunt
2960 4059 3127 4112 nimis.
3162 4059 3312 4127 Quod
3343 4069 3424 4115 est
3460 4061 3674 4119 dicere:

2098 4124 2327 4178 Locutus
2369 4140 2489 4179 sum
2518 4126 2659 4194 quod
2696 4129 2916 4193 credidi,
2950 4130 3156 4183 locutus
3183 4124 3360 4185 autem
3411 4133 3583 4196 nimis,
3623 4134 3674 4188 id

2096 4203 2197 4259 est,
2230 4196 2383 4271 valde
2415 4197 2865 4271 humiliatusgsum
2895 4216 3007 4271 ego.
3040 4201 3232 4254 Passus
3260 4211 3343 4256 cst
3369 4203 3511 4255 enim
3539 4205 3675 4256 mul-

2098 4274 2178 4339 tas
2204 4264 2590 4339 tribulationes,
2636 4269 2828 4339 multas
2856 4264 3274 4337 peisecutiones,
3308 4283 3523 4339 propter
3554 4289 3671 4327 ver-

2097 4335 2221 4389 bum
2255 4337 2513 4401 veritatis,
2541 4338 2680 4405 quod
2710 4347 2765 4393 et
2805 4335 3034 4395 ﬁdeliter
3060 4335 3324 4406 tenebatf
3350 4335 3421 4393 et'
3451 4343 3676 4398 tidelitcr

2098 4408 2371 4473 erogabat.
2399 4408 2575 4461 Potest
2597 4418 2771 4461 autem
2804 4412 2904 4463 hoc
2928 4411 3040 4465 tieri
3067 4412 3237 4476 ut'qui
3276 4410 3551 4464 veritatem
3578 4428 3677 4466 an-

410 4470 854 4547 iuquietudin'em.
905 4470 975 4539 Εἰ
1016 4470 1163 4547 vere,
1196 4482 1241 4536 si
1272 4483 1622 4546 converteris,
1655 4481 1874 4536 habebis
1903 4498 1986 4536 re—
2016 4470 2061 4528 Ι)
2092 4470 2300 4530 nuntiat
2326 4479 2634 4532 bumilietur
2662 4478 2729 4532 ab
2766 4478 2872 4532 illis
2901 4482 2988 4548 qui
3042 4470 3411 4549 contradicunt
3441 4482 3672 4549 veritati,

408 4557 606 4620 quiem,
642 4554 693 4607 id
718 4565 822 4619 est,
847 4554 981 4609 bene
1004 4554 1160 4608 faciet
1182 4553 1269 4607 tibi
1301 4552 1571 4614 Dominus,
1592 4552 1709 4619 quia
1728 4551 1836 4621 jam
1866 4553 1986 4607 bene

408 4624 523 4689 fecit
547 4624 634 4677 tibi
665 4625 717 4678 in
750 4627 871 4689 hoc,
903 4626 1124 4686 scilicet,
1157 4623 1275 4691 quia
1320 4623 1424 4692 iam
1467 4624 1652 4685 eripuit
1684 4634 1735 4675 te
1762 4624 1985 4676 animum

410 4710 573 4746 meam
595 4695 658 4747 de
686 4705 864 4760 morte,
897 4706 1000 4748 tam
1030 4694 1314 4747 actualium
1340 4706 1498 4759 quam
1540 4693 1902 4759 originalium;
1935 4703 1987 4748 et

407 4764 528 4817 ideo
574 4776 748 4818 certus
776 4779 893 4818 sum
926 4764 1048 4833 quia
1082 4763 1292 4833 tandem
1335 4762 1527 4829 eripiet
1553 4762 1739 4816 oculos
1785 4777 1932 4833 meos
1955 4779 1985 4818 a

408 4833 658 4904 lacrymis
687 4832 956 4889 omnibus.
982 4834 1113 4900 Quia
1141 4832 1387 4902 absterget
1415 4832 1570 4904 Deus
1599 4849 1797 4904 omnem
1828 4832 1990 4902 lacry-

406 4902 541 4956 mam
570 4905 631 4957 ab
649 4906 807 4958 oculis
830 4921 1025 4959 eorum.
1042 4904 1221 4956 Nullus
1242 4907 1381 4956 enim
1412 4903 1480 4956 ibi
1515 4902 1686 4965 ﬂetus,
1704 4903 1790 4956 ubi
1815 4905 1987 4958 nullus

413 4976 613 5040 lapsus.
660 4975 734 5028 lbi
780 4975 958 5029 nullus
985 4977 1087 5030 erit
1113 4976 1307 5042 lapsus,
1340 4974 1424 5027 ubi
1452 4973 1552 5026 erit
1595 4974 1993 5041 incorruptibile

406 5059 621 5112 corpus.
657 5045 721 5098 Et
761 5048 955 5112 eripiet
982 5046 1131 5114 pedes
1175 5060 1334 5108 meos,
1367 5044 1416 5095 id
1458 5052 1559 5114 est,
1609 5059 1796 5097 omnes
1825 5042 1985 5097 aﬂec-

408 5116 582 5168 tiones
632 5131 778 5169 meas
829 5116 891 5169 ab
939 5112 1084 5169 omni
1138 5113 1305 5184 lapsu.
1360 5112 1543 5168 Nullus
1581 5114 1721 5165 enim
1761 5114 1863 5168 erit
1922 5114 1992 5167 ibi

409 5184 590 5255 lapsus
634 5187 859 5255 pedum,
905 5188 993 5241 tibi
1042 5184 1266 5239 iulirma:
1317 5184 1464 5238 carui
1515 5185 1719 5237 nullum
1773 5186 1876 5239 erit
1924 5186 1996 5239 lu-

407 5254 633 5309 bricum.

489 5323 726 5397 Placebo.
752 5327 815 5381 Et
836 5327 957 5395 quia
982 5325 1143 5397 pedes
1174 5326 1277 5381 mei
1307 5342 1332 5377 a
1362 5328 1508 5395 lapsu
1535 5325 1989 5393 eripietttur,ergo

410 5396 619 5462 placebo
642 5396 881 5459 Domino,
914 5400 1115 5466 positus
1146 5400 1198 5451 in
1241 5399 1446 5465 regione
1468 5398 1707 5455 vivorum,
1740 5397 1825 5462 qui
1851 5412 1990 5450 nunc

408 5466 459 5520 ei
490 5467 746 5534 displiceo
778 5468 828 5522 in
857 5474 1073 5536 regione
1104 5479 1453 5521 mortuorum.
1481 5467 1539 5522 Si
1562 5468 1693 5520 enim
1715 5468 1990 5520 dixerimus

406 5537 529 5605 quia
555 5549 812 5606 peccatum
839 5556 938 5591 non
965 5538 1227 5603 habemus,
1285 5554 1375 5590 nos
1417 5539 1554 5607 ipsos
1594 5538 1899 5602 seducimus,
1944 5549 1991 5591 et

409 5609 590 5680 veritas
616 5608 668 5660 in
696 5610 836 5663 nobis
861 5625 966 5680 non
986 5619 1078 5663 est.
1107 5609 1172 5662 Et
1202 5609 1437 5680 quisquis
1466 5610 1661 5664 labitur
1690 5609 1773 5665 vel
1797 5610 1992 5680 cogita-

412 5679 575 5746 tione,
608 5679 907 5737 necessario
937 5682 1159 5736 Domino
1189 5679 1453 5748 displicet.

2094 4549 2205 4612 ipsa
2236 4562 2360 4600 vero
2383 4550 2575 4601 veritas
2590 4563 2693 4601 non
2715 4547 3043 4603 liumiliatur.
3061 4547 3213 4604 Unde
3234 4547 3673 4616 Apostolus,cum

2094 4618 2160 4669 de
2190 4617 2301 4669 suis
2324 4618 2545 4691 vinculis
2572 4618 3111 4691 loqueretur,inqtiit:
3142 4619 3225 4672 Me
3242 4621 3444 4688 quidem
3462 4623 3675 4691 alligare

2092 4697 2386 4761 potuerunt,
2412 4690 2627 4761 verbum
2642 4699 2811 4761 autem
2848 4689 3056 4742 homini
3078 4706 3175 4743 non
3205 4700 3275 4743 est
3289 4689 3584 4761 alligatum.
3612 4694 3676 4748 Et

2093 4756 2213 4810 ideo
2240 4771 2426 4810 servus
2452 4761 2549 4811 iste
2579 4757 2738 4810 dicit:
2763 4757 2874 4826 Ego
2903 4775 3006 4813 non
3037 4762 3253 4821 veritas,
3283 4756 3540 4826 ipse'sum
3575 4763 3675 4818 hu-

2096 4827 2344 4880 miliatus:
2367 4843 2703 4894 persequere,
2719 4841 2773 4881 et
2793 4831 2907 4882 dic:
2933 4829 3249 4883 llumiliatus
3269 4831 3378 4883 dixi
3399 4833 3451 4884 in
3468 4848 3675 4887 excessu

2095 4913 2223 4949 meo.
2256 4898 2385 4971 Ego,
2404 4900 2585 4971 insiste
2612 4902 2932 4971 pronomini.
2952 4901 3050 4954 Per
3066 4901 3175 4968 Ego
3198 4902 3342 4957 enim
3371 4915 3515 4956 notat
3533 4906 3674 4971 quod

2092 4966 2318 5041 attendit
2342 4967 2698 5041 inﬁrmitatem
2731 4970 3035 5041 humanam,
3054 4966 3173 5039 quia
3196 4974 3341 5039 prius
3364 4975 3428 5029 de
3458 4988 3515 5026 se
3538 4966 3673 5041 quo-

2095 5038 2238 5111 dam_
2266 5037 2424 5111 modo
2457 5042 2792 5111 praesumpsit
2836 5037 3099 5111 loquendo
3126 5037 3267 5111 quod
3298 5037 3675 5108 credidit,'sed

2096 5107 2490 5179 imminentibus
2534 5107 2879 5179 minisatque
2906 5107 3166 5179 pressuris
3211 5112 3424 5176 timens,
3460 5115 3570 5167 fere
3596 5122 3676 5166 ta-

2094 5179 2205 5251 cuit
2249 5177 2387 5251 quod
2428 5178 2668 5251 credidit.
2706 5180 2769 5234 Et
2793 5177 2928 5235 ideo
2968 5182 3123 5236 dicit:
3162 5184 3292 5251 Ego,
3327 5185 3552 5248 scilicet,
3595 5184 3675 5236 in-

2099 5249 2342 5321 telligens
2375 5248 2733 5321 infirmitatem
2767 5267 2935 5305 meam
2965 5270 3016 5305 in
3045 5248 3373 5321 excess-mimi
3399 5256 3451 5308 in
3485 5256 3676 5309 timore

2099 5335 2211 5371 mea
2231 5320 2339 5373 dixi
2360 5333 2377 5369 :
2411 5319 2586 5371 Omnis
2609 5318 2760 5373 homo
2790 5324 3026 5377 mendax.
3063 5325 3172 5378 lloc
3195 5337 3273 5378 e51
3296 5318 3316 5377 :-
3339 5325 3449 5378 Non
3473 5335 3556 5379 est
3573 5326 3672 5380 sibi

2100 5391 2300 5443 homini
2322 5390 2387 5443 de
2413 5405 2469 5443 se
2500 5393 2948 5457 prtesumendum,
2983 5410 3080 5449 nec
3106 5395 3171 5449 de
3197 5409 3254 5447 se
3273 5397 3672 5460 conﬁdendum,

2098 5460 2219 5531 quia
2248 5460 2419 5531 omnis
2446 5463 2605 5513 homo
2634 5463 2685 5514 in
2715 5476 2964 5529 quantum
2998 5468 3155 5517 homo
3183 5475 3284 5531 est,
3314 5468 3357 5520 si
3398 5469 3465 5521 de
3491 5483 3548 5521 se
3577 5469 3674 5521 ali-

2098 5530 2225 5599 quid
2247 5530 2526 5598 promittit,
2542 5534 2765 5585 mendax
2783 5548 2883 5595 est,
2907 5537 3041 5589 licus
3057 5544 3232 5587 autem
3263 5551 3416 5591 verax
3450 5548 3549 5591 est.
3570 5539 3674 5590 Cu-

2095 5602 2181 5670 jus
2207 5606 2378 5670 gratia
2404 5601 2525 5654 facit
2548 5603 2690 5656 illum
2715 5605 2801 5671 qui
2835 5621 2925 5672 per
2954 5621 3013 5660 se
3041 5608 3264 5659 mendax
3292 5619 3369 5661 est
3403 5624 3674 5673 veracem,

2102 5688 2151 5724 tu
2179 5681 2431 5739 quantum
2462 5688 2520 5725 se
2546 5673 2755 5739 subjicit
2783 5679 2984 5729 veritati
3018 5677 3155 5730 illius
3175 5681 3259 5743 qui
3283 5690 3502 5738 suscitat
3532 5697 3674 5734 mor-

2103 5754 2243 5812 tuos,
2283 5743 2371 5814 qui
2404 5746 2607 5814 linguas
2646 5745 2923 5802 inl‘antium
2964 5749 3085 5803 facit
3115 5749 3360 5817 disertus,
3391 5762 3443 5807 ct
3468 5754 3555 5820 qui
3580 5753 3677 5805 hu-
