4026 6200
344 242 478 295 iﬁi'i

819 241 1021 297 BEDIE
1069 243 1515 300 VENERABILIS
1556 245 1706 332 OPP‘.
1754 242 1926 300 PARS
1966 241 2025 296 ll.
2069 242 2258 300 SECT.
2304 245 2363 302 ΙΙ.
2409 277 2474 288 —-
2515 245 2717 303 DUBIA
2762 247 2848 303 ET
2889 247 3153 305 SPURIA.

3476 249 3618 306 IUL-8

341 360 496 434 n'iles
525 355 851 434 consolatur,
879 356 1122 434 impletis
1150 373 1242 434 eos
1281 372 1383 411 non
1415 367 1616 434 tantum
1662 359 1767 434 ﬁde
1807 371 1922 434 crc-
1955 358 1999 414 A
2032 358 2202 412 solum
2226 358 2530 434 deAJudait-o
2562 361 2775 428 populo,
2810 362 2902 417 sed
2934 371 2988 418 et
3011 378 3196 418 omnes
3222 371 3408 434 gentes
3434 375 3617 418 etmn-

341 431 472 483 dere
488 429 746 488 veritatis,
762 427 852 480 sed
878 430 1035 480 etiam
1057 427 1245 480 ﬁducia
1268 430 1643 483 anmuniandze
1661 429 1918 483 veritatis.

350 501 441 553 Vel
463 500 580 566 quia
612 499 852 553 excelsus
875 499 1129 565 accipitur
1154 499 1416 552 interdum
1447 501 1605 554 etiam
1639 517 1731 568 pro
1751 501 1925 552 divina

343 570 669 625 revelatione
699 608 714 632 ,
768 579 938 632 potest
985 569 1085 621 hoc
1130 585 1338 638 quoque
1396 571 1471 622 sic
1523 572 1624 625 dici
1669 571 1827 636 :Ego
1873 571 1926 621 in

343 655 703 703 excessurum,
729 639 903 701 idest,
936 641 1296 693 nlteriorando
1339 655 1366 693 a
1399 656 1484 694 me
1521 641 1735 694 homine
1762 640 1812 692 in
1844 654 1928 692 me

345 711 532 770 Deum,
561 709 709 776 juxta
751 709 888 776 quod
938 711 1193 762 Dominus
1240 712 1501 776 promisit,
1547 713 1760 776 dicens:
1816 709 1929 776 Ego

344 783 476 844 dixi,
509 773 579 832 dii
609 780 746 842 estis,
767 773 812 833 et
837 781 932 846 ﬁlii
957 780 1141 834 excelsi
1172 773 1361 845 omnes,
1393 773 1626 835 intelldxi
1654 783 1703 835 in
1736 797 1796 837 ea
1816 773 1929 833 cla-

344 855 522 912 ritate,
554 861 603 902 et
635 851 766 913 dixi,
791 850 930 916 quod
959 850 1131 903 omnis
1165 850 1322 904 homo
1352 867 1443 918 per
1472 867 1531 904 se
1572 863 1650 904 est
1682 850 1926 904 mendax.

420 922 556 984 Quid
586 922 858 974 retribuam
882 919 1104 974 Domino
1127 921 1527 976 lConsiderans
1548 923 1646 976 iSIe
1677 922 1797 989 quia
1838 936 1933 989 per

346 1008 406 1047 so
432 1004 511 1046 est
538 1001 739 1046 tantum
773 992 1022 1052 mendax,
1041 1007 1132 1058 per
1161 995 1378 1057 gratiam
1409 1002 1583 1046 autem
1613 993 1818 1046 Domini
1845 1007 1932 1043 ve-

346 1078 463 1128 rax,
493 1063 648 1116 dicit:
712 1063 846 1128 Quid
891 1063 1213 1132 condignum
1253 1063 1527 1115 retribuam
1571 1063 1791 1117 Domino
1827 1079 1932 1116 nun

347 1143 552 1186 tantum
576 1149 669 1199 pro
685 1133 780 1186 hac
805 1133 1045 1197 veritate,
1063 1133 1154 1186 sed
1188 1149 1280 1198 pro
1311 1135 1540 1187 omnibus
1569 1151 1680 1202 qute
1699 1135 1935 1186 retribuit

346 1205 472 1258 mihi
491 1205 513 1256 ?
530 1203 735 1258 Trihuil
753 1206 895 1258 enim
920 1205 1062 1262 prius
1087 1203 1213 1256 mibi
1239 1205 1510 1272 bona,ego
1525 1204 1737 1258 retribui
1761 1205 1930 1266 mala;

351 1275 465 1340 ipse
488 1285 664 1329 autem
693 1291 783 1342 pro
811 1274 960 1328 malis
994 1273 1238 1329 retribuit
1279 1275 1408 1328 mihi
1441 1277 1599 1329 bona.
1640 1274 1781 1340 Quas
1807 1289 1935 1343 ergo

350 1345 704 1414 laudes,quas
733 1345 1016 1411 gratiarum
1048 1345 1285 1398 actiones
1314 1346 1600 1399 retribuam
1628 1346 1716 1399 ei?
1743 1345 1935 1412 Utique

349 1416 594 1484 accipiant
626 1416 831 1468 calcem
862 1417 1128 1481 salutaris,
1154 1416 1203 1468 id
1222 1425 1324 1479 est,
1351 1417 1647 1480 paSsioncm
1671 1415 1786 1483 ejus
1814 1416 1934 1468 imi-

355 1486 528 1538 tabor.
573 1485 754 1540 Ρυιεει
786 1488 906 1539 huic
937 1486 1094 1554 obiici
1133 1487 1218 1540 :0
1269 1487 1426 1540 homo
1478 1488 1527 1540 in
1573 1495 1792 1555 peccato
1845 1496 1936 1539 tuo

353 1558 603 1617 mendax,
648 1559 788 1609 dono
850 1558 940 1610 Dei
978 1571 1160 1622 verax,
1205 1569 1251 1611 et
1286 1555 1407 1612 ideo
1451 1573 1552 1611 non
1573 1559 1681 1625 jam
1713 1556 1934 1623 simplex

357 1628 537 1697 homo,
588 1628 711 1696 quid
757 1643 785 1681 a
845 1639 894 1681 te
955 1628 1118 1682 habes
1171 1628 1310 1697 quod
1363 1627 1589 1682 Domino
1639 1627 1935 1681 rctrihuas?

2031 445 2126 484 nes
2160 431 2334 509 populi
2357 431 2454 509 ,μιᾳ
2500 441 2612 509 est,
2644 433 2944 509 quicunque
2970 437 3036 489 de
3081 431 3315 504 qualibet
3344 448 3501 509 gente
3533 435 3617 490 vel

2031 503 2224 570 populo
2255 517 2348 571 per
2378 502 2532 556 ﬁdem
2557 503 2733 556 clomi.

2509 594 2571 648 IN
2599 594 2916 651 l‘SALMUM
2949 597 3130 652 CXVI.

2686 687 2934 741 Alleluia.

2640 795 3021 834 ARGUDIENTUM.

2105 868 2497 927 Convalescens
2525 871 2590 926 de
2623 872 2928 926 inﬁrmitate
2974 874 3255 938 Ezechias,
3309 890 3411 929 non
3441 876 3615 930 solum

2035 940 2270 998 .Inda-os.
2302 944 2393 996 sed
2425 945 2581 997 etiam
2613 958 2799 997 omnes
2828 953 3014 1011 gentes
3047 948 3110 997 ad
3135 946 3453 999 laudandum
3486 961 3618 1000 con-

2034 1022 2191 1066 vocat
2225 1013 2524 1077 Dominum,
2559 1023 2616 1066 ut
2639 1029 2756 1082 qua:
2779 1029 2972 1066 novum
2996 1015 3063 1069 de
3097 1032 3314 1071 recursu
3342 1019 3472 1070 solis
3501 1029 3618 1068 Stu-

2039 1094 2262 1146 puerunt
2295 1095 2596 1151 portentum
2626 1127 2640 1149 ,
2690 1083 2967 1137 Dominum
3000 1101 3179 1140 verum
3215 1090 3345 1140 tanti
3374 1088 3618 1140 miraculi

2037 1166 2362 1208 venerentur
2390 1164 2680 1209 auctorem.
2713 1153 2882 1207 Aliter
2914 1171 3011 1210 vox
3036 1160 3418 1225 apostolorum.

2639 1261 2988 1300 EXPLANATIO.

2113 1339 2318 1392 Duobus
2343 1339 2546 1407 quidem
2573 1339 2749 1402 verbis,
2783 1340 2870 1393 sed
2899 1341 3159 1410 plenarius
3180 1341 3312 1394 tituli
3343 1342 3506 1394 honor
3529 1358 3625 1410 ap-

2039 1411 2264 1475 poaitur,
2317 1422 2370 1462 ut
2412 1411 2798 1478 intelligamus,
2850 1412 3077 1476 quamvis
3121 1429 3286 1480 pauca
3310 1414 3362 1464 in
3410 1411 3623 1463 Domini

2037 1481 2313 1544 laudibus,
2361 1498 2558 1546 semper
2581 1497 2689 1534 esse
2732 1482 3046 1549 plenissima.
3111 1482 3177 1534 Et
3217 1485 3373 1534 istum
3420 1498 3621 1548 quoque

2039 1551 2305 1603 Psalmttm
2331 1553 2398 1603 ad
2429 1567 2696 1617 personam
2727 1562 3010 1621 martyrum
3041 1552 3276 1606 debemus
3303 1567 3506 1622 aptare,
3531 1553 3624 1620 qui

2039 1623 2184 1686 quasi
2207 1623 2318 1689 jam
2357 1622 2580 1690 gloriosa
2610 1623 2840 1686 passione
2867 1624 3122 1692 perfuncti
3151 1639 3324 1676 omnes
3354 1633 3524 1692 gentes
3555 1623 3624 1673 ad

358 1695 496 1763 Quid
512 1692 643 1751 enim
663 1698 815 1774 habes
843 1700 976 1764 quod
1004 1715 1100 1751 non
1124 1692 1212 1752 acc
1233 1699 1606 1762 ·ῃεγὶδῩΝωηιιθ
1635 1709 1688 1750 ιιι
1707 1699 1933 1774 ρῃιίρειῃ
1973 1715 2014 1774 Β
2046 1692 2251 1774 Domini
2273 1695 2447 1774 laudes
2487 1696 2737 1774 recitent;
2767 1694 2853 1760 qui
2895 1695 3020 1746 talia
3044 1695 3276 1774 praestitit
3309 1695 3466 1747 seruis
3491 1694 3620 1758 suis,

354 1769 604 1823 salutaris
646 1767 910 1837 accipias?
951 1771 1032 1824 Ah
1073 1769 1159 1821 illo
1189 1771 1349 1822 habes
1380 1771 1466 1836 qui
1497 1769 1654 1821 dixit:
1699 1768 1939 1822 Poteritis

355 1838 522 1891 bibere
551 1841 757 1892 calicem
783 1856 931 1906 quem
952 1856 1042 1905 eqo
1065 1839 1313 1890 bibiturus
1343 1855 1454 1891 sum
1476 1841 1498 1892 ?
1522 1840 1706 1893 Nonne
1737 1848 1794 1892 ut
1823 1853 1940 1906 pas-

356 1909 560 1962 sionem
590 1911 706 1975 ejus
737 1911 997 1963 imiteris?
1026 1911 1106 1962 Ah
1135 1907 1222 1961 illo
1268 1909 1429 1960 [tabes
1460 1910 1548 1977 qui
1580 1910 1721 1971 prior
1753 1923 1940 1976 paSSIIs

356 1988 458 2031 est.
481 1981 675 2032 Contra
711 1981 865 2032 talum
897 1980 1252 2049 olijectioucm
1285 1979 1490 2032 subdit:
1538 1979 1600 2031 Et
1629 1996 1809 2032 nomen
1841 1979 1944 2032 Do-

358 2051 483 2102 mini
510 2051 772 2103 invocabo.
805 2051 952 2116 Quod
986 2059 1066 2102 cst
1095 2049 1300 2103 dicere:
1333 2049 1459 2103 Dico
1487 2065 1570 2104 me
1600 2051 1820 2104 calicem
1853 2064 1946 2103 ac-

357 2134 672 2187 cepturum,
701 2130 755 2175 et
791 2130 845 2173 ut
896 2121 1177 2190 accipiam,
1221 2135 1324 2172 non
1362 2136 1454 2188 per
1493 2135 1576 2174 me
1609 2120 1797 2182 habeo,
1850 2121 1941 2172 sed

359 2190 618 2245 invocabo
646 2205 841 2246 nomen
872 2191 1162 2254 Domini,id
1195 2200 1297 2253 est,
1320 2192 1368 2242 in
1403 2206 1486 2244 me
1515 2193 1733 2256 vocabo,
1757 2191 1806 2242 id
1839 2200 1942 2256 est,

359 2260 606 2315 idoneum
637 2277 850 2317 servum
892 2277 955 2316 ex
1001 2263 1100 2314 hoc
1122 2262 1207 2313 do.
1239 2262 1476 2322 Qualiter
1520 2273 1695 2314 autem
1723 2259 1942 2314 calicem

359 2332 604 2397 accipiat,
635 2333 891 2398 ostendit,
925 2334 1144 2386 dicens:
1177 2330 1408 2383 Reddam
1447 2331 1663 2384 Domino
1690 2341 1823 2395 vota,
1840 2347 1942 2385 non

361 2404 753 2466 exteriora,sed
788 2419 898 2456 mea
926 2419 1042 2466 quae
1074 2403 1123 2456 in
1149 2418 1232 2454 me
1252 2414 1391 2455 sunt.
1415 2402 1522 2454 lloc
1548 2401 1942 2469 est,meipsum

360 2471 581 2526 oﬁ‘eram
630 2473 875 2527 Domino.
924 2472 1171 2538 Quisquis
1213 2474 1354 2526 enim
1407 2474 1604 2540 cog‘tat
1628 2472 1753 2539 quid
1787 2473 1946 2538 digne

361 2554 549 2595 voveat
593 2542 719 2605 Deo,
752 2559 809 2595 se
841 2544 1014 2608 ipsum
1055 2551 1243 2596 voveat
1287 2545 1415 2605 Deo,
1445 2555 1502 2592 se
1530 2541 1700 2607 ipsum
1735 2541 1941 2608 offerat,

364 2614 467 2666 hoc
496 2614 634 2665 enim
665 2614 914 2681 exigitur,
931 2613 1031 2666 hoc
1059 2613 1299 2667 debetur.
1326 2613 1391 2665 Et
1421 2611 1636 2665 oﬁ'eram
1669 2627 1752 2664 me
1773 2627 1946 2665 coram

364 2684 504 2735 omni
533 2685 721 2753 papula
745 2686 877 2753 ejus,
908 2684 956 2737 id
987 2690 1089 2748 est,
1120 2684 1170 2737 in
1213 2697 1273 2736 ea
1309 2683 1432 2744 lide,
1464 2697 1562 2750 qua
1592 2685 1948 2753 communiter

364 2763 572 2806 tenclttt‘
602 2752 789 2808 omnis
829 2754 1054 2822 populus
1106 2755 1239 2821 ejus.
1284 2753 1396 2807 Hoc
1435 2761 1535 2817 est,
1585 2753 1637 2806 in
1686 2752 1946 2807 catholica

363 2825 762 2895 communione,
786 2835 933 2879 extra
953 2839 1108 2895 quam
1129 2839 1232 2880 non
1261 2836 1340 2878 est
1362 2825 1470 2877 veri
1500 2822 1745 2876 sacriﬁcii
1775 2823 1944 2878 locus.

363 2894 645 2954 Sequitur:

438 2961 671 3016 Pretiosa
704 2965 757 3016 in
785 2973 1058 3033 conspectu
1093 2962 1318 3018 Domini.
1351 2962 1513 3029 Quasi
1547 2963 1725 3018 dicat:
1759 2963 1945 3018 Merito

365 3033 573 3086 calicem
603 3035 855 3104 salutaris
896 3035 1163 3103 accipiam,
1197 3033 1318 3104 quia
1348 3033 1604 3087 Dominus
1639 3035 1768 3087 emit
1797 3049 1826 3086 a
1859 3050 1943 3089 nte

368 3105 507 3158 hunc
535 3103 774 3158 calicem.
814 3105 1052 3172 Namque
1083 3103 1225 3157 mors
1261 3120 1376 3158 mea
1409 3114 1462 3158 et
1491 3104 1715 3158 aliorum
1739 3114 1943 3157 sancto-

364 3189 480 3226 rum
501 3175 608 3243 ejus
635 3173 793 3240 facta,
825 3189 928 3228 non
963 3176 1014 3228 in
1046 3185 1260 3243 aspectu
1289 3175 1586 3240 hominum,
1629 3177 1721 3228 sed
1745 3175 1808 3228 ad
1843 3175 1945 3229 Do-

369 3245 495 3298 mini
523 3254 866 3312 conspectum
896 3259 977 3298 est
1003 3245 1245 3315 pretiosa,
1302 3246 1351 3299 id
1401 3257 1504 3311 εει,
1558 3259 1748 3313 magno
1778 3249 1947 3311 pretio

367 3324 544 3382 empta
599 3316 666 3368 ab
720 3316 837 3384 ipso
871 3314 1118 3370 Domino.
1151 3315 1299 3369 Prior
1325 3315 1466 3370 enim
1497 3317 1610 3383 ipse
1636 3314 1944 3383 sanguinem

367 3399 520 3437 suum
554 3383 685 3438 fudit
717 3383 811 3454 pro
837 3386 1003 3440 salute
1023 3399 1327 3448 servorum,
1355 3395 1412 3440 ut
1437 3386 1576 3440 servi
1607 3401 1709 3440 non
1731 3385 1946 3440 dubita-

367 3464 489 3508 rent
509 3455 778 3526 effundere
803 3456 1113 3526 sanguinem
1142 3471 1296 3510 suum
1327 3471 1421 3524 pro
1460 3459 1672 3510 nomine
1713 3456 1846 3525 ejus.
1881 3456 1948 3511 Et

367 3526 489 3591 quia
541 3527 712 3596 (quasi
744 3525 906 3595 dicat)
932 3535 1101 3581 morte
1149 3536 1234 3579 tua
1265 3526 1441 3581 emisti
1489 3542 1662 3580 meam
1696 3536 1944 3592 mortem,

370 3596 515 3659 ideo,
544 3611 576 3649 ο
607 3597 848 3660 Domine,
879 3596 1180 3664 sacrificabo
1212 3597 1297 3650 tibi
1326 3598 1544 3650 hostiam
1566 3597 1756 3660 laudis,
1775 3597 1826 3649 id
1846 3606 1946 3660 est,

369 3665 588 3720 oﬁ'eram
615 3667 708 3720 tibi
737 3681 821 3721 me
853 3668 1022 3734 ipsum
1049 3667 1365 3720 laudabilem
1388 3667 1634 3720 hostiam.
1671 3668 1731 3720 Et
1757 3669 1948 3721 merito

371 3751 502 3790 voco
531 3747 582 3791 te
609 3737 910 3801 Dominum,
926 3739 1042 3806 quia
1062 3753 1178 3791 sum
1195 3754 1365 3791 servus
1385 3747 1501 3790 tuus
1524 3738 1818 3805 emptitins.
1841 3738 1950 3806 Ego

369 3810 526 3860 etiam
554 3823 721 3861 set‘t'us
744 3817 859 3860 tuus
883 3808 1296 3877 naturalis,quia
1325 3823 1441 3861 sum
1457 3808 1596 3876 ﬁlius
1611 3807 1948 3872 ancillwtute,

376 3878 476 3930 hoc
504 3878 624 3932 ideo
665 3878 832 3944 addit,
861 3880 982 3946 quia
1031 3881 1180 3932 multi
1210 3887 1334 3932 sunt
1360 3878 1474 3946 ejus
1525 3877 1687 3943 servi,
1731 3883 1814 3947 qui
1845 3895 1948 3932 non

372 3959 492 4000 sunt
524 3949 750 4010 ancillae,
784 3950 833 4001 id
868 3958 968 4014 est,
1005 3947 1259 4003 Ecclesiae
1286 3949 1402 4014 ίὶΙὶι,
1427 3949 1563 4003 sicut
1589 3964 1775 4004 omnes
1803 3950 1948 4004 schi-

371 4017 576 4070 smatici
607 4027 656 4071 et
687 4033 874 4073 omnes
906 4019 1160 4073 haeretici.

446 4086 726 4153 Disrupisti
753 4089 1127 4144 rincnta.‘ierc
1149 4104 1265 4143 sum
1296 4103 1480 4144 servus
1511 4101 1631 4143 ttms
1661 4088 1949 4156 emptitius,

373 4159 496 4226 quia
527 4167 581 4229 tu
615 4157 876 4229 disrupisti
901 4157 1104 4212 vincula
1135 4176 1266 4223 mea,
1299 4160 1492 4227 quibus
1519 4161 1794 4214 detinebar
1824 4161 1953 4229 liga-

377 4239 460 4280 tus
489 4228 588 4280 sub
613 4226 740 4296 jugo
763 4227 972 4292 alienae,
999 4229 1047 4280 id
1083 4239 1186 4297 est,
1215 4226 1490 4283 diabolica:
1517 4232 1812 4295 potestatis.
1847 4226 1954 4284 Do-

375 4297 501 4350 mini
521 4299 674 4371 en_im,
701 4307 757 4352 ut
786 4299 858 4371 ait
881 4299 1187 4371 Apostolus,
1218 4300 1496 4371 venundati
1515 4300 1605 4353 sub
1629 4311 1831 4364 peccato
1850 4302 1953 4371 [ui-

375 4383 508 4440 mus.
568 4368 631 4422 Et
659 4371 778 4438 quia
813 4370 984 4440 (quasi
1031 4369 1192 4440 dicat)
1221 4371 1288 4424 de
1325 4369 1549 4440 vinculis
1579 4385 1662 4440 me
1702 4368 1951 4436 eduxisti,

2045 1774 2100 1815 ut
2135 1765 2248 1833 ipsi.
2275 1779 2298 1815 s
2328 1764 2499 1833 potius
2529 1765 2870 1816 imbuerentur
2900 1762 3164 1834 exemplis.

2628 1868 3051 1909 COMMENTARIUS.

2118 1947 2348 2000 Laudate
2380 1946 2674 2002 Dominum.
2724 1947 2824 1999 Per
2853 1947 2986 1999 bona
3018 1962 3180 2013 opera
3209 1960 3396 2000 omnes
3441 1955 3628 2014 gentes

2045 2028 2096 2072 et
2127 2033 2316 2070 omnes
2347 2019 2549 2087 populi.
2605 2018 2665 2070 Et
2695 2017 2894 2084 justum
2929 2017 3100 2085 (quasi
3123 2019 3284 2083 dicat)
3310 2027 3393 2070 est
3422 2027 3480 2070 ut
3505 2033 3627 2069 eum

2047 2087 2304 2150 laudetis,
2353 2088 2594 2155 quoniam
2625 2087 2974 2140 misericordia
3013 2091 3126 2157 ejus
3162 2089 3422 2140 inlirmata
3453 2098 3533 2140 est
3574 2089 3629 2140 in

2048 2159 2139 2212 illo
2168 2157 2330 2225 priori
2383 2158 2578 2224 popqu
2624 2173 2717 2225 per
2756 2159 3058 2225 superbiam
3099 2159 3214 2222 ejus
3241 2199 3258 2222 ,
3316 2159 3625 2224 conﬁrmata

2047 2245 2201 2295 super
2227 2245 2318 2280 nos
2349 2243 2439 2292 per
2470 2229 2693 2298 gratiam
2728 2229 2986 2294 vocando,
3012 2229 3372 2294 justiticando,
3407 2240 3628 2296 peccata

2049 2297 2387 2353 ditnitlendo.
2415 2297 2506 2351 vet
2539 2298 2888 2351 misericordia
2913 2300 3022 2366 ejus
3046 2299 3312 2352 inﬁrmata
3338 2313 3430 2365 per
3460 2301 3632 2351 homi-

2050 2386 2168 2423 nem
2205 2369 2428 2435 primtnn
2463 2369 2761 2434 conﬁrmata
2781 2377 2856 2420 est
2895 2385 3047 2435 super
3071 2385 3161 2422 nos
3190 2383 3284 2435 per
3311 2369 3627 2423 secundum.

2053 2441 2114 2493 Et
2146 2441 2266 2493 ideo
2298 2439 2590 2492 laudandus
2615 2448 2695 2492 cst
2725 2438 2996 2500 Dominus,
3027 2441 3275 2508 quoniam
3307 2440 3492 2493 veritas
3523 2439 3635 2492 Do-

2053 2511 2210 2572 mini,
2262 2520 2314 2562 et
2345 2510 2395 2561 in
2440 2509 2842 2564 rcunmerandis
2881 2509 3038 2579 jusus
3064 2549 3078 2576 ,
3136 2520 3190 2564 et
3222 2510 3275 2564 in
3317 2510 3635 2564 damnandis

2051 2581 2222 2645 malis,
2256 2589 2422 2633 manet
2449 2579 2501 2632 in
2529 2593 2797 2633 teternum.

2513 2669 2576 2724 IN
2618 2670 2945 2726 PSALMUM
2980 2669 3182 2726 CXV".

2711 2760 2958 2818 Alleluia.

2653 2869 3030 2910 Αιιευιιειετωι.

2125 2949 2419 3022 “eductum
2451 2951 2518 3003 de
2550 2949 2822 3020 Babylone
2850 2951 3102 3020 populum
3131 2966 3158 3004 a
3189 2951 3430 3007 ﬁnitimis
3458 2955 3635 3022 genti-

2053 3020 2155 3073 bus
2183 3021 2410 3089 opprimi
2447 3034 2548 3074 non
2579 3022 2814 3090 potuisse
2847 3029 3085 3085 testatur,
3117 3032 3275 3090 atquc
3305 3025 3368 3077 ad
3413 3020 3636 3079 laudan-

1975 3069 2018 3130 Ο
2054 3091 2179 3143 dum
2204 3069 2377 3165 illirium
2410 3105 2467 3143 se
2498 3069 3094 3165 mortuo‘coltortantium
3118 3069 3636 3165 sclieniaucoinpoiii-

2053 3169 2158 3216 tur.
2189 3161 2354 3214 Aliter
2385 3175 2486 3214 vox
2515 3159 2707 3214 Christi
2731 3161 2798 3214 de
2819 3175 2878 3214 se
2900 3161 3140 3216 dicentis.

2650 3267 3002 3308 EXPLANATIO.

2124 3343 2225 3397 Hic
2249 3343 2699 3415 psalmusrprimus
2724 3353 2942 3412 quatuor
2967 3360 3138 3399 rcrsus
3166 3349 3277 3407 pari
3302 3348 3402 3415 ﬁne
3431 3350 3640 3402 conclu-

2050 3415 2134 3477 sit,
2170 3424 2227 3466 ut
2260 3413 2562 3483 Et'angelico
2589 3429 2795 3466 numero
2825 3426 2985 3468 totum
3014 3417 3257 3468 mundum
3287 3413 3377 3469 nui
3418 3417 3638 3472 Domino

2056 3484 2232 3537 laudes
2261 3484 2438 3558 debere
2465 3484 2707 3558 reddere
2735 3485 3092 3540 adhortatione
3129 3489 3447 3558 quadrifaria
3496 3506 3639 3542 com-

2051 3565 2336 3608 moneretur
2353 3553 2520 3619 ﬁdelis
2550 3553 2767 3620 papulas
2780 3567 3098 3622 peccatorum
3122 3553 3331 3611 nexibus
3352 3559 3634 3615 absolutus.

2053 3623 2118 3676 In
2150 3626 2314 3689 prima
2343 3626 2562 3676 sectione
2588 3625 2889 3692 generaliter
2915 3628 3151 3678 hnrlttlttt’
3193 3645 3362 3681 omnes
3419 3629 3638 3683 Domino

2051 3696 2303 3760 conﬁteri,
2331 3695 2450 3759 quia
2476 3695 2527 3747 in
2556 3695 2963 3749 tribulationibus
2991 3697 3262 3750 exauditus
3281 3705 3522 3760 comperit
3547 3701 3641 3752 Ita-

2052 3766 2238 3818 minem
2268 3781 2368 3817 non
2396 3781 2502 3818 esse
2529 3764 2824 3819 timendum.
2870 3767 3110 3820 Secunda
3137 3770 3191 3820 in
3233 3770 3343 3822 solo
3370 3772 3490 3823 dicit
3530 3771 3642 3822 Do-

2052 3837 2188 3888 mino
2217 3835 2592 3901 conﬁdendum,
2619 3852 2709 3903 per
2737 3853 2884 3904 quem
2913 3841 3139 3907 gentium
3181 3840 3471 3895 inimicitias
3505 3857 3639 3905 pro-

2055 3907 2199 3978 batus
2225 3907 2477 3978 evqsisset,
2506 3917 2553 3959 et
2582 3907 2650 3978 ad
2704 3908 3040 3978 ueracissimte
3087 3909 3203 3961 vitte
3249 3912 3529 3978 pervenisse
3555 3928 3639 3962 re-

2057 3976 2242 4050 media.
2278 3974 2454 4050 ertia
2481 3975 2783 4050 aperiendas
2812 3978 2909 4030 sibi
2933 3989 3109 4050 portas
3153 3974 3277 4031 dicit
3297 3982 3545 4050 justitite,
3578 3984 3642 4034 de

2056 4047 2296 4115 augulari
2316 4047 2470 4098 etiam
2499 4048 2700 4113 lapide.
2735 4048 2832 4101 hoc
2857 4059 2928 4101 est
2967 4047 3189 4103 Domino
3220 4047 3490 4105 Saluatore
3514 4052 3638 4104 sub-

2046 4119 2295 4186 jungens.
2323 4116 2518 4179 Quarta
2545 4118 2748 4186 reliquis
2791 4118 3095 4173 Christianis
3124 4119 3493 4188 frequentanda
3523 4120 3636 4172 Do-

2057 4189 2184 4240 mini
2210 4189 2342 4239 atria
2385 4188 2674 4255 persuadet,
2709 4187 2772 4241 de
2800 4191 3019 4244 adventu
3057 4187 3246 4245 sanctis
3273 4191 3638 4246 incarnationis

2055 4257 2200 4312 suavi
2221 4257 2558 4312 delectatione
2581 4264 2928 4328 congaudens.

2630 4364 3061 4408 C'l-MIIENTARIUS.

377 4439 500 4511 ideo
547 4423 738 4493 meri'to
787 4423 1085 4508 sacriﬁcabo
1116 4423 1207 4494 tibi
1235 4423 1452 4492 hostium
1483 4423 1760 4511 laudis,_ut
1779 4423 1956 4510 supra
1982 4423 2033 4483 D
2137 4441 2460 4511 Conﬁtemini
2500 4440 2718 4494 Domino
2746 4443 2986 4511 quoniam
3015 4445 3192 4510 bonus,
3211 4447 3448 4511 quoniam
3475 4445 3525 4498 in
3547 4460 3635 4498 ste-

377 4510 577 4564 dictum
596 4519 708 4580 est.
763 4511 828 4564 Et
866 4519 925 4564 ut
953 4511 1109 4580 digne
1136 4511 1458 4575 sacriﬁcent,
1485 4509 1733 4580 invocabo
1779 4511 1830 4566 in
1866 4509 1961 4567 ’me

374 4595 558 4634 nomen
582 4579 810 4648 Domini,
848 4578 1093 4636 idoneum
1124 4597 1211 4636 me
1237 4596 1446 4636 servum
1476 4578 1737 4636 faciendo.
1768 4583 1832 4636 Et
1859 4583 1963 4637 sic-

373 4657 435 4703 ut
457 4652 704 4722 superius
741 4653 994 4718 exposuit
1030 4651 1260 4722 qualiter
1289 4653 1556 4717 acciperet
1581 4653 1799 4706 calicem
1823 4655 1964 4706 salu-

377 4723 529 4791 taris,
563 4721 631 4774 ita
663 4732 714 4777 et
743 4736 884 4776 nunc
930 4721 1147 4790 exponit
1177 4723 1444 4791 quomodo
1472 4723 1869 4791 sacriﬁcaturus
1895 4724 1967 4778 sit

375 4789 603 4844 hostiam
638 4793 828 4857 laudis,
862 4789 1076 4847 dicens:
1111 4789 1342 4846 Reddam
1370 4801 1484 4845 vota
1509 4808 1619 4845 mea
1648 4790 1967 4860 Domino,ut

376 4875 536 4928 supra
565 4860 762 4916 dictum
794 4874 895 4927 est,
926 4865 978 4916 in
1006 4874 1275 4933 conspectu
1307 4863 1471 4915 onmis
1523 4865 1702 4932 pepuli
1752 4867 1883 4932 ejus,
1915 4864 1964 4918 id

381 4941 486 5005 est,
546 4933 598 4984 in
627 4947 686 4986 ea
716 4932 817 4986 ﬁde
845 4949 961 5002 qua:
985 4932 1285 5005 communis
1326 4942 1408 4985 est
1437 4937 1580 5005 omni
1607 4933 1801 5000 populo
1826 4935 1963 5005 ejus.

380 4999 448 5054 Et
476 5016 633 5074 quem
671 5018 764 5068 per
795 4999 1051 5074 populum
1093 5003 1212 5072 ejus
1252 4999 1962 5074 accipiat,determinat'di-

378 5086 534 5126 cens:
559 5072 625 5126 In
648 5074 794 5126 atriis
822 5075 1001 5128 domus
1025 5073 1254 5138 Domini,
1285 5073 1334 5126 id
1366 5072 1468 5138 est,
1505 5073 1555 5126 in
1587 5075 1833 5140 praesenti
1868 5075 1964 5128 Ec.

375 5143 568 5206 etesia,
620 5158 737 5210 quae
782 5145 931 5211 quasi
981 5146 1173 5197 atrium
1219 5152 1301 5197 est
1339 5154 1462 5197 ante
1502 5158 1661 5211 super
1690 5147 1963 5198 caelestum

380 5212 718 5278 Ecclesium,
775 5230 892 5282 qum
950 5225 1166 5282 propter
1213 5222 1516 5268 manentem
1586 5215 1966 5270 habitationem

379 5282 538 5350 digne
569 5285 760 5339 dicitur
783 5287 974 5339 domus
1007 5284 1332 5354 DominiaEt
1357 5285 1480 5338 item
1506 5283 1824 5338 determinat
1849 5301 1966 5354 quae

377 5358 510 5404 atria
571 5355 852 5423 intelligat,
909 5357 1130 5410 dicens:
1163 5354 1206 5408 0
1232 5353 1542 5420 Jerusalem,
1594 5356 1810 5409 reddam
1845 5353 1968 5410 vota

378 5438 492 5476 mea
521 5424 572 5476 in
599 5427 765 5479 medio
794 5428 888 5490 tui,
921 5427 970 5479 id
1000 5437 1099 5490 est,
1125 5427 1175 5479 in
1199 5441 1258 5480 ea
1288 5427 1666 5479 communione
1696 5442 1812 5494 qua:
1841 5427 1891 5480 in
1917 5437 1968 5480 te

378 5502 481 5554 est,
517 5495 616 5549 hoc
644 5507 725 5548 est
757 5498 806 5550 in
843 5498 1105 5551 catholica
1142 5497 1264 5551 lide.
1298 5495 1594 5550 Jerusalem
1635 5505 1788 5550 vocat
1833 5512 1968 5564 prae-

381 5575 586 5617 sentem
632 5565 950 5633 Ecclesium,
998 5580 1044 5621 et
1075 5583 1140 5620 nc
1162 5567 1455 5622 Jerusalem
1489 5567 1539 5620 in
1572 5568 1734 5634 priori
1764 5577 1964 5621 tantum

378 5634 577 5699 potiulo
623 5635 913 5703 accipiatur
943 5679 957 5703 ,
1008 5638 1238 5704 qualiter
1287 5638 1355 5691 sit
1395 5639 1736 5704 accipienda,
1785 5639 1968 5694 subsc-

381 5713 603 5775 qucntcr
635 5706 973 5761 determinat.
1007 5708 1168 5774 Quasi
1197 5707 1339 5764 dicat
1365 5725 1376 5761 :
1419 5709 1714 5764 Jerusalem
1750 5721 1833 5764 est
1863 5726 1965 5765 non

2067 4513 2543 4584 cutunudAlletuia.
2586 4513 2864 4568 Confessio
2894 4517 2996 4568 alia
3028 4517 3218 4580 laudis,
3259 4516 3362 4568 alia
3392 4527 3637 4584 peccato-

2067 4597 2206 4636 rum.
2241 4581 2337 4636 Hic
2366 4594 2543 4636 autem
2574 4599 2678 4637 non
2724 4593 2806 4637 est
2848 4585 3152 4652 accipienda
3203 4581 3493 4650 confessio,
3527 4585 3639 4638 vul-

2067 4668 2197 4706 nera
2230 4653 2437 4706 medico
2468 4657 2779 4718 ostendens,
2824 4655 2917 4709 sed
2975 4671 3070 4724 pro
3120 4667 3366 4724 percepta
3415 4656 3641 4710 sanitate

2067 4724 2265 4789 gratias
2303 4737 2503 4790 agens;
2562 4724 2663 4777 hoc
2719 4740 2823 4777 non
2884 4733 3246 4792 peccatorum,
3298 4726 3392 4780 sed
3446 4726 3638 4780 laudis.

2068 4794 2198 4858 Quia
2245 4809 2347 4846 vox
2370 4794 2761 4860 estprimitivre
2819 4794 3116 4861 Ecclesim,
3172 4807 3418 4862 respectu
3465 4806 3638 4850 tamen

2069 4863 2417 4935 quorumdam
2459 4864 2760 4933 digniorum
2783 4905 2797 4928 ,
2828 4867 3162 4920 exhortantis
3193 4867 3423 4935 majores
3451 4876 3505 4920 et
3543 4869 3641 4918 mi-

2069 4947 2228 4986 nores
2278 4935 2328 5004 in
2368 4934 2459 5004 illo
2502 4935 2662 5000 priori
2698 4937 2911 5004 populo,
2946 4945 3001 4989 ut
3031 4934 3383 4990 conﬁteantur
3416 4938 3467 4989 in
3511 4951 3642 4990 voce

2069 5004 2243 5057 laudis
2277 5003 2518 5076 Domino,
2551 5020 2740 5076 causas
2771 5003 3130 5059 ostendendo
3177 5007 3492 5076 multiplices
3517 5047 3534 5069 ,
3586 5017 3644 5060 et

2071 5084 2342 5142 postremo
2392 5073 2510 5127 illas
2558 5075 2691 5127 alias
2731 5090 2859 5130 oves
2907 5076 3279 5143 admonentis,
3329 5073 3382 5129 ut
3431 5090 3484 5129 et
3516 5078 3642 5138 ipsa

2070 5144 2315 5211 exemplo
2338 5158 2437 5195 sno
2467 5144 2681 5197 easdem
2714 5160 2901 5198 causas
2943 5146 3267 5200 attendendo
3289 5146 3642 5199 conﬁteantur

2071 5213 2400 5268 Domino.Et
2423 5223 2528 5279 est,
2557 5217 2705 5282 quasi
2736 5215 2878 5270 dicat
2907 5233 2922 5269 :
2954 5216 3077 5282 Vos,
3112 5218 3346 5282 inquam,
3369 5232 3400 5266 o
3423 5231 3644 5270 consor-

2072 5293 2152 5338 tes
2191 5285 2259 5338 de
2289 5284 2483 5354 p0pulo
2509 5300 2652 5349 meo,
2675 5287 2991 5354 conﬁtemini
3028 5287 3274 5340 laudabili
3303 5285 3641 5341 confessione

2072 5355 2446 5425 Domino,rcui
2480 5357 2668 5408 merito
2716 5356 2956 5410 conliteri
3011 5357 3249 5423 debetis;
3296 5359 3536 5425 quoniam
3562 5366 3642 5410 est

2073 5425 2250 5489 bonus,
2298 5424 2349 5478 id
2379 5436 2480 5489 est,
2514 5426 2632 5490 quia
2664 5435 2745 5479 est
2788 5427 2944 5479 Deus.
2990 5425 3158 5480 Nemo
3180 5424 3323 5480 enim
3355 5427 3534 5491 bonus,
3584 5434 3642 5478 ut

2074 5496 2417 5564 Evangelium
2451 5505 2692 5561 testatur,
2727 5498 2823 5549 nisi
2864 5495 3023 5550 Deus.
3051 5497 3149 5550 Vel
3176 5499 3413 5564 quoniam
3440 5509 3521 5551 est
3548 5498 3639 5549 bo~

2073 5583 2189 5636 nus,
2225 5565 2274 5618 id
2306 5578 2384 5618 ρει
2413 5607 2428 5630 ,
2475 5567 2721 5619 omnibus
2751 5582 2809 5621 se
2837 5568 2994 5634 digne
3021 5569 3356 5636 gustantibus
3385 5568 3561 5621 suavis
3589 5578 3641 5620 ct

2072 5635 2357 5707 iucundus.
2393 5636 2484 5690 Vel
2519 5637 2635 5690 ideo
2665 5636 2870 5691 debetis
2898 5639 2945 5690 ei
2974 5635 3233 5702 conﬁteri,
3263 5641 3503 5707 quoniam
3545 5639 3611 5688 mi
3623 5667 3638 5677 ο

2072 5705 2351 5763 sericordia
2381 5711 2489 5776 ejus
2511 5722 2614 5763 non
2661 5716 2862 5764 tantum
2892 5717 2972 5764 est
3014 5709 3063 5764 in
3094 5705 3367 5779 presenti,
3399 5710 3491 5765 sed
3521 5722 3636 5778 per-
