4026 6200
431 346 563 404 ἰοί-9

1099 347 1163 403 ΙΝ
1206 347 1618 404 PSALMORUM
1663 345 1916 403 LIBRUM
1961 341 2321 399 EXEGESIS.
2365 373 2430 384 -—
2475 345 2717 401 PSALM.
2759 346 2970 403 CXVII.

3554 350 3686 406 ΙΟΓΞΟ

422 463 673 516 duratura
705 469 786 515 est
815 461 865 512 in
895 461 1160 524 swculttm,
1206 461 1255 513 id
1305 469 1410 522 est,
1443 461 1494 514 in
1526 460 1902 514 aeternitatem.
1937 459 2000 512 Et
2033 458 2080 514 Α
2110 455 2319 529 ιζιιιιιῑιιε
2341 463 2423 529 εει
2463 459 2815 529 excruciatus,
2860 467 3006 529 tanto
3033 462 3200 529 magis
3245 461 3403 518 bonis
3435 477 3688 518 venerati-

423 534 549 600 quia
605 532 726 585 lalis
755 541 858 595 est,
888 532 1022 583 dicat
1054 548 1212 596 nunc,
1261 532 1312 584 id
1354 541 1458 591 est,
1487 531 1705 584 indilate
1735 531 1922 592 Israel,
1952 531 2000 582 id

423 612 527 664 est,
561 601 790 656 minores
829 602 963 654 alter
992 603 1055 654 ad
1087 604 1336 664 alterum,
1371 602 1595 654 invicem
1619 604 1688 654 'se
1709 601 2002 653 exhortan-

423 675 532 736 do,
581 671 916 727 Conlitemini
991 672 1250 734 Domino,
1319 675 1562 740 quoniam
1619 672 1819 734 bonus,
1873 687 2002 739 quo-

424 746 562 796 niam
582 783 598 804 ,
637 754 738 796 etc.
775 744 924 795 Dicat
944 742 1100 796 etiam
1134 747 1314 794 domus
1343 743 1536 805 Aaron,
1563 742 1612 794 id
1644 752 1744 800 est,
1772 741 2003 808 majores

424 815 563 867 alter
591 813 656 866 ad
684 815 911 866 alterum
949 831 962 866 :
1004 812 1342 866 Conlitemini
1401 813 1644 873 Domino,
1680 822 1781 864 etc.
1832 812 1896 864 Et
1925 815 2004 864 sic

425 885 630 939 sciliet
670 901 760 951 per
792 884 1019 950 majores
1077 893 1130 934 et
1173 883 1409 935 minores
1451 882 1625 935 dicant
1674 882 1804 935 illud
1859 882 1998 936 idem

425 970 612 1008 omnes
639 995 652 1016 ,
705 955 792 1017 qui
827 955 1012 1006 timent
1044 952 1323 1005 Dominum
1365 954 1430 1007 de
1460 953 1673 1019 populo.

503 1024 576 1077 De
602 1025 926 1077 tribulatione
953 1022 1198 1074 invocavi.
1225 1023 1336 1076 Dixi
1367 1025 1614 1089 quoniam
1645 1022 1898 1076 Dominus
1919 1033 2000 1076 est

425 1095 620 1159 bonus,
659 1105 714 1148 et
745 1095 843 1147 hnc
879 1093 1006 1146 mihi
1053 1104 1274 1161 experto
1325 1094 1547 1156 credite,
1581 1093 1779 1146 diceret
1808 1094 2000 1162 aliquis

424 1167 493 1218 tle
536 1166 734 1219 Sanctis
761 1165 1040 1231 apostolis,
1090 1164 1178 1230 qui
1225 1165 1496 1230 pratcipue
1528 1165 1576 1216 in
1612 1164 1871 1229 pritnitiva
1908 1166 2001 1216 Ec-

427 1237 591 1289 clesia
614 1235 983 1288 tribulationes
1012 1245 1064 1287 et
1095 1236 1489 1300 persecutiones
1520 1233 1657 1297 passi
1691 1245 1834 1288 sunt.
1867 1235 1996 1286 Nam

424 1320 524 1373 ego
554 1306 604 1358 in
639 1305 977 1358 tribulatione
1009 1305 1208 1370 positus
1235 1304 1462 1357 invocavi
1492 1304 1787 1366 Dominum,
1821 1307 1997 1358 ethoc

425 1377 493 1428 de
523 1376 867 1435 tribulatione,
895 1374 946 1428 id
977 1383 1077 1438 est,
1121 1384 1178 1427 ut
1205 1389 1309 1427 non
1340 1386 1481 1428 esset
1514 1374 1640 1428 mihi
1671 1374 1998 1428 infructuosa

427 1446 716 1506 tribulatio.
745 1455 789 1499 et
823 1445 1068 1498 Dominus
1113 1444 1368 1498 exaudit-it
1415 1462 1493 1498 me
1539 1445 1784 1510 ponendo
1826 1460 1909 1498 me
1945 1447 1996 1498 in

425 1516 732 1579 latitudine;
763 1517 841 1568 vel
876 1516 942 1567 ita
984 1513 1213 1578 scilice-t,
1247 1525 1300 1567 ιιι
1333 1531 1434 1568 nun
1474 1517 1644 1570 solum
1688 1514 1993 1577 trilmlarer,

425 1588 518 1638 sed
547 1596 600 1640 et
628 1587 882 1655 gloriarer
905 1585 956 1638 in
989 1585 1438 1650 tribulationibus,
1481 1586 1563 1640 vel
1595 1587 1663 1637 ita
1707 1593 1762 1638 ut
1803 1595 1856 1638 et
1879 1586 1995 1638 dili-

427 1669 609 1725 gerent
642 1665 1018 1724 persequentes
1062 1656 1323 1708 inimicos.

503 1727 746 1779 Dominus
773 1727 895 1778 milii
917 1725 1143 1795 adjutor.
1163 1725 1296 1780 Vere
1327 1726 1576 1780 Dominus
1598 1725 1862 1780 exaudivit
1889 1741 1990 1780 me.

426 1795 557 1850 Nam
605 1797 858 1850 Dominus
891 1796 989 1849 fuit
1019 1797 1142 1848 mihi
1188 1800 1423 1865 adjutor,
1458 1807 1513 1849 ut
1560 1813 1661 1850 non
1689 1797 1990 1859 tleliceretu,

427 1867 537 1920 imo
569 1868 878 1933 proﬁcerem
914 1867 964 1920 in
1014 1866 1370 1920 tribulatione.
1419 1868 1482 1919 Et
1528 1867 1648 1920 ideo
1678 1882 1780 1919 non
1812 1868 1992 1920 timebo

424 1939 548 2004 quid
573 1938 742 2001 homo,
779 1939 828 1991 id
852 1948 952 1999 εει,
984 1935 1128 1990 carni
1159 1949 1208 1990 el
1237 1937 1480 2007 sanguini
1512 1937 1812 2001 adhaerens,
1841 1939 1993 2005 faciat

429 2008 574 2061 mihi.
611 2008 677 2061 Et
705 2011 824 2075 quia
860 2023 962 2060 nnn
1015 2007 1186 2058 solum
1241 2009 1372 2060 tales
1420 2007 1569 2060 nnbis
1620 2008 1992 2072 adversantur,

423 2079 520 2130 sed
550 2088 602 2131 et
625 2078 892 2146 principes
935 2077 1012 2130 illi
1045 2077 1256 2144 quidem
1287 2078 1477 2145 quibus
1507 2077 1635 2130 dicit
1665 2075 1953 2144 Apostolus
1978 2094 1992 2130 :

423 2147 548 2201 Non
577 2160 649 2201 est
687 2148 830 2200 nobis
860 2148 1144 2199 colluctatio
1189 2149 1430 2200 adversus
1457 2163 1660 2200 carnem
1706 2161 1750 2200 ct
1788 2149 1998 2217 sanguio

421 2233 558 2283 nem,
589 2219 680 2272 sed
727 2219 965 2270 adversus
1010 2217 1262 2286 principes
1309 2228 1356 2270 et
1406 2228 1673 2284 potestates
1701 2262 1714 2284 ,
1757 2220 1996 2271 adversus

422 2289 602 2341 mundi
630 2299 848 2342 rectores
895 2287 1213 2340 tenebrarum
1253 2288 1456 2350 ltarum,
1485 2299 1663 2342 contra
1706 2288 1996 2356 spiritualia

423 2359 664 2422 nequitia:
692 2360 744 2410 in
791 2357 1090 2411 caelestibus.
1123 2356 1248 2410 Ideo
1281 2360 1514 2411 Secundo
1563 2359 1711 2422 dicit,
1749 2360 1996 2412 Dominus

423 2428 550 2480 mihi
574 2432 800 2499 adjutor,
827 2441 869 2480 et
893 2428 1010 2481 ideo
1036 2428 1308 2496 despiciam
1338 2429 1574 2481 inimicos
1605 2447 1742 2483 meos
1767 2430 1834 2482 de
1861 2445 1994 2496 qun-

423 2498 644 2566 cunque
664 2513 860 2566 genere
889 2507 1125 2565 surgant,
1150 2498 1379 2562 scilicet,
1412 2500 1526 2553 sive
1572 2500 1639 2554 de
1671 2514 1864 2567 genere
1899 2499 1997 2550 ini-

425 2584 651 2638 quorum
683 2567 981 2641 hominum,
1021 2568 1134 2621 sive
1165 2570 1232 2621 de
1272 2571 1596 2639 nequissimo
1623 2586 1815 2641 genere
1845 2570 1996 2623 mali-

421 2654 648 2708 gnorum
680 2640 976 2706 spirituum.

498 2707 697 2762 Bonum
725 2717 796 2761 est
823 2708 1098 2775 conﬁdere.
1127 2709 1285 2775 Quasi
1317 2710 1456 2764 dicat
1491 2729 1504 2766 :
1546 2711 1793 2768 Inimicos
1813 2711 1995 2776 despi-

426 2778 588 2842 ciam,
624 2779 676 2831 in
705 2779 928 2832 Domino
957 2789 1132 2849 autem
1177 2784 1515 2847 prospiciam,
1539 2794 1590 2836 et
1615 2785 1806 2836 merito
1833 2802 1844 2835 :
1873 2783 1994 2849 quia

425 2851 612 2902 bonum
636 2857 709 2901 est
747 2849 996 2914 conﬁdere
1026 2849 1077 2900 in
1105 2848 1354 2916 Domino,
1398 2861 1454 2904 et
1498 2853 1566 2905 ita
1606 2852 1825 2920 bonum,
1857 2848 1994 2916 quod

425 2919 616 2973 melius
636 2927 717 2972 est
738 2934 885 2985 quam
914 2920 1168 2986 conﬁdere
1196 2922 1249 2973 in
1269 2922 1471 2973 homine
1497 2924 1689 2988 aliquo.
1718 2921 1828 2976 Hoc
1853 2921 1994 2986 ideo,

427 2987 549 3056 quia
580 2988 631 3042 in
661 2990 976 3056 quibusdam
1006 2993 1165 3042 etiam
1201 2991 1523 3055 hominibus,
1555 2992 1693 3045 sicut
1716 2990 1767 3043 in
1799 2994 1996 3045 sanctis

425 3059 556 3112 viris
586 3073 680 3126 pro
715 3060 931 3112 modulo
959 3072 1056 3111 suo
1085 3062 1456 3116 conlidendmn
1485 3071 1585 3115 est.
1624 3063 1688 3114 Et
1732 3078 1834 3116 non
1881 3071 1996 3115 tan-

424 3137 536 3182 tum
568 3129 869 3200 conlidere,
915 3131 1010 3200 sed
1039 3128 1197 3183 etiam
1227 3145 1464 3198 sperare,
1500 3132 1548 3185 id
1596 3141 1697 3200 est,
1740 3133 1791 3185 in
1837 3133 1993 3200 longo

2108 525 2208 579 dus
2232 535 2282 580 cl
2309 527 2595 579 imitandus
2624 527 2790 583 factus
2811 538 2913 584 est.
2946 527 3010 582 Et
3035 525 3336 586 exarserunt
3366 534 3417 587 in
3443 549 3527 586 me
3557 534 3686 585 sicut

2107 596 2241 672 ignis
2272 598 2322 647 in
2345 596 2526 672 spinis,
2556 597 2730 672 id-est,
2763 602 3149 664 comparabilcs
3172 605 3274 670 igni
3307 603 3378 656 illi
3412 603 3500 672 qui
3527 620 3685 657 exar-

2103 666 2194 718 det
2225 668 2276 719 in
2306 668 2504 732 spinis;
2535 667 2658 732 quia
2688 671 2823 722 sicut
2854 671 2941 724 ille
2973 672 3108 730 ignis
3139 666 3351 727 aculeos
3382 666 3679 736 spinarum,

2104 737 2590 812 quigracilessunt
2621 740 2905 812 comburit,
2936 751 3179 796 trmtcttm
3214 759 3339 796 vero
3372 745 3462 812 qui
3487 745 3681 812 tegitur

2107 807 2296 870 herba,
2325 823 2439 882 non
2462 809 2631 871 lmdit;
2655 808 2722 860 ita
2754 811 2850 882 ipsi
2880 814 3094 865 aculeos
3124 807 3414 882 iniquitatis
3443 817 3493 866 in
3519 807 3680 868 carne

2107 877 2389 942 peccatrici
2429 878 2481 929 in
2510 894 2593 929 me
2620 881 2939 933 cruciatibus
2972 883 3082 935 suis
3121 877 3496 947 exc'ttsserttnt,
3519 885 3682 938 robur

2103 963 2234 1002 vero
2257 949 2446 1000 anitnze
2477 962 2580 1000 non
2612 949 2881 1006 laeserunt.
2909 952 2970 1005 Et
3000 953 3111 1005 haec
3134 957 3305 1008 omnis
3334 957 3680 1009 circumdatio

2103 1023 2349 1091 l'acta_est
2378 1019 2431 1070 in
2457 1020 2662 1070 nomine
2704 1020 2912 1074 Domini
2955 1023 3336 1091 glorilicando,
3391 1028 3510 1091 quia
3542 1025 3679 1078 ultus

2102 1104 2214 1140 sum
2242 1089 2293 1141 in
2325 1103 2433 1155 eos,
2479 1098 2535 1140 ut
2565 1103 2746 1156 supra.
2781 1089 3150 1146 Potest—etiam
3184 1095 3233 1148 in
3269 1089 3462 1148 bonum
3491 1111 3678 1148 versus

2103 1157 2204 1211 iste
2222 1160 2386 1233 accipi
2417 1157 2522 1233 sic_:
2548 1159 2998 1233 Circumdederunt
3020 1181 3098 1216 me
3117 1165 3330 1230 quidam
3348 1181 3410 1219 ex
3431 1167 3677 1233 gentibus

2105 1238 2160 1302 et
2188 1244 2249 1281 ex
2280 1229 2730 1302 circumdantibus
2753 1233 2882 1284 sicut
2909 1249 3070 1299 apes;
3098 1229 3218 1298 quia
3252 1229 3529 1302 sicutapes
3549 1250 3680 1300 quo-

2101 1298 2221 1372 dam
2245 1307 2487 1372 tempore
2516 1301 2666 1372 valde
2690 1304 2966 1356 confertim
2999 1306 3194 1370 stipant
3222 1305 3420 1370 favum,
3441 1298 3504 1356 ιιι
3534 1298 3673 1372 quod

2100 1368 2255 1422 dulce
2279 1369 2508 1442 estinde
2537 1371 2788 1442 colligant
2823 1389 2834 1422 :
2869 1374 2937 1426 ita
2982 1368 3080 1440 ipsi
3106 1376 3330 1428 multum
3356 1368 3440 1428 me
3469 1368 3676 1442 stipan-

2103 1449 2180 1491 tes
2208 1439 2541 1492 dulcedinem
2585 1441 2727 1494 verbi
2770 1442 2860 1496 Dei
2915 1444 2982 1499 de
3006 1439 3098 1498 me
3127 1446 3275 1513 quasi
3308 1447 3373 1498 de
3405 1445 3526 1498 lavo
3550 1439 3675 1498 Vmel

2101 1517 2533 1582 excusserunt,et
2559 1523 2851 1564 exarserant
2873 1513 3001 1566 sicut
3031 1517 3161 1580 ignis
3190 1517 3252 1569 de
3283 1516 3462 1582 spinis,
3495 1516 3543 1567 id
3572 1526 3676 1576 est,

2103 1588 2206 1651 tam
2244 1581 2534 1651 vehemens
2580 1582 2796 1635 dilectio
2848 1599 3073 1639 accensa
3116 1596 3198 1639 est
3242 1581 3315 1639 in
3342 1587 3451 1651 eis,
3482 1597 3675 1649 quanta

2101 1649 2309 1721 ardoris
2340 1650 2490 1721 visin
2524 1650 2643 1718 igne
2669 1653 2756 1703 illo
2797 1665 2896 1716 cst,
2927 1657 3014 1721 qui
3047 1658 3266 1711 exardet
3294 1657 3359 1712 de
3386 1649 3573 1721 spinis.
3611 1655 3677 1706 Et

2101 1717 2663 1799 itacircumdatioiilla
2696 1721 2831 1776 facta
2875 1717 2959 1780 est
3012 1728 3063 1780 in
3113 1729 3325 1782 nomine
3357 1717 3582 1791 Domini,
3618 1737 3674 1778 ut

2103 1804 2269 1858 prius.

2177 1857 2439 1933 [inpulsus
2466 1875 2665 1913 eversus
2694 1879 2824 1914 sum.
2859 1863 2948 1918 Sic
2977 1867 3314 1920 continuatur
3347 1886 3358 1920 :
3391 1867 3527 1920 Vere
3542 1882 3678 1933 gen-

2101 1938 2182 2003 tes
2203 1930 2670 2003 circumdederunt
2693 1948 2796 1985 me.
2832 1934 2960 1986 Nam
2994 1937 3240 2003 impulsus
3263 1953 3378 1990 sum
3410 1938 3478 1989 ab
3507 1930 3584 1989 eis
3612 1936 3678 1989 ad

2100 2000 2199 2052 huc
2227 1999 2558 2076 utcaderem,
2603 2011 2662 2076 et
2691 2004 2751 2076 in
2778 2015 2981 2057 tantum
3018 1999 3277 2074 impulsus
3307 2007 3448 2076 quod
3477 2023 3680 2062 eversus

2097 2085 2232 2141 sum,
2260 2071 2310 2122 id
2359 2079 2459 2132 est,
2513 2073 2662 2137 quasi
2711 2074 2854 2141 signa
2891 2071 3132 2140 quaedam
3163 2071 3337 2131 casns'
3366 2079 3508 2132 dedi.
3565 2077 3680 2130 Non

2099 2140 2243 2217 enim
2277 2144 2447 2217 poti-st
2473 2141 2584 2194 ﬁeri
2617 2142 2666 2217 iu
2701 2140 2842 2196 tanta
2878 2146 3238 2217 tribulatione,
3275 2149 3400 2217 quin
3439 2163 3564 2200 caro
3595 2149 3677 2200 in-

2101 2210 2248 2261 lirtna
2280 2209 2457 2278 aliquo
2508 2214 2664 2265 modo
2697 2223 2950 2268 mutetur.
3005 2216 3069 2270 Et
3102 2209 3431 2271 tameu'non
3484 2218 3677 2280 occidi,

2101 2282 2221 2354 quia
2247 2279 2501 2354 Dominus
2534 2296 2598 2335 ne
2630 2283 2876 2338 caderem
2899 2287 3119 2352 suscepit
3169 2305 3264 2340 me.
3305 2288 3366 2340 Et
3401 2279 3679 2354 propterea

2099 2349 2414 2424 haclidncia
2449 2351 2842 2424 Deusrsuscepit
2870 2371 2974 2420 me,
3002 2349 3120 2421 quia
3146 2374 3248 2411 non
3280 2373 3379 2424 ego
3401 2349 3517 2411 sum
3553 2359 3681 2410 tnilti

2098 2421 2271 2495 tortis,
2309 2421 2356 2472 id
2391 2430 2494 2495 est,
2519 2423 2643 2474 mihi
2681 2424 2994 2491 laudabilis;
3029 2428 3121 2480 Sed
3151 2421 3396 2481 Dominus
3425 2437 3508 2480 est
3533 2431 3683 2495 forti-

2099 2492 2220 2566 tudo
2249 2506 2357 2542 mea
2382 2501 2428 2566 et
2455 2490 2570 2566 laus
2591 2509 2731 2566 mea,
2759 2497 2878 2562 quia
2912 2497 2960 2548 in
2982 2490 3049 2550 co
3077 2507 3277 2550 tantum
3321 2514 3405 2551 me
3437 2490 3681 2566 reputavi

2098 2557 2371 2635 ft)!‘_l€lll_t:t
2393 2557 2729 2635 laudabilem,
2764 2557 2806 2616 et
2832 2567 2951 2619 ideo
2990 2570 3155 2635 [artus
3176 2581 3246 2622 est
3280 2569 3402 2621 mihi
3440 2557 3682 2634 salutent,

2097 2631 2215 2699 quia
2250 2630 2372 2682 mihi
2408 2631 2576 2684 lactus
2606 2648 2747 2687 erant
2779 2636 2828 2687 in
2863 2630 3106 2690 mortem.

2177 2698 2289 2752 Vox
2317 2701 2666 2776 equitationis
2693 2715 2737 2756 et
2761 2706 2959 2762 salutis.
2991 2707 3124 2764 Vere
3163 2709 3328 2776 fartus
3363 2719 3434 2762 est
3463 2708 3588 2761 mihi
3629 2709 3682 2762 in

2097 2770 2330 2845 salutem.
2364 2769 2492 2845 Νιιιι
2545 2777 2644 2845 hoc
2674 2776 2856 2839 modo,
2885 2778 3088 2830 scilicet
3134 2769 3254 2845 quia
3311 2780 3560 2833 Dominus
3600 2788 3685 2832 est

2098 2845 2149 2920 i_n
2172 2843 2528 2920 tabernaculis,
2563 2840 2613 2896 id
2663 2855 2766 2908 est,
2799 2849 2850 2900 itt
2881 2848 3128 2920 cordibus
3149 2840 3410 2920 justorum
3441 2865 3543 2902 nun
3580 2863 3680 2902 vox

2099 2909 2315 2974 doloris,
2349 2921 2399 2964 et
2431 2926 2740 2977 restionsum
2773 2919 2975 2980 mortis,
3011 2909 3181 2972 utros
3221 2921 3452 2974 exterius
3497 2921 3548 2971 in
3591 2933 3678 2973 nte

2095 2979 2382 3058 s._cviet_ttes
2415 2985 2651 3058 putatis:
2692 2987 2786 3038 sed
2817 2979 2990 3058 potius
3017 3002 3096 3042 est
3119 2990 3187 3043 ibi
3221 3006 3319 3042 vnx-
3367 2989 3678 3044 exsultatio-

2100 3052 2199 3111 nis,
2238 3052 2284 3103 id
2314 3061 2414 3171 est,
2453 3053 2732 3108 manifesta
2779 3052 3096 3124 eksultatio,
3142 3062 3192 3115 id
3223 3069 3324 3126 est,
3361 3074 3673 3128 re~ponsutn

2100 3135 2237 3171 vera-
2261 3135 2318 3171 sa
2345 3133 2466 3171 nus.

2100 3135 2237 3174 verm
2261 3133 2466 3174 salutis.

425 3213 575 3264 Spem
606 3213 755 3252 suam
780 3199 831 3252 in
855 3182 1087 3252 'Dominio
1116 3182 1312 3268 poticio
1339 3182 1993 3266 animim‘éuin’,"etaii36
2023 3182 2067 3239 (ἶ
2176 3190 2672 3268 οεπζειἀ,,θοηιίζ²ίο
2698 3197 2786 3251 Sic
2819 3197 3158 3252 COMlllualtll‘
3189 3219 3200 3252 ε
3240 3200 3371 3253 νει·ίέ
3423 3198 3678 3253 Domitius

423 3271 621 3340 bonum
646 3279 746 3340 est,
776 3271 915 3336 quod
963 3269 1154 3324 melius
1183 3279 1266 3325 est
1294 3287 1453 3339 quam
1484 3287 1701 3340 sperare
1740 3288 1842 3324 non
1876 3272 1998 3326 dico

423 3339 582 3392 etiam
608 3339 657 3410 in
688 3338 1012 3402 hominibus,
1037 3342 1131 3394 sed
1161 3338 1322 3395 etiam
1361 3342 1412 3394 in
1455 3338 1781 3410 principibus
1812 3356 2002 3408 super—

424 3409 754 3480 cmfestibus,
785 3410 970 3480 idest,
1004 3411 1054 3461 in
1086 3411 1307 3479 angelis.
1340 3412 1610 3480 Principes
1629 3409 1760 3465 ideo
1799 3427 1996 3466 vocan-

427 3487 516 3551 tur
543 3479 892 3551 angeli,quia
925 3480 1117 3551 legitur
1141 3483 1192 3534 in
1221 3481 1460 3546 Daniele,
1492 3479 1632 3551 quod
1661 3482 1881 3549 singulae
1910 3497 1996 3537 re-

428 3548 658 3617 ligiones
689 3549 920 3604 habeant
946 3550 1010 3603 ad
1033 3551 1114 3604 sui
1157 3548 1524 3605 defensionem
1553 3552 1651 3606 sibi
1683 3548 1997 3607 concessum

424 3619 671 3685 angelum
703 3621 937 3687 aliquem
954 3621 1038 3675 vel
1074 3621 1475 3689 archangelum.
1513 3621 1662 3676 Unde
1691 3621 1818 3674 illud
1850 3641 1862 3674 :
1897 3622 1996 3676 Ve-

424 3698 712 3763 rumtamen
763 3691 988 3745 Michael
1035 3692 1375 3762 arcltangclus
1428 3695 1660 3763 princeps
1699 3703 1858 3747 vester
1903 3695 1998 3748 erit

423 3761 635 3830 adjutor
661 3776 817 3814 meus.

504 3829 690 3883 Omnes
717 3843 908 3900 gentes.
936 3831 1075 3889 Vere
1100 3834 1294 3888 bonum
1318 3841 1400 3888 est
1432 3836 1484 3890 in
1526 3835 1748 3890 Domino
1768 3837 1999 3890 conlide-

424 3915 507 3956 re.
552 3901 685 3954 Nam
727 3917 806 3955 me
843 3904 1198 3958 COllildt‘nlelll
1249 3914 1303 3959 et
1335 3917 1642 3972 sperantem
1696 3907 1746 3959 in
1799 3922 1864 3960 en
1901 3908 2002 3959 cir-

428 3972 665 4044 cuierunt
691 3987 863 4026 omnes
892 3987 1064 4042 gentes
1095 3975 1396 4028 tribulando
1423 3987 1476 4030 et
1525 3976 1915 4044 persequendo,
1947 3984 2001 4030 et

430 4055 608 4095 tamen
644 4043 760 4095 hzec
787 4046 1137 4098 circumdatio
1169 4045 1303 4098 facta
1351 4055 1434 4100 est
1464 4043 1747 4100 in’nomine
1794 4045 2003 4100 Domini

427 4112 780 4180 glorilicando
807 4131 818 4167 :
844 4116 972 4182 quia
1003 4130 1108 4169 non
1141 4117 1405 4181 vicerunt,
1429 4119 1522 4171 sed
1543 4120 1693 4170 victa:
1714 4127 1872 4181 sunt;
1901 4118 2002 4171 hoc

426 4192 508 4236 est
534 4183 674 4250 quod
705 4182 836 4238 dicit
866 4203 878 4236 :
908 4185 1043 4248 Quia
1072 4187 1210 4238 ultus
1231 4202 1345 4239 sum
1376 4187 1427 4239 in
1468 4204 1552 4240 eos
1601 4187 1800 4241 ultione
1839 4187 1998 4252 bona,

427 4253 638 4326 scilicet
664 4254 782 4326 quia
813 4268 914 4322 ego
950 4255 1303 4320 quorumdam
1331 4271 1394 4310 ex
1423 4258 1552 4325 ipsis
1579 4259 1862 4326 nequitiam
1887 4260 2000 4326 gla-

426 4325 518 4377 dio
548 4323 768 4398 spiritus
815 4325 1078 4398 interfeci,
1109 4341 1213 4379 non
1259 4323 1564 4398 autem‘ipsi
1607 4323 1690 4380 me
1720 4323 1998 4382 interléce.

428 4403 576 4447 runt.
600 4393 669 4447 Et
689 4411 792 4447 non
820 4395 992 4448 solum
1021 4406 1207 4462 gentes
1233 4397 1445 4462 alieme,
1476 4393 1570 4452 sed
1603 4397 1761 4452 etiam
1785 4401 2002 4452 circum-

425 4465 680 4517 dederunt
708 4481 786 4517 me
817 4467 1208 4531 circuindantes,
1243 4468 1292 4520 id
1341 4477 1443 4532 est,
1476 4469 1632 4523 simul
1673 4468 1999 4532 habitantes,

2102 3262 2354 3338 suscepit.
2392 3260 2532 3338 l‘lam
2581 3264 2810 3330 dextera,
2845 3268 2894 3320 id
2927 3277 3028 3332 εει,
3061 3271 3289 3338 potentia
3324 3268 3532 3322 Domini
3561 3272 3677 3337 fecit

2102 3331 2358 3406 virtutem,
2391 3333 2438 3384 id
2463 3341 2569 3406 est,
2596 3348 2814 3399 Operata
2845 3345 2928 3390 est
2951 3331 3115 3393 iunio
3145 3341 3210 3393 de
3241 3341 3483 3406 passione
3512 3331 3678 3392 victo-

2103 3402 2259 3463 riam,
2292 3413 2344 3455 et
2375 3417 2493 3456 tere
2524 3404 2789 3458 virtutem.
2815 3407 2942 3460 Nam
2972 3409 3177 3463 dextera
3208 3402 3418 3463 Domini
3445 3410 3682 3462 exultavit

2101 3487 2199 3545 me.
2231 3471 2416 3545 Magna
2449 3473 2612 3545 virtus
2641 3477 2874 3529 exaltare
2904 3480 3175 3545 humilem,
3200 3481 3444 3534 deilicare
3475 3491 3674 3533 morta-

2102 3541 2240 3616 lem;
2270 3543 2335 3594 de
2383 3543 2690 3616 inlirmitate
2721 3547 2974 3603 exhibere
3015 3541 3412 3616 perfectionem,
3444 3551 3511 3602 de
3557 3550 3683 3603 sub-

2099 3613 2332 3689 jecliuue
2357 3614 2600 3689 gloriam.
2637 3614 2855 3689 Dextera
2887 3613 3244 3674 dico-Domini
3273 3624 3390 3689 fecit
3426 3621 3678 3682 virtutem,

2105 3681 2154 3735 id
2187 3691 2287 3758 est,
2319 3684 2571 3758 auxilium
2623 3684 2690 3740 de
2723 3689 3082 3758 tribulatione,
3115 3681 3318 3745 scilicet
3365 3702 3420 3744 ut
3470 3681 3682 3744 afﬂictis

2102 3752 2339 3829 veraDci
2365 3755 2508 3807 salus
2536 3765 2758 3822 pateret,
2779 3752 3133 3829 aflligcntibus
3157 3779 3280 3814 vero
3305 3762 3509 3815 inﬁrma
3536 3761 3683 3814 salus

2104 3822 2336 3902 hominis
2383 3837 2703 3902 remaneret.
2733 3829 2871 3898 Ergo
2891 3822 3091 3902 v(quasi
3123 3833 3287 3902 dicat)
3336 3849 3434 3886 non
3465 3833 3679 3896 moriar,

2101 3895 2238 3946 sicut
2265 3908 2373 3970 vos
2394 3897 2774 3951 mmtilicantes
2801 3895 2993 3968 corpus
3017 3905 3232 3970 putatis,
3257 3895 3346 3956 se!
3368 3903 3601 3956 exterius
3625 3904 3678 3955 in

2102 3977 2263 4017 carne
2291 3966 2469 4040 adhuc
2487 3975 2683 4032 tamen,
2707 3970 2867 4023 vivam
2899 3966 2990 4040 por
3017 3966 3415 4028 venerationem
3441 3982 3494 4027 et
3521 3983 3678 4026 aeter-

2103 4048 2223 4113 nam
2251 4037 2586 4113 memoriam,
2627 4049 2674 4091 et
2698 4041 2775 4113 sic
2800 4037 3016 4097 narrabo
3049 4060 3199 4113 ορθιά
3231 4043 3453 4097 Domini.
3491 4042 3677 4098 Adhuc

2101 4106 2243 4183 enim
2285 4106 2522 4184 quotidie
2547 4123 2715 4184 opera
2740 4110 2944 4166 Domini
2977 4106 3154 4167 narrat
3198 4116 3462 4184 primitira
3490 4114 3678 4168 Eccle-

2102 4178 2203 4254 sia,
2241 4178 2594 4254 scilicetquia
2624 4182 2745 4254 vicit
2791 4185 3093 4254 vapulando
3122 4178 3395 4251 ferientes,
3431 4184 3681 4254 patiendo

2103 4244 2378 4317 facientes,
2409 4246 2680 4317 diligendo
2699 4244 3002 4308 saevientes.

2173 4313 2442 4394 Castigans
2483 4313 2766 4388 castigavit.
2820 4324 2940 4378 Ideo
2988 4327 3107 4382 dico
3156 4344 3258 4381 non
3301 4327 3522 4392 moriar,
3556 4328 3677 4394 quia

2102 4388 2240 4466 quod
2273 4389 2466 4466 patior,
2513 4404 2616 4444 non
2650 4394 2990 4448 mortilicatio
3018 4407 3122 4461 est,
3145 4400 3236 4451 sed
3286 4388 3681 4450 Dominicasti-

2102 4457 2263 4532 gatio.
2297 4457 2437 4527 Ergo
2489 4473 2583 4532 vos
2635 4473 3006 4526 persecutores
3045 4457 3175 4520 nihil
3223 4468 3372 4521 vobis
3398 4469 3678 4532 arrogetis,

430 4535 634 4606 scilicet
665 4535 732 4606 d_e
763 4538 955 4603 p0pulo
983 4552 1122 4603 meo,
1141 4528 1224 4590 vel
1245 4528 1658 4601 circutndantes,
1685 4541 1733 4592 id
1757 4549 1858 4606 est,
1883 4528 1998 4594 falsi

2105 4528 2226 4593 quia
2254 4541 2356 4606 opu
2391 4544 2482 4606 vos
2531 4530 2704 4606 facitis
2731 4535 2862 4606 hoc,
2914 4537 3005 4590 sed
3051 4538 3304 4591 Dominus
3343 4536 3432 4606 qui
3461 4528 3680 4604 castigat

427 4604 639 4659 fratres.
669 4603 740 4656 Et
767 4620 978 4659 rursum
1027 4608 1374 4660 circurudatio
1407 4609 1520 4662 haec
1551 4611 1600 4660 in
1642 4603 1852 4662 nomine
1889 4609 1998 4662 Do-

427 4677 554 4728 mini
587 4675 938 4747 rglortlicando
970 4676 1102 4730 facta
1134 4688 1235 4742 est,
1276 4679 1394 4745 quia
1418 4694 1508 4747 ego
1531 4680 1668 4731 ultus
1695 4695 1806 4732 sum
1838 4681 1888 4746 in
1917 4696 2002 4734 eos

428 4746 690 4814 quosdam
723 4748 960 4813 ipsorum
982 4747 1032 4799 in
1053 4747 1196 4801 malo
1221 4746 1612 4812 mortilicando,
1627 4757 1680 4801 et
1695 4750 1744 4801 iu
1769 4751 1908 4803 bono
1923 4752 2002 4803 vi-

428 4815 716 4888 viticando.
757 4815 1210 4871 Circumdedrrunt
1234 4833 1310 4870 me
1333 4819 1453 4872 dico
1480 4821 1708 4888 utrique,
1726 4820 1929 4873 scilicet
1950 4829 2006 4876 et

425 4896 634 4954 gentes,
659 4887 708 4940 id
741 4896 825 4959 est
845 4928 858 4952 ,
887 4888 1278 4959 circumdanles
1301 4898 1453 4943 entes
1495 4887 1624 4942 sicut
1654 4906 1792 4959 apes,
1819 4891 1868 4943 id
1898 4901 2002 4956 est,

428 4972 532 5010 non
574 4971 682 5021 me,
708 4958 798 5011 sed
832 4972 888 5009 se
917 4958 1082 5026 ipsos,
1115 4960 1238 5011 dum
1274 4973 1359 5012 me
1390 4958 1800 5013 vulneraverunt
1823 4973 1872 5014 et
1910 4963 2004 5014 tri-

427 5027 677 5081 hularuut
699 5027 1106 5082 mortiﬁcmtes.
1130 5028 1382 5083 Dicuntur
1405 5034 1544 5083 enim
1570 5044 1698 5098 apes
1728 5046 1789 5083 ex
1813 5042 2005 5085 natura

426 5099 530 5151 hoc
558 5098 774 5159 habere,
811 5107 863 5150 ut
895 5100 1053 5151 vitam
1097 5107 1294 5166 ponant
1321 5099 1374 5152 in
1408 5101 1646 5154 vulnere.
1681 5099 1774 5153 Vel
1806 5101 1960 5154 aliter
1989 5119 2002 5154 :

426 5167 879 5221 Ctrcumdcdcrunt
908 5184 984 5220 me
1009 5177 1160 5222 entes
1180 5169 1310 5222 sicut
1342 5186 1482 5238 apes,
1518 5170 1566 5222 id
1597 5179 1700 5236 est,
1735 5170 1887 5225 facile
1915 5187 2004 5226 rc-

427 5239 713 5310 viucibiles
757 5241 1145 5310 sicutapes,_si
1178 5241 1389 5310 quandn
1423 5240 1560 5293 facto
1588 5242 1824 5293 exercitu
1847 5257 2004 5310 egre-

424 5309 644 5362 dlllllllll'
673 5307 845 5372 facile,
866 5309 916 5362 id
946 5320 1046 5371 est,
1074 5308 1216 5377 jactu
1248 5309 1418 5378 exigui
1448 5310 1677 5377 pulveris
1710 5307 2008 5378 reprimun-

429 5390 536 5441 tur,
571 5387 624 5432 et
656 5381 706 5432 in
738 5389 909 5432 castra
939 5386 1274 5433 revocantur.
1311 5381 1402 5434 νει
1427 5383 1578 5434 aliter
1605 5399 1615 5433 :
1647 5379 2006 5436 Circumdede—

424 5458 545 5503 runt
573 5464 651 5501 me
673 5462 825 5503 entes
845 5450 976 5503 sicut
1006 5467 1150 5517 apes.
1180 5451 1310 5514 Quia
1341 5451 1480 5505 sicut
1503 5467 1630 5520 apes
1672 5466 1865 5520 magno
1894 5461 2006 5509 stu-

424 5520 515 5572 dio
567 5530 621 5572 et
674 5521 944 5588 diligentia
993 5523 1169 5573 favum
1212 5524 1499 5576 artiliciose
1542 5534 1906 5589 componunt,
1935 5526 2005 5578 ita

423 5602 624 5658 tpmnto
656 5593 909 5658 majorem
965 5592 1291 5659 diligentiam
1324 5593 1375 5645 in
1429 5592 1799 5646 lormentando
1847 5606 1899 5647 et
1939 5610 2003 5649 ex

425 5663 810 5715 circumdanda
842 5677 926 5714 me
952 5663 1049 5729 ipsi
1076 5667 1494 5730 insumpserunt,
1531 5672 1676 5716 tanto
1701 5665 1846 5730 quasi
1877 5670 2008 5719 arti-

427 5730 771 5793 ticiosiorcm,
817 5731 866 5784 id
900 5740 1003 5796 est,
1038 5734 1533 5800 exemplabiliorem
1586 5746 1638 5790 et
1667 5735 2009 5789 venerabilio-

423 5819 538 5861 rcm
569 5815 654 5857 me
685 5801 948 5859 iecerunt.
982 5807 1190 5869 Quanto
1220 5804 1361 5861 enim
1395 5804 1636 5876 pluribus
1667 5805 1837 5876 putuis
1863 5806 2003 5862 Lauv

2106 4611 2212 4651 me.
2260 4595 2320 4648 Et
2352 4598 2469 4666 quia
2497 4603 2739 4669 castigat,
2791 4595 2910 4658 ideo
2943 4621 3045 4659 non
3091 4608 3259 4661 tradet
3291 4595 3373 4660 me
3407 4595 3681 4669 mortifid

2104 4677 2209 4741 est,
2234 4681 2338 4741 non
2359 4670 2630 4741 permittet
2656 4675 2877 4738 tne,etsi
2908 4676 3192 4732 tuortiﬁcet
3213 4677 3464 4741 exterius,
3497 4677 3684 4730 morti-

2106 4735 2200 4790 lica
2210 4738 2249 4788 ri
2282 4735 2521 4794 interius.

2178 4808 2401 4888 Aperite.
2429 4810 2588 4888 Quasi
2618 4811 2759 4888 dicat
2789 4832 2800 4867 :
2826 4813 2969 4888 Ergo
3009 4831 3105 4872 vos
3132 4828 3500 4887 persecutores
3529 4817 3684 4874 facite

2107 4882 2247 4956 quod
2272 4882 2564 4956 incepistis,
2597 4884 2803 4939 scilicet
2823 4882 3150 4942 ineat-cerata
3180 4905 3266 4946 me
3293 4891 3541 4944 omnibus
3572 4907 3684 4942 uto-

2107 4951 2211 5028 olis,
2245 4951 2576 5028 excruciate;
2619 4957 2738 5028 quia
2768 4973 2871 5009 non
2905 4959 3031 5010 mihi
3063 4959 3256 5024 oberit,
3289 4961 3381 5014 sed
3417 4961 3678 5028 prnderit.

2107 5017 2346 5102 Nam-que
2380 5021 2478 5073 hoc
2528 5017 2686 5077 modo
2730 5029 2979 5102 aperictis
3009 5029 3135 5082 mihi
3160 5017 3334 5099 portas
3358 5017 3596 5102 ju'stitite,
3630 5030 3681 5082 id

2107 5097 2208 5151 est,
2236 5103 2506 5157 Ingressus
2533 5109 2648 5146 sum
2680 5103 2744 5148 ad
2776 5101 3124 5152 ωιιειηιίιειιειιι
3161 5097 3220 5155 et
3270 5097 3681 5162 beatitudinem,

2106 5172 2226 5240 qua:
2253 5169 2501 5240 estporta
2527 5162 2784 5240 justitiat;
2819 5170 2936 5237 quia
2968 5170 3214 5240 solijusti
3242 5174 3364 5225 illuc
3389 5171 3680 5224 intrabunt.

2109 5227 2246 5296 Ergo
2268 5233 2459 5307 aperite
2481 5227 2604 5287 mihi
2627 5239 2720 5307 has
2743 5227 2935 5306 por-las,
2961 5241 3008 5293 id
3039 5227 3141 5307 es't,
3177 5243 3340 5296 nolite
3367 5244 3430 5296 ab
3452 5243 3684 5306 incmpto

2110 5301 2591 5381 restrodesislere.
2621 5306 2714 5381 Eti
2737 5301 2819 5362 {eo
2850 5301 3018 5379 (quasi
3045 5301 3206 5381 dicat)
3234 5327 3361 5379 rogo
3391 5321 3445 5362 ut
3470 5301 3682 5378 aperio--

2111 5374 2200 5450 tis,
2219 5374 2341 5450 q'nia
2366 5374 2620 5450 ingressus
2644 5377 2695 5429 in
2727 5395 2810 5433 eas
2839 5374 2960 5432 tunc
2985 5374 3198 5435 demum
3226 5374 3381 5450 dig-ne
3408 5374 3686 5449 confitebor

2108 5438 2363 5520 QOlllfll0._
2394 5438 2456 5520 (fa
2481 5447 2688 5520 scilicet
2714 5451 3066 5518 confessioae,
3103 5452 3169 5504 de
3198 5438 3310 5520 qu;
3327 5438 3524 5506 dictum
3555 5460 3638 5505 est
3670 5467 3682 5500 :

2109 5507 2363 5591 Beatiqui
2403 5515 2720 5591 habitantia
2748 5521 2898 5573 domo
2930 5531 3034 5584 tua,
3055 5507 3310 5587 'Dominc,
3341 5533 3443 5576 etc.
3471 5525 3535 5576 Et
3567 5538 3687 5591 pro-

2110 5589 2232 5662 pter.
2256 5585 2355 5663 hoc
2378 5599 2589 5654 quoque
2617 5589 2738 5663 dico
2768 5593 2980 5663 aperite,
3010 5593 3260 5663 (ιυὶιιιιιεο
3276 5585 3356 5646 εει
3405 5585 3688 5663 ρον-ια’ὒο-

2109 5653 2232 5702 mini
2246 5651 2531 5732 ;'hoc‘est,‘
2556 5662 2672 5732 quia
2721 5651 2838 5728 post
2867 5651 3166 5729 hujusinodi
3202 5651 3572 5718 tribulaiioues
3617 5664 3683 5718 ad

2109 5727 2454 5805 ίξξιεςιιιιςιιεηι
2500 5727 2756 5805 Dominus
2805 5727 3038 5805 intrarit.
3081 5734 3370 5800 Oportebat
3399 5739 3540 5788 enim
3577 5736 3683 5801 pati

2109 5791 2399 5865 Christum,
2430 5807 2483 5853 et
2509 5800 2584 5854 sic
2613 5799 2811 5858 intrare
2843 5804 2894 5859 in
2940 5791 3159 5873 gloriam
3201 5819 3368 5863 suam.
3401 5806 3465 5862 Et
3491 5808 3542 5860 in
3568 5791 3681 5859 eam
