4026 6200
409 269 536 323 1031

871 268 1071 324 ΒΕΟιΕ
1113 268 1557 324 VENERABILIS
1595 267 1746 322 OI‘P.
1787 267 1964 322 PARS
2003 265 2066 321 ll.
2106 265 2294 321 SECT.
2337 267 2400 322 Il.
2443 293 2514 309 -
2555 263 2756 321 DUBIA
2799 265 2886 322 ET
2927 265 3198 325 SPUIIIA.

3527 272 3670 328 1053.

403 391 630 444 portam,
655 381 704 435 id
745 393 846 444 est,
876 383 937 436 ad
965 381 1310 435 aeternitatem
1341 379 1608 452 solijusti,
1628 380 1678 434 id
1709 387 1812 446 cst,
1846 381 1970 434 imi-
2005 381 2051 439 A
2082 377 2332 452 Darninus
2353 390 2554 452 noster,
2584 380 2634 452 id
2667 388 2768 452 est,
2800 379 3105 452 redemptor
3133 390 3333 452 noster,
3363 391 3410 436 et
3436 382 3540 438 hoc
3568 403 3665 437 no-

401 461 598 506 tzit'orcs
632 454 836 506 Domini
866 453 1141 506 intrabunt.

475 521 761 590 Conﬁtebor
803 524 911 579 tibi.
944 521 1216 575 Convertit
1263 536 1321 576 se
1365 520 1430 573 ad
1483 520 1782 586 Dominum,
1820 522 1972 590 quasi

404 589 546 645 dicat
578 589 590 645 ἐ
619 593 746 647 Dico
795 593 934 659 quod
969 594 1238 660 ingressus
1286 604 1464 660 portas
1506 591 1725 659 justitize
1751 589 1975 646 confite-

405 663 500 712 Ι)οΓ
525 663 765 724 Domino,
794 663 932 732 quod
958 679 1080 716 vere
1107 661 1323 725 faciam;
1354 665 1473 730 quia
1508 671 1698 726 tunc,o
1728 662 1970 728 Domine,

403 732 677 798 Con/itebor
703 735 824 795 tibi;
848 743 900 786 et
931 736 1120 787 merito
1147 733 1260 792 tibi,
1285 734 1522 799 quoniam
1547 741 1599 784 tu
1622 734 1878 785 exaudisti
1899 751 1975 788 me

402 803 551 866 prius
583 803 664 855 hic
695 805 744 855 in
772 804 1128 869 tribulatione,
1165 818 1228 855 ne
1255 803 1536 856 deficerem
1562 811 1604 854 ct
1633 805 1700 855 ita
1731 803 1896 870 factus
1921 822 1972 858 es

402 872 590 941 mibiin
609 875 850 940 salutem,
865 890 982 928 cum
999 890 1124 941 ergo
1140 876 1306 927 factus
1320 889 1491 926 essem
1511 873 1637 924 mihi
1654 872 1702 924 in
1723 884 1969 927 mortem.

472 940 716 1007 Lapidem
742 961 886 1004 quem
916 940 1324 1010 reprobaverunt.
1351 943 1489 997 Vere
1535 944 1700 1010 factus
1746 953 1819 996 est
1849 946 1974 997 mihi

398 1011 706 1083 insalutcm.
742 1016 868 1069 Nam
903 1016 1003 1067 hoc
1040 1016 1197 1067 modo
1226 1016 1449 1078 scilicet,
1481 1017 1600 1082 quia
1631 1013 1785 1080 lapis,
1823 1031 1971 1083 quem

400 1082 624 1145 lapidem
647 1087 976 1151 mdiﬁcantes,
1003 1085 1053 1139 id
1075 1095 1178 1146 cst.
1203 1084 1370 1137 .ludasi
1399 1100 1546 1137 suam
1572 1082 1842 1154 justitiam?
1859 1097 1968 1138 sta-

401 1160 548 1224 luere
574 1157 834 1218 volentes,
867 1166 917 1209 et
938 1157 1157 1224 jnstitim
1189 1156 1278 1208 Dei
1329 1169 1430 1207 non
1462 1170 1580 1208 esse
1608 1156 1850 1221 subjecti,
1884 1173 1970 1210 re-

401 1223 756 1291 probaverunt,
784 1237 836 1278 et
867 1223 1130 1279 hominem
1181 1241 1356 1292 regem
1405 1227 1716 1292 elegerunt:
1748 1226 1851 1290 hic,
1885 1227 1970 1280 in-

402 1307 582 1357 quam,
616 1295 745 1360 lapis
774 1297 940 1352 laetus
964 1309 1042 1350 est
1070 1297 1197 1350 mihi
1231 1298 1282 1349 in
1314 1305 1488 1361 caput,
1524 1296 1572 1348 id
1602 1305 1701 1360 est,
1729 1297 1968 1364 regimini

404 1377 490 1416 me
514 1365 807 1432 subjecisti,
836 1368 972 1421 sicut
1014 1369 1309 1420 membrum
1337 1366 1515 1432 capiti.
1559 1367 1625 1419 Et
1660 1382 1763 1419 non
1796 1368 1966 1422 solum

401 1433 532 1507 mihi
578 1436 744 1490 factus
772 1438 929 1491 estin
979 1446 1156 1502 caput,
1189 1436 1281 1491 sed
1315 1447 1367 1490 et
1405 1437 1586 1489 multis
1640 1438 1790 1502 aliis;
1847 1439 1968 1507 quia

398 1502 564 1578 factus
586 1517 656 1558 est
677 1519 830 1578 caput
861 1509 1056 1577 anguli,
1084 1509 1132 1562 id
1166 1518 1267 1572 eSI,
1292 1509 1458 1560 lactus
1483 1517 1562 1562 est
1593 1507 1722 1574 lapis
1747 1502 1968 1575 angula-

402 1573 496 1636 ris,
529 1573 804 1632 continens
827 1573 959 1632 duos
985 1582 1212 1647 parietes
1241 1594 1300 1630 ex
1332 1579 1544 1632 diverso
1568 1573 1970 1644 veniente§,scd

402 1658 507 1697 non
549 1647 758 1702 diversa
779 1650 1088 1704 sentientes.
1122 1649 1186 1702 Et
1216 1648 1374 1711 istud,
1403 1649 1606 1701 scilicet
1627 1648 1765 1712 quod
1798 1649 1968 1704 factus

2080 446 2157 500 bis
2179 449 2246 503 de
2293 452 2453 503 domo
2481 450 2689 504 Domini
2715 451 2821 514 jam
2865 446 3060 512 illuaiit,
3093 451 3142 504 id
3173 459 3274 515 est,
3312 453 3558 508 innotuit.
3596 457 3664 510 Et

2077 529 2136 572 ut
2163 521 2315 573 vobis
2336 521 2494 574 etiam
2543 521 2775 584 illuceat,
2805 522 3096 574 constituite
3142 523 3193 576 in
3223 521 3372 576 vobis
3416 525 3548 577 diem
3579 543 3666 579 so-

2078 589 2314 656 lemnem,
2348 591 2397 644 id
2428 600 2530 652 est,
2563 592 2753 646 tuentis
2803 591 3186 656 sinceritatem,
3220 604 3273 647 et
3304 595 3402 646 hoc
3431 595 3483 647 in
3530 612 3661 649 con-

2077 661 2247 715 densis
2275 677 2376 714 non
2421 661 2758 728 populorum,
2790 661 2882 715 sed
2936 662 2986 714 in
3037 661 3462 730 frequentatione
3490 667 3662 720 virtu-

2078 739 2187 804 tum
2215 733 2563 804 procedentes
2593 747 2750 804 usque
2775 733 2844 783 ad
2860 747 3025 804 cornu
3054 733 3251 795 altaris,
3276 733 3325 785 id
3354 746 3457 798 est,
3490 750 3664 804 usque

2077 802 2140 852 ad
2172 803 2563 855 solemnitatem
2611 802 2923 855 divinitatis.
2957 803 3138 856 Altare
3188 812 3340 856 vocat
3375 805 3439 856 ad
3469 802 3661 861 simili-

2076 871 2310 926 tudinem
2357 874 2575 928 cmlcstc
2601 871 2726 926 illud
2759 873 3136 936 secretarium,
3168 873 3254 926 tibi
3286 873 3535 928 Christus
3563 892 3657 929 ve-

2075 956 2168 995 rus
2198 943 2449 996 sacerdos
2479 953 2525 996 et
2579 942 2748 995 hostia
2781 943 3016 1006 quntidie
3047 958 3105 996 se
3156 943 3314 997 oll'ert
3365 945 3471 998 Deo
3506 945 3654 1001 Patri

2075 1026 2170 1078 pro
2197 1013 2370 1066 nobis.
2402 1013 2514 1066 Non
2545 1013 2687 1068 enim
2742 1013 2852 1066 vult
2895 1023 2947 1065 ut
2994 1023 3195 1066 tantum
3252 1014 3547 1068 sub-istaut
3599 1018 3652 1071 in

2075 1082 2189 1147 ejus
2215 1081 2560 1148 lmmanitate,
2595 1083 2688 1136 sed
2732 1094 2788 1136 ut
2825 1084 3254 1153 contemplemur
3284 1085 3452 1152 ipsam
3487 1089 3653 1142 etiam

2073 1153 2423 1207 divinitatem.

2148 1222 2280 1277 Deus
2319 1240 2479 1280 meus.
2511 1222 2832 1286 Constituite,
2879 1221 3117 1291 inquam,
3167 1225 3302 1278 diem
3350 1225 3654 1294 solemnem,

2071 1295 2420 1360 procedentes
2448 1310 2601 1362 usque
2628 1294 2696 1346 ad
2735 1309 2890 1346 cat-nu
2919 1294 3100 1347 altaris
3135 1310 3153 1348 :
3187 1310 3281 1348 vos
3312 1296 3433 1349 dico
3462 1298 3657 1353 dicen-

2071 1373 2176 1432 tes,
2211 1363 2452 1428 Domine,
2505 1377 2559 1416 tu
2616 1381 2667 1417 es
2718 1363 2851 1417 Deus
2900 1381 3078 1426 meus,
3109 1366 3248 1432 quod
3292 1377 3371 1420 cst
3421 1369 3653 1422 dicere:

2071 1431 2314 1498 Domine,
2343 1449 2466 1488 vere
2520 1433 2854 1487 mendacium
2901 1431 3185 1488 coluerunt
3237 1446 3416 1502 patres
3474 1441 3649 1493 nostri

2077 1505 2395 1576 vanitatem,
2428 1521 2545 1572 qua).
2586 1504 2716 1576 nihil
2767 1504 2963 1576 profuit
3006 1505 3106 1570 eis,
3157 1505 3396 1576 dicenth
3444 1508 3603 1576 lapidi
3641 1527 3655 1562 :

2071 1571 2152 1625 Tu
2177 1590 2255 1625 me
2281 1571 2481 1634 creasti.
2515 1583 2563 1628 et
2593 1574 2740 1644 ligno
2771 1571 2788 1627 ξ
2816 1574 2894 1626 Tu
2933 1590 3013 1628 me
3051 1578 3290 1644 genuisti.
3325 1575 3436 1643 Ego
3476 1571 3657 1634 autem

2079 1643 2171 1697 tibi
2197 1646 2318 1696 dico
2355 1664 2365 1697 :
2399 1644 2477 1697 Tu
2497 1662 2549 1698 es
2578 1643 2714 1697 Deus
2746 1661 2906 1706 meus,
2937 1643 3063 1712 quia
3091 1661 3174 1700 nte
3205 1649 3419 1708 creasti,
3451 1649 3540 1715 qui
3571 1666 3661 1704 me

399 1722 481 1794 est
503 1729 626 1772 an'e
650 1731 802 1794 caput
835 1721 1045 1790 anguli:
1081 1733 1382 1788 quanquam
1416 1718 1614 1794 inimici
1640 1718 1807 1771 Judaei
1838 1737 1969 1788 quo-
2004 1737 2049 1794 Β
2080 1715 2327 1794 genuisti,
2348 1715 2539 1794 etitleo
2568 1715 2846 1794 conﬁtebor
2871 1716 2978 1780 tibi,
3010 1715 3058 1767 id
3081 1727 3181 1779 est,
3207 1717 3660 1794 meritolaudaho

400 1786 689 1842 dammodo
717 1786 957 1855 fecerini,
1008 1786 1128 1854 quia
1157 1786 1277 1842 cum
1327 1787 1748 1842 crucilixerunt:
1797 1786 1969 1845 tamen

400 1857 592 1909 nonad
619 1859 718 1923 hoc
743 1861 1105 1922 intenderunt,
1137 1860 1228 1912 sed
1262 1860 1436 1926 potius
1465 1873 1660 1912 nomen
1693 1859 1972 1917 destruere

394 1927 514 1997 eius
533 1928 812 1983 voluerunt
860 1948 872 1982 ε
903 1932 1023 1984 ideo
1049 1946 1150 1984 non
1184 1930 1250 1983 ab
1272 1927 1398 1997 ipsis
1421 1928 1635 1995 quidem
1670 1931 1761 1983 sed
1803 1947 1834 1984 a
1865 1930 1972 1984 Do-

400 1994 543 2048 mino
570 1997 759 2065 factum
783 2009 874 2066 est,
909 2000 1047 2068 quod
1079 2001 1197 2054 ideo
1218 1994 1482 2066 permisit,
1514 2008 1569 2052 ttt
1595 1999 1834 2053 Christus
1858 2017 1972 2056 mo-

398 2077 634 2138 reretur,
667 2079 720 2122 ut
751 2082 1049 2138 resurgeret
1093 2082 1146 2126 et
1193 2072 1522 2134 ascenderet,
1549 2078 1602 2123 et
1648 2073 1968 2138 promissum

397 2136 654 2202 Spiritum
705 2136 960 2208 apostolis
1000 2142 1253 2205 mitteret,
1310 2154 1536 2207 quorum
1593 2136 1970 2208 prazdicatioue

398 2213 543 2284 totus
571 2210 796 2284 m_undus
821 2221 938 2284 post
964 2227 1084 2267 eum
1113 2211 1304 2284 abiret,
1335 2219 1399 2284 et,
1419 2210 1498 2263 sic
1526 2211 1581 2284 i_n_
1602 2221 1759 2284 caput
1788 2213 1967 2284 anguli

398 2275 573 2351 lict-et.
608 2277 667 2334 Et
707 2275 833 2350 quia
857 2283 1047 2351 factum
1075 2291 1148 2336 est
1176 2299 1207 2334 a
1249 2275 1498 2344 Domino,
1531 2275 1754 2335 idco'in
1799 2275 1968 2338 oculis

397 2350 615 2416 nostris,
644 2351 694 2404 id
750 2350 863 2415 esu
895 2353 946 2407 in
996 2352 1338 2407 interioribus
1382 2351 1550 2406 oculis
1609 2351 1963 2418 credentium,

392 2422 722 2491 sperandum
747 2433 795 2475 et
819 2423 1149 2491 ditigcntium
1179 2421 1442 2487 mirabile,
1475 2422 1526 2476 id
1551 2431 1653 2485 est,
1694 2423 1970 2478 desidera-

396 2487 528 2556 bile,
563 2493 764 2546 scilicet
793 2487 1252 2558 qtiia‘desiderare
1280 2492 1536 2545 debemus
1563 2493 1716 2546 valde
1744 2493 1845 2548 sub
1873 2495 1965 2549 tali

391 2571 516 2610 esse
544 2563 744 2628 capite;
776 2565 856 2617 vel
884 2564 1036 2618 aliter
1067 2580 1083 2623 ;
1121 2562 1261 2616 Dixit
1287 2561 1426 2631 quod
1459 2560 1681 2628 lapidem
1722 2564 1966 2627 reproba-

392 2639 568 2701 gerunt
616 2632 952 2700 redi/icantes,
999 2645 1054 2689 et
1091 2632 1256 2697 istud,
1293 2631 1497 2686 scilicet
1544 2631 1847 2701 reprobatio
1875 2634 1962 2689 illa

391 2695 527 2772 facta
557 2709 638 2756 est
664 2717 691 2755 a
721 2695 969 2769 Domino,
991 2705 1039 2759 itl
1059 2715 1161 2772 eat,
1191 2695 1286 2772 per
1313 2695 1720 2770 dispositionem
1753 2704 1963 2760 Domini

389 2770 577 2842 patris,
609 2773 698 2841 qui
723 2775 889 2827 voluit
917 2783 971 2829 ut
1022 2770 1220 2830 δωρειαὶ
1248 2790 1311 2828 ex
1351 2782 1494 2841 parte
1520 2774 1658 2842 ﬂeret
1687 2775 1741 2826 in
1771 2772 1959 2842 Israel,

387 2845 441 2913 εει
467 2837 730 2913 plenitudo
758 2846 981 2913 gentium
1005 2847 1236 2907 intraret.
1259 2855 1303 2898 et
1322 2837 1396 2898 sic
1423 2837 1585 2897 omnis
1611 2842 1776 2898 Israel
1796 2837 1963 2900 salvus

390 2906 553 2980 ﬁeret.
581 2912 647 2964 Et
675 2906 796 2966 ide'o
821 2917 920 2968 hoc
943 2926 1016 2968 est
1043 2906 1292 2980 mirabile,
1320 2913 1370 2967 id
1403 2924 1516 2979 est,
1545 2913 1879 2970 formidabile
1909 2917 1962 2970 in

389 2979 551 3032 oculis
580 2983 786 3049 nostris,
825 2985 1030 3039 scilicet
1061 2996 1113 3038 ut
1143 2979 1332 3053 aliquis
1359 2983 1523 3038 altum
1549 2986 1738 3053 sapiat,
1769 2990 1863 3039 sed
1892 2987 1960 3040 ti-

388 3057 566 3115 meat;
597 3053 718 3118 quia
749 3053 794 3106 si
828 3053 971 3108 Deus
993 3053 1322 3109 naturalibus
1353 3055 1517 3108 ramis
1566 3069 1671 3108 non

388 3131 556 3192 usque
581 3120 706 3191 huc,
731 3137 827 3177 nec
850 3125 950 3178 sibi
981 3128 1182 3178 inserto
1203 3126 1439 3180 oleastro
1465 3134 1668 3192 parcet.

463 3187 837 3265 Hrecest’dies.
868 3194 1053 3250 Merito
1071 3197 1171 3250 hoc
1197 3195 1378 3250 mirari
1407 3187 1685 3265 debemus,
1707 3195 1826 3265 quia
1857 3195 1963 3251 Iure

387 3258 518 3334 dics,
549 3261 601 3334 id
642 3274 742 3329 est,
770 3264 869 3320 hoc
899 3273 1106 3333 tempus
1135 3264 1500 3333 dispositionis
1527 3258 1780 3334 antiquae,
1811 3281 1967 3334 repa-

385 3331 610 3406 rationis
640 3349 812 3406 novae,
846 3331 1113 3390 felicitatis
1160 3331 1396 3398 internis,
1427 3335 1492 3388 de
1521 3350 1626 3405 quo
1654 3331 1782 3390 dicit
1824 3331 1965 3406 Apo-

390 3401 560 3478 stolus
592 3419 606 3456 :
639 3402 770 3459 Ecce
823 3422 955 3460 nunc
995 3401 1812 3478 tempusacreptabile,etc..in
1860 3401 1965 3474 quo

393 3471 595 3546 scilicet
629 3481 866 3542 tcmpore
895 3479 1063 3546 factus
1094 3471 1171 3530 'est
1199 3471 1428 3546 lapis'ab
1451 3477 1836 3532 aedificantibus
1874 3471 1965 3534 re-

396 3542 736 3613 probatus,in
767 3542 916 3614 caput
937 3548 1133 3617 anguli.
1163 3542 1311 3613 "rec,
1344 3547 1578 3614 inquam,
1603 3548 1710 3601 dies
1744 3558 1816 3602 est
1851 3548 1960 3616 illa,

390 3627 544 3686 guunt
595 3617 761 3670 solam
811 3618 1065 3672 Dominus
1116 3633 1209 3686 per
1257 3617 1623 3672 excelteutiam
1664 3619 1781 3686 [wit
1839 3634 1859 3674 :
1910 3629 1964 3674 et

391 3681 512 3752 ideo
535 3685 585 3737 in
610 3701 670 3739 ea
694 3690 1066 3743 exsultandum
1097 3681 1342 3754 corpore,
1367 3694 1421 3740 et
1447 3681 1728 3741 ltetandtim
1762 3699 1960 3744 mente.

393 3757 728 3824 Quapropter
769 3773 888 3821 vos,
921 3775 952 3813 0
975 3771 1255 3813 consortes
1286 3757 1354 3811 de
1384 3759 1576 3824 populo
1605 3774 1746 3822 meo,
1781 3759 1832 3812 in
1865 3759 1964 3816 hac

392 3821 486 3898 die
509 3821 842 3898 exsultentus,
874 3831 1068 3883 bonum
1099 3830 1182 3883 vel
1214 3829 1355 3883 bene
1396 3821 1679 3897 operantcs
1708 3821 1961 3898 exterius,

387 3902 434 3942 et
468 3893 698 3969 lwtcntur
724 3897 861 3969 bene
901 3900 1195 3969 Cogitantes
1223 3893 1464 3954 interius.
1498 3898 1604 3952 Nos
1635 3899 1753 3954 dico
1782 3893 1965 3956 dicen;

389 3971 490 4027 tes,
512 3979 556 4039 Δο
588 3966 822 4039 Domine,
857 3966 1050 4024 salvum
1080 3971 1184 4039 fac,
1226 3969 1276 4023 id
1305 3977 1407 4032 est,
1437 3969 1658 4022 salutem
1691 3985 1846 4036 quam
1879 3972 1963 4026 in-

387 4035 600 4099 cutpisti
630 4052 870 4110 operare,
892 4042 943 4094 in
973 4035 1122 4094 nobis
1153 4041 1368 4109 perfice,
1387 4048 1420 4092 ο
1451 4035 1825 4103 Domine,bene
1847 4058 1965 4110 pro-

385 4117 617 4180 sperare,
649 4105 837 4180 idest,
879 4105 1194 4178 prosperum
1241 4112 1339 4164 iter
1378 4111 1533 4163 faciat
1563 4112 1719 4165 nobis
1756 4113 1822 4166 de
1847 4105 1968 4167 lon-

385 4177 579 4238 ginqua
609 4177 830 4244 regione
874 4177 925 4234 te
972 4177 1382 4234 revertentibus.
1424 4180 1516 4234 Vel
1569 4180 1726 4235 aliter
1769 4199 1781 4235 :
1828 4180 1966 4238 Bene

388 4257 714 4320 prosperare,
751 4249 799 4320 id
834 4261 933 4316 εει,
963 4264 1270 4320 prosperam
1303 4259 1357 4303 et
1413 4252 1544 4305 bene
1597 4252 1964 4319 proficientem

386 4313 478 4388 fac
505 4313 729 4370 salutem
761 4313 930 4385 illam,
962 4313 1118 4388 quam
1148 4319 1198 4372 in
1227 4320 1378 4374 nobis
1406 4313 1663 4388 operaria,
1688 4333 1742 4376 et
1774 4325 1824 4376 in
1859 4325 1963 4378 illis

387 4383 510 4436 aliis
536 4388 742 4454 ovibus,
775 4383 992 4445 scilicet
1029 4399 1085 4441 ut
1113 4401 1167 4444 et
1195 4390 1308 4444 illas
1333 4383 1584 4456 atrlducas,
1616 4400 1670 4446 et
1711 4392 1800 4445 fiat
1824 4396 1962 4450 ovile

1722 3057 1960 3125 pepercit
1989 3086 2036 3149 ο

2083 1793 2133 1837 te
2155 1785 2337 1838 corde.
2372 1785 2499 1838 Dico
2531 1804 2542 1838 :
2587 1784 2724 1837 Deus
2756 1801 2895 1839 meus
2921 1801 3044 1839 vere
3074 1802 3124 1840 es
3156 1798 3231 1850 tu,
3273 1796 3318 1839 et
3365 1787 3486 1840 ideo
3516 1793 3658 1842 emt-

2079 1855 2192 1906 tabo
2218 1865 2263 1907 te
2293 1866 2348 1908 ut
2377 1856 2539 1909 Deum
2573 1870 2748 1909 meum
2781 1870 2895 1919 ore,
2928 1865 2982 1909 et
3023 1859 3300 1922 conﬁtebor
3333 1858 3424 1910 tibi
3463 1874 3654 1924 onere.

2077 1924 2139 1976 Et
2169 1924 2380 1989 merito,
2403 1928 2643 1994 quoniam
2674 1927 2927 1978 εποιιαίδή
2967 1942 3046 1978 me
3072 1928 3138 1981 de
3168 1927 3356 1981 umbra
3388 1931 3573 1983 mortis
3601 1943 3657 1985 et

2075 1995 2400 2066 infidelitatis
2433 1997 2670 2051 tenebris
2712 1996 3047 2066 reducendo;
3070 2007 3116 2050 et
3157 2003 3323 2066 {artus
3359 2014 3410 2051 es
3448 2001 3573 2054 mihi
3599 2003 3656 2055 in

2074 2064 2318 2134 salutem,
2343 2067 2427 2120 cui
2462 2066 2546 2120 illa
2582 2067 2733 2134 prius
2757 2074 2911 2119 crant
2937 2065 3002 2118 ad
3033 2064 3288 2121 salutem.

2143 2133 2466 2205 Conﬁtemini
2501 2133 2741 2191 Domino.
2765 2137 2925 2202 Quasi
2949 2135 3090 2189 dicat
3115 2156 3130 2192 :
3158 2138 3266 2191 Hoc
3287 2138 3446 2193 etiam
3470 2141 3661 2195 dicatis

2071 2204 2291 2280 altered
2312 2207 2537 2280 alterum
2565 2208 2910 2280 exhortantes
2930 2221 3022 2260 vos
3044 2208 3302 2264 invicem:
3331 2208 3658 2280 Conﬁtemini

2071 2271 2291 2330 Domino
2314 2279 2554 2346 quoniam
2585 2277 2766 2342 bonus,
2796 2286 2902 2331 etc.

2498 2366 2564 2422 IN
2613 2366 2931 2424 PSALMUM
2983 2365 3212 2423 CXVIII.

2728 2456 2978 2513 Alleluia.

2671 2543 3054 2584 AIIGUIIENTUI.

2139 2615 2307 2674 Totus
2340 2620 2442 2674 iste
2471 2619 2705 2688 psalmus
2727 2660 2744 2686 ,
2793 2619 2884 2688 qui
2921 2620 3390 2679 exhortationibus
3417 2635 3470 2680 et
3497 2627 3655 2682 iusti-

2068 2690 2362 2764 tuti_on_ibus
2394 2691 2583 2764 plenus
2611 2699 2716 2764 est,
2755 2691 2863 2764 sub,
2895 2704 3119 2764 persona
3159 2694 3368 2749 canitur
3385 2697 3656 2764 justorum

2069 2761 2122 2815 in
2154 2760 2472 2830 Babylonica
2504 2760 2809 2833 captivitate
2835 2761 3160 2833 degentium,
3183 2765 3271 2833 qui
3296 2760 3553 2822 misceant
3576 2769 3659 2821 in-

2067 2833 2275 2885 terdum
2308 2845 2468 2886 voces
2494 2831 2692 2900 populo
2726 2832 3103 2886 convenientes
3129 2873 3146 2898 ,
3196 2831 3252 2887 ut
3292 2845 3348 2890 et
3386 2836 3660 2893 humiliter

2065 2909 2348 2973 exsequens
2373 2916 2432 2973 se
2461 2901 2568 2957 reis
2591 2902 2642 2955 in
2669 2903 3005 2956 confessioiie
3025 2903 3322 2973 culparum,
3346 2915 3400 2961 et
3425 2906 3659 2962 doceant

2066 2971 2166 3026 ista
2192 2973 2264 3025 ob
2296 2972 2545 3026 meritum
2572 2973 2767 3040 populo
2788 2973 3096 3040 contigisse.
3126 2971 3421 3032 Aliter'vox
3454 2978 3658 3034 Christi

2066 3043 2132 3096 ad
2164 3042 2376 3097 Patrem
2406 3045 2473 3098 de
2500 3042 2721 3107 Iudicis,
2753 3049 2807 3096 et
2837 3042 2904 3096 de
2933 3042 3184 3111 passione
3211 3060 3329 3102 sua.

2617 3133 2810 3202 Aleph,
2839 3133 3104 3188 doctrina.

2685 3239 3040 3279 εινιΑΜτιο.

2139 3316 2352 3394 Festive
2381 3315 2669 3394 psalmoet
2717 3316 3016 3394 divinarum
3061 3333 3240 3394 rerum
3299 3321 3497 3380 virtute
3525 3325 3658 3394 ple-

2065 3387 2290 3443 nissimo
2313 3387 2664 3443 desiderabile
2689 3389 2900 3443 alleluia
2931 3390 3290 3457 praemittitur,
3319 3401 3376 3446 ut
3399 3387 3650 3450 meritum

2067 3458 2230 3529 divini
2248 3458 2501 3513 carminis
2519 3458 2724 3529 honore
2747 3459 2880 3512 tituli
2911 3459 3080 3529 possit
3099 3463 3338 3528 agnosci.
3366 3463 3456 3519 Est
3475 3477 3654 3520 autem

2068 3527 2304 3583 Hebraeis
2328 3528 2604 3582 elementis
2625 3529 2690 3582 ad
2709 3529 2866 3584 rudes
2887 3527 2938 3581 εἰ
2960 3527 3157 3584 dociles
3180 3531 3230 3584 in
3254 3533 3434 3587 scho'a
3451 3535 3654 3590 Christi

2068 3602 2292 3668 populos
2323 3599 2664 3652 instruendos
2693 3601 2782 3652 tali
2813 3599 3001 3654 ordine
3038 3599 3302 3666 depictus,
3334 3615 3388 3657 ut
3416 3606 3486 3660 ab
3510 3621 3649 3660 una-

2065 3684 2274 3738 quaque
2301 3669 2471 3723 littera
2487 3670 2678 3745 octoni
2704 3685 2890 3723 versus
2917 3670 3304 3745 incipiau_t,ubi
3337 3678 3649 3745 mysterium

2068 3751 2194 3804 puto
2217 3740 2642 3805 resurrectionis,
2668 3748 2722 3793 et
2746 3755 2886 3794 verte
2908 3739 3329 3797 circumcisionis
3352 3739 3652 3801 ostensum.

2065 3808 2329 3895 Iosephus
2375 3819 2556 3895 autem
2585 3809 2748 3890 refert
2795 3811 2847 3864 in
2894 3811 3046 3895 lib_ris
3088 3809 3476 3895 ’Δρχαιολογίας
3515 3820 3655 3872 hunc

2067 3880 2325 3954 psalmum
2353 3890 2403 3934 et
2439 3880 2788 3954 centesimum
2839 3880 3308 3954 qu_adragesiuium
3355 3880 3602 3953 quartum
3633 3930 3651 3954 ,

2065 3963 2116 4002 ct
2145 3950 2538 4005 Deuteronomii
2571 3951 2835 4003 canticum
2866 3951 3102 4018 elegiaco
3133 3963 3305 4008 metro
3334 3950 3455 4010 esse
3499 3950 3648 4013 comi

2069 4021 2289 4088 positos,
2333 4020 2472 4092 quod
2514 4019 2720 4075 scilicet
2747 4021 2893 4092 prior
2911 4036 3110 4092 versus
3136 4038 3230 4078 sex
3265 4025 3489 4092 pedibus
3516 4043 3650 4082 con-

2065 4099 2192 4156 stet,
2232 4100 2287 4145 et
2330 4090 2548 4145 inferior
2572 4105 2677 4144 uno
2708 4091 2879 4144 minus
2909 4089 2960 4144 iu
2992 4089 3383 4160 pentaumtium
3413 4097 3647 4152 finiatur.

2069 4161 2171 4215 Per
2215 4170 2380 4214 totum
2429 4161 2689 4229 psalmum
2740 4163 3057 4216 universalis
3103 4174 3408 4219 sanctorum
3457 4170 3648 4222 chorus

2069 4231 2320 4302 loquitur,
2352 4233 2441 4296 qui
2472 4231 2538 4285 ab
2569 4231 2720 4302 initio
2747 4233 2926 4286 mundi
2958 4231 3072 4302 sive
3100 4234 3332 4297 fuerunt,
3363 4237 3478 4292 sive
3503 4249 3642 4302 sunt,

2067 4302 2178 4356 sive
2223 4301 2381 4376 futuri
2431 4316 2553 4376 esse
2597 4301 2906 4356 creduntur.
2959 4301 3106 4376 Inter
3127 4319 3262 4373 quos
3309 4301 3646 4376 reperiuntur

2067 4373 2320 4440 apostoli,
2348 4373 2642 4440 propheta},
2670 4383 2951 4440 martyres,
2983 4374 3319 4429 confessores
3343 4373 3648 4440 {ecclesia-

387 4467 575 4536 ιξηξιηιν
593 4528 605 4536 ,
625 4441 764 4512 simil
785 4441 987 4530 ίρὀἰόιὲ
1015 4470 1098 4514 εει
1120 4441 1304 4515 illis;
1340 4441 1430 4516 Εἴ
1446 4441 1962 4536 ἶιῑέο’(ἷιίι-ἷὲῖ“ιιῖ‹ἑεὶῧ
1995 4443 2042 4503 θ
2068 4444 2184 4536 il‘f‘
2203 4441 3644 4536 2293195239}$551932?99_‘1‘}°§E‘E’EE.let'ttlan'

391 4525 552 4602 debes
591 4528 741 4602 bene,
773 4525 1127 4602 prosperare,
1175 4533 1297 4600 quia
1340 4533 1428 4587 ille
1454 4533 1540 4594 qui
1574 4525 1826 4587 v‘eiiturus
1856 4525 1959 4602 est,

385 4609 492 4672 non
523 4599 572 4650 in
604 4601 816 4672 nomine
853 4617 972 4669 suo,
996 4601 1088 4656 scd
1115 4605 1164 4655 in
1197 4599 1418 4657 nomine
1449 4602 1688 4668 Domini;
1717 4605 1854 4672 quod
1883 4599 1965 4660 est

381 4666 566 4741 dicere
598 4684 613 4721 :
645 4669 878 4726 Futurus
923 4666 1005 4726 est
1055 4672 1268 4741 quidam
1302 4675 1353 4726 in
1405 4675 1619 4727 nomine
1658 4666 1787 4738 suo,
1823 4675 1962 4730 filius

383 4737 594 4792 scilicet
638 4742 978 4806 perditionis,
1004 4737 1394 4798 etinaledictus
1441 4743 1563 4798 erit.
1594 4742 1860 4798 chturus
1881 4757 1963 4800 est

383 4817 560 4882 autem
589 4811 799 4877 quidam
835 4814 888 4866 in
914 4814 1128 4867 nomine
1159 4823 1268 4879 tuo,
1299 4816 1502 4869 scilicet
1527 4814 1614 4882 qui
1645 4815 1770 4868 dicit
1796 4833 1808 4868 :
1845 4815 1963 4871 Mea

381 4877 749 4955 doctrinanon
769 4892 842 4955 est
869 4900 998 4955 mea,
1043 4884 1129 4937 sed
1162 4877 1273 4955 ejus
1301 4887 1386 4955 qui
1415 4877 1554 4937 misit
1573 4901 1652 4938 me
1673 4883 1882 4952 Patris;
1909 4896 1964 4941 et

384 4945 473 5024 hic
499 4949 600 5002 erit
624 4951 952 5024 benedictus,
985 4945 1035 5007 id
1059 4965 1137 5008 est
1157 4945 1398 5024 [Inag'no
1439 4955 1768 5010 incremento
1795 4945 1962 5010 mem-

385 5015 846 5097 brorum_diguus.
876 5015 1167 5092 oportebit
1198 5015 1341 5080 enim
1374 5034 1575 5080 tantum
1617 5038 1779 5096 caput
1806 5041 1960 5097 gros-

383 5101 502 5162 sum
536 5089 732 5145 habere
755 5089 968 5162 corpus.

456 5157 819 5234 Benediximus
850 5157 1004 5218 vobis.
1039 5163 1403 5234 Easullemus,
1445 5167 1679 5234 inquam,
1729 5175 1775 5220 et
1825 5169 1962 5223 lwte—

384 5247 518 5295 mur,
551 5233 680 5288 illud
709 5234 972 5302 dicentes,
998 5245 1052 5290 et
1083 5237 1183 5289 hoc
1213 5233 1794 5292 etiamdicentes'illis
1841 5240 1961 5293 aliis

382 5303 606 5376 ovibus:
651 5305 757 5360 Nos
783 5307 845 5359 de
871 5307 1020 5360 domo
1049 5305 1276 5371 Domini,
1310 5309 1358 5361 id
1391 5319 1506 5371 est,
1541 5325 1637 5363 nos
1665 5310 1750 5376 qui
1778 5323 1962 5364 sumus
2003 5311 2005 5313 ’

383 5375 670 5447 familiares
719 5377 926 5431 Domini
979 5392 1072 5444 per
1113 5379 1300 5444 legalia
1330 5389 1383 5433 et
1412 5375 1716 5446 pmpltetica
1741 5380 1956 5447 scripta,

381 5443 729 5519 benediximus
759 5449 897 5502 vobis
924 5443 1042 5502 aliis
1069 5443 1255 5502 ovibus
1286 5450 1336 5519 in
1363 5443 1598 5517 patribus
1627 5443 1959 5518 nostris,'qui

382 5512 484 5568 hoc
513 5512 1073 5587 p'ropbetaverunt;et
1114 5512 1508 5586 benediceinus,
1535 5519 1586 5574 id
1629 5529 1728 5584 est,
1764 5512 1958 5574 bonum

383 5587 624 5657 nuntium
650 5599 1008 5657 apportamus
1038 5590 1188 5644 vobis
1235 5591 1286 5643 in
1335 5591 1486 5644 nobis
1533 5591 1685 5657 ipsis.
1720 5591 1831 5645 lloc
1877 5599 1962 5645 est

379 5655 604 5720 scilicet,
635 5655 887 5732 Dominus
914 5670 995 5714 cst
1023 5658 1181 5722 Deus,
1206 5659 1257 5714 id
1287 5672 1388 5725 cst,
1410 5655 1732 5732 Redemptor
1760 5670 1959 5726 noster,

377 5733 458 5778 est
486 5740 640 5784 verus
660 5726 822 5786 Deus.
839 5729 906 5786 Ut
935 5747 962 5787 c
985 5744 1248 5787 converso
1278 5733 1483 5788 scilicet
1516 5726 1650 5788 Deus
1677 5744 1760 5790 eat
1789 5733 1960 5788 factus

2067 4522 2172 4566 tur.
2203 4512 2333 4577 Quia
2357 4526 2486 4580 ergo
2512 4513 2564 4564 in
2587 4512 2811 4579 singulis
2837 4514 3132 4582 quibusque
3154 4512 3434 4570 elementis
3456 4534 3644 4574 secun-

2062 4583 2186 4637 dum
2219 4583 2721 4658 interpretationem
2732 4597 2926 4658 eorum
2946 4584 3142 4658 debent
3172 4587 3390 4654 intelligi
3417 4605 3539 4658 quae
3560 4605 3644 4643 se-

2063 4661 2315 4728 quuntur,
2343 4655 2477 4728 bene
2507 4655 2673 4720 prima
2699 4653 2881 4728 littera
2913 4653 3080 4728 aleph_
3107 4653 3639 4728 doctriua’inierpre-

2064 4733 2221 4785 tatur,
2257 4723 2307 4776 in
2335 4738 2436 4792 qua
2466 4723 2816 4779 immaculatis
2856 4726 2912 4778 in
2939 4726 3023 4778 via
3052 4724 3260 4782 Domini
3287 4736 3488 4784 aeterna
3517 4723 3640 4786 bea-

2064 4795 2234 4848 titudo
2263 4794 2610 4862 promittitur.

2635 4877 3062 4921 COMMENTARIUS.

2133 4957 2278 5011 Beati
2308 4955 2640 5010 immaculati.
2676 4956 2918 5012 Alleluia.
2953 4960 3144 5028 Aleph,
3176 4959 3229 5015 id
3252 4971 3354 5028 est,
3389 4962 3501 5017 haec
3530 4962 3643 5018 laus

2059 5039 2142 5085 est
2171 5029 2237 5101 de
2261 5029 2517 5101 doctrina.
2544 5029 2720 5101 Alepb
2743 5029 2884 5082 enim
2904 5031 3287 5101 interpretatur
3311 5035 3566 5101 doctrina,
3591 5045 3644 5088 et

2061 5102 2179 5154 ideo
2208 5099 2272 5152 de
2304 5099 2584 5162 doctrina,
2636 5100 2756 5164 quia
2802 5100 3038 5164 psalmus
3086 5102 3186 5154 iste
3234 5099 3640 5158 exliortaturad

2062 5168 2467 5231 beatitudinem,
2513 5182 2670 5236 quam
2703 5184 2860 5221 nemo
2890 5184 2994 5225 non
3022 5173 3240 5238 appetit.
3269 5176 3470 5227 Omnes
3499 5177 3638 5229 enim

2062 5241 2200 5294 beati
2227 5254 2347 5294 esse
2373 5240 2575 5293 volunt.
2624 5238 2758 5304 Quid
2791 5248 2970 5294 autem
2999 5256 3134 5307 Opus
3160 5252 3242 5296 est
3268 5243 3640 5298 exhortatione

2063 5312 2114 5364 in
2147 5326 2204 5365 re
2232 5325 2388 5377 quam
2417 5317 2604 5378 sponte
2633 5324 2726 5363 sua
2757 5309 3021 5365 humanus
3045 5313 3252 5366 animus
3279 5315 3503 5380 appetit,
3538 5315 3636 5369 nisi

2061 5382 2198 5436 forte
2227 5381 2348 5449 quia
2378 5394 2565 5433 omnes
2594 5380 2806 5449 quidem
2840 5380 3218 5436 beatitudinem
3245 5385 3500 5450 cupiunt,
3545 5386 3637 5439 sed

2061 5468 2166 5520 quo
2205 5452 2391 5505 ordine
2419 5451 2484 5503 ad
2527 5450 2669 5520 illam
2713 5451 3055 5518 perveniatur
3077 5493 3092 5518 ,
3128 5454 3340 5519 plurimi
3372 5460 3633 5510 nesciunt.

2065 5519 2295 5589 Ideoque
2336 5522 2437 5576 hoc
2465 5520 2620 5574 docet
2649 5519 2749 5574 iste
2775 5521 2865 5589 qui
2893 5522 3058 5580 dicit:
3105 5521 3251 5577 Beati
3289 5525 3634 5587 immaculati,

2061 5605 2165 5666 etc.
2188 5594 2354 5666 Quasi
2381 5592 2557 5666 dicat:
2589 5590 2713 5666 Scio
2741 5591 2869 5658 quid
2898 5592 3052 5657 velis,
3083 5595 3468 5650 beatitudinem
3498 5611 3638 5666 quae-

2063 5663 2156 5717 ris.
2186 5661 2326 5731 Ergo
2353 5661 2398 5716 si
2425 5662 2506 5715 vis
2532 5674 2654 5716 esse
2684 5665 2869 5716 beatus
2892 5703 2907 5725 ,
2957 5674 3075 5718 esto
3106 5666 3497 5720 immaculatus.
3515 5661 3636 5720 'lloc

2062 5733 2274 5805 quidem
2303 5745 2508 5801 omnes,
2543 5731 2594 5788 id
2619 5740 2719 5798 est,
2745 5731 3147 5804 beatitudinem,
3176 5734 3306 5792 illud
3330 5753 3456 5798 vero
3481 5739 3629 5808 pauci
