4026 6200
454 318 494 370 In
521 316 587 371 53

1112 315 1175 368 IN
1214 315 1629 372 PSHAIORUM
1672 316 1935 372 LIBRUM
1980 317 2317 374 EXEGESES
2381 351 2447 360 —
2489 321 2731 377 I'SALM.
2773 323 3003 380 CXVIII.

3562 338 3693 391 It).‘ii

447 432 648 495 volunt,
682 430 794 483 sine
820 444 925 499 quo
956 444 1055 481 non
1082 431 1388 511 pervenitur
1418 432 1480 482 ad
1510 431 1801 511 ilbulqnod
1827 447 2011 510 omnes
2048 436 2084 488 Α
2117 438 2237 481 cato
2283 432 2386 483 sint
2414 471 2427 493 ,
2479 436 2984 511 eorum__serttentia:
3016 449 3325 511 repugnant.
3368 440 3689 511 Repugnans

448 504 648 563 volunt,
691 502 737 552 id
783 510 892 562 est,
929 503 1077 557 rauci
1109 501 1289 551 volunt
1334 502 1811 553 inunaculationcut
1840 540 1856 562 ,
1901 501 2015 555 sine

448 586 545 633 qua
580 587 682 622 non
717 568 1019 637 pervenitur
1047 575 1109 622 ad
1142 572 1539 623 bratitudinem.
1572 572 1694 624 "(PC
1720 584 1894 623 autem
1924 588 2016 624 ex-

448 642 676 692 hortatio
707 641 998 693 necessaria
1030 652 1107 694 est
1147 642 1411 694 mentibus
1446 641 1659 693 nostris
1708 641 1840 706 Quid
1873 643 2012 693 enim

446 711 567 763 boni
595 712 663 761 sit
693 710 816 761 illud
863 710 926 763 ad
967 712 1104 775 quod
1136 711 1281 761 multi
1330 712 1458 777 pigri
1505 720 1623 763 sunt
1651 752 1665 773 ,
1718 711 2016 763 ostenditur

446 796 565 833 cum
595 780 777 833 beatos
806 794 924 832 esse
951 781 1036 845 qui
1064 780 1260 832 faciunt
1289 780 1565 834 indicatur.
1601 780 1665 833 Ut
1694 792 1913 847 propter
1946 781 2013 833 il-

444 850 530 903 lud
559 851 697 916 quml
732 865 919 903 omnes
950 853 1149 913 volunt,
1180 850 1303 902 illud
1335 850 1493 903 etiam
1522 851 1611 903 liat
1638 851 1774 914 quod
1800 852 2011 915 plurimi

446 921 649 981 nolunt,
682 920 868 981 idest,
903 930 957 971 ttt
988 929 1200 986 propter
1229 922 1502 983 prtemium
1536 921 1874 973 beatitudinis
1907 936 2009 973 non

445 990 860 1057 suliterfugiatur
887 1004 1018 1057 opus
1059 990 1519 1042 itmnaculatiouis.
1570 991 1786 1043 Beatum
1818 991 2013 1059 quippe

443 1076 559 1114 esse
593 1070 695 1112 tam
735 1075 979 1128 magnum
1012 1059 1220 1125 quidem
1253 1070 1329 1112 est
1362 1060 1499 1126 quod
1529 1074 1712 1113 omnes
1754 1061 1935 1114 volunt
1962 1069 2015 1114 et

445 1130 567 1184 boni
595 1139 643 1183 et
672 1130 815 1182 mali.
861 1128 967 1181 Nec
1011 1130 1200 1181 mirum
1247 1139 1327 1182 est
1371 1131 1539 1182 bonos
1587 1140 1860 1197 pr0pterea
1893 1147 2013 1185 esse

442 1199 609 1253 bonos
640 1242 653 1262 ,
702 1209 759 1252 ut
789 1202 893 1251 sint
921 1198 1058 1251 beati
1088 1217 1102 1264 ;
1134 1200 1284 1253 valde
1313 1215 1441 1253 vero
1482 1200 1669 1253 mirum
1718 1212 1797 1254 est
1846 1201 2012 1254 malos

441 1271 600 1323 etiam
635 1278 909 1337 propterea
937 1283 1056 1321 esse
1085 1270 1255 1323 malos
1279 1310 1293 1333 ,
1340 1278 1397 1322 ut
1426 1270 1531 1322 sint
1560 1270 1715 1323 beati.
1763 1271 2010 1338 Quisquis

440 1341 581 1392 enim
606 1340 900 1393 mmchatur
922 1380 936 1401 ,
967 1348 1056 1390 aut
1088 1339 1281 1392 furtum
1305 1377 1323 1404 ,
1370 1340 1450 1393 vel
1491 1338 1830 1394 homicidium
1858 1382 1873 1405 ,
1928 1342 2007 1395 vel

440 1410 687 1476 qntelihet
712 1408 904 1461 similia
927 1407 1173 1470 admittit,
1197 1410 1266 1464 ob
1288 1410 1386 1463 hoc
1409 1410 1598 1462 talibus
1620 1409 1866 1476 intendit,
1890 1412 2007 1476 quia

443 1478 822 1534 beatitudinem
866 1495 958 1546 per
986 1481 1085 1532 hoc
1126 1480 1333 1546 quaerit.
1383 1478 1486 1534 Sed
1533 1480 1645 1534 haec
1691 1491 1815 1534 sunt
1854 1482 2009 1536 devia

440 1550 677 1615 qumdattt
703 1550 767 1602 ad
790 1547 1213 1611 similitudinem,
1239 1549 1335 1603 hos
1361 1552 1491 1603 tales
1513 1562 1729 1604 revocat
1753 1552 2005 1617 psalmus.

441 1620 597 1685 Quasi
627 1618 804 1690 (licat:
847 1619 981 1690 Quid
1015 1618 1228 1673 facitis?
1264 1634 1368 1686 quo
1394 1618 1650 1690 tenditis?
1680 1636 1838 1690 quam
1868 1621 2007 1676 viam

440 1690 685 1743 insistitis
708 1688 730 1742 ?
756 1688 870 1742 Non
898 1688 995 1759 hac
1024 1699 1167 1743 recte
1189 1690 1311 1754 itur,
1337 1689 1428 1744 sed
1452 1689 1600 1743 devia
1622 1688 1861 1759 quiedam
1886 1700 2009 1745 sunt

2121 514 2331 580 quoque
2358 512 2457 580 est,
2479 512 2533 552 ut
2561 503 2610 553 in
2639 503 2735 580 viis
2756 504 2870 571 ejus
2894 522 2996 580 nou
3019 503 3310 580 ambulent,
3334 503 3459 580 quia
3480 503 3692 579 sintalis.

2120 570 2342 649 scilicet,
2364 571 2457 649 ille
2488 580 2569 649 est
2592 580 2646 625 ut
2669 570 2815 639 virgo
2839 577 3097 649 speciosa,
3127 586 3181 633 et
3208 570 3402 649 ὶΙΙθηὶιί
3433 584 3549 647 plus
3572 570 3689 637 οιιιέ

2123 638 2275 717 nibus
2310 639 2585 717 laboravit,
2615 658 2717 694 non
2748 638 3019 699 ambulant
3051 638 3103 701 in
3137 650 3235 711 via,
3270 638 3356 717 qui
3386 638 3474 705 alii
3501 655 3690 708 ambu-

2122 707 2233 789 lant
2264 707 2314 761 in
2350 710 2474 789 via?
2504 711 2859 789 [interrogetur
2899 717 3074 782 itaque
3116 707 3233 789 ipse,
3259 707 3447 775 l‘aulus
3474 735 3689 789 aposto-

2121 777 2220 852 lus,
2254 779 2472 852 etdicat
2501 777 2765 852 quomodo
2795 794 2846 837 et
2875 777 3146 852 peccatum
3179 788 3388 851 faciant.
3434 802 3486 845 et
3511 777 3579 845 'in
3609 796 3689 846 via

2122 847 2322 901 Domini
2349 850 2636 903 ambulent.
2666 853 2735 905 De
2761 847 2975 916 peccato
2998 867 3169 910 autem
3193 858 3349 913 dicit:
3380 847 3497 914 Non
3520 874 3690 916 autem

2116 933 2205 985 ego
2233 918 2362 969 illud
2391 936 2615 993 operor,_
2638 923 2724 973 sed
2762 922 2992 977 habitans
3022 926 3072 978 in
3103 944 3181 979 me
3209 940 3486 993 peccatum.
3524 934 3575 984 lu
3610 934 3689 984 via

2117 1003 2327 1054 quoque
2354 1003 2412 1042 se
2443 991 2713 1044 ambulare
2743 996 2992 1056 ostendit,
3029 997 3113 1048 ubi
3145 991 3218 1051 ait
3246 1016 3257 1050 :
3309 1000 3477 1053 Unum
3519 1019 3692 1055 eorum

2114 1073 2225 1121 qua:
2256 1069 2387 1110 retro
2416 1071 2532 1112 sunt
2561 1062 2853 1115 obliviscens
2876 1106 2888 1127 ,
2931 1066 2980 1116 in
3011 1082 3068 1117 ea
3108 1083 3219 1119 vero
3263 1085 3375 1133 quw
3419 1080 3534 1124 ante
3576 1082 3692 1125 sunt

2113 1138 2560 1206 extentussemper
2589 1147 2768 1206 sequar
2798 1134 2875 1206 ad
2896 1137 3114 1199 palmam
3138 1154 3369 1203 superna:
3391 1143 3689 1206 vocationis,

2112 1213 2225 1264 quis
2243 1209 2315 1250 est
2425 1200 2624 1275 Christo
2658 1200 2803 1256 .lesu.
2840 1204 2975 1275 Ecce
3004 1206 3171 1258 soluta
3200 1200 3281 1260 est
3312 1213 3551 1275 quzestio.
3583 1200 3686 1264 Sed

2114 1270 2423 1348 rursusalia
2446 1271 2683 1348 exoritur
2704 1274 2955 1348 QU;I'SIill._
2973 1275 3238 1348 Qumritnr
3257 1270 3397 1331 enim
3421 1282 3689 1348 quomodo

2114 1335 2250 1416 idem
2294 1338 2448 1391 faciat
2473 1379 2487 1405 ,
2536 1352 2587 1418 et
2635 1335 2771 1418 idein
2806 1360 2907 1418 non
2937 1335 3091 1418 faciat
3116 1356 3410 1411 peccatum.
3439 1335 3517 1403 'Ad
3546 1351 3688 1418 quod

2112 1406 2201 1479 sic,
2223 1419 2309 1479 est
2334 1412 2766 1477 reSpondendum
2797 1429 2811 1463 :
2851 1406 3280 1479 Quandocunqne
3312 1418 3478 1473 illiciti
3510 1406 3684 1475 minus

2116 1477 2271 1553 nobis
2298 1478 2596 1553 insurgunt,
2632 1477 2909 1553 sitantum
2940 1494 3119 1553 surgat
3156 1485 3403 1551 allectus,
3431 1502 3481 1542 et
3510 1491 3688 1543 nullus

2113 1548 2384 1627 relaxetur
2414 1549 2659 1627 effectus,
2680 1552 2789 1627 hoc
2818 1563 2925 1617 est,
2974 1560 3019 1627 si
3036 1548 3399 1627 ivoluntalemr
3418 1575 3521 1612 non
3555 1577 3689 1627 prte-

2113 1613 2303 1669 bemus
2326 1633 2515 1693 eorum
2545 1613 2841 1693 desideriis,
2870 1613 2924 1677 et
2952 1624 2995 1677 si
3025 1624 3102 1678 sic
3132 1640 3227 1680 nos
3254 1613 3599 1693 refrenamu's,
3631 1642 3686 1684 ut

2116 1700 2221 1766 non
2253 1688 2601 1766 exhibeantus
2643 1692 2878 1746 membra
2921 1704 3098 1748 nostra
3142 1711 3288 1750 arma
3330 1688 3680 1766 iniquitatiad

439 1760 502 1833 ad
522 1759 933 1833 beatitudinem.
977 1758 1089 1811 Non
1136 1773 1232 1833 per
1277 1762 1395 1833 ιιοει⁸
1418 1754 1734 1833 pervenistis
1764 1776 1868 1833 quo
1896 1772 2008 1833 ten-
2044 1772 2089 1830 Β
2117 1754 2445 1833 iniquitatem
2472 1802 2486 1825 ,
2539 1774 2666 1815 ecce
2710 1772 3006 1833 peccatum_
3035 1779 3136 1817 non
3185 1754 3487 1833 Operamtir.
3539 1770 3688 1825 Sicut

438 1830 583 1882 ditis.
618 1828 1001 1883 Ileatitodinem
1023 1829 1280 1893 quaeritis,
1306 1829 1398 1881 sed
1422 1829 1507 1884 his
1534 1830 1633 1883 viis
1664 1832 1713 1883 in
1744 1831 2008 1885 miseriam

444 1899 708 1953 incidetis.
738 1899 1038 1965 Relinquite
1066 1912 1194 1966 ergo
1224 1899 1628 1967 malignitatem,
1661 1901 1748 1967 qui
1782 1916 1885 1953 non
1921 1915 2013 1967 po-

439 1969 587 2022 testis
638 1970 939 2034 relinqucre
993 1969 1334 2022 beatitudinis
1385 1970 1736 2024 voluntatem.
1797 1970 2013 2024 Frustra

441 2040 705 2092 tendendo
731 2036 1056 2106 fatigantini,
1101 2054 1205 2106 quo
1246 2040 1604 2107 perveniendo
1646 2040 2009 2107 inquinamini.

434 2108 550 2161 Non
581 2109 719 2162 enim
751 2110 887 2162 beati
919 2108 1198 2176 inquinati,
1231 2108 1323 2162 sed
1370 2110 1505 2163 beati
1554 2109 1857 2162 immaculat
1884 2148 1900 2165 .
1952 2111 2014 2164 Et

434 2180 648 2245 quinam
681 2178 1002 2232 immaculati
1033 2180 1160 2240 sint,
1183 2178 1413 2233 ostendit
1439 2194 1557 2231 cum
1584 2178 1740 2233 dicit:
1769 2181 1865 2246 Qui
1894 2190 2015 2235 sunt

433 2247 487 2299 in
520 2250 618 2310 via,
655 2263 758 2301 non
783 2248 869 2315 qui
899 2251 1195 2315 peccando,
1213 2250 1306 2301 sed
1337 2247 1535 2302 faciunt
1558 2256 1706 2302 extra
1735 2252 1892 2303 viam.
1921 2250 2011 2301 Via

432 2327 610 2389 autem
646 2310 815 2389 (quasi
843 2310 1002 2389 dicat)
1028 2326 1110 2372 est
1137 2310 1221 2373 le'x
1251 2318 1455 2372 Domini
1481 2358 1497 2383 ,
1544 2319 1619 2389 in,
1647 2334 1748 2387 qua
1791 2322 1899 2389 lege
1926 2320 2013 2387 qui

432 2387 717 2452 ambulant,
749 2388 797 2440 id
823 2396 924 2451 est,
955 2388 1302 2452 delectantur,
1332 2397 1579 2456 tanquam
1609 2388 1661 2441 in
1684 2387 2014 2445 ambulatore

433 2456 595 2519 bono,
631 2459 729 2510 hoc
756 2467 859 2518 est,
889 2458 977 2525 qui
1007 2474 1109 2511 non
1142 2462 1327 2512 timore
1356 2474 1548 2526 paenae,
1591 2459 1683 2513 sed
1714 2474 1896 2513 amore
1923 2461 2011 2525 ju-

432 2525 593 2578 Stitia:
621 2528 786 2593 legem
814 2526 1019 2600 Domini
1046 2532 1333 2597 complent,
1360 2525 1502 2600 sunt
1546 2531 1863 2585 immaculati
1901 2530 2011 2600 jam

432 2609 528 2663 per
553 2610 720 2661 spent,
746 2606 800 2648 et
827 2598 948 2664 quia
978 2598 1316 2663 immaculati,
1352 2599 1467 2653 ideo
1496 2600 1652 2655 beati.

504 2664 647 2718 Beati
670 2667 755 2733 qui
783 2677 1090 2721 scrutantur.
1125 2669 1236 2723 Non
1270 2670 1410 2721 aliud
1436 2684 1599 2733 genus
1630 2670 1904 2724 beatorum
1934 2672 2011 2725 vi-

431 2735 584 2789 detur
616 2737 695 2790 hic
720 2738 961 2807 accipere
986 2752 1138 2804 quam
1186 2739 1349 2806 prius.
1398 2738 1539 2792 Idem
1580 2739 1719 2791 enim
1762 2752 1883 2794 sunt
1922 2742 2010 2807 qui

430 2806 691 2859 ambulant
720 2809 770 2859 in
798 2807 903 2877 lege
932 2806 1138 2861 Domini
1160 2850 1174 2873 ,
1216 2819 1262 2862 et
1286 2809 1371 2877 qui
1397 2810 1679 2862 testimonia
1719 2812 1828 2877 ejus
1866 2806 2011 2863 scru-

429 2883 625 2948 tantur,
646 2886 771 2941 etc.,
794 2878 891 2930 nisi
913 2878 1032 2945 quia
1058 2878 1190 2933 forte
1213 2880 1326 2946 plus
1350 2879 1674 2948 intelligitur,
1701 2894 1818 2931 cum
1841 2880 2004 2934 dicit:

432 2946 530 3019 Qui
557 2958 849 3019 scrutantur
876 2948 1158 3001 testimonia
1201 2952 1349 3019 ejus;
1395 2949 1491 3001 hoc
1518 2946 1621 3013 est,
1652 2949 1739 3013 qui
1767 2960 2006 3019 satagunt

431 3015 793 3087 inhpravceptis
825 3017 1037 3087 Domini
1060 3015 1390 3087 complendis
1417 3033 1582 3081 usuue
1627 3018 1692 3071 ad
1736 3015 2006 3086 sanguinis

428 3084 759 3156 etinsionem.
795 3088 859 3140 Et
887 3096 968 3140 est
991 3084 1198 3142 dicerei
1232 3086 1374 3141 Beati
1395 3097 1537 3153 sunt,
1564 3089 1796 3156 inquam,
1822 3084 2004 3143 inimu-

426 3153 583 3207 culati
610 3158 662 3208 in
702 3159 818 3220 via,
854 3164 907 3210 et
950 3157 1078 3209 beati
1119 3167 1241 3211 sunt
1282 3158 1367 3225 qui
1407 3153 1693 3210 scrutantur
1719 3161 2004 3214 testimonia

426 3226 555 3291 ejus,
591 3225 640 3279 id
682 3235 781 3289 est,
815 3227 1020 3279 Domini
1048 3266 1062 3289 ,
1098 3229 1165 3279 ita
1198 3228 1337 3294 quod
1368 3228 1636 3291 exquirunt
1666 3244 1777 3280 eum
1809 3232 1859 3281 in
1901 3240 2004 3285 toto

428 3298 581 3347 corde
624 3309 739 3349 suo.
788 3296 900 3349 Non
932 3295 1120 3349 frustra
1147 3307 1229 3352 est
1261 3299 1359 3349 hoc
1389 3298 1646 3351 additum.
1696 3297 1830 3351 Vidit
1861 3300 2001 3353 enim

430 3363 659 3431 Spiritus
686 3373 901 3419 Sanctus
931 3366 1125 3419 multos
1156 3367 1451 3421 testimonia
1482 3368 1707 3421 scrutari
1732 3407 1745 3429 ,
1797 3385 1900 3421 non
1949 3380 2005 3423 nt

419 3434 549 3508 justi
580 3435 704 3508 sint,
734 3436 826 3508 sed
852 3448 905 3508 ut
930 3434 1072 3490 docti
1100 3476 1115 3508 ,
1145 3452 1259 3508 non
1289 3446 1343 3489 ut
1370 3437 1555 3508 faciant
1579 3478 1595 3508 ,
1649 3438 1739 3508 sed
1782 3447 1837 3491 ut
1864 3441 2003 3508 quod

423 3504 717 3575 faciendum
746 3506 813 3558 sit
835 3507 1023 3568 sciant,
1052 3505 1117 3559 ad
1144 3506 1262 3571 hoc,
1290 3517 1345 3558 ιιι
1373 3508 1449 3559 vel
1474 3507 1677 3561 laudem
1704 3504 1999 3575 hominum,

424 3573 506 3644 vel
546 3574 771 3644 aliquod
808 3575 1061 3629 sarculare
1109 3577 1379 3644 praemium
1430 3576 1551 3630 inde
1594 3584 1885 3644 acquirant.
1940 3573 2005 3634 Et

425 3642 543 3715 ideo
571 3645 718 3715 addit
744 3643 809 3698 In
837 3656 938 3697 toto
966 3642 1135 3708 corde,
1166 3656 1269 3699 etc.
1303 3646 1452 3711 Quod
1480 3647 1556 3699 sic
1586 3642 1823 3701 est—intel
1851 3650 2002 3715 igen-

422 3714 583 3766 dum:
636 3712 783 3767 Beati
830 3726 946 3768 sunt
993 3717 1081 3780 qui
1125 3727 1415 3769 scrutantur
1458 3717 1742 3769 testimonia
1773 3712 1999 3785 DtllIlInI,

424 3793 642 3855 pr0pter
663 3786 799 3850 quod
832 3785 941 3853 ipsa
974 3795 1096 3838 sunt
1124 3788 1265 3850 data,
1306 3788 1506 3839 scilicet
1537 3797 1589 3838 ut
1617 3788 1669 3839 in
1698 3797 1800 3840 toto
1830 3791 1998 3855 corde,

423 3851 473 3905 id
506 3862 624 3927 est,
644 3865 747 3907 tota
775 3851 1073 3927 intentione
1100 3872 1216 3909 eum
1238 3866 1437 3927 tantum
1464 3858 1512 3909 in
1535 3857 1613 3910 eis
1635 3859 1923 3927 exquirant,
1950 3851 2003 3913 et

422 3925 742 3994 exquisitum
773 3924 1061 3978 inveniant.
1110 3928 1223 3979 Non
1275 3926 1413 3980 enim
1446 3926 1532 3993 qui
1572 3941 1690 3980 eum
1710 3924 2003 3994 exquirunt

421 3992 558 4045 beati
590 4004 731 4058 sunt,
755 3995 847 4049 sed
867 3996 954 4064 qui
972 3996 1267 4064 inveniunt,
1293 3992 1522 4050 nondum
1549 4006 1745 4061 tamen,
1770 3992 1861 4052 sed
1887 4010 2001 4052 tan-

422 4073 531 4115 tum
564 4065 613 4115 in
645 4079 758 4131 spe.

496 4131 616 4185 Non
643 4137 773 4186 enim
793 4136 878 4202 qui
900 4146 1174 4203 operantur
1194 4137 1526 4204 iniquitatem.
1552 4137 1640 4191 Sic
1664 4142 2000 4193 eontinuatur

419 4201 484 4255 ad
516 4201 810 4278 proximum
839 4224 851 4258 :
883 4201 1016 4260 vere
1043 4208 1126 4278 qui
1155 4201 1441 4278 scrutantur
1469 4208 1751 4260 testimonia
1779 4213 1910 4278 ejus,
1945 4219 2000 4263 ut

420 4274 706 4325 scrutanda
734 4284 877 4342 sunt,
904 4287 1025 4330 sunt
1055 4276 1203 4329 beati.
1232 4276 1364 4331 Nam
1396 4278 1467 4330 illi
1500 4278 1589 4345 qui
1620 4293 1721 4330 non
1755 4274 1996 4331 serutau-

422 4350 506 4394 tur
539 4357 601 4415 ea
633 4354 685 4395 ut
710 4347 996 4415 scrutanda
1027 4356 1169 4409 sunt,
1200 4347 1339 4414 quod
1369 4346 1773 4415 a‘qnipolleuter
1801 4346 1998 4415 accipi-

423 4422 507 4487 tur
548 4412 649 4487 _ubi_
669 4413 833 4487 dicit:
880 4416 979 4481 Qui
1017 4412 1294 4483 aperantur
1337 4412 1683 4487 iniquitatem,
1729 4433 1832 4470 non
1874 4412 1994 4487 sunt

423 4483 584 4555 beati.
617 4483 766 4548 Quod
800 4485 923 4538 item
951 4489 1349 4555 :equipoltenter
1379 4483 1543 4552 ponit,
1586 4501 1705 4540 cum
1737 4486 1894 4541 dicit:
1929 4486 1994 4541 In

419 4554 511 4606 riis
543 4556 651 4625 ejus
680 4568 780 4607 non
807 4554 1212 4609 ambulaverunt.
1254 4557 1331 4611 Ad
1364 4561 1590 4624 primum
1631 4572 1841 4625 quoque
1876 4573 1994 4611 ver-

420 4637 537 4676 sum
561 4616 657 4677 'sic
695 4625 1071 4678 eonlittuatur:
1121 4626 1253 4679 Vere
1283 4616 1592 4678 immaculati
1634 4616 1896 4679 timbitlant
1939 4629 1992 4680 in

421 4693 549 4761 lege,
599 4694 648 4747 id
678 4697 833 4748 estin
864 4696 959 4748 viis
988 4694 1215 4748 Domini.
1268 4695 1395 4748 Nam
1434 4695 1523 4760 qui
1551 4696 1794 4749 maculati
1826 4705 1988 4761 sunt,

422 4765 522 4817 hoc
548 4772 630 4817 est
654 4765 1074 4832 :equipollenter,
1104 4766 1187 4832 qui
1208 4765 1547 4832 iniquitatem,
1586 4765 1637 4819 id
1665 4773 1767 4829 est,
1801 4780 1989 4833 pecca-

421 4841 533 4903 tum
563 4845 862 4903 operantur,
896 4835 969 4889 illi
1001 4850 1104 4888 non
1134 4835 1405 4887 ambulant
1430 4835 1481 4888 in
1514 4837 1610 4887 viis
1639 4834 1777 4903 ejus.
1819 4835 1884 4887 Et
1908 4844 1988 4890 est

418 4902 474 4955 in
525 4903 622 4957 hac
664 4914 883 4973 utraque
913 4906 1308 4958 continuatione
1347 4904 1428 4958 vis
1470 4918 1501 4957 a
1547 4902 1835 4958 contrario.
1882 4905 1989 4961 Cur

417 4974 596 5026 'autetu
626 4974 798 5026 omnis
840 4974 1086 5042 iniquitas
1131 4976 1201 5027 sit
1244 4983 1551 5040 peccatum,
1595 4974 1730 5027 sicut
1756 4973 1988 5029 Joannes

418 5051 647 5097 testatur
672 5044 888 5097 dicens:
934 5044 1033 5108 Qui
1055 5043 1177 5112 facit
1202 5044 1537 5111 iniquitatem,
1561 5046 1682 5111 facit
1705 5054 1985 5112 peccatum,

418 5115 627 5166 deetur
648 5127 714 5165 ex
743 5116 839 5166 hac
865 5115 1058 5179 littera,
1089 5117 1229 5180 quod
1269 5113 1445 5165 nullus
1484 5114 1682 5168 faciens
1711 5127 1984 5181 peccatum

417 5184 653 5237 ambulet
679 5182 731 5235 itt
761 5184 860 5238 viis
890 5183 1023 5252 ejus.
1073 5185 1249 5251 Quare
1278 5182 1560 5235 videndum
1609 5192 1691 5235 est
1734 5198 1801 5236 ne
1845 5184 1984 5249 quod

415 5264 563 5307 recte
604 5254 673 5307 (IIl
694 5264 802 5310 tum
845 5264 967 5314 est,
1023 5268 1127 5306 non
1170 5261 1316 5306 recte
1360 5252 1683 5306 inteliectum
1728 5254 1984 5306 lectorem

418 5324 711 5389 perturbet.
755 5324 887 5389 Quia
923 5323 1053 5378 dicit
1098 5323 1237 5377 idem
1286 5321 1556 5375 Joannes:
1600 5321 1661 5375 Si
1710 5322 1983 5376 dixerimus

413 5395 533 5462 quia
554 5410 811 5462 peccatum
834 5409 933 5447 non
961 5392 1205 5445 habemus
1230 5432 1246 5455 ,
1278 5407 1369 5443 nos
1397 5392 1532 5461 ipsos
1562 5393 1848 5462 seducimus
1872 5434 1888 5459 ,
1934 5402 1985 5446 et

414 5461 600 5516 ueritas
626 5466 677 5517 in
708 5465 848 5521 nobis
877 5480 979 5517 non
1010 5474 1100 5517 est.
1149 5464 1210 5515 Et
1248 5465 1587 5529 coapostolus
1629 5461 1744 5531 ejus
1791 5462 1982 5515 Paulus

415 5536 699 5586 conﬁtetur
727 5536 882 5587 etiam
917 5541 1187 5601 peccatum
1220 5546 1277 5585 se
1308 5532 1482 5585 facere
1511 5546 1629 5585 cum
1660 5534 1817 5585 dicit:
1862 5531 1981 5584 Non

412 5606 549 5673 quod
579 5606 688 5657 υοΙο
720 5605 901 5658 bonum
938 5605 1093 5671 jacio,
1135 5602 1225 5655 sed
1262 5602 1400 5670 quod
1437 5603 1552 5654 nolo
1594 5608 1819 5666 malum,
1852 5602 1983 5654 illud

412 5691 529 5743 ago.
560 5676 695 5743 Ergo
719 5684 927 5743 Oportet
953 5687 1043 5725 aut
1070 5675 1204 5727 tales
1227 5680 1473 5743 putentur
1498 5687 1599 5726 non
1627 5674 1900 5743 ambulare
1927 5674 1978 5723 iu

412 5742 511 5800 ves
540 5742 674 5814 ejus,
706 5742 798 5801 attt
816 5759 934 5801 esse
960 5743 1074 5799 sine
1098 5752 1333 5813 peccato.
1355 5742 1506 5809 Quod
1532 5752 1707 5798 autem
1728 5742 1842 5797 sine
1861 5757 1979 5812 pec-

2118 1826 2404 1893 Apostolus
2434 1843 2643 1896 quoqne
2672 1826 2937 1899 praecipit:
2963 1830 3092 1886 Ecce
3119 1826 3374 1901 peccatum
3402 1839 3453 1892 in
3481 1841 3683 1892 mortali

2114 1906 2276 1947 vestro
2307 1912 2518 1970 corpore
2546 1915 2646 1953 non
2668 1910 2838 1970 regnet
2863 1916 2881 1962 ;
2905 1912 2986 1955 et:
3020 1902 3193 1957 Nolite
3212 1905 3445 1960 exhibere
3466 1909 3686 1963 membra

2116 1975 2277 2046 vestra
2299 1970 2483 2021 servire
2505 1969 2843 2047 iniquitaligd
2863 1971 3198 2040 iniquitatem.
3223 1974 3327 2047 Sed
3354 1986 3528 2031 tamen
3553 1994 3684 2047 quo-

2117 2032 2395 2119 niantnon
2426 2046 2510 2091 est
2544 2032 2693 2119 vigor
2716 2040 2905 2119 aliena:
2930 2032 3513 2119 n_aturae,_sedlanguor
3541 2032 3686 2101 inﬁr-

2116 2105 2568 2183 tnitatasnostrat,
2603 2105 2730 2183 illud
2776 2111 2913 2183 unde
2943 2105 3201 2183 desideria
3250 2105 3427 2167 illicii'a
3460 2127 3684 2183 surgunt

2116 2172 2168 2225 in
2201 2174 2352 2228 nobis
2373 2214 2389 2239 ,
2428 2180 2579 2251 unde
2606 2178 2890 2245 Apostolus
2912 2198 2949 2251 :7
2971 2180 3076 2234 Sed
3122 2185 3257 2251 quod
3303 2184 3493 2239 habitat
3523 2172 3581 2241 iii
3606 2205 3682 2243 me

2116 2256 2393 2319 peccatum,
2428 2246 2547 2319 ideo
2573 2262 2669 2301 nos
2697 2263 2905 2317 quoque
2936 2246 3150 2305 iacimus
3182 2266 3451 2319 peccatum
3475 2297 3489 2317 ,
3518 2267 3568 2310 et
3596 2262 3675 2312 sic

2115 2312 2253 2366 idem
2284 2324 2336 2366 et
2366 2317 2584 2369 iacimus
2626 2327 2681 2371 et
2712 2312 2833 2371 ἠοιὶ
2862 2318 3082 2373 facimus
3110 2312 3401 2388 peccatum.
3451 2312 3514 2379 Et
3559 2327 3681 2380 ideo

2114 2397 2331 2457 rursum
2351 2390 2639 2457 quatrituri,
2671 2402 2737 2441 an
2782 2401 2877 2441 nos
2907 2388 3140 2457 quotidie
3171 2393 3222 2445 in
3257 2394 3520 2448 Dotninica
3552 2412 3679 2449 ora-

2115 2455 2257 2531 tione
2280 2452 2555 2509 dicamus:
2588 2456 2817 2531 ρίηιὶιιε⁸
2835 2452 2973 2531 nobis
3017 2461 3183 2513 debita
3222 2473 3394 2516 nostra
3414 2507 3427 2525 ,
3472 2466 3552 2519 vel
3584 2482 3677 2531 pro

2111 2519 2194 2575 his
2228 2537 2346 2591 qua:
2375 2527 2765 2601 consentientes
2795 2527 3012 2582 facimus
3037 2569 3052 2594 ,
3096 2531 3178 2585 vel
3223 2548 3318 2599 pro
3359 2519 3637 2589 desideriis
3657 2578 3673 2601 ,

2151 2606 2231 2666 nte
2278 2608 2379 2666 non
2418 2608 2538 2666 nos,
2585 2596 2675 2648 sed
2710 2610 2978 2663 peccatum
3020 2601 3158 2666 quod
3186 2596 3386 2656 habitat
3428 2604 3479 2657 in
3526 2596 3676 2660 nobis

2133 2661 2257 2741 ’a_cit.
2280 2661 2429 2728 Quod
2452 2664 2636 2717 beatus
2658 2661 2977 2734 Augustinus
2998 2661 3231 2741 solvens,
3253 2675 3451 2741 inquit:
3474 2693 3490 2725 t
3515 2675 3677 2729 Prout

2112 2728 2177 2782 ad
2224 2746 2459 2798 przesens
2504 2748 2691 2802 sapere
2724 2728 2974 2802 p'ossum,
3023 2740 3141 2793 dico
3190 2728 3466 2796 universus
3499 2728 3677 2799 reatus

2112 2802 2275 2853 nostri
2307 2802 2574 2871 languoris
2604 2814 2655 2858 et
2685 2817 2879 2860 nostra:
2910 2808 3232 2864 inﬁrmitatis
3278 2828 3398 2866 cum
3429 2816 3675 2870 omnibus

2110 2884 2227 2936 qua:
2256 2873 2651 2951 consentientes
2672 2875 2923 2951 diximus,
2950 2878 3167 2951 iecimus
3188 2892 3279 2951 aut
3306 2885 3675 2951 cogitavimus,

2109 2953 2445 3012 sacramento
2477 2943 2804 3012 baptismatis
2832 2960 2911 3000 est
2941 2948 3165 3004 deletus.
3198 2950 3262 3003 Et
3293 2943 3410 3007 ἰύθῦ
3439 2959 3535 3007 etsi
3562 2943 3675 3009 Ian;

2108 3023 2240 3075 guor
2266 3011 2427 3086 nobis
2447 3011 2601 3086 inerit,
2635 3030 2737 3086 non
2766 3025 2941 3073 tamen
2971 3020 3139 3086 obest,
3165 3021 3207 3075 si
3235 3037 3341 3075 non
3371 3026 3674 3079 consentia«

2110 3093 2225 3131 tuus
2256 3080 2303 3133 ei
2332 3082 2591 3148 iaciendo,
2638 3084 2865 3140 dicendo
2890 3098 2978 3140 aut
3006 3080 3161 3143 tacite
3186 3092 3545 3147 assentiendo.
3569 3094 3673 3149 Sed

2112 3153 2561 3232 tametrq‘uoniam
2590 3154 2695 3232 vita
2718 3155 2937 3210 hominis
2966 3158 3161 3232 militia
3179 3171 3251 3213 est
3280 3180 3432 3232 super
3462 3173 3670 3226 terram,

2106 3216 2226 3271 ideo
2257 3216 2532 3296 vigilamus
2571 3224 2785 3291 quidem
2834 3238 3015 3281 cootra
3061 3230 3262 3296 majora
3306 3216 3589 3296 ci'intina,
3617 3216 3673 3289 ei

2103 3302 2244 3370 saepe
2268 3294 2419 3344 nobis
2448 3295 2669 3370 incautis
2694 3296 2988 3364 subrepunt
3007 3294 3269 3365 quaedam,
3304 3318 3419 3370 qua:
3441 3306 3537 3356 etsi
3557 3294 3669 3356 sin-

2103 3359 2220 3425 gula
2244 3376 2336 3411 sua
2362 3362 2499 3415 mole
2524 3378 2627 3415 non
2652 3359 2954 3428 conterunt,
2974 3359 3146 3421 tamen
3177 3359 3338 3423 multa
3362 3385 3545 3426 contra
3570 3388 3667 3427 nos

2103 3428 2291 3509 collata
2324 3444 2515 3509 acervo
2544 3447 2644 3509 nos
2670 3436 2920 3509 obruunt.
2956 3437 3019 3489 Et
3050 3437 3168 3490 ideo
3198 3454 3290 3505 pro
3316 3442 3397 3494 his
3429 3442 3666 3509 quotidie

2102 3505 2185 3578 est
2231 3500 2527 3578 orandum,
2574 3502 2920 3578 jejunandum
2968 3516 3020 3560 et
3063 3500 3587 3578 eleemosynandum.
3641 3532 3659 3562 ι

2101 3565 2251 3621 Nunc
2278 3569 2342 3621 ad
2370 3565 2597 3646 litterato
2627 3565 2924 3638 redeamus,
2956 3592 3074 3644 qua:
3114 3578 3191 3631 sic
3218 3565 3530 3646 exponitur:
3566 3583 3664 3645 Qui

2102 3650 2373 3716 operantur
2394 3642 2728 3716 iniquitatem,
2761 3646 2809 3697 id
2838 3658 2937 3716 est,
2968 3642 3038 3699 illi
3063 3648 3153 3716 qui
3182 3642 3558 3702 consentiendo
3582 3642 3662 3703 in-

2102 3710 2215 3761 miti
2249 3714 2471 3786 pcecati,
2502 3714 2753 3786 dicendo,
2800 3715 3040 3769 faciendo
3081 3710 3169 3769 aut
3199 3719 3501 3783 co,;itando,
3532 3735 3660 3786 ope-

2100 3779 2660 3855 ranturiniquitatem,
2709 3785 2759 3837 id
2808 3797 2889 3837 est
2918 3826 2932 3849 ,
2979 3779 3331 3854 quodcunque
3362 3779 3659 3855 peccatum,

2102 3862 2206 3926 non
2235 3851 2498 3926 ambulant
2533 3853 2584 3926 in
2612 3855 2713 3906 viis
2740 3855 2880 3922 ejus,
2902 3851 3023 3924 quia
3048 3872 3149 3909 non
3176 3851 3489 3909 itnntaculati
3516 3851 3659 3926 sunt,

2101 3918 2193 3969 sed
2242 3922 2512 3997 maculati.
2566 3918 2945 3997 I_‘_otest'etiatit
2997 3926 3207 3995 egregia
3239 3926 3327 3979 illa
3372 3918 3658 3997 iniquitas,

2100 4002 2218 4067 quas
2240 4004 2275 4067 _a
2308 3991 2410 4067 lide
2440 3993 2639 4067 recedit
2661 4003 2779 4067 ,Jet
2812 3995 2877 4067 ad
2912 3991 3064 4050 [idem
3094 3991 3197 4049 non
3223 3991 3649 4067 accedit,'qitatn

2100 4054 2436 4132 Dominusin
2469 4054 2751 4131 Evangelio
2781 4063 3117 4129 singulariter
3147 4078 3297 4119 vocat
3339 4054 3611 4132 peccat-um
3637 4110 3651 4130 ,

2099 4128 2320 4205 dicens:
2453 4128 2653 4197 peccato
2674 4128 2896 4201 quidem,
2927 4136 3046 4205 quia
3076 4153 3175 4187 non
3206 4128 3413 4188 credunt
3453 4140 3505 4189 in
3539 4128 3654 4202 me,

2098 4206 2151 4249 ct
2180 4198 2303 4251 alibi
2331 4216 2342 4249 :
2374 4200 2433 4253 Si
2459 4217 2558 4273 non
2585 4198 2826 4255 venissent
2845 4244 2858 4265 ,
2890 4198 2950 4257 εί
2968 4212 3162 4258 locutus
3191 4209 3263 4259 eis
3290 4223 3390 4259 non
3417 4198 3655 4273 fuissem,

2098 4279 2353 4333 peccatum
2383 4286 2481 4322 non
2510 4269 2771 4333 haberent,
2802 4275 2851 4327 id
2884 4284 2963 4328 est
2988 4276 3289 4338 inlidelitas,
3320 4287 3372 4328 ut
3405 4269 3487 4329 hic
3517 4269 3657 4330 acci;

2099 4341 2258 4413 pitur,
2304 4347 2361 4413 ut
2388 4341 2457 4413 sit
2484 4342 2696 4413 dicere:
2728 4342 2827 4408 Qui
2859 4355 3143 4413 operantur
3181 4346 3550 4412 iniquitatem,
3602 4349 3653 4401 id

2097 4417 2200 4481 est,
2231 4409 2613 4472 inﬁdelitatem,
2648 4411 2721 4465 illi
2752 4430 2854 4467 uott
2894 4409 3166 4467 ambulant
3192 4415 3245 4467 in
3274 4409 3371 4468 viis
3399 4413 3607 4469 Domini
3636 4454 3653 4481 ,

2020 4474 2071 4535 D
2097 4476 2182 4550 qui
2212 4494 2315 4531 non
2344 4482 2567 4533 credunt
2594 4483 2646 4534 in
2677 4497 2820 4536 cuin.
2874 4485 2938 4537 Et
2982 4484 3103 4537 ideo
3151 4498 3256 4536 non
3302 4474 3653 4550 experiuntur

2095 4549 2207 4621 vias
2236 4550 2373 4614 ejus,
2399 4550 2538 4621 illas.
2567 4552 2791 4614 scilicet,
2824 4554 2937 4606 vias
2966 4554 3031 4606 de
3070 4553 3261 4621 quibus
3299 4549 3495 4606 dictum
3528 4567 3647 4609 est:

2091 4619 2332 4671 universa:
2366 4620 2459 4672 vite
2496 4619 2700 4673 Domini
2740 4619 3098 4676 misericordia
3128 4630 3174 4674 et
3215 4623 3415 4676 ueritas.
3468 4623 3535 4675 Et
3572 4634 3653 4679 est

2090 4688 2455 4761 misericordia
2477 4691 2687 4761 quidem
2731 4692 2780 4744 in
2826 4692 3143 4747 remittendo
3174 4704 3384 4761 peccata
3407 4733 3422 4759 ,
3452 4693 3648 4748 veritas

2089 4770 2216 4826 veno
2245 4759 2297 4811 itt
2330 4757 2601 4826 implendo
2631 4762 2905 4826 promissa.

2163 4824 2239 4901 T_u
2270 4824 2537 4901 mandasti.
2556 4824 3038 4901 _Sic_co_ntinuatur.
3072 4829 3209 4886 Vere
3233 4832 3322 4901 qui
3351 4840 3647 4887 scrutantur

2088 4897 2520 4973 testimoniasunt
2547 4898 2695 4973 beati.
2730 4899 2969 4973 Namque
2991 4910 3066 4973 tu,
3102 4897 3358 4968 Domine,
3399 4904 3485 4973 qui
3514 4907 3646 4959 nihil

2087 4969 2307 5020 mandas
2338 4968 2437 5020 nisi
2465 4970 2603 5035 quod
2631 4969 2885 5022 conducat
2911 4972 2975 5024 ad
3020 4968 3439 5038 beatitudinem,
3494 4990 3641 5027 man-

2085 5038 2220 5089 dasti
2248 5038 2490 5091 custodiri
2521 5038 2759 5090 mandata
2782 5078 2798 5102 ,
2830 5039 2881 5092 id
2908 5052 3022 5105 est,
3056 5055 3311 5107 tvrmcepta
3346 5052 3449 5105 tua,
3473 5053 3526 5095 et
3549 5046 3649 5097 hoc

2084 5107 2254 5158 nimis.
2289 5106 2433 5159 Istud
2462 5108 2617 5161 nimis
2647 5118 2818 5175 potest
2847 5112 3027 5164 referri
3059 5106 3146 5166 vel
3169 5112 3233 5164 ad
3266 5110 3523 5164 Mandasti
3545 5127 3644 5164 cu-

2083 5178 2284 5239 stodiri,
2313 5191 2411 5230 nec
2437 5178 2591 5231 aliter
2614 5186 2696 5231 est
2723 5180 3107 5247 accipiendum,
3139 5182 3275 5234 sicut
3305 5182 3461 5234 illud:
3491 5179 3557 5233 (It
3581 5196 3645 5235 ne

2083 5247 2206 5314 quid
2232 5250 2399 5300 nimis.
2434 5251 2537 5303 Sed
2578 5248 2727 5301 nimis
2758 5264 2853 5316 pro
2879 5252 3022 5303 valde
3043 5290 3059 5315 ,
3115 5262 3171 5303 ut
3206 5250 3275 5303 ibi
3301 5265 3317 5303 :
3352 5248 3541 5303 Beatus
3570 5251 3636 5302 rit

2082 5319 2168 5389 qui
2197 5317 2334 5370 timet
2360 5316 2656 5389 Dominum,
2678 5320 2729 5370 in
2752 5320 3140 5389 mandatis‘ejus
3163 5321 3288 5371 nolet
3309 5319 3481 5371 nimis.
3510 5319 3645 5373 Ecce

2084 5388 2164 5440 lex
2196 5398 2361 5455 posita
2389 5426 2405 5452 ,
2452 5388 2571 5457 quia
2601 5388 2798 5442 dictum
2825 5399 2906 5442 est
2932 5407 2946 5443 :
2997 5386 3073 5440 Tit
3118 5390 3372 5441 mandasti
3402 5391 3645 5445 mandatu

2083 5468 2191 5510 tua.
2240 5458 2343 5511 Sed
2387 5460 2631 5526 quoniam
2676 5460 2822 5511 multi
2865 5458 3047 5511 dixere
3079 5459 3242 5510 solam
3291 5458 3640 5527 cognitjonetu

2083 5527 2210 5596 legis
2239 5527 2481 5580 sufﬁcere
2510 5529 2573 5580 ad
2600 5528 2847 5580 auxilium
2879 5527 3029 5581 liberi
3056 5527 3276 5589 arbitrii,
3302 5527 3420 5581 ideo
3448 5530 3645 5589 subsc-

2081 5608 2309 5666 quenter
2337 5606 2483 5665 optat
2514 5599 2611 5651 ISle
2641 5598 2889 5650 auxilium
2914 5598 3115 5663 gratias,
3136 5609 3192 5649 ut
3225 5612 3317 5664 per
3339 5598 3438 5652 hoc
3458 5600 3644 5655 doceat

2083 5684 2239 5736 quam
2270 5669 2337 5720 sit
2366 5669 2669 5720 necessaria
2713 5667 2901 5733 gratia.
2942 5668 3004 5719 Et
3052 5668 3200 5734 ponit
3232 5668 3450 5720 verbum
3489 5678 3641 5737 opta-

2089 5738 2264 5802 tiunis,
2301 5746 2357 5791 ut
2385 5737 2530 5790 tollat
2556 5740 2853 5805 superbiam
2888 5737 3340 5808 presumptiouis,
3368 5737 3587 5794 dicens:
