4026 6200
439 361 568 413 Io’)?

1105 355 1167 408 ΙΝ
1211 355 1624 410 I‘SALllOleM
1669 354 1920 410 LIBRUM
1966 355 2314 410 EXEGESIS.
2358 385 2424 395 --
2466 355 2709 410 PSALII.
2755 355 2974 410 CXVIII.

3545 359 3680 415 9058

433 475 645 541 quidem
691 484 741 547 et
769 471 1063 547 exercebar
1105 480 1155 525 et
1187 472 1466 524 medi‘abor
1495 473 1545 524 in
1559 472 2009 541 justi/icalionibus
2041 473 2084 531 Δ
2115 474 2396 543 Increpasti
2434 474 2692 547 superbos,
2725 482 2778 547 et
2805 488 2907 526 non
2939 475 3104 547 Solum
3136 475 3390 542 superbos
3423 477 3543 530 illos
3571 483 3679 547 pri-

434 549 556 610 tuii,
595 543 751 598 nullis
783 544 912 595 meis
938 552 988 595 et
1017 541 1126 594 νὺξ
1159 553 1275 594 tuas
1305 550 1461 607 atque
1489 557 1762 595 sermones
1795 557 1998 609 praepo-

435 633 580 676 nam,
614 629 761 669 meos
791 621 1124 679 postpon:=m.
1160 612 1296 678 Ergo
1325 613 1539 665 retribue
1570 613 1696 664 mibi
1729 628 1868 664 servo
1893 622 2000 674 tuo,

436 695 491 742 et
519 685 640 752 quid
675 694 810 750 petat
843 693 897 734 ut
927 683 1204 743 retribuat,
1235 683 1462 734 ostendit
1505 696 1624 734 cum
1652 682 1828 752 subdit
1854 699 1879 752 7:7
1911 681 2001 734 Vi-

436 751 584 822 viﬁca
613 771 707 814 me.
733 763 778 806 et
800 754 874 804 sic
901 754 1180 822 custodiam
1208 767 1459 805 sermones
1481 761 1607 822 tuos.
1641 751 1800 815 Quasi
1833 751 1998 804 dicat:

441 821 688 879 Iletribue
723 822 847 876 mihi
901 821 1096 874 liberto
1127 832 1214 873 tuo
1251 831 1494 873 mortem.
1548 821 1781 873 Mortuus
1827 831 2001 873 autem

438 911 539 949 non
563 909 771 960 possum
795 891 1058 944 custodire
1080 905 1351 944 sermones
1381 901 1516 953 tuos,
1547 900 1598 944 et
1620 889 1740 943 ideo
1772 891 2003 944 retribue

440 967 566 1017 lltIItI
597 965 703 1032 jam
738 962 876 1016 facto
904 976 1058 1013 servo
1082 970 1172 1012 tuo
1202 961 1627 1032 vivilii-atinnem.
1660 969 1702 1011 et
1731 963 1807 1013 sic
1832 971 2002 1012 cnsta-

438 1031 874 1088 tliam’sermones
918 1039 1030 1082 tuos
1078 1044 1180 1083 non
1227 1039 1331 1081 tam
1364 1031 1640 1092 memoria,
1688 1045 1844 1097 quam
1878 1032 2000 1086 vita.

442 1105 608 1174 Rogat
637 1113 809 1155 autem
843 1100 1261 1174 retributionem.
1295 1099 1499 1174 qua-lit
1526 1114 1589 1152 ex
1623 1099 1857 1174 indebita
1888 1116 2004 1168 gra-

439 1168 544 1228 tia:
573 1173 806 1240 Quatuor
849 1170 986 1223 enim
1031 1177 1155 1222 sunt
1199 1168 1587 1221 retributiones.
1637 1169 1750 1221 Alia
1807 1169 2002 1222 bonum

441 1261 534 1315 pro
580 1239 738 1315 bono,
784 1241 881 1315 alia
931 1240 1267 1315 malum_pro
1309 1239 1629 1315 manualia
1681 1241 1874 1315 bonum
1908 1255 2000 1306 pro

441 1308 596 1374 inalo,
641 1314 739 1364 alia
782 1311 983 1362 malum
1011 1323 1103 1378 pro
1142 1309 1298 1360 bono.
1348 1308 1412 1361 Et
1440 1309 1620 1378 prima:
1649 1309 1858 1377 quidem
1886 1313 2004 1362 dna:

438 1393 554 1438 sunt
574 1383 790 1452 iustitia:
810 1421 822 1439 .
848 1379 996 1452 tertia
1020 1377 1264 1431 indebitm
1284 1381 1484 1445 gratiae,
1509 1392 1693 1452 quarta
1719 1394 1876 1446 quam
1902 1396 2002 1432 non

441 1450 590 1506 novit
615 1453 772 1512 Deus,
801 1450 1146 1515 malignorum
1205 1458 1404 1501 tantum
1435 1458 1539 1511 est,
1572 1451 1778 1501 tertiam
1828 1460 2002 1502 autem

440 1525 579 1576 novit
614 1523 782 1582 Deus;
832 1521 951 1586 quia
982 1520 1022 1571 si
1054 1534 1154 1570 non
1189 1517 1320 1570 bona
1351 1534 1444 1584 pro
1488 1519 1640 1570 malis
1668 1519 2002 1585 retribueret,

441 1609 544 1646 non
575 1601 713 1646 esset
741 1589 824 1642 cui
857 1591 992 1641 bona
1019 1603 1113 1656 pro
1143 1587 1296 1641 bonis
1327 1597 1775 1656 recompensaret.
1820 1589 1884 1640 Et
1913 1605 2008 1640 uo-

444 1665 680 1726 tandum,
711 1661 831 1727 quia
881 1673 984 1711 non
1024 1659 1238 1710 omnino
1283 1667 1523 1710 mortuus
1567 1657 1667 1711 iste
1711 1668 1842 1711 erat.
1892 1657 2006 1711 .Iam

443 1734 582 1786 enim
615 1731 817 1784 initium
866 1728 996 1781 bona
1047 1729 1485 1794 concupiscentia:
1534 1729 1780 1790 habebat,
1812 1728 1900 1795 qui
1933 1729 2008 1780 vi-

2107 561 2220 600 tnos
2249 544 2552 610 iucrepasti,
2585 543 2678 595 sed
2709 544 2866 595 etiam
2910 544 3167 596 maledicti
3189 557 3307 596 sunt
3337 543 3582 613 exemplo
3613 552 3679 602 ilo

2107 614 2375 688 lorum_,_id
2405 623 2504 688 est,
2537 621 2705 688 morte
2735 614 2966 688 damnati
2995 622 3333 688 suntomnes
3368 617 3438 670 illi
3467 621 3556 687 qui
3588 637 3680 688 per

2104 683 2402 753 superbiam
2433 682 2690 734 declinant
2719 701 2749 732 a
2781 685 3031 736 mandatis
3058 685 3178 736 tuis.

2178 754 2332 817 Aufer
2370 770 2401 804 α
2442 769 2517 804 me
2555 753 2898 823 nip.trobrium.
2928 756 3084 818 Quasi
3117 755 3292 807 dicat:
3328 754 3395 808 Ut
3441 772 3542 823 ego
3572 777 3678 815 non

2106 823 2554 894 declinem,it_leo.
2578 821 2816 884 Domino,
2841 824 2986 890 aufer
3008 840 3036 874 a
3065 840 3140 876 me
3156 821 3546 894 opprobrium-et
3562 847 3679 884 con-

2105 903 2368 963 templum,
2400 892 2449 943 id
2483 899 2582 953 est,
2611 906 2821 944 remove
2852 908 2877 943 a
2911 909 2993 946 me
3023 892 3192 963 omne
3223 892 3415 950 factum
3457 898 3676 963 dignum

2107 962 2390 1031 opprobrio
2419 971 2470 1014 et
2487 969 2819 1033 contemptu.
2844 962 2992 1026 Quod
3022 962 3182 1016 debes
3214 964 3405 1032 facere,
3433 962 3552 1033 quia
3579 986 3679 1033 ego

2103 1033 2349 1094 exquisivi
2383 1031 2666 1084 testimonia
2705 1041 2818 1092 tua,
2857 1033 2905 1084 id
2936 1043 3032 1093 est,
3066 1048 3129 1084 ex
3161 1042 3266 1087 toto
3297 1031 3458 1089 corde
3510 1031 3673 1092 institi

2109 1111 2365 1173 prau'epta
2398 1114 2483 1152 tua
2503 1140 2517 1165 ,
2545 1104 2705 1152 etiam
2733 1115 2896 1167 usque
2937 1106 3000 1153 ad
3031 1101 3338 1173 effusionem
3366 1109 3637 1172 sanguinis
3661 1128 3676 1173 ;

2105 1184 2156 1227 et
2188 1175 2286 1225 lioc
2318 1171 2382 1223 de
2414 1186 2498 1225 me
2543 1185 2644 1222 non
2686 1173 3011 1238 praesumpsi,
3045 1172 3136 1225 sed
3171 1184 3318 1226 extra
3347 1171 3588 1239 quaesivi,
3625 1171 3674 1233 id

2107 1253 2202 1297 est.
2235 1242 2484 1294 auxilium
2531 1255 2558 1291 a
2586 1239 2750 1307 gratia
2799 1241 3083 1306 postulavi,
3132 1243 3211 1294 vel
3260 1245 3412 1298 aliter
3447 1263 3458 1296 :
3493 1246 3676 1301 Solent

2106 1312 2432 1366 declinantes
2476 1325 2502 1362 a
2534 1310 2793 1362 mandatis
2836 1313 3006 1363 servis
3038 1312 3126 1364 Dei
3151 1315 3496 1380 exprobrare,
3531 1321 3670 1379 quod

2107 1382 2328 1436 credant
2360 1382 2409 1433 in
2437 1382 2766 1442 cruciﬁxum,
2792 1388 2846 1432 et
2874 1380 3094 1433 adorent
3125 1393 3406 1446 mortuum,
3442 1395 3494 1436 et
3525 1387 3674 1440 simi-

2111 1453 2193 1504 lia.
2230 1453 2292 1505 Et
2335 1452 2452 1504 ideo
2479 1458 2624 1518 rogat
2656 1450 2754 1522 iste
2781 1451 3116 1522 opprobrium
3148 1451 3366 1514 auferri,
3402 1468 3505 1507 non
3535 1458 3675 1522 quod

2109 1522 2324 1586 deputet
2368 1535 2576 1586 pinnam
2627 1518 2766 1571 unde
2813 1520 3084 1572 habitur-ns
3131 1535 3210 1572 est
3258 1518 3670 1587 coronamfsed

2108 1587 2626 1660 cnuuniseresceudo
2647 1589 2850 1660 talium,
2875 1591 2966 1640 sed
2995 1592 3424 1658 exprobrantium
3449 1605 3596 1660 optat
3624 1606 3680 1649 ut

2112 1659 2749 1730 convertantur,retgidem
2783 1661 3116 1725 opprobrium
3150 1660 3216 1712 ab
3247 1663 3361 1714 aliis
3392 1659 3678 1730 patiuntur,

2110 1730 2293 1803 dicens
2339 1730 2406 1782 ita
2441 1745 2453 1780 :
2497 1728 2657 1803 Aufer
2696 1744 2725 1779 a
2768 1745 2846 1780 me
2888 1729 3214 1803 approbriuiit
3256 1740 3310 1803 et
3341 1728 3684 1803 contemptum

444 1812 546 1854 tam
577 1799 889 1853 obedientia‘.
916 1798 1146 1867 rogabat.
1178 1798 1256 1850 Ad
1289 1799 1446 1849 vitam
1473 1799 1665 1864 quippe
1696 1797 2010 1850 obedientia:
2049 1807 2086 1863 Β
2115 1800 2282 1858 illum,
2317 1814 2470 1864 quem
2502 1800 2689 1864 patior,
2720 1806 2994 1860 propterea
3025 1800 3142 1864 quia
3163 1801 3408 1867 exquisivi
3454 1797 3681 1856 testiino-

446 1873 691 1940 pertinet,
721 1867 858 1932 quod
888 1868 1012 1940 dicit
1038 1883 1050 1917 ι
1085 1865 1294 1934 Viri/ica
1320 1882 1419 1932 me,
1441 1877 1486 1919 et
1512 1867 1791 1940 custodiam
1820 1882 2012 1919 sermo-

444 1937 529 1994 nes
555 1950 686 1993 tuos.
718 1940 846 2005 Quia
874 1937 1015 1990 videt
1043 1945 1216 1989 autem
1257 1952 1361 1989 non
1392 1951 1549 2004 posse
1575 1937 1782 2002 impleri
1809 1952 2014 1989 sermo-

446 2027 538 2064 nes
587 2024 679 2078 per
716 2006 1089 2078 obedientiam,
1123 2005 1220 2078 nisi
1253 2007 1526 2078 vidcantur
1574 2019 1670 2074 per
1712 2006 2013 2078 intelligent-

447 2073 599 2141 tiam,
624 2089 741 2133 orat
767 2086 820 2146 et
843 2076 969 2146 dicit
1004 2092 1016 2126 :
1048 2073 1254 2146 Revela,
1291 2076 1529 2146 Domine,
1559 2073 1730 2146 oculos
1773 2073 1930 2138 meos,
1964 2075 2014 2128 id

445 2161 546 2213 est,
579 2149 816 2202 Illumina
845 2145 970 2199 mihi
1001 2159 1092 2212 per
1122 2145 1557 2198 illominationem
1585 2145 1767 2212 gratia:
1798 2146 2018 2198 interio-

447 2235 532 2274 res
567 2220 768 2282 oculos,
823 2225 867 2268 et
912 2215 1157 2268 revelatis
1188 2214 1352 2266 oculis
1383 2214 1710 2267 considerabo
1757 2213 2017 2267 mirabilia

450 2289 783 2357 procedentia
807 2285 867 2338 de
891 2286 997 2357 lege
1023 2293 1110 2357 tua
1144 2285 1391 2357 impleta,
1405 2283 1606 2357 scilicet
1631 2283 1768 2357 qyod
1801 2284 1867 2357 de
1898 2299 2018 2357 pec-

448 2353 717 2413 catoribus
746 2356 875 2408 liunt
899 2353 1048 2422 jdsti,
1076 2355 1141 2407 de
1170 2356 1338 2406 Servis
1365 2353 1475 2418 lilii,
1505 2362 1607 2406 etc.
1643 2353 1731 2406 Vel
1764 2353 2016 2406 mirabilia

451 2426 783 2496 procedentia
812 2425 873 2477 de
908 2427 1012 2496 lege
1049 2432 1154 2496 tua,
1191 2424 1291 2496 hoc
1327 2432 1406 2476 est
1437 2422 1695 2496 mirabilia
1725 2438 1840 2489 quin
1870 2425 2014 2496 jubet

453 2492 532 2550 lex
583 2503 686 2556 tua,
735 2495 874 2548 sicut
923 2492 1160 2545 IllIﬂlICtlS
1203 2493 1443 2562 diligere,
1472 2501 1526 2546 et
1573 2493 1706 2546 bona
1738 2507 1833 2561 pro
1862 2493 2018 2546 malis

451 2579 758 2634 repensare,
786 2572 839 2616 et
867 2563 1081 2634 similia.

523 2629 700 2688 lncola
723 2629 859 2703 ergo.
888 2633 1044 2698 Quasi
1076 2632 1209 2703 dicat
1239 2648 1252 2683 :
1279 2630 1462 2685 Merito
1491 2631 1649 2703 debes
1680 2629 1805 2684 mihi
1834 2631 2016 2685 oculos

454 2706 708 2766 revelare,
754 2701 874 2772 quia
923 2701 1156 2772 concivis
1202 2713 1320 2754 tuus
1352 2716 1506 2772 sum.
1551 2701 1681 2772 Nam
1711 2718 1800 2769 ego
1822 2717 1935 2753 sunt
1963 2704 2013 2754 in

457 2777 553 2828 bac
600 2785 731 2828 terra
774 2771 876 2826 non
930 2771 1156 2835 nativus,
1207 2772 1297 2823 sed
1344 2771 1531 2834 incola,
1587 2771 1634 2822 id
1666 2780 1746 2822 est
1793 2773 2012 2825 advena.

452 2846 648 2899 Omnes
694 2843 834 2897 enim
882 2843 969 2908 qui
1018 2841 1081 2892 ad
1127 2840 1374 2908 populum
1409 2840 1497 2892 Dei
1549 2842 1832 2908 pertinent,
1877 2851 1930 2896 et
1972 2846 2015 2896 si

455 2928 676 2981 corpore
724 2913 954 2966 incolant
1003 2918 1214 2974 terram,
1250 2919 1425 2965 mente
1472 2913 1522 2964 in
1568 2912 1876 2965 caelestibus
1925 2915 2014 2964 ba-

459 2985 662 3036 bitant'
711 2983 834 3050 quia
875 2989 1046 3034 nostra
1083 2983 1393 3034 conversatio
1437 2982 1487 3033 in
1528 2983 1662 3034 caelis
1701 2991 1792 3044 est,
1839 2989 1894 3033 ut
1943 2983 2018 3034 aEt

459 3054 758 3120 Apostolus.
789 3054 852 3106 Et
880 3053 996 3106 ideo
1028 3066 1130 3104 non
1161 3051 1299 3104 cives
1329 3061 1449 3104 sunt
1480 3053 1582 3116 bic,
1609 3053 1703 3105 sed
1740 3050 2011 3119 inquilini:

458 3125 574 3192 quia
607 3140 707 3176 non
736 3125 820 3176 Inc
864 3130 1161 3192 manentem
1201 3122 1465 3173 civitatem
1508 3136 1569 3192 se
1611 3123 1820 3192 habere
1847 3120 2010 3192 depu-

459 3189 588 3256 tant,
634 3195 726 3246 sed
771 3194 1042 3258 inquirunt
1087 3191 1328 3244 loturam.
1384 3192 1442 3242 Et
1491 3191 1607 3258 quia
1654 3190 1824 3260 (quasi
1850 3189 2008 3258 dicat)

461 3278 562 3316 non
605 3265 751 3326 civis,
801 3265 892 3314 sed
939 3262 1104 3314 incola
1149 3261 1200 3312 in
1239 3270 1370 3312 terra
1414 3276 1740 3329 sum:ergo,
1774 3260 2014 3323 Domine,

462 3348 559 3385 non
604 3333 880 3386 abscondas
926 3348 958 3384 α
989 3346 1066 3384 me
1109 3335 1346 3382 mandata
1388 3342 1492 3382 tua.
1541 3330 1816 3394 Quomodo
1841 3341 2018 3381 autem

461 3413 608 3464 rogat
657 3406 898 3456 mandata
945 3401 1048 3454 sibi
1107 3416 1209 3452 non
1253 3401 1526 3459 abscondi,
1573 3413 1691 3467 quae
1732 3408 1853 3450 nota
1899 3409 2019 3450 sunt

460 3474 724 3538 omnibus,
757 3474 876 3542 quia
905 3473 1073 3542 etiam
1093 3469 1410 3542 inﬁdelibus.
1461 3471 1593 3542 Quid
1622 3471 1760 3520 enim
1795 3468 1928 3519 inter
1959 3469 2020 3519 li-

459 3542 603 3596 deles
633 3538 803 3595 notius
831 3558 984 3609 quam
1002 3540 1177 3608 diliges
1196 3538 1465 3590 Dominum
1486 3541 1646 3609 Deum
1676 3549 1898 3609 tantum;
1919 3546 2020 3589 toto

460 3613 608 3664 corde
633 3623 748 3674 tuo,
789 3607 1149 3677 et'proximum
1189 3617 1328 3660 tuum
1368 3610 1494 3660 sicut
1537 3617 1584 3660 te
1627 3607 1830 3668 ipsum?
1870 3608 2020 3672 Quod

461 3682 761 3749 :equipollet
797 3682 896 3744 illi,
931 3681 1076 3744 Quod
1117 3681 1202 3731 tibi
1230 3679 1467 3749 noni/icti
1491 3680 1583 3740 vis,
1611 3679 1699 3728 alii
1739 3692 1798 3727 ne
1821 3678 2018 3744 feceris.

466 3747 654 3804 Ist'stat
697 3753 834 3815 ideo,
867 3753 1004 3818 quod
1047 3751 1184 3816 apud
1227 3747 1465 3800 intideles
1506 3749 1677 3818 etiam
1703 3757 1880 3798 notutn
1929 3749 2016 3810 sit,

462 3830 516 3874 et
563 3821 763 3873 utinam
814 3816 916 3872 tam
970 3819 1146 3871 multis
1193 3819 1434 3870 mandata
1485 3819 1591 3868 sint
1634 3816 1814 3880 chara,
1863 3831 2018 3883 quam

464 3891 641 3944 multis
668 3899 787 3944 sunt
819 3891 958 3942 clara
994 3889 1158 3956 :quia
1202 3886 1422 3940 fortasse
1467 3888 1583 3940 ideo
1622 3897 1769 3953 rogat
1796 3900 1897 3938 non
1928 3887 2022 3938 ab-

463 3962 663 4024 scondi,
689 3977 756 4028 qu
780 3975 808 4013 a
831 3959 1042 4011 dil‘ticile
1062 3967 1144 4010 est
1167 3959 1337 4028 Deuut
1349 3970 1688 4024 cognoscere,
1711 3970 1866 4028 quem
1896 3969 2022 4028 con-

464 4025 810 4097 sequetts'est
849 4030 900 4081 in
943 4029 1066 4094 ipsis
1111 4025 1372 4079 mandatis
1415 4028 1634 4094 diligere
1682 4036 1736 4097 et
1784 4025 2023 4077 invenire

466 4096 619 4168 longe
641 4101 936 4168 cognitione
967 4097 1187 4165 proximi
1218 4097 1648 4168 mattilestiorem.
1683 4096 1812 4147 llum
1845 4103 2019 4147 autem

467 4167 679 4224 dtllicile
709 4167 777 4224 sit
803 4183 1114 4236 quemquam
1144 4170 1376 4234 seipsum
1405 4175 1458 4217 ut
1479 4167 1636 4218 debet
1679 4179 2020 4232 cognoscere,

467 4242 731 4306 quomodo
766 4239 854 4306 qui
893 4252 996 4290 non
1035 4239 1304 4304 cognoscit
1343 4236 1600 4304 seipsum,
1625 4236 1803 4302 diliget
1845 4238 2022 4300 proxi-

471 4324 611 4361 mum
644 4318 888 4373 tanquam
919 4306 1186 4374 seipsuin?
1223 4317 1542 4374 quapropter
1571 4315 1720 4374 rogat
1756 4306 2020 4369 mandata,

469 4394 583 4445 qua:
627 4380 956 4446 aliquatenus
1005 4377 1239 4429 sciuntur
1287 4391 1389 4428 non
1439 4375 1709 4438 abscondi,
1757 4385 1812 4428 ut
1859 4377 2025 4443 magis

471 4447 742 4516 tiiagisque
782 4450 1036 4508 sciantur,
1088 4458 1144 4498 ut
1187 4461 1246 4500 se
1293 4449 1461 4513 ipsum
1510 4455 1816 4514 cognoscat,
1861 4453 1914 4516 et
1950 4450 2027 4498 sic

473 4514 762 4584 piokiuium
795 4527 1038 4583 tanquam
1067 4530 1124 4568 se
1152 4517 1322 4582 ipsum
1347 4515 1544 4582 diligat,
1577 4531 1669 4582 per
1697 4514 2029 4568 dilectionem

473 4586 694 4653 proximi
722 4590 784 4638 ad
816 4586 1146 4639 dilectionem
1178 4586 1269 4640 Dei
1297 4588 1566 4639 ascendat.

540 4655 834 4725 Concupivit
862 4655 1030 4706 anima
1057 4671 1186 4707 mea.
1234 4657 1393 4720 Quasi
1423 4657 1562 4707 dicat
1604 4670 1619 4705 :
1651 4653 1772 4707 Ideo
1791 4668 1903 4725 non
1933 4652 2030 4708 de-

471 4723 563 4778 bcs
588 4723 916 4780 abscondere
961 4738 990 4777 a
1033 4740 1117 4777 me
1145 4726 1387 4777 mandata
1417 4735 1525 4788 tua,
1554 4725 1672 4792 quia
1713 4724 1883 4776 anima
1923 4739 2033 4776 mea

470 4798 748 4865 concupivit
796 4795 1096 4858 desiderare,
1127 4796 1178 4847 id
1221 4802 1343 4859 est,
1391 4794 1879 4865 desideranter,_id
1929 4805 2030 4858 est,

477 4863 826 4933 plus‘quatu
911 4866 1118 4932 aliquod
1180 4865 1321 4919 aliud
1383 4864 1583 4931 cupivit
1646 4863 2034 4930 iustificationes

472 4946 603 5000 tuas,
640 4938 688 4988 id
728 4947 829 5004 est,
863 4945 1124 5002 pramepta
1157 4945 1242 4988 tua
1283 4949 1404 4988 vere
1438 4933 1775 5004 justiticantia
1802 4971 1817 4995 ,
1849 4941 1903 4986 et
1935 4935 2034 4985 hoc

474 5007 527 5056 in
567 5008 701 5058 omni
739 5003 980 5074 tempore,
1014 5008 1063 5058 iu
1092 5014 1193 5069 est,
1223 5005 1273 5058 in
1299 5003 1618 5058 adversitate
1645 5012 1698 5055 et
1729 5003 1780 5056 in
1813 5016 2035 5070 prospe-

475 5085 646 5130 ritate.

545 5145 844 5213 lncrepasti.
874 5145 1030 5212 Quasi
1057 5145 1194 5198 dicat
1223 5158 1237 5196 :
1269 5143 1488 5209 Propter
1513 5141 1612 5196 hoc
1641 5141 1833 5196 merito
1859 5140 2035 5195 anima

477 5229 590 5269 mea
620 5215 982 5271 desideranter
1028 5215 1222 5283 cupivit
1263 5213 1667 5281 jusulicationes
1698 5221 1813 5283 tuas
1845 5228 1856 5262 :
1889 5216 2032 5280 quia,

479 5285 528 5338 id
559 5297 660 5351 εει,
694 5302 796 5338 non
827 5281 1189 5339 desideranter
1215 5284 1668 5350 concupiscentes,
1697 5281 1789 5336 sed
1823 5296 1913 5348 per
1942 5296 2037 5333 su-

479 5357 712 5421 perbiam
762 5356 1086 5423 negligentes
1135 5353 1337 5423 duriter
1405 5353 1708 5418 increpasti.
1745 5351 2036 5423 Superbos

479 5434 628 5476 vocat
658 5421 1149 5493 paretttes'primos,
1177 5422 1267 5492 qui
1311 5437 1413 5493 non
1445 5436 1538 5489 per
1565 5421 1922 5493 inﬁrmitatem
1955 5424 2034 5472 vel

479 5488 844 5562 ignorantiam,
891 5488 984 5548 sed
1031 5488 1456 5560 per—superbiam
1506 5493 1753 5544 mandata
1800 5488 1894 5562 Dei
1941 5506 2036 5543 ne-

476 5568 767 5629 glexerunt.
813 5565 883 5619 De
911 5565 1012 5619 hoc
1058 5563 1195 5614 enim
1225 5571 1692 5629 praesumpserant,
1722 5561 1842 5629 quia
1871 5573 1902 5612 a
1927 5575 2038 5613 ser-

478 5643 632 5698 pente
661 5635 878 5699 dictum,
906 5633 1061 5686 Erilis
1081 5634 1205 5685 sicut
1225 5632 1319 5699 dii,
1343 5642 1397 5684 et
1423 5633 1550 5684 dum
1576 5647 1731 5699 supra
1764 5645 1823 5684 se
1845 5644 2038 5683 concu-

479 5703 701 5765 pierunt,
747 5705 798 5756 id
845 5714 948 5768 est,
997 5704 1133 5771 quod
1183 5711 1500 5768 acceperant
1548 5702 1684 5769 iuste
1726 5701 2034 5771 amiserunt,

475 5772 594 5836 quia
625 5786 797 5830 morte
835 5769 1069 5828 uiulctati
1114 5780 1270 5834 sunt;
1313 5780 1367 5826 et
1411 5773 1510 5826 hoc
1563 5781 1644 5827 est
1689 5769 1829 5840 quod
1875 5771 2031 5824 dicit:

2115 1871 2202 1922 nia
2224 1881 2346 1930 tua;
2392 1869 2490 1938 hoc
2515 1875 2614 1928 est,
2647 1867 2764 1931 quia
2792 1867 2948 1919 dilexi
3001 1869 3248 1936 Inartyria
3287 1877 3369 1921 tua
3403 1883 3451 1924 et
3485 1888 3683 1938 pmice-

2114 1949 2201 2012 pta
2231 1947 2339 2002 tua,
2365 1937 2799 2012 quibustestatns
2819 1951 2885 2012 _e_s
2908 1945 3155 2003 quantum
3184 1937 3517 1994 dilectionem
3544 1943 3684 1996 Deus

2115 2008 2273 2061 Pater
2301 2005 2632 2059 commendat
2665 2005 2716 2057 in
2747 2006 2917 2058 nobis.

2189 2077 2390 2130 Etenim
2447 2075 2702 2148 sederunt.
2761 2072 2895 2128 Vere
2951 2075 3235 2148 testimonia
3281 2087 3369 2130 tua
3415 2081 3682 2148 exquisivi.

2117 2147 2235 2214 quia
2278 2159 2376 2199 nec
2417 2145 2594 2196 animo
2625 2151 2840 2211 propter
2876 2159 3027 2212 reges
3055 2147 3132 2198 vel
3175 2147 3430 2212 praesides
3477 2145 3536 2201 ea
3587 2168 3681 2204 ne-

2116 2213 2252 2283 gavi,
2281 2229 2310 2268 a
2338 2215 2527 2282 quibus
2567 2213 2896 2284 multzrmala
2931 2215 3137 2278 pertuli.
3174 2216 3302 2267 Nam
3330 2219 3578 2284 principes
3607 2238 3685 2272 se-

2116 2282 2324 2348 derunt,
2369 2285 2420 2338 id
2446 2292 2547 2344 est,
2590 2282 2642 2335 iu
2690 2282 2953 2334 tribunitia
2992 2284 3141 2346 sede,
3184 2301 3245 2336 ex
3280 2282 3425 2338 mora
3468 2282 3520 2340 et
3563 2290 3682 2344 luna

2115 2368 2298 2408 contra
2336 2369 2420 2406 me
2446 2361 2689 2420 egerunt,
2731 2363 2781 2405 et
2811 2352 3136 2417 loquebantur
3167 2355 3431 2408 adversum
3473 2373 3552 2410 me
3581 2375 3686 2412 non

2119 2433 2319 2477 tantum
2348 2422 2522 2484 dictis,
2551 2422 2644 2475 sed
2679 2423 3007 2490 gravissimis
3051 2433 3452 2478 tormentorum.
3500 2427 3688 2482 Servus

2115 2504 2284 2545 autem
2321 2503 2455 2555 tuus,
2487 2493 2535 2543 id
2569 2504 2679 2553 est,
2709 2506 2808 2562 ego
2836 2507 2936 2562 non
2985 2493 3104 2545 ideo
3131 2493 3321 2555 delcci.
3351 2496 3442 2548 sed
3472 2512 3686 2552 exerce-

2119 2563 2212 2616 bar
2239 2577 2448 2628 semper
2478 2563 2528 2612 in
2551 2561 3002 2630 justi/icatiom'bus
3046 2564 3144 2615 tuis
3190 2565 3465 2628 faciendis,
3501 2576 3553 2618 et
3597 2584 3690 2622 an-

2117 2632 2438 2685 nuntiandis.
2486 2631 2550 2685 Et
2587 2647 2710 2685 vere
2751 2632 2921 2699 (quasi
2964 2632 3124 2699 dicat)
3167 2634 3458 2687 exercebar
3505 2634 3555 2688 in
3584 2637 3686 2689 bis.

2116 2703 2244 2757 Nam
2272 2712 2322 2754 et
2345 2703 2648 2756 meditando
2672 2712 2722 2754 et
2748 2700 3074 2771 consulendo
3100 2719 3111 2753 :
3142 2703 3240 2755 hoc
3264 2705 3502 2771 estquod
3526 2706 3682 2759 dicit:

2120 2773 2256 2826 Nam
2284 2783 2327 2826 et
2352 2773 2607 2824 meditatio
2630 2787 2758 2832 mea,
2783 2770 3068 2840 testimonia
3098 2781 3205 2835 tua,
3231 2781 3277 2824 et
3299 2770 3689 2840 iustiﬁcationes

2117 2853 2217 2895 tua:
2250 2852 2372 2896 sunt
2407 2840 2891 2911 consil:um__meum.
2923 2839 3212 2893 Consilium
3247 2844 3447 2896 scilicet
3475 2845 3678 2911 patien-

2117 2915 2245 2965 tium
2295 2923 2478 2965 contra
2533 2908 2806 2963 consilium
2870 2913 3315 2975 persequentium.
3389 2908 3740 2972 Consilium_

2115 2983 2256 3036 enim
2287 2981 2708 3047 persequentium
2735 2989 2850 3032 erat
2877 2987 3089 3032 sanctus
3117 2994 3376 3049 martyres
3398 2992 3689 3036 conventus

2117 3055 2370 3122 perdere;
2415 3049 2692 3104 coasilium
2735 3063 2857 3100 vero
2890 3050 3344 3122 patientitunerat
3390 3064 3684 3122 martyrum

2115 3135 2210 3190 pro
2233 3120 2364 3191 ipsis
2387 3129 2443 3174 ut
2471 3127 2902 3172 converterentur
2929 3131 3102 3183 orare,
3130 3127 3183 3171 et
3212 3119 3353 3186 ipsos
3377 3119 3616 3189 diligere.

2354 3209 2537 3264 Daleth
2566 3223 2782 3279 pauper,
2818 3208 2897 3260 vel
2931 3210 3122 3261 tabula:
3147 3211 3227 3263 vel
3252 3211 3430 3277 janua.

2730 3312 3078 3350 EXPLANATIO.

2189 3389 2455 3459 Corporali
2501 3388 2700 3456 quidem
2751 3404 2801 3439 se
2839 3389 2960 3459 dicit
3000 3389 3294 3441 neressilate
3343 3391 3690 3459 constrictum,

2120 3464 2206 3512 sed
2248 3461 2358 3512 sola
2402 3458 2604 3510 Domini
2643 3459 2826 3526 pietate
2874 3457 3191 3522 sulvandum,
3233 3470 3404 3525 petrus
3445 3471 3495 3512 ut
3538 3465 3597 3513 ab
3633 3457 3691 3515 eo

2119 3531 2225 3582 vias
2265 3529 2546 3599 iniquitatis
2593 3539 2837 3590 auroveat,
2887 3528 3006 3593 quia
3043 3531 3182 3599 viam
3211 3529 3433 3580 veritatis
3470 3531 3691 3596 eleJerit.

2123 3599 2189 3651 Et
2237 3598 2354 3651 ideo
2402 3607 2696 3664 paupertate
2736 3600 2993 3648 mundana
3023 3598 3242 3666 januam
3281 3600 3462 3650 severis
3505 3602 3695 3653 divitiis

2121 3670 2305 3734 aperit,
2340 3679 2384 3720 et
2409 3669 2652 3735 frequenti
2683 3668 3004 3718 meditatione
3042 3669 3188 3734 quasi
3231 3668 3426 3720 tabulas
3448 3687 3538 3721 sua
3562 3687 3694 3736 pra:-

2123 3743 2298 3790 cordia
2320 3736 2413 3792 Dei
2439 3738 2688 3788 mandatis
2713 3739 2928 3799 exhibet,
2952 3753 3062 3805 qua:
3084 3739 3214 3789 velut
3245 3739 3384 3788 molli
3415 3754 3525 3790 cera
3552 3755 3692 3791 com-

2127 3810 2334 3876 planata
2373 3808 2744 3878 promptissime
2773 3808 2998 3875 juluntis
3038 3809 3340 3870 imperium,
3383 3812 3523 3872 quasi
3569 3826 3692 3878 gra-

2121 3879 2294 3947 p/iium
2331 3878 2593 3947 scribentis
2623 3876 2919 3947 acciperent
2958 3891 2976 3928 :
3009 3878 3234 3942 Adhaesi,
3261 3879 3510 3946 inquiens,
3549 3876 3692 3932 testi-

2122 3945 2306 4002 mouiis
2333 3949 2450 4012 luis,
2479 3945 2715 3999 Domine.

2694 4073 3124 4114 COMMENTARIUS.

2193 4173 2420 4227 Adhaesit
2460 4173 2760 4244 pavimento.
2803 4173 2964 4238 Quasi
3012 4174 3150 4228 dicat
3181 4189 3196 4226 :
3227 4173 3353 4227 Dico
3390 4175 3513 4242 quia
3553 4176 3697 4230 testi-

2123 4246 2294 4296 monia
2337 4254 2460 4297 sunt
2499 4243 2757 4295 meditatio
2803 4259 2933 4310 mea,
2975 4253 3021 4296 et
3062 4245 3329 4296 consilium
3361 4260 3544 4298 meum.
3593 4249 3696 4300 Sed

2126 4323 2301 4367 tamen
2344 4314 2518 4366 adhuc
2557 4318 2714 4365 timeo
2753 4312 3001 4377 deficere,
3047 4320 3322 4381 propterea
3364 4314 3482 4378 quia
3522 4317 3695 4367 animo

2125 4401 2238 4436 mea
2266 4385 2550 4451 pavimento
2580 4383 2823 4435 adliceret.
2855 4383 3019 4435 Totus
3051 4383 3272 4451 mundus
3300 4383 3538 4448 quzcdam
3581 4400 3694 4436 ma—

2131 4469 2231 4521 gna
2260 4449 2448 4506 domus
2473 4454 2746 4520 accipitur.
2777 4453 2925 4516 cujus
2951 4449 3094 4518 quasi
3125 4465 3333 4502 camera
3361 4461 3442 4503 est
3465 4451 3692 4518 coelum;

2137 4533 2275 4577 terra
2313 4537 2438 4575 vero
2487 4538 2603 4590 qua:
2657 4522 3016 4585 conculcatur,
3050 4523 3403 4584 pavimentum
3461 4531 3514 4574 et
3564 4537 3695 4575 cor-

2135 4607 2229 4659 pus
2259 4589 2591 4644 nostrum’de
2621 4601 2754 4643 terra
2785 4598 2885 4642 est.
2938 4589 3083 4642 Unde
3129 4591 3296 4656 ipsum
3337 4590 3692 4655 pavimentum

2134 4669 2307 4730 potest
2341 4661 2442 4713 dici
2473 4675 2698 4728 quoque.
2740 4659 2869 4730 Qui:
2899 4670 3025 4724 ergo
3054 4672 3187 4730 caro
3205 4669 3385 4711 nostra
3416 4669 3552 4712 terra
3583 4671 3686 4726 est,

2133 4727 2252 4785 ideo
2279 4731 2403 4782 dum
2445 4727 2624 4783 sumus
2668 4730 2719 4781 in
2749 4728 2848 4781 hac
2879 4727 3298 4795 peregrinatione
3338 4742 3478 4794 saépe
3507 4731 3688 4784 subre.

2135 4809 2264 4868 puut
2303 4801 2451 4853 nobis
2493 4809 2715 4852 terrenae
2757 4796 3140 4864 cogitationes:
3181 4801 3297 4862 quia
3340 4813 3522 4867 corpus
3560 4802 3695 4869 quod

2132 4869 2491 4937 corrumpitur,
2521 4876 2760 4936 aggravat
2785 4869 3026 4929 animam,
3054 4874 3102 4918 et
3130 4876 3321 4937 terrena
3345 4870 3582 4937 cogitatio
3605 4872 3696 4922 de-

2134 4941 2308 5005 primit
2337 4936 2576 4990 animam
2620 4938 3126 5007 multa_cogitantem
3155 4936 3341 5007 :runde
3387 4953 3598 5007 seraper
3645 4939 3698 4992 in

2134 5012 2232 5060 bac
2269 5009 2375 5061 vita
2416 5008 2567 5060 nobis
2611 5005 2898 5060 timendum
2937 5014 3038 5068 est,
3079 5020 3145 5059 ne
3174 5005 3519 5060 deﬁciamus.‘
3545 5009 3697 5074 Quod

2134 5080 2410 5131 attendens
2439 5077 2538 5132 iste
2566 5079 2653 5146 qui
2694 5078 2776 5130 hic
2805 5077 3054 5144 loquitur,
3098 5077 3222 5129 dicit
3247 5093 3261 5130 :
3286 5077 3493 5141 'l‘imeo,
3531 5092 3564 5130 ο
3597 5080 3698 5131 Do-

2137 5148 2296 5211 mine,
2328 5149 2581 5210 dclicere,
2615 5159 3077 5216 quantumcunque
3118 5148 3462 5216 exerceargin
3502 5146 3696 5212 justili-

2135 5216 2424 5268 cationibus
2455 5217 2584 5280 tuis;
2616 5213 2737 5282 quia
2762 5218 2932 5268 anima
2968 5231 3075 5267 mea
3104 5216 3277 5269 adhuc
3305 5213 3527 5268 all/nerei
3559 5217 3699 5281 pavi-

2135 5293 2323 5350 mento,
2362 5286 2412 5338 id
2443 5295 2544 5350 est,
2593 5287 2888 5338 carnalibus
2915 5285 3189 5337 desideriis
3216 5299 3276 5337 ex
3302 5285 3492 5352 quibus
3521 5284 3694 5353 (quasi

2135 5355 2298 5424 dicat)
2340 5369 2484 5407 mors
2523 5355 2571 5407 ei
2614 5354 2899 5420 impendet.
2944 5353 3008 5406 Et
3044 5354 3197 5424 ideo,
3235 5354 3475 5424 Domine,
3506 5353 3701 5419 vivi/ica

2135 5439 2232 5488 me,
2261 5421 2500 5477 iaciendo
2527 5440 2610 5477 me
2632 5424 2990 5490 spiritualibus
3015 5421 3379 5474 aﬂ’ectionious
3407 5423 3697 5476 iulia-rere:

2137 5505 2190 5546 et
2236 5495 2334 5547 boc
2380 5509 2486 5546 non
2535 5503 2746 5562 propter
2795 5491 3040 5562 meritum
3088 5505 3296 5562 meum,
3346 5491 3437 5543 sed
3487 5502 3701 5559 propter

2136 5562 2335 5616 verbum
2371 5570 2536 5628 tuum,
2570 5564 2618 5616 id
2645 5572 2746 5627 est,
2777 5561 3065 5618 secundum
3095 5561 3495 5627 promissionem
3538 5572 3700 5624 tuam,

2136 5633 2338 5686 scilicet
2381 5648 2449 5686 ne
2493 5634 2591 5686 sim
2639 5631 2776 5686 libus
2821 5630 3099 5695 elationis,
3149 5633 3242 5682 sed
3292 5630 3430 5684 titius
3473 5634 3702 5700 promis-

2137 5716 2322 5757 SIOIIIS.

2221 5770 2337 5825 l'ias
2379 5788 2534 5826 nicas.
2574 5770 2732 5836 Quasi
2763 5771 2907 5826 dicat
2937 5789 2949 5824 :
2981 5769 3102 5826 Ideo
3121 5768 3285 5825 debes
3309 5785 3391 5824 me
3417 5771 3704 5831 viviﬁcare,
