4026 6200
366 371 500 429 10ῖᾶ9

364 484 499 555 ιιιιίεῄ
540 495 639 548 ego
685 475 939 532 enuntiari
982 470 1221 555 tibi-vias
1260 464 1644 555 meastgtedf‘s
1669 470 1785 555 Lf}

367 536 639 622 pulchras;
665 557 735 622 __et
783 556 836 600 tu
852 542 1248 622 _e:rat_tdisti‘me
1295 536 1929 622 ponendqqindvii's‘

368 602 818 692 ﬁiiéiiiis.'_crg_q,
852 613 1093 692 Domine,
1124 609 1249 692 doce
1382 605 1598 692 ulterius
1627 602 1930 692 et

370 676 617 746 insistere
648 676 1110 755 jttsiilicatiOItibus
1149 679 1270 742 tuis,
1303 676 1353 730 id
1380 685 1482 755 est,
1516 676 1792 755 praeceptis
1828 676 1932 755 tuis

364 744 789 831 ittstit‘tcantibns.
854 754 919 806 Et
961 750 1201 831 qualiter
1232 755 1401 831 roget,
1427 744 1933 831 docerijuexponit

368 815 550 885 dicens
588 843 601 879 :
636 824 840 877 lustrate
862 837 939 873 me
958 815 1121 895 magis
1156 827 1208 871 et
1228 816 1411 895 magis
1440 815 1933 895 irequentareviam

368 883 787 964 justi/icationum
809 904 1028 964 tuarum,
1119 883 1526 964 est-inminentia
1549 892 1794 964 tuanquze
1812 888 1935 964 sunt

370 951 471 1031 'via,
490 951 538 1020 et
554 969 630 1021 sic
645 965 909 1018 exercebar
929 961 981 1012 in
1005 956 1311 1032 mirabilibus
1329 955 1458 1032 tuis,
1477 954 1646 1032 idest,
1665 951 1715 1032 in
1740 963 1936 1032 prince:

371 1021 473 1106 ptis
504 1039 626 1098 tuis,
659 1050 775 1106 qua:
803 1038 1097 1106 scrutantes
1126 1042 1183 1079 se
1215 1025 1477 1106 mirabiles
1509 1021 1937 1106 iaciuntfcilicet

367 1089 855 1166 ite‘terra'ct'elum,
895 1101 961 1153 de
1000 1100 1122 1166 lupo
1152 1110 1365 1165 agnum,
1394 1093 1460 1147 de
1488 1106 1647 1146 servo
1686 1089 1931 1154 liberum,

368 1187 421 1230 et
449 1175 658 1228 similia.

444 1243 744 1298 Dormitavit
771 1244 940 1294 anima
971 1253 1099 1291 mea.
1125 1234 1292 1310 Quasi
1317 1233 1457 1287 dicat
1481 1248 1495 1285 :
1526 1230 1669 1310 Opus
1697 1228 1937 1310 est,LDo:

370 1318 531 1379 tuine,
564 1321 619 1366 ut
659 1326 742 1364 me
771 1298 1170 1379 instruas,7quia
1197 1306 1376 1379 anima
1406 1319 1516 1355 mea
1544 1298 1934 1379 dormitavitnid

370 1396 473 1447 est,
516 1370 791 1437 remissius
831 1389 885 1434 el.
928 1370 1279 1449 negligentius
1326 1389 1480 1449 quam
1527 1370 1742 1449 deberet
1795 1370 1933 1449 egit;

371 1464 427 1507 et
462 1440 564 1505 hoc
601 1465 707 1519 pra:
747 1440 1025 1519 ttedio,_id
1053 1440 1152 1512 est,
1193 1444 1313 1513 quia
1346 1440 1562 1519 taedium
1595 1441 1763 1506 patior
1794 1440 1936 1518 verbi

371 1523 484 1577 Dei.
518 1512 666 1576 Unde
699 1520 820 1572 alibi
850 1536 863 1570 :
909 1517 1117 1569 Omnem
1145 1512 1305 1567 escam
1336 1512 1625 1565 abominata
1653 1519 1726 1561 est
1762 1512 1936 1561 anima

371 1608 565 1655 eorum,
594 1600 695 1644 elc.
725 1591 804 1643 vel
835 1590 985 1641 aliter
1014 1601 1028 1638 :
1063 1586 1246 1638 Anima
1273 1600 1383 1655 mea
1411 1582 1720 1643 dormitavit,
1751 1578 1799 1631 id
1830 1587 1933 1655 est,

373 1676 522 1727 passa
551 1650 632 1715 εει
685 1658 963 1725 quamdam
1011 1653 1429 1727 inquietudinem
1461 1662 1513 1704 et
1540 1661 1765 1727 motuin,
1798 1650 1938 1727 sicut

371 1719 458 1800 qui
490 1719 736 1783 dormitat
781 1728 1041 1793 inquietus
1070 1719 1171 1800 est,
1202 1723 1323 1792 quia
1357 1736 1454 1774 nec
1477 1736 1546 1800 ex
1579 1727 1687 1800 toto
1718 1719 1934 1800 dormit,

371 1777 466 1853 ῖίἑὶ-
494 1777 1348 1863 3(1613'vigt‘tat'éét'ttdc'pm
1388 1791 1558 1852 (tudio,
1606 1788 1655 1840 id
1682 1797 1781 1849 est,
1811 1777 1934 1864 quia
1970 1806 2015 1864 Β
2044 1782 2267 1864 semita;
2306 1789 2361 1864 et
2402 1780 2536 1864 bene
2567 1777 3019 1864 dicitsemi‘tam,

373 1871 527 1923 taedio
566 1879 687 1921 sunt
725 1857 852 1920 milii
892 1866 1040 1925 mali,
1076 1866 1211 1916 inter
1238 1876 1370 1928 quos
1400 1857 1937 1928 conversortqttitne

377 1950 453 1991 tot
512 1940 663 1990 malis
711 1935 965 2002 exemplis
1026 1926 1281 2002 devocattt
1334 1948 1346 1981 :
1391 1939 1445 2002 et
1491 1928 1647 1989 idco,
1699 1926 1937 2002 Domine,

374 2010 622 2075 conﬁrma
653 2022 730 2058 me
757 2007 807 2056 in
841 1997 999 2056 verbis
1030 2006 1148 2065 tuis,
1192 2001 1243 2054 id
1273 2008 1374 2062 est,
1417 2000 1468 2050 in
1500 1997 1777 2075 pratceptis
1807 1997 1938 2061 tuis;

367 2088 423 2132 et
463 2068 518 2130 ut
545 2075 848 2136 conlirnter,
890 2089 1063 2125 amove
1102 2089 1132 2124 a
1160 2087 1239 2123 me
1282 2083 1455 2123 meam
1499 2068 1848 2135 iniquitatem,
1889 2076 1943 2119 et

372 2163 508 2214 pone
556 2161 640 2199 me
688 2148 737 2198 in
788 2142 1267 2214 viamﬂaequjtatis;
1323 2140 1423 2192 hoc
1469 2147 1551 2214 est
1591 2136 1736 2214 quod
1792 2136 1940 2201 dicit,

369 2206 769 2285 arquipolleuter
808 2213 1012 2273 subdit,
1039 2206 1122 2264 'Et
1160 2212 1405 2285 miserere
1431 2209 1527 2285 mei
1584 2207 1637 2285 in
1665 2206 1782 2285 lege
1818 2216 1941 2285 tua;

378 2277 625 2340 subaudit
653 2285 891 2353 ponendo
922 2299 933 2334 :
969 2290 1023 2336 et
1048 2282 1219 2348 (quasi
1243 2280 1413 2354 dicat)
1446 2278 1563 2354 ideo
1592 2277 1943 2354 debesmise-

373 2360 473 2411 reri
507 2357 631 2421 mei,
653 2345 783 2422 'quia
822 2368 920 2419 ego
949 2345 1202 2419 quantum
1231 2348 1293 2422 in
1325 2365 1409 2402 me
1447 2349 1563 2409 luit,
1598 2361 1689 2413 per
1719 2345 1942 2399 liberum

370 2420 644 2479 arbitrium
669 2420 797 2477 viam
819 2426 943 2491 elegi
960 2421 1201 2483 veritatis,
1230 2420 1278 2472 id
1301 2430 1404 2483 est,
1427 2425 1687 2485 pracepta
1708 2424 1943 2491 tua-vera

371 2496 503 2560 elegi
527 2494 650 2548 mihi
676 2496 829 2556 viam,
859 2484 915 2544 iii
937 2508 1090 2560 quam
1114 2504 1403 2554 currerem,
1428 2484 1480 2541 et
1502 2502 1600 2560 non
1623 2502 1734 2560 sum
1756 2484 1943 2560 oblitus

372 2556 565 2630 judicia
584 2576 666 2617 tua
697 2573 753 2615 ιιι
782 2556 1071 2615 cunerem.
1096 2562 1158 2612 Et
1185 2560 1380 2612 adltwsi
1411 2556 1717 2630 testimoniis
1738 2556 1856 2618 tuis,
1889 2563 1945 2630 ιιι

371 2624 665 2698 currerem,
718 2632 921 2685 scilicet
964 2632 1090 2682 nihil
1140 2631 1205 2682 de
1247 2643 1338 2698 me
1386 2625 1796 2698 prmsutnendp,
1847 2624 1942 2698 sed

373 2713 540 2757 totum
588 2692 766 2771 gratim
817 2709 918 2753 tute
963 2697 1315 2771 attribuendo.
1388 2692 1449 2749 Et
1497 2695 1649 2771 ideo,
1706 2692 1940 2759 Domine,

372 2777 475 2826 uoti
519 2765 614 2825 me'
643 2772 971 2838 confundere,
1016 2770 1063 2822 id
1106 2780 1209 2832 est,
1256 2767 1337 2821 l‘ac
1384 2765 1693 2838 tue__tale_m,
1737 2773 1794 2817 ιιι
1839 2778 1941 2838 non

372 2845 537 2910 possit
578 2842 679 2895 dici
709 2834 771 2893 ad
805 2856 979 2893 meam
1023 2840 1429 2893 confusionem:
1466 2834 1565 2888 llic
1610 2834 1761 2887 homo
1797 2834 1944 2903 cmpit

372 2913 645 2977 aediﬁcare,
680 2924 724 2964 et
756 2927 855 2962 non
884 2911 1046 2977 potuit
1080 2922 1449 2962 consummare.

452 2974 597 3035 Viam
636 2974 1012 3033 mandatorum.
1063 2979 1222 3044 Quasi
1270 2978 1473 3029 dicatur
1520 2991 1533 3027 :
1575 2974 1945 3044 Propterboc

376 3065 478 3104 non
522 3050 682 3103 debes
713 3065 797 3101 me
839 3042 1196 3110 confundere,
1227 3048 1348 3115 quia
1388 3059 1488 3112 ego
1516 3046 1749 3109 cucurri,
1783 3042 1834 3095 id
1863 3052 1946 3096 est

371 3121 514 3172 omni
545 3120 822 3173 conamine
847 3129 899 3171 et
931 3119 1197 3171 voluntate
1227 3115 1392 3169 institi
1423 3116 1559 3168 viam
1589 3115 1945 3166 mandatorum

856 361 1059 418 BEDE
1102 354 1550 413 VENEIlABlLlS
1592 351 1742 407 OPP.
1786 346 1961 404 PARS
2001 342 2067 399 ll.
2096 345 2285 401 SEC'I‘.
2328 345 2388 398 ll.
2430 372 2500 384 —
2541 341 2738 397 DUBIA
2791 338 2872 392 ET
2912 334 3185 391 SPURIA.

1828 474 1933 513 non
1970 462 2010 516 Α
2040 455 2160 509 bam
2184 496 2201 521 ,
2246 453 2586 520 Spiritualiter
2627 449 2896 519 perﬁciam

3484 333 3616 388 10εο

2946 467 2957 499 :
3002 455 3055 500 et
3104 445 3224 499 ideo
3274 444 3438 498 debes
3489 445 3619 498 mihi

2038 515 2238 594 ponere
2279 515 2761 594 legem,iquia'ego
2796 519 3073 594 exquiram
3121 531 3254 594 eam,
3316 525 3371 567 ιιι
3415 515 3531 594 plus
3565 526 3619 594 et

2038 586 2156 664 plus
2187 595 2238 648 in
2266 586 2669 665 ea'prolic'iam;
2699 586 2767 645 et
2796 590 2896 642 ltoc
2922 602 3140 652 semper,
3171 586 3221 638 id
3255 593 3357 647 est,
3394 586 3527 665 dum
3569 586 3623 638 in

2037 662 2139 719 bac
2186 666 2286 718 vita
2332 679 2469 726 sum,
2523 662 2648 716 hinc
2701 674 2926 727 namque
2973 670 3187 720 semper
3237 662 3523 727 quaeritur,
3561 665 3619 707 ut

2038 743 2310 796 teneatur;
2341 743 2393 789 et
2421 731 2798 797 continebitur,
2832 726 2897 783 ne
2925 727 3223 797 deseratur.
3268 726 3410 797 Cum
3440 736 3620 780 autem

2037 820 2136 859 nec
2166 807 2245 858 lex
2280 794 2389 868 illa,
2418 803 2483 855 de
2509 818 2610 869 qua
2654 794 2852 854 dictum
2872 805 2970 869 est
2996 813 3016 869 _:
3048 794 3155 848 Leu:
3196 795 3521 869 subintravit,
3569 804 3625 847 ut

2036 875 2317 927 abundaret
2347 864 2619 932 delictum.
2652 866 3155 936 comprehendatur,
3189 866 3290 917 nisi
3326 864 3628 936 intellectus

2036 945 2104 999 ab
2142 946 2257 1012 ipso
2309 952 2545 1011 petatur;
2590 942 2709 994 ideo
2749 934 2846 993 iste
2887 952 2982 1012 pro
3031 937 3129 1012 hac
3175 936 3289 1001 lege
3336 934 3625 1012 Spirituali,

2036 1005 2340 1081 quat-lange
2367 1005 2899 1082 dignioryesttrogat
2921 1007 3272 1082 intellectum.
3305 1017 3440 1082 cum_
3459 1005 3620 1082 dicit:

2043 1073 2306 1146 Domine,"
2331 1083 2395 1135 da
2424 1073 2546 1133 mihi
2584 1073 2920 1142 intellectum,
2954 1077 3004 1130 id
3032 1083 3144 1138 est,
3186 1076 3266 1126 lac
3310 1089 3396 1126 me
3426 1073 3625 1129 habere

2037 1151 2393 1209 illuminatum
2425 1151 2773 1212 intellectum,
2800 1158 2846 1201 et
2877 1148 3001 1200 dato
3031 1146 3322 1204 intellectu,
3358 1147 3627 1198 scrutabor

2038 1223 2199 1291 legem
2225 1232 2388 1285 luant,
2419 1235 2522 1274 non
2552 1220 2618 1273 ad
2648 1219 2945 1291 sciendum.
2978 1216 3166 1291 sed__ad
3201 1213 3501 1291 latiendum
3528 1232 3540 1266 :
3573 1225 3628 1291 et

2040 1284 2165 1345 vere
2211 1284 2512 1352 scrutabor,
2545 1291 2667 1358 quia
2712 1288 2995 1358 custodiam
3042 1284 3285 1358 illamhin
3326 1294 3430 1337 toto
3476 1286 3628 1338 corde

2040 1377 2151 1414 meo
2177 1377 2195 1414 :
2225 1362 2325 1415 hoc
2366 1369 2450 1414 est
2490 1354 2574 1413 ita'
2597 1374 2717 1412 eam
2766 1357 3083 1418 custodiam,
3119 1365 3174 1407 ut
3202 1354 3368 1407 Deum
3412 1368 3479 1408 ex
3515 1367 3628 1409 ιοιο

2039 1434 2202 1485 corde
2249 1441 2304 1485 et
2344 1441 2450 1483 tcta
2497 1430 2675 1482 anima
2725 1427 2941 1495 diligam
2970 1465 2985 1491 ,
3030 1434 3085 1479 et
3132 1424 3438 1495 proximum
3482 1424 3630 1495 sicut

2040 1502 2322 1569 meipsum.
2371 1502 2498 1553 Item
2538 1498 2658 1567 quia
2693 1494 3100 1569 custodirinon
3145 1494 3493 1569 pot_est,_uisi
3543 1498 3632 1569 ille

2040 1562 2251 1640 adjuvet
2281 1570 2371 1638 qui
2405 1562 2575 1638 jubet,
2612 1568 2789 1621 subdit
2819 1583 2833 1618 :
2865 1565 3043 1640 Deduc
3081 1562 3181 1640 me,
3218 1562 3470 1630 Domine,
3503 1566 3626 1633 quia

2041 1635 2134 1707 per
2158 1657 2246 1695 me
2289 1635 2651 1708 non—possum
2681 1639 2734 1691 in
2775 1637 2955 1690 semita
2993 1635 3361 1708 mandatorum
3392 1645 3629 1698 tuorum,

2040 1705 2090 1761 id
2121 1720 2221 1774 εει,
2259 1711 2336 1763 lac
2364 1705 2452 1763 me
2490 1709 2748 1777 perlicere
2797 1710 2848 1760 in
2891 1706 3161 1777 mandatis
3198 1705 3323 1767 tuis,
3356 1720 3476 1777 qua:
3506 1719 3629 1758 sunt

3076 1774 3196 1843 quia
3235 1782 3381 1827 arcta
3424 1774 3506 1827 via
3548 1787 3631 1830 est

2044 1865 2161 1917 qua:
2200 1850 2343 1903 ducit
2379 1851 2445 1902 ad
2482 1849 2614 1902 atria
2652 1849 2794 1901 vitaz.
2860 1846 2968 1901 Sed
3008 1856 3183 1917 tamen
3228 1860 3321 1917 per
3358 1858 3477 1917 eam
3520 1860 3627 1898 non

2044 1914 2295 1979 curritur,
2330 1918 2431 1971 nisi
2476 1919 2566 1972 Dei
2603 1918 2822 1980 auxilio,
2872 1917 2992 1971 ideo
3030 1914 3209 1968 subdit
3240 1931 3252 1965 :
3285 1914 3420 1977 Quia
3458 1917 3630 1985 ipsum

2044 1991 2201 2043 volui.
2249 1990 2313 2043 Et
2352 1991 2603 2055 quoniam
2641 2004 2742 2040 non
2781 1995 2851 2040 est
2891 1986 3101 2039 volentis
3145 2000 3302 2054 neque
3350 1989 3626 2051 currentis,

2044 2059 2131 2111 sed
2163 2061 2439 2113 miserantis
2464 2058 2589 2121 Dei,
2627 2059 2714 2127 qui
2758 2058 2841 2109 dat
2886 2057 3031 2127 nobis
3071 2055 3227 2120 vel.’e,
3272 2064 3319 2107 et
3363 2070 3456 2123 pro
3498 2055 3631 2107 bona

2044 2128 2297 2183 voluntate
2320 2145 2463 2199 posse
2483 2129 2742 2196 perﬁcere,
2776 2128 2895 2180 ideo
2927 2126 3156 2199 subjung
3178 2134 3199 2199 t_
3221 2142 3233 2199 ς

2116 2193 2329 2252 lnclind
2349 2216 2435 2252 cor
2460 2193 2621 2250 meum
2650 2199 2704 2250 in
2730 2198 3016 2249 testimonia
3046 2206 3151 2248 tua.
3184 2194 3239 2249 Id
3265 2202 3368 2260 est,
3402 2193 3466 2248 da
3498 2196 3627 2249 milii

2044 2284 2268 2338 pronum
2309 2280 2361 2323 et
2398 2270 2648 2338 devotum
2689 2268 2923 2320 animum
2967 2268 3019 2320 in
3059 2275 3146 2338 tua
3177 2274 3474 2338 pratcepta,
3504 2268 3632 2336 quia

2047 2334 2270 2393 iestatus
2302 2354 2359 2393 es
2385 2339 2525 2408 quod
2554 2337 2693 2391 Deus
2721 2338 2896 2408 exigat
2924 2352 2952 2388 a
2985 2334 3160 2401 nobis,
3186 2334 3632 2408 scilicetceriare

2047 2425 2213 2477 usque
2251 2411 2317 2463 ad
2363 2405 2636 2477 sanguinis
2684 2405 3047 2461 elfitsionem:
3089 2416 3143 2477 et
3187 2405 3255 2458 ita
3308 2405 3522 2477 inclina,
3572 2418 3632 2460 ut

2047 2475 2152 2533 non
2199 2480 2253 2532 in
2300 2475 2555 2543 avaritia,
2608 2477 2661 2531 id
2707 2488 2823 2541 est,
2878 2486 2934 2530 ιιι
2977 2475 3141 2546 gratis
3187 2482 3237 2530 te
3276 2476 3469 2536 colam,
3522 2491 3630 2531 non

2048 2560 2264 2617 propter
2340 2549 2555 2618 aliquod
2614 2552 3028 2603 emolumentum
3084 2554 3257 2618 extra
3333 2546 3630 2618 te_ipsum.

2044 2616 2196 2673 Tunc
2242 2619 2384 2673 enim
2430 2616 2603 2672 omnis
2642 2620 2860 2672 avaritia
2906 2616 3276 2685 praescinditur
3305 2655 3320 2676 .
3372 2616 3415 2669 si
3465 2617 3632 2682 gratis

2047 2687 2187 2742 Deus
2230 2690 2455 2742 colatur.
2506 2688 2570 2742 Et
2612 2689 2735 2755 quia
2778 2687 2995 2741 aVaritia
3038 2702 3140 2739 non
3185 2696 3263 2739 est
3316 2697 3514 2738 tantum
3561 2689 3633 2741 de

2047 2759 2289 2826 pecunia,
2336 2757 2429 2810 sed
2472 2760 2630 2812 etiam
2670 2759 2737 2812 de
2777 2757 2934 2811 laude
2976 2757 3225 2820 humana,
3261 2754 3381 2809 ideo
3420 2757 3627 2810 subdit:

2046 2830 2225 2881 Averte
2266 2828 2438 2881 oculos
2487 2844 2625 2881 meos
2679 2827 3000 2892 interiores,
3053 2826 3274 2889 scilicet,
3323 2826 3389 2878 de
3439 2828 3635 2891 quibus

2046 2897 2244 2951 dictum
2295 2908 2379 2953 est
2426 2916 2438 2949 :
2491 2898 2553 2951 Si
2601 2898 2777 2950 oculus
2821 2907 2936 2951 tutis
2979 2895 3194 2967 simplex
3240 2897 3414 2967 fuerit,
3468 2906 3634 2949 totum

2049 2983 2232 3037 corpus
2258 2978 2402 3021 tuum
2429 2968 2651 3021 lucidum
2674 2970 2788 3021 erit.
2815 2968 2941 3032 llos,
2966 2967 3199 3035 inquam,
3225 2966 3407 3037 oculos
3430 2979 3631 3031 averte,

2049 3052 2111 3090 ne
2139 3035 2207 3092 ‘in
2237 3039 2608 3092 observatione
2656 3038 2786 3107 legis
2828 3052 2941 3091 sua:
2980 3037 3199 3099 videant,
3246 3035 3298 3088 id
3348 3046 3452 3101 est,
3499 3052 3634 3102 pro-

2053 3118 2249 3174 ponant
2283 3108 2383 3164 sibi
2424 3113 2737 3173 vanitatem;
2779 3124 2882 3162 non
2910 3107 3051 3161 enim
3082 3119 3230 3159 actus
3259 3107 3423 3159 nostri
3453 3108 3634 3160 censi-

372 3151 822 3256 ὶᾮὲἶδιῖτῆῗξιἽξέἕ
963 3151 1596 3256 :sltmeaxwtiieiused'quia
1622 3151 1946 3256 _lu.dildlasti
1977 3151 2021 3216 C
2052 3151 2305 3256 deraulur
2328 3194 2399 3256 ex
2424 3180 2621 3256 cilicio,
2646 3151 2740 3233 sed
2763 3193 2826 3233 ex
2860 3178 3151 3256 intentione
3181 3176 3632 3256 etlinenscilicet,

373 3276 460 3312 cor
485 3253 669 3322 meum,
700 3257 749 3311 id
780 3268 878 3322 est,
907 3257 1094 3311 dedisti
1124 3258 1249 3310 mihi
1283 3257 1334 3309 in
1378 3256 1540 3309 corde
1566 3253 1949 3317 dilatationetu,

375 3329 477 3384 hoc
507 3345 669 3395 agens
702 3337 758 3382 ut
782 3344 901 3383 cum
938 3330 1195 3381 cliaritate
1227 3341 1318 3394 per
1346 3340 1462 3379 eam
1493 3338 1788 3379 currerent.

815 3436 917 3503 lle,
951 3436 1062 3507 ipsa
1092 3436 1174 3491 vel
1205 3436 1525 3506 suscipiens.

987 3541 1342 3581 EXPLANATIO.

444 3617 625 3672 Multis
654 3619 817 3672 modis
846 3619 987 3673 beata
1017 3619 1155 3685 plebs
1200 3619 1417 3688 expetit,
1451 3628 1503 3671 ut
1530 3618 1583 3670 in
1612 3618 1719 3688 lege
1752 3617 1957 3671 Domini

370 3692 485 3756 eius
521 3691 695 3742 debeat
739 3705 944 3742 munere
985 3691 1257 3751 custodiri,
1294 3699 1339 3741 et
1383 3688 1727 3754 pulcherrima
1763 3690 1958 3741 ratione

367 3759 647 3828 suscipiens
678 3776 776 3828 app
809 3759 987 3826 llatur,
1012 3775 1129 3827 qua:
1157 3760 1280 3812 dicit
1306 3774 1324 3813 :
1353 3758 1432 3811 Da
1464 3759 1585 3810 mihi
1619 3759 1955 3811 intellectum.

374 3826 595 3896 Ipsaque
624 3826 723 3881 non
745 3826 997 3881 innuerim
1041 3842 1264 3892 vocatur,
1302 3844 1418 3896 quae
1456 3829 1506 3880 in
1545 3829 1722 3881 cadent
1760 3840 1959 3898 semper

366 3900 645 3951 intentione
666 3900 958 3967 persistens,
991 3915 1022 3951 a
1049 3900 1269 3951 vanitate
1289 3898 1464 3952 steculi
1485 3900 1659 3952 oculos
1680 3898 1884 3951 avertit.

955 4021 1389 4061 COMMENTARIUS.

446 4095 631 4164 Legem
656 4112 783 4169 pone
814 4099 959 4151 milii.
1012 4099 1159 4153 Idem
1188 4104 1325 4166 quod
1360 4101 1504 4169 prius
1530 4099 1657 4154 dicit
1684 4118 1696 4152 :
1739 4098 1958 4153 Cucurri

374 4167 509 4241 viam
541 4167 892 4241 mandatorum
942 4178 1166 4223 tuorum.
1215 4167 1372 4241 Modo
1412 4181 1575 4241 rogat
1613 4171 1783 4241 legem
1832 4171 1956 4237 poni

374 4238 506 4308 sibi,
557 4239 697 4302 quod
746 4237 957 4308 videtur
998 4238 1322 4292 contrarium
1374 4237 1751 4308 apoétolo,qui
1792 4241 1953 4293 dicit:

376 4304 484 4357 Lex
515 4321 612 4357 non
642 4315 713 4358 est
746 4308 909 4369 posita
932 4307 1097 4376 justo,
1130 4309 1218 4378 sed
1244 4304 1463 4378 injuste.
1496 4310 1610 4362 Non
1640 4304 1783 4363 enim
1812 4309 1956 4374 ittjuo

374 4388 489 4428 stus
534 4384 707 4443 potest
744 4379 910 4443 accipi
962 4378 1069 4439 ille,
1113 4377 1203 4445 qui
1250 4377 1396 4445 prius
1442 4378 1576 4431 dixit
1619 4383 1955 4445 cucurrisse;

374 4447 467 4497 sed
496 4447 714 4516 dilatato
742 4450 902 4500 corJe
943 4448 992 4500 ιιι
1022 4447 1101 4501 via
1133 4449 1530 4513 mandatorum,
1562 4450 1701 4516 quod
1745 4459 1949 4503 tantum

2053 3250 2263 3316 quando
2306 3250 2503 3316 aliquid
2549 3250 2744 3303 bonum
2791 3249 3036 3316 agimus,
3086 3262 3153 3300 an
3203 3248 3329 3299 illud
3377 3246 3634 3316 faciamus

2056 3313 2151 3385 pro
2188 3313 2413 3371 humana
2464 3319 2638 3382 laude,
2684 3319 2765 3372 vel
2811 3313 3024 3386 ιῖι-ομιειν
3064 3317 3260 3384 aliquid
3309 3317 3433 3370 tale.
3480 3313 3635 3370 Unde

2056 3387 2311 3443 Dominus
2338 3390 2387 3441 in
2413 3387 2699 3459 Evangelia
2727 3406 2739 3441 :
2769 3389 3020 3442 Attendite
3042 3403 3104 3440 ne
3120 3388 3377 3459 justitiam
3414 3398 3632 3439 vestram

2056 3459 2254 3525 [aciatis
2287 3474 2458 3511 coram
2484 3455 2792 3523 hominibus,
2823 3458 3053 3527 alioquin
3084 3455 3186 3511 nan
3218 3455 3412 3509 habetis
3442 3473 3635 3509 nterce-

2056 3529 2170 3581 dem
2196 3530 2335 3598 apud
2361 3527 2565 3581 Patrem
2588 3538 2829 3582 vestrum.
2863 3529 3003 3581 Dixit
3027 3543 3089 3580 ne
3112 3528 3316 3598 videant
3340 3527 3629 3598 vanitatem,

2054 3600 2178 3666 quia
2213 3595 2494 3652 vanitatem
2535 3601 2774 3667 sequitur
2796 3613 2971 3663 mors;
3023 3599 3143 3653 ideo
3174 3597 3388 3651 subdit:
3422 3595 3635 3662 Vtvtﬁca

2056 3683 2154 3739 nte,
2187 3667 2429 3733 Domine,
2470 3669 2522 3722 in
2556 3672 2637 3722 via
2677 3679 2765 3722 tua
2804 3680 3067 3739 mortuum
3094 3669 3168 3739 ju
3214 3669 3444 3721 vanitate
3492 3682 3631 3739 mea.

2058 3736 2208 3792 Viam
2256 3748 2412 3792 vot-at
2446 3739 2739 3803 Christum,
2768 3742 2857 3807 qui
2888 3736 3055 3793 dixit:
3084 3737 3192 3808 Ego
3217 3753 3330 3808 sum
3364 3739 3466 3802 via,
3498 3738 3633 3808 veri-

2058 3818 2135 3861 tas
2165 3820 2209 3862 et
2238 3810 2378 3874 vita;
2416 3819 2470 3863 et
2500 3811 2632 3863 bene
2662 3821 2811 3878 rogat
2842 3811 2892 3863 itt
2925 3813 3151 3863 veritate
3179 3807 3456 3871 viwlicari,
3488 3807 3633 3860 veri—

2060 3888 2138 3932 tas
2185 3882 2328 3933 enim
2373 3879 2638 3934 contraria
2677 3892 2760 3934 est
2808 3880 3048 3933 vanitati.
3109 3878 3443 3946 Quapropter
3488 3879 3631 3930 sicut

2059 3959 2284 4029 mortem
2315 3951 2491 4004 intulit
2536 3963 2598 4003 ea
2629 3950 2859 4015 vanitas,
2904 3951 2976 4003 ita
3019 3951 3179 4003 vitam
3226 3950 3504 4017 prtcstabit
3543 3961 3637 4002 ve-

2059 4029 2211 4073 l'llaS.

2127 4088 2309 4144 Statue
2327 4104 2467 4144 servo
2491 4099 2595 4143 tuo.
2623 4088 2788 4156 Quasi
2816 4088 2956 4144 dicat
2988 4105 3003 4145 :
3038 4088 3103 4144 Ut
3124 4088 3360 4144 viviﬁces
3394 4104 3499 4151 me,
3530 4103 3629 4142 er-

2057 4173 2147 4229 go,
2179 4160 2423 4224 Domine,
2465 4162 2554 4228 qui
2583 4161 2848 4229 eloquium
2891 4170 3042 4215 tuum
3075 4160 3251 4214 iecisti
3277 4161 3525 4214 instabile
3558 4158 3629 4229 ιιτ

2058 4228 2340 4300 berotuo,
2385 4229 2469 4283 lac
2511 4228 2766 4300 eloquium
2812 4240 2955 4284 tuum
2998 4231 3189 4285 stabile
3224 4246 3371 4283 servo
3399 4243 3509 4293 tuo,
3580 4228 3633 4282 id

2058 4308 2165 4365 est,
2200 4298 2283 4354 fac
2314 4311 2371 4354 ut
2399 4300 2538 4369 quod
2579 4298 2631 4353 tu
2681 4300 2970 4368 eloqueris,
3016 4316 3120 4353 non
3178 4311 3378 4354 tantum
3433 4305 3626 4363 sciam,

2060 4373 2154 4424 sed
2189 4370 2411 4434 faciam;
2440 4380 2495 4424 et
2535 4371 2636 4425 hoc
2676 4371 2728 4423 in
2762 4376 2940 4425 timore
2970 4382 3079 4437 tuo,
3107 4371 3157 4424 id
3185 4381 3286 4433 est,
3333 4387 3437 4424 non
3472 4371 3524 4423 in
3559 4381 3629 4421 tt-

2062 4456 2210 4494 more
2229 4441 2429 4502 servili,
2461 4442 2554 4494 sed
2596 4441 2766 4509 liliali,
2799 4444 3020 4508 scilicet,
3053 4456 3210 4511 quem
3243 4444 3465 4511 perfecta
3491 4440 3622 4493 cita-

371 4526 457 4568 εει
506 4498 793 4583 iustorum,
835 4498 927 4569 sed
964 4498 1082 4571 non
1132 4498 1289 4587 rogat
1320 4498 1943 4587 ίιειεέ’“ιέςὲἧιθ’8ὼῖβῦιῆ

2057 4513 2179 4587 ritas
2207 4513 2346 4577 [oras
2377 4498 2479 4564 non
2502 4512 2673 4587 mittit.

370 4590 663 4637 secundum
718 4597 950 4639 veterem
1002 4589 1292 4655 populum,
1342 4592 1425 4642 eui
1477 4590 1558 4642 lex
1612 4590 1733 4643 data
1775 4604 1855 4642 est
1898 4590 1950 4644 in

371 4656 566 4727 tabulis
595 4656 817 4721 lapideis
842 4696 856 4719 ,
890 4660 982 4710 sed
1016 4669 1164 4727 rogat
1193 4659 1289 4711 sibi
1322 4659 1434 4712 dari
1468 4662 1637 4726 legem
1681 4676 1729 4711 in
1764 4661 1953 4713 tabulis

369 4726 575 4797 cordis,
608 4727 728 4791 quia
755 4727 1009 4794 scriptum
1037 4726 1117 4780 est
1146 4745 1157 4778 :
1189 4730 1431 4797 Auferant
1466 4748 1495 4781 (ι
1528 4731 1662 4781 vobis
1694 4746 1782 4782 cor
1811 4730 1951 4794 lapi-

368 4796 547 4869 deum,
575 4805 619 4846 et
648 4811 833 4869 ponant
862 4798 913 4848 iu
937 4796 1081 4869 vobis
1102 4813 1189 4850 cor
1218 4796 1496 4861 carneum;
1539 4800 1671 4850 dabo
1702 4804 1861 4869 lcgein
1898 4803 1951 4853 in

374 4866 620 4915 utentibus
651 4867 853 4929 vestris,
894 4878 940 4918 et
986 4868 1203 4920 scribam
1243 4886 1351 4920 eam
1382 4871 1433 4921 in
1471 4870 1709 4922 cordibus
1749 4866 1948 4924 vestris.

373 4932 545 5012 lingat
579 4935 777 5012 scilicet
816 4938 984 5012 legem
1019 4937 1141 5000 sibi,
1174 4940 1468 5012 nonquod
1500 4951 1711 5012 tantum
1746 4939 1950 4992 intelli-

372 5005 549 5082 geudo
584 5005 736 5082 sciat,
787 5009 877 5082 sed
907 5022 1080 5082 quam
1116 5005 1343 5082 amando
1374 5008 1528 5082 iaciat
1560 5011 1752 5082 uonﬂin
1786 5025 1951 5078 augu-

372 5077 477 5124 stia
510 5077 732 5136 timoris,
765 5078 855 5126 Sed
906 5078 954 5128 iu
996 5077 1267 5129 latitudine
1296 5077 1592 5132 charitatts.
1654 5078 1742 5131 Ille
1772 5089 1948 5132 autem

377 5144 715 5223 populusqui
749 5146 915 5223 legem
944 5150 1145 5223 accepit
1173 5147 1225 5223 in
1256 5149 1443 5211 tabul's
1477 5148 1717 5223 lapideis,
1750 5149 1951 5214 lapides

376 5216 577 5265 litteras
616 5216 734 5266 illos
777 5216 1012 5279 depictos
1062 5218 1275 5280 habuit,
1320 5234 1423 5271 non
1474 5228 1528 5270 ut
1575 5219 1952 5283 honoraretur,

374 5285 467 5335 sed
501 5292 556 5335 ut
588 5297 943 5349 premeretur;
980 5301 1084 5338 non
1116 5287 1321 5340 titulum
1354 5288 1589 5351 honoris,
1624 5288 1718 5340 sed
1750 5291 1954 5352 pondus

371 5354 574 5426 oneris.
617 5355 715 5420 Qui
748 5358 890 5408 enim
932 5366 1145 5408 coactus
1189 5359 1357 5426 legem
1392 5357 1537 5421 facit,
1571 5372 1675 5410 non
1710 5358 1841 5424 legis
1872 5368 1957 5412 est

373 5424 615 5486 anticus,
669 5426 762 5477 sed
813 5427 1077 5478 inimicus.
1137 5424 1331 5480 Littera
1377 5427 1455 5480 sic
1505 5427 1854 5481 continuatur
1904 5441 1957 5482 et

371 5494 696 5571 esponitur._
723 5495 881 5560 Quasi
910 5496 1053 5549 dicat
1086 5512 1097 5546 :
1130 5496 1193 5550 Ut
1221 5498 1621 5571 currantcorde
1653 5500 1874 5571 dilatato
1905 5501 1956 5550 in

373 5565 510 5637 viam
544 5565 907 5637 mandatorum
957 5577 1185 5629 tuorum,
1231 5582 1379 5637 ergo,
1414 5566 1652 5631 Domine,
1687 5571 1820 5620 viam
1841 5569 1959 5635 jus-

374 5632 710 5708 tiﬁcalionum
740 5645 964 5708 tuarum,
989 5636 1048 5708 id
1092 5645 1194 5701 est,
1223 5632 1623 5704 justilicalioues
1667 5649 1808 5701 tuas,
1838 5632 1960 5708 quae

374 5706 455 5774 vta
484 5712 625 5765 sunt,
658 5719 788 5771 pone
815 5706 937 5757 milii
978 5707 1157 5774 legem,
1197 5708 1244 5759 id
1276 5718 1385 5769 est,
1426 5708 1508 5760 lac
1545 5709 1674 5761 mihi
1712 5706 1959 5761 stabilem

376 5770 565 5839 legem,
600 5775 801 5826 scilicet
847 5786 901 5828 ut
947 5770 1085 5842 quod
1118 5776 1262 5843 prius
1294 5791 1384 5845 per
1415 5779 1643 5831 litteram
1694 5778 1958 5846 intellige-

2129 4584 2349 4649 Amputa
2375 4582 2730 4649 opprobrium.
2770 4582 2930 4649 Quasi
2958 4580 3098 4635 dicat
3135 4598 3146 4633 :
3184 4580 3249 4636 Ut
3280 4581 3474 4637 stabile
3502 4582 3633 4635 milii

2053 4656 2122 4705 sit
2152 4654 2417 4719 eloquium
2452 4664 2621 4715 tuum,
2652 4663 2865 4717 amputa
2907 4655 3237 4719 opprobrium
3269 4670 3454 4717 meum,
3505 4654 3631 4715 hoc,

2054 4723 2278 4785 scilicet,
2307 4723 2441 4789 quod
2473 4738 2571 4789 ego
2598 4726 2884 4789 suspicatus
2911 4740 3023 4776 sum
3052 4725 3102 4775 in
3128 4725 3266 4788 aliis,
3297 4724 3436 4789 quod
3461 4723 3637 4790 gratis

2061 4801 2111 4844 te
2142 4807 2244 4844 non
2278 4795 2535 4845 colerent.
2569 4794 2719 4846 Sicut
2759 4806 3039 4847 accusmor
3084 4794 3305 4845 fratrum
3354 4793 3422 4845 de
3475 4797 3641 4844 beato

2054 4862 2156 4915 Job
2185 4862 2360 4914 dixit:
2415 4862 2664 4930 Nunquid
2713 4863 2816 4915 Job
2867 4864 3027 4932 gratis
3055 4864 3175 4915 colit
3231 4862 3433 4914 Deum?
3486 4862 3637 4914 Multi

2056 4947 2197 4985 enim
2244 4943 2461 5000 pr0pter
2488 4933 2917 4986 malevolentiam
2950 4946 3034 4983 aut
3067 4934 3467 4986 aemulationem
3499 4933 3639 4984 alios

2057 5016 2121 5055 ex
2175 5006 2289 5054 sola
2320 5004 2624 5069 suspicione
2668 5006 2748 5055 sic
2801 5014 3075 5063 accusant,
3117 5004 3241 5069 quia
3289 5003 3430 5070 quod
3480 5003 3531 5054 in
3575 5016 3638 5055 se

2060 5073 2177 5140 ipso
2211 5072 2425 5125 ltontine
2458 5073 2721 5135 viderunt,
2774 5071 2873 5123 hoc
2928 5074 3081 5124 I'acde
3109 5074 3175 5124 de
3202 5074 3309 5125 alio
3352 5075 3637 5137 suspican-

2063 5152 2167 5196 tur.
2204 5144 2307 5195 ISte
2352 5152 2527 5196 autem
2568 5142 2851 5194 attendens
2891 5143 3015 5208 quid
3068 5142 3424 5210 principiatur,
3483 5142 3635 5194 scili-

2059 5222 2182 5266 cet:
2221 5211 2398 5265 Nolite
2436 5223 2552 5265 ante
2600 5223 2795 5281 tempus
2839 5213 3096 5278 judicare,
3148 5223 3201 5265 et
3230 5213 3441 5279 similia,
3484 5222 3638 5278 optat

2060 5284 2160 5337 sibi
2193 5284 2304 5335 dari
2335 5284 2699 5345 dilectionem,
2725 5298 3102 5351 quteotunem
3151 5284 3357 5336 auferat
3410 5297 3633 5349 pravam

2061 5355 2399 5420 deproxitno
2428 5352 2808 5421 suspicionem.
2837 5350 2901 5406 Et
2924 5353 3042 5405 ideo
3074 5352 3246 5420 (quasi
3274 5352 3439 5421 dicat)
3468 5354 3636 5407 debes

2061 5432 2338 5491 amputare
2368 5424 2716 5494 approbrium
2758 5438 2957 5489 meum,
2990 5425 3114 5489 quia
3140 5438 3319 5476 meum
3344 5423 3629 5494 judicium,

2061 5497 2200 5561 quod
2230 5502 2313 5547 est
2350 5509 2416 5547 ex
2468 5493 2792 5560 suSpicione,
2827 5503 2907 5547 est
2949 5496 3075 5545 nnlti
3129 5493 3368 5548 amarunt
3413 5508 3467 5549 et
3501 5494 3635 5545 iusi-

2065 5565 2274 5631 pidum;
2311 5576 2395 5615 tua
2425 5564 2840 5631 autetnjudicia,
2882 5564 2972 5629 qui
3007 5564 3250 5631 principis
3281 5566 3347 5618 de
3377 5566 3628 5631 proximo

2065 5634 2196 5688 nihil
2226 5635 2486 5703 judicare,
2518 5634 2620 5687 nisi
2652 5634 2790 5701 quod
2825 5639 3019 5686 bonum
3068 5635 3138 5687 sit
3186 5648 3239 5686 et
3287 5650 3491 5693 verum,
3545 5634 3633 5686 illa

2063 5715 2188 5758 sunt
2237 5706 2364 5758 mihi
2390 5704 2648 5775 jucunda,
2699 5703 2753 5756 id
2795 5712 2895 5775 est,
2940 5706 3127 5757 suavia
3165 5712 3219 5756 et
3246 5705 3635 5758 dulciaJ’otest

2064 5782 2225 5831 etiam
2254 5777 2338 5830 hic
2377 5774 2543 5845 accipi
2568 5775 2768 5843 judicnt
2810 5774 2902 5829 illa
2934 5788 3056 5829 vera
3093 5782 3146 5828 et
3172 5786 3336 5840 certa;
3368 5792 3486 5844 quae
3520 5786 3628 5825 tan-
