4026 6200
460 378 589 437 1031

1128 378 1189 433 ΙΝ
1229 379 1645 437 PSALIIORUM
1688 381 1948 439 LIBRUM
1994 381 2357 437 EXEGESIS.
2402 411 2471 422 —
2513 382 2758 438 PSALSI.
2800 379 3036 435 CXVIII.

3582 389 3603 442 I
3615 386 3719 445 069.

456 497 778 567 demerunt,
806 490 1015 567 quando
1060 492 1237 545 veniet
1282 492 1556 567 Dominus,
1588 495 1676 562 qui
1714 494 2021 567 illuminabit
2057 497 2101 553 Α
2128 494 2747 567 εογριιςῄρετιῑιιιιςιιιηι,
2789 495 2911 562 quia
2945 493 3284 562 agnoscendo
3313 508 3375 551 se
3419 495 3705 567 ﬂeverunt,

455 565 747 620 abscondita
788 563 1124 629 tinebrarum,
1174 571 1221 615 et
1265 564 1607 633 manifestabit
1645 566 1863 618 consilia
1910 582 2025 618 cor-

456 639 618 691 dium.

532 707 665 760 Ecce
704 704 968 770 concupiui
1012 705 1270 757 mandata.
1319 705 1478 769 Quasi
1513 703 1692 759 dicat:
1751 705 1889 757 Ecce
1939 721 2036 759 tur

461 788 638 845 petam
672 774 964 829 utaul‘eras
991 776 1335 841 opprobrium
1367 790 1575 845 meum,
1601 776 1743 838 ideo,
1794 776 2028 839 scilicet,

457 843 717 912 concupiui
742 846 984 896 mandata
1021 854 1131 905 tua,
1164 845 1215 897 id
1244 853 1325 897 est
1348 886 1363 907 ,
1404 843 1765 908 diluetionem,
1800 846 2029 911 scilicet,

461 930 517 971 Ill
541 919 760 984 diligam
792 918 1095 983 proximum
1127 925 1374 980 tanquam
1405 916 1689 982 meipsum,
1721 926 1778 969 et
1808 916 2035 970 ulterius

458 989 523 1042 de
547 991 661 1056 ipso
687 1003 779 1052 per
823 986 1251 1039 malevolentiam
1275 995 1379 1056 aut
1407 985 1756 1056 invidentiam
1799 1002 1903 1039 non
1936 1001 2031 1040 su-

458 1055 631 1127 spicer
665 1056 876 1127 aliquod
926 1057 1147 1119 malum,
1193 1055 1560 1127 sedijudicem
1618 1071 1777 1109 omne
1809 1057 2029 1121 bonum,

458 1126 597 1198 quod
632 1139 684 1179 tu
718 1126 1205 1198 mandasti,dicens
1235 1143 1247 1177 :
1292 1126 1598 1179 Mandatum
1628 1142 1812 1179 novum
1847 1129 1912 1179 do
1944 1142 2029 1180 vo-

460 1197 555 1266 bis,
585 1209 639 1251 ut
661 1198 885 1264 diligatis
907 1197 1138 1251 invicem.
1164 1198 1339 1250 Novus
1366 1198 1505 1250 enim
1539 1198 1699 1251 homo
1722 1213 1856 1250 nova
1893 1213 2030 1263 prte-

459 1279 609 1336 cepta
635 1268 783 1321 dedit
809 1268 1024 1320 mundo.
1061 1268 1125 1320 Et
1153 1270 1273 1335 quia
1321 1269 1589 1332 concupiui
1631 1271 1874 1320 mandata
1916 1277 2027 1332 tua,

458 1354 607 1408 ergo,
642 1338 884 1401 Domine,
915 1338 1112 1409 vivi/ica
1142 1354 1219 1409 nte
1258 1338 1310 1390 in
1352 1340 1595 1409 a’quilale
1618 1347 1732 1404 tua,
1766 1339 1815 1391 id
1844 1348 1947 1405 est,
1978 1339 2030 1393 in

459 1409 698 1482 Christo,
734 1411 822 1474 qui
854 1419 936 1482 est
967 1408 1117 1482 nobis
1140 1408 1305 1462 laetus
1328 1410 1610 1477 sapientia,
1644 1409 1869 1482 justitia,
1898 1424 2026 1463 san-

459 1479 706 1533 ctificatio
737 1491 789 1533 et
820 1478 1140 1547 redemptio.

1045 1587 1186 1653 Vav,
1230 1600 1282 1644 et
1327 1591 1461 1658 ipse.

1063 1702 1424 1741 EXPLANATIO.

532 1780 763 1834 Postulat
803 1780 1127 1848 congregatio
1168 1792 1345 1832 sancta
1380 1779 1661 1832 salutarem
1710 1779 1807 1832 sibi
1856 1779 2035 1832 Domi-

2138 574 2192 638 et
2235 565 2404 618 multo
2430 564 2680 638 solidius
2718 567 2940 638 gratiam
2988 567 3330 638 invenerunt,
3365 569 3486 635 quia
3520 564 3711 638 super;

2138 635 2277 688 biam
2331 635 2669 708 amiserunt;
2702 646 2755 688 et
2791 636 2928 708 ideo
2979 650 3082 708 non
3132 635 3384 708 despero,
3417 639 3509 691 sed
3544 635 3720 708 potius

2136 719 2296 771 Spero
2324 706 2377 757 in
2398 706 2609 774 judiriis
2638 708 2756 767 tuis,
2791 705 2839 758 id
2884 717 2987 767 εει,
3030 705 3072 757 si
3107 714 3159 758 ιιι
3191 720 3274 758 me
3298 704 3506 773 iudicas
3537 704 3692 765 talem

2136 775 2223 842 qui
2252 774 2533 841 aliquando
2572 774 2778 848 cadam,
2812 785 2867 828 ut
2896 774 3083 828 fortior
3110 789 3347 848 surgam,
3379 790 3569 848 etnon
3611 797 3702 848 pa-

2138 860 2252 897 rum
2285 860 2469 913 spero,
2511 845 2605 898 sed
2654 860 3007 914 superquam
3054 845 3286 915 petimus
3328 855 3421 899 aut
3450 845 3715 919 intelligi-

2138 932 2186 968 nI
2196 931 2275 970 IIS‘.

2211 985 2277 1036 Et
2306 985 2588 1039 custodiam
2633 985 2789 1055 legem
2821 993 2977 1037 tuam.
3030 983 3159 1039 Dico
3188 1000 3248 1038 ne
3276 987 3481 1055 auferas
3511 990 3715 1043 verbum

2138 1058 2200 1108 de
2232 1072 2318 1108 ore
2341 1072 2469 1119 meo,
2500 1065 2544 1107 et
2574 1057 2616 1110 si
2642 1071 2744 1108 non
2770 1055 3005 1117 auferas,
3038 1066 3161 1109 tunc
3191 1071 3290 1125 ego
3319 1060 3608 1111 custodiam
3640 1064 3716 1114 le-

2138 1143 2249 1195 gem
2276 1133 2434 1189 tuam,
2462 1125 2512 1179 id
2539 1135 2643 1190 est,
2677 1126 3041 1187 dilecﬁonem,
3079 1141 3195 1192 quae
3225 1127 3347 1180 ideo
3375 1128 3570 1181 dicitur
3597 1131 3714 1194 lex,

2138 1198 2259 1263 quia
2292 1199 2342 1249 in
2373 1197 2566 1249 duobus
2614 1196 2865 1267 mandatis
2896 1197 3176 1248 dilectionis
3222 1198 3458 1251 universa
3491 1200 3572 1252 (ea:
3602 1218 3722 1267 pen-

2140 1267 2220 1320 det
2246 1277 2295 1319 et
2322 1269 2601 1337 prop/retin.
2639 1266 2701 1320 Et
2747 1266 2813 1337 ita
2844 1266 3139 1337 custodiam
3168 1283 3309 1327 eam.
3343 1270 3485 1336 quod
3514 1266 3718 1337 semper

2140 1347 2193 1390 et
2226 1336 2353 1391 vere
2385 1353 2617 1405 semper,
2672 1336 2793 1403 quia
2826 1336 2949 1388 etin
2982 1336 3081 1389 hoc
3110 1338 3357 1389 stecnlum
3389 1348 3433 1390 et
3464 1342 3514 1391 in
3558 1336 3719 1392 siccu-

2141 1406 2249 1459 lum
2296 1409 2527 1461 futurum
2564 1414 2683 1474 post
2714 1408 2811 1458 hoc
2841 1408 3114 1468 smculutn,
3149 1408 3288 1461 unde
3318 1409 3443 1461 dicit
3490 1413 3720 1471 Aposto-

2142 1478 2269 1531 lus:
2323 1478 2442 1532 Sive
2470 1480 2746 1544 prophetia:
2790 1476 3183 1543 evacuabuntur,
3231 1478 3333 1529 sive
3381 1480 3594 1532 scientia
3624 1482 3717 1533 de-

2141 1558 2389 1611 struatur,
2439 1548 2658 1602 cltaritas
2698 1561 2813 1599 vero
2867 1562 3127 1613 nunquam
3178 1548 3415 1608 excidet;
3446 1549 3531 1602 hic
3578 1552 3718 1602 enim

2144 1628 2405 1687 princepta
2456 1617 2572 1686 ejus
2611 1615 3007 1680 custodiuntur,
3039 1619 3131 1671 sed
3182 1632 3285 1670 non
3331 1620 3449 1671 sine
3486 1620 3719 1683 timore;

2145 1698 2267 1742 tunc
2299 1704 2425 1742 vero
2454 1691 2567 1741 sine
2615 1687 2760 1740 omni
2812 1690 3003 1740 timore
3053 1702 3209 1740 casus
3270 1687 3717 1756 observabuntur,

2143 1759 2261 1826 quia
2295 1767 2441 1812 tanto
2471 1758 2740 1811 ardentius
2772 1758 2935 1809 Deum
2961 1772 3233 1821 amamus,
3265 1769 3463 1825 quanto
3494 1760 3722 1814 vicinius

460 1869 580 1906 num
603 1852 781 1903 debere
808 1828 1036 1914 conacedi,
1088 1859 1141 1903 ut
1184 1852 1418 1903 inimicos
1459 1852 1521 1901 de
1548 1859 1741 1902 (eterna
1785 1866 2029 1903 remune-

2143 1843 2265 1908 eum
2319 1828 2582 1914 videmus,
2627 1834 2682 1879 et
2734 1835 2860 1907 tunc
2890 1829 3310 1907 proximussine
3348 1829 3492 1907 omni
3550 1833 3724 1895 SUSpI-

460 1927 658 1976 ratione
686 1923 991 1988 confundat,
1023 1930 1068 1973 et
1110 1922 1161 1972 in
1194 1922 1300 1989 lege
1332 1920 1537 1972 Domini
1569 1921 1780 1973 assidua
1810 1922 2027 1973 medita-

461 1995 596 2046 tione
626 1993 876 2060 proﬁciat.
907 1991 1027 2060 Ipse
1048 2007 1165 2059 ergo
1200 1990 1446 2042 Dominus
1469 2000 1621 2058 atque
1648 1989 1891 2045 Salvator
1913 1989 2029 2043 Vau

464 2066 649 2116 littera:
701 2062 945 2115 vocabulo
988 2060 1305 2130 designa'ur,
1356 2073 1571 2129 notaque
1626 2076 1777 2127 quam
1824 2061 2034 2130 pulchre

458 2137 635 2203 quinta
664 2134 851 2196 littera,
880 2133 992 2203 ipsa
1021 2141 1161 2183 sexta
1187 2140 1525 2203 nuncupetur,
1554 2140 1598 2183 et
1624 2132 1751 2203 ipse,
1776 2131 2033 2193 videlicet,

460 2200 541 2256 cui
569 2205 754 2255 dicitur
778 2218 795 2255 :
834 2222 850 2253 t
888 2200 964 2254 Tu
990 2212 1159 2253 autem
1189 2202 1320 2253 idem
1347 2203 1451 2265 ipse
1477 2217 1531 2252 es
1568 2219 1586 2252 ι
1619 2201 1671 2253 id
1693 2212 1765 2253 est
1789 2214 2031 2266 w'ernus,

458 2275 511 2326 in
538 2275 684 2343 cujus
716 2274 815 2336 [ide
844 2273 1016 2343 etiam
1050 2271 1276 2324 Ecclesia
1304 2272 1414 2333 ipsa
1455 2286 1583 2333 esse,
1618 2287 1721 2323 una
1755 2273 2033 2339 eademque

459 2342 724 2397 devotione
749 2359 947 2413 semper
977 2342 1057 2394 hic
1082 2352 1129 2395 et
1155 2343 1206 2394 in
1234 2343 1409 2412 futuro
1435 2357 1551 2394 cum
1580 2356 1639 2395 eo
1669 2357 1883 2410 regnare
1913 2358 2035 2411 pro-

459 2414 665 2469 meruit.

1043 2497 1469 2539 COMMENTARIUS.

533 2594 599 2649 Et
630 2595 796 2649 veniat
824 2610 976 2665 super
1000 2610 1100 2647 me.
1133 2594 1290 2662 Quasi
1330 2595 1472 2649 dicat
1502 2612 1516 2649 :
1552 2592 1677 2648 Dico
1727 2603 1785 2648 ut
1834 2609 1918 2647 me
1947 2590 2027 2646 vi-

460 2668 645 2721 vitices
667 2667 718 2721 in
740 2667 1006 2734 aequitate,
1039 2673 1094 2720 et
1121 2674 1177 2718 ut
1202 2680 1301 2734 ego
1332 2666 1628 2719 viviticatus
1657 2667 2032 2733 concupiscam

463 2738 709 2791 mandata
742 2747 865 2799 tua;
914 2749 1061 2801 ergo,
1096 2749 1129 2789 ο
1162 2734 1397 2798 Donine,
1450 2736 1541 2789 ille
1587 2736 1675 2803 qui
1723 2751 1826 2788 non
1858 2736 2032 2790 solum

461 2808 793 2868 misericors,
826 2807 919 2859 sed
951 2806 1062 2873 ipsa
1113 2805 1457 2857 misericordia
1500 2816 1588 2858 tua
1637 2820 1695 2860 es
1747 2806 2030 2869 dicendus,

458 2880 579 2945 quia
611 2892 704 2945 per
730 2891 850 2931 eum
882 2889 1096 2928 omnem
1128 2874 1546 2928 misericordiam
1600 2874 1802 2928 mundo
1840 2890 1900 2929 es
1937 2890 2036 2929 os-

464 2944 713 3001 tensurus
740 2956 794 2999 et
823 2944 1177 3010 exltibiturus,
1209 2946 1375 2997 veniat
1398 2961 1548 3015 super
1578 2962 1655 2999 me
1685 2946 1749 2997 ad
1798 2960 1884 2999 me
1929 2945 2032 2999 sibi

460 3017 921 3080 conformandum,
948 3026 999 3069 et
1027 3015 1128 3068 hoc
1156 3030 1259 3067 non
1301 3030 1394 3082 per
1422 3019 1667 3069 meritum
1694 3031 1896 3080 meum,
1928 3015 2022 3069 sed

459 3088 714 3153 eloquium
768 3095 947 3151 tuum,
1000 3084 1052 3137 id
1110 3095 1210 3147 est,
1270 3085 1561 3138 secundum
1618 3086 2030 3153 promissionem

2137 1901 2292 1953 cione
2340 1898 2600 1967 diligitur,
2647 1897 2900 1966 quoniam
2947 1895 3062 1965 ipse
3101 1897 3207 1951 erit
3243 1897 3420 1950 omnia
3456 1902 3505 1951 iu
3539 1901 3717 1953 omni-

2136 1970 2256 2023 bus.

2208 2038 2273 2092 Et
2300 2036 2623 2091 ambulabam
2651 2038 2700 2089 in
2732 2036 3018 2089 latitudine.
3063 2035 3376 2104 Superiores
3407 2052 3593 2091 versus
3622 2041 3721 2092 ltu-

2132 2108 2222 2177 jus
2251 2108 2441 2177 psalmi
2483 2108 2765 2162 continent
2810 2107 3107 2159 orationem
3150 2116 3204 2159 et
3234 2108 3667 2175 deprecationem
3699 2128 3715 2175 ;

2176 2180 2225 2233 ui
2256 2176 2382 2232 vero
2409 2188 2728 2248 sequuntur,
2763 2182 3040 2248 continent
3062 2176 3211 2248 quasi
3252 2188 3615 2231 narrationem
3642 2182 3721 2233 ef-

2158 2246 2306 2303 ectus
2335 2246 2503 2317 ipsius
2530 2246 2942 2316 deprecatioois.
2966 2247 3031 2299 Et
3052 2247 3131 2300 sic
3154 2250 3513 2300 continuatur.
3542 2250 3712 2314 Ωιι.ιεί

2134 2320 2278 2373 dicat
2307 2336 2322 2373 :
2365 2320 2489 2373 llam
2518 2320 2738 2387 quidem
2768 2330 2890 2385 quae
2921 2317 3170 2385 praedicta
3202 2328 3346 2383 sunt,
3379 2319 3621 2382 orabam,
3667 2329 3723 2374 et

2142 2398 2197 2443 tu
2231 2404 2315 2444 me
2345 2386 2607 2443 esaudisti
2646 2387 2895 2456 ponendo
2926 2387 3095 2457 meiin
3130 2386 3489 2453 latitudinem,
3522 2390 3573 2440 in
3617 2405 3720 2457 qua

2137 2460 2408 2513 latitudine
2428 2458 2774 2522 ambulabam,
2804 2457 2853 2510 id
2877 2467 2978 2521 est,
3006 2456 3330 2511 delectabar.
3358 2456 3717 2512 Latitudinem

2140 2540 2297 2583 vocat
2325 2530 2594 2597 spiritum,
2652 2527 2733 2597 de
2767 2542 2872 2594 quo
2902 2529 3102 2580 dictum
3150 2539 3271 2597 est:
3326 2528 3564 2582 Charitas
3623 2528 3724 2583 Dei

2136 2600 2326 2667 diffusa
2361 2595 2443 2652 est
2473 2600 2526 2651 in
2575 2596 2810 2649 cordibus
2840 2598 3013 2649 vestris
3051 2613 3143 2665 per
3172 2595 3431 2666 Spiritum
3460 2610 3714 2667 sanctum,

2134 2677 2221 2738 qui
2254 2671 2400 2722 datus
2429 2679 2499 2722 est
2529 2668 2698 2732 nobis,
2728 2668 2817 2735 qui
2858 2667 2982 2721 fecit
3004 2681 3100 2720 nos
3129 2678 3311 2736 petere
3340 2670 3482 2738 quod
3510 2669 3721 2723 deside-

2138 2755 2315 2793 ramus
2351 2740 2924 2808 accipere,uu:erere
2974 2739 3115 2808 quod
3168 2739 3411 2791 volumus
3456 2740 3718 2805 invenire,

2139 2812 2348 2877 pulsare
2397 2806 2485 2861 ad'
2518 2807 2657 2877 qttod
2690 2806 2907 2860 nitimur
2938 2807 3258 2876 pertingere.
3300 2808 3363 2861 Et
3408 2823 3553 2874 vere,
3584 2810 3713 2877 quia

2136 2881 2309 2933 dicit:
2360 2878 2695 2931 Ambulabam
2744 2877 2799 2947 in
2850 2877 3141 2943 latitudine,
3191 2877 3315 2945 quia
3345 2879 3591 2947 exquisivi
3625 2896 3718 2947 pe-

2138 2949 2320 3013 tendo,
2350 2950 2661 3018 quaerendo,
2716 2946 2999 3015 pulsando,
3054 2950 3301 3001 mandata
3348 2946 3441 3002 tua
3484 2964 3589 3003 nou
3640 2952 3708 3003 ad

2134 3021 2431 3081 sciendum,
2459 3019 2551 3073 sed
2604 3018 2925 3073 faciendum.

2205 3088 2274 3141 Et
2299 3089 2535 3149 loquebar
2562 3088 2617 3140 in
2644 3086 2960 3141 testimoniis.
3003 3085 3142 3141 Vere
3171 3089 3415 3155 exquisivi
3446 3090 3710 3145 mandata.

462 3156 976 3249 triam,_scilice_t:,__itt
1004 3156 1295 3209 secundum
1322 3155 1479 3209 tidem
1524 3157 1675 3241 firma
1704 3156 1773 3209 sit
1804 3157 2032 3226 promis-
2062 3188 2107 3249 Ο
2138 3160 2267 3249 liam
2313 3159 2673 3249 etrloquentl-o
2716 3165 2791 3249 et:
2816 3157 3557 3249 meditandert-exercendo;
3590 3161 3715 3215 llzec

459 3226 543 3281 sio
569 3231 710 3281 omni
742 3225 953 3279 semini.

535 3297 598 3349 Et
628 3295 960 3365 respondebo.
1000 3294 1157 3360 Quasr
1189 3295 1329 3348 dicat
1354 3311 1365 3346 :
1426 3293 1492 3347 Et
1524 3294 1614 3348 illo
1640 3310 1801 3360 super
1829 3310 1914 3350 me
1943 3311 2033 3350 ve-

460 3369 660 3428 niente,
701 3382 891 3421 secure
928 3366 1257 3435 respondebo,
1295 3366 1345 3417 id
1377 3375 1479 3428 est,
1513 3379 1777 3435 exponam
1804 3366 2032 3419 verbum

462 3439 581 3491 fidei
613 3432 1035 3507 exprobrantibus
1063 3434 1185 3507 milii
1218 3436 1403 3507 ipsum
1421 3432 1624 3507 verbum
1653 3435 1804 3507 ﬁdei;
1833 3436 1932 3489 hoc
1953 3444 2034 3490 est

458 3518 635 3562 autem
668 3504 888 3560 verbum
921 3505 1041 3559 fidei
1068 3522 1079 3555 ε
1128 3504 1187 3558 Si
1233 3505 1507 3557 credideris
1536 3506 1587 3555 in
1617 3506 1768 3559 corde
1797 3515 1882 3558 tuo
1911 3508 2033 3574 quia

462 3576 710 3631 Dominus
736 3588 806 3630 est
828 3576 1003 3636 Iesus,
1033 3583 1078 3627 et
1121 3579 1387 3643 confessus
1417 3574 1574 3641 fueris
1605 3576 1656 3627 in
1684 3590 1771 3627 ore
1801 3587 1887 3629 tuo
1912 3577 2035 3642 quia

462 3648 597 3701 Deus
629 3646 783 3700 Pater
838 3648 1091 3699 suscitavit
1137 3647 1283 3697 illunt
1336 3662 1368 3697 a
1421 3645 1652 3709 mortuis,
1699 3644 1867 3698 salvus
1911 3647 2031 3700 eris.

457 3718 588 3783 Quia
620 3718 774 3770 corde
797 3716 1019 3769 creditur
1059 3715 1126 3767 ad
1163 3717 1443 3785 justitiam,
1476 3730 1560 3767 ore
1589 3725 1757 3768 autem
1802 3715 1861 3782 ﬁt
1909 3731 2031 3769 con-

459 3790 612 3856 fessio
642 3790 708 3841 ad
735 3790 969 3840 salutem.
1005 3785 1415 3852 Respoutlendo,
1451 3786 1683 3854 inquam,
1718 3800 1823 3856 non
1848 3785 1914 3839 de
1947 3802 2032 3839 me

462 3859 855 3930 praesumendo,
906 3857 1169 3930 sethu'a
1218 3858 1415 3924 speravi
1464 3856 1516 3908 in
1564 3855 2029 3930 sermonibustuis,

461 3927 563 3984 IIOC
600 3939 703 3994 est,
735 3929 785 3981 in
820 3927 918 3980 hoc
946 3928 1064 3979 solo
1105 3940 1253 3996 spem
1307 3942 1477 3980 meam
1535 3941 1753 3994 ponam,
1796 3927 1932 3996 quia
1979 3938 2030 3979 tu

458 4000 676 4053 dixisti:
713 3997 830 4051 Non
861 4013 942 4050 vos
989 3997 1104 4050 estis
1130 3995 1216 4064 qui
1268 3996 1551 4063 loquimini,
1603 4012 1694 4065 ego
1724 3995 1856 4049 enim
1899 3996 2030 4048 dabo

456 4071 597 4123 vobis
622 4086 675 4121 os
703 4080 747 4121 et
775 4071 1099 4136 sapientiam,
1125 4081 1229 4123 etc.
1259 4068 1391 4132 Quia
1418 4076 1594 4120 autem
1629 4068 1775 4119 multi
1807 4081 1909 4120 non
1940 4082 2029 4119 su-

460 4143 725 4194 stincutes
780 4139 1246 4207 exprobrationes,
1300 4138 1541 4207 negando
1570 4137 1901 4207 ceciderunt,
1934 4137 2028 4190 sed

460 4222 643 4280 postea
674 4206 983 4278 paenitendo
1005 4208 1334 4280 revixerunt,
1360 4210 1499 4261 sicut
1529 4206 1714 4261 Petrus
1743 4206 1807 4260 ad
1842 4208 2025 4280 tiaram

458 4275 687 4348 quidem
707 4280 947 4349 peccavit
978 4278 1168 4331 timore
1214 4280 1453 4345 territus,
1486 4286 1668 4346 postva
1699 4292 1824 4331 vero
1854 4275 2028 4349 ﬂendo

458 4347 543 4406 est
574 4347 875 4419 reparatus,
908 4360 961 4402 et
1007 4350 1311 4419 conlitettdo
1337 4352 1496 4401 etiam
1527 4357 1831 4408 coronatus,
1878 4347 2024 4419 multi

458 4418 647 4475 autem
668 4436 734 4475 es
766 4430 878 4473 toto
904 4424 1144 4489 negando
1169 4418 1495 4480 ceciderunt,
1522 4420 1643 4486 quia
1678 4427 1859 4489 postea
1894 4418 2027 4471 ﬂen-

459 4494 530 4545 do
568 4507 671 4545 non
725 4488 1086 4560 profecerunt,
1138 4490 1257 4560 ideo
1306 4492 1410 4560 iste
1441 4491 1632 4542 timens
1664 4488 2022 4541 inlirtnitatem

460 4551 767 4623 humanam,
798 4560 1029 4613 divinant
1062 4551 1309 4625 implorat
1346 4559 1786 4621 misericordiam,
1830 4574 1895 4610 tte
1926 4575 2017 4610 uu-
2062 4551 2108 4609 D

459 4648 616 4697 quam
649 4642 855 4685 terrore
885 4631 1061 4697 aliquo
1100 4630 1177 4681 sic
1200 4631 1442 4698 negando
1469 4630 1643 4691 cadat,
1675 4632 1799 4696 quin
1831 4631 2021 4682 saltem

459 4702 745 4755 reviviscat
775 4704 1102 4769 paenitendo.
1138 4700 1318 4765 Itaque
1358 4698 1527 4751 dicit:
1584 4698 1647 4750 Et
1689 4715 1749 4750 ne
1796 4700 2026 4767 auferas.

459 4773 611 4837 Quod
640 4772 716 4825 sic
759 4771 1129 4835 continuatur;
1162 4771 1330 4822 dixit:
1367 4769 1580 4837 Speraui
1613 4769 1665 4820 in
1711 4769 2030 4821 sermonibus

457 4844 579 4903 tuis,
609 4852 661 4895 et
691 4840 811 4909 quia
841 4842 1050 4906 speravi
1080 4840 1131 4892 in
1166 4849 1239 4904 te,
1270 4853 1418 4908 ergo,
1464 4838 1705 4905 Domine,
1738 4855 1798 4892 ne
1824 4839 2031 4907 auferas

455 4916 662 4965 verbum
703 4912 950 4974 veritatis,
981 4910 1030 4963 id
1062 4919 1172 4975 est,
1209 4924 1276 4964 ue
1330 4911 1603 4977 permittas
1634 4910 1849 4962 verbum
1908 4910 2029 4962 fidei

458 4981 688 5049 alicujus
731 4992 937 5035 terrore
985 4980 1416 5048 exprobrationis
1447 4979 1642 5033 auferri
1677 4981 1739 5030 de
1769 4995 1879 5032 meo
1921 4996 2028 5041 ore,

456 5051 600 5105 sicut
628 5066 983 5121 usquequaque
1008 5050 1296 5115 auferatur,
1329 5050 1428 5103 hoc
1454 5058 1554 5116 est,
1584 5063 1649 5101 ne
1676 5050 1947 5102 auferatur
1972 5050 2028 5121 in

458 5118 709 5189 tantumf
734 5118 905 5189 usque
943 5122 1068 5173 dum
1104 5122 1267 5187 possit
1307 5122 1409 5173 dici
1463 5135 1672 5188 quaque
1701 5122 1933 5183 ratione,
1970 5118 2021 5172 id

456 5202 543 5245 est
597 5190 903 5245 omnimode
952 5191 1208 5244 ab‘atum.
1244 5191 1324 5243 Ab
1372 5189 1475 5242 illis
1524 5192 1664 5242 enim
1720 5190 2031 5243 omnimode

458 5262 719 5326 aufertur,
759 5264 846 5329 qui
878 5262 955 5314 sic
985 5275 1201 5328 negant,
1236 5271 1293 5314 ut
1320 5260 1550 5328 amplius
1584 5260 1891 5328 paenitendo
1924 5275 2029 5314 non

457 5332 755 5402 proficiant.
798 5332 1087 5400 Sequitur:

533 5402 666 5466 Quia
696 5403 749 5454 in
765 5402 980 5473 judtciis
1009 5402 1105 5454 tuis
1133 5400 1501 5470 supersperavi.
1534 5399 1686 5464 Quod
1715 5399 2029 5473 estdicere:

459 5472 583 5527 Ideo
611 5487 739 5542 rogo
765 5470 827 5526 ne
852 5476 1058 5536 auferas
1082 5486 1433 5542 usquequaque
1463 5486 1569 5523 nou
1601 5470 1867 5542 absolute,
1906 5474 2030 5539 quia

456 5546 501 5596 si
533 5541 745 5612 quando
775 5542 1042 5607 cecidero,
1078 5544 1177 5595 hoc
1208 5558 1309 5595 non
1359 5541 1463 5612 erit
1508 5541 1639 5594 mihi
1682 5541 1758 5612 ad_
1781 5544 2032 5608 despera-

457 5609 684 5679 tionem,
712 5615 806 5668 sed
838 5613 903 5667 ad
930 5614 1178 5675 salutem,
1212 5612 1333 5680 quia
1366 5610 1693 5680 diligentibus
1723 5609 1891 5663 Deum
1920 5627 2022 5664 om-

455 5684 542 5737 nia
567 5694 907 5754 cooperantur
951 5684 1003 5735 in
1033 5683 1242 5735 bonum.
1296 5682 1459 5747 Quasi
1506 5681 1685 5754 dicat:
1746 5682 1929 5754 sancti
1979 5692 2032 5735 et

454 5754 613 5808 electi
647 5751 1031 5822 praisumentes
1077 5754 1143 5807 de
1174 5760 1225 5808 te
1267 5768 1371 5808 non
1399 5752 1729 5815 ceciderunt,
1766 5751 1854 5805 alii
1897 5766 2029 5805 vero

455 5822 525 5880 de
567 5838 626 5880 se
655 5833 1040 5895 praesumentes
1082 5825 1150 5880 de
1178 5835 1229 5879 te
1273 5823 1605 5893 ceciderunt,
1652 5822 1748 5879 sed
1774 5824 1841 5878 ad
1873 5830 2023 5878 tuum

2142 3232 2237 3283 tria
2279 3230 2466 3282 ordine
2498 3229 2677 3295 ponit,
2716 3227 2943 3292 priutum
2975 3228 3040 3279 de
3074 3228 3342 3281 locutione
3377 3246 3389 3281 :
3424 3229 3505 3283 sic
3535 3228 3715 3297 loque-

2138 3301 2228 3351 bar
2255 3298 2307 3350 in
2330 3298 2625 3351 testimoniis
2651 3298 2751 3349 tuis
2772 3298 2855 3349 vel
2888 3297 2940 3349 iu
2966 3299 3246 3364 praeceptis
3269 3297 3373 3351 tuis
3397 3301 3717 3352 annuntian-

2136 3370 2220 3423 dis
2260 3377 2314 3421 et
2364 3367 2652 3420 suadendis
2684 3369 2842 3438 etiam
2873 3367 2926 3417 in
2974 3376 3250 3434 conspectu
3287 3374 3491 3438 regunt,
3525 3378 3570 3422 et
3615 3386 3717 3438 non

2134 3438 2485 3509 confundebar
2537 3436 2918 3509 taciturnitate,
2970 3438 3052 3490 vel
3110 3452 3214 3509 non
3266 3436 3611 3509 devocabar.
3649 3437 3717 3493 Et

2137 3506 2263 3564 vere
2292 3525 2393 3561 non
2437 3507 2810 3575 confundebar,
2856 3508 2981 3574 quia
3020 3506 3302 3560 meditabar
3354 3509 3408 3561 in
3456 3508 3715 3563 mandatis

2135 3583 2258 3646 tuis,
2284 3593 2498 3647 semper
2526 3577 2592 3631 de
2613 3577 2691 3631 eis
2740 3577 3027 3645 cogitando
3075 3579 3212 3644 ideo,
3247 3579 3367 3646 quia
3419 3591 3479 3631 ea
3531 3579 3718 3631 dilexi.

2136 3648 2204 3702 Et
2234 3665 2340 3702 ntm
2373 3649 2544 3703 solum
2578 3647 2836 3715 loquebar
2875 3657 2927 3701 et
2957 3647 3273 3711 meditabar,
3300 3648 3393 3702 sed
3422 3649 3586 3701 etiam
3646 3650 3718 3700 le-

2133 3720 2247 3774 vavi
2272 3734 2457 3772 manus
2497 3733 2636 3771 meas
2664 3718 2730 3769 ad
2753 3733 2831 3781 ea,
2881 3718 3001 3770 ideo
3029 3718 3151 3785 quia
3199 3717 3361 3772 dilexi
3410 3732 3494 3771 ea.
3536 3717 3723 3774 Manus

2134 3800 2257 3844 sunt
2285 3804 2484 3857 Opera;
2522 3800 2575 3842 et
2605 3787 2691 3841 itle
2723 3787 2902 3841 levare
2943 3802 3130 3841 manus
3180 3788 3245 3841 ad
3289 3788 3537 3842 mandata
3591 3790 3724 3843 dic.-

2138 3870 2246 3925 tnr,
2276 3862 2365 3929 qui
2400 3859 2524 3913 facit
2552 3874 2615 3912 ea
2663 3874 2765 3911 nou
2818 3866 3036 3925 propter
3064 3858 3550 3929 remunerationem
3609 3871 3722 3929 ter-

2135 3928 2346 3995 reuam,
2378 3930 2472 3983 sed
2506 3936 2726 3998 propter
2756 3938 3035 3980 aeternam.
3084 3928 3185 3992 Qtti
3219 3944 3345 3983 vero
3373 3938 3595 3998 propter
3626 3928 3723 3980 Itu-

2134 4016 2345 4053 tttattattt
2381 3997 2613 4061 laudem,
2646 3999 2728 4050 vel
2782 4006 2998 4064 propter
3024 3998 3222 4065 aliquid
3267 4009 3535 4052 terrenum
3571 3997 3717 4065 facit,

2134 4084 2324 4124 manus
2359 4085 2465 4122 non
2502 4072 2665 4132 levat,
2710 4072 2803 4120 sed
2833 4068 3116 4139 deprimit;
3152 4079 3205 4120 et
3237 4069 3413 4138 (quasi
3440 4068 3608 4139 dicat)
3644 4073 3729 4122 bis

2141 4142 2310 4193 tribus
2342 4140 2538 4203 modis,
2569 4139 2792 4201 scilicet,
2840 4138 3131 4206 loquendo,
3166 4140 3496 4203 meditando,
3533 4138 3728 4193 manus

2134 4212 2381 4273 levando,
2423 4210 2690 4263 exercebar
2745 4223 2958 4276 semper
2990 4208 3039 4260 in
3077 4209 3536 4277 justiﬁcationibus
3591 4213 3714 4268 luis,

2133 4282 2186 4335 id
2220 4292 2325 4349 est,
2372 4281 2423 4336 iu
2456 4278 2741 4351 praiccptis
2773 4279 2899 4346 tuis,
2934 4278 2984 4332 id
3010 4292 3113 4345 est,
3147 4295 3273 4336 vere
3311 4282 3715 4349 jusntlcationi-

2134 4356 2252 4407 bus.

2508 4441 2660 4506 Zain,
2692 4442 2828 4497 oliva
2863 4441 2947 4495 vel
3002 4441 3305 4496 fornicatio.

2736 4568 3094 4609 EXPLANATIO.

2204 4652 2404 4707 Chorus
2438 4650 2524 4704 ille
2550 4657 2847 4703 sanctorum
2890 4663 3029 4714 spent
3080 4646 3475 4716 promissionum
3512 4643 3725 4697 Domini

2133 4725 2361 4777 sensibus
2416 4722 2605 4773 nostris
2663 4722 2866 4771 Omnino
2916 4718 3259 4778 commendat,
3312 4728 3365 4769 ut
3409 4717 3613 4783 [irinum
3671 4718 3722 4767 in

2133 4802 2296 4846 mente
2324 4804 2502 4845 nostra
2547 4797 2839 4857 permaneat
2867 4791 3004 4855 quod
3034 4789 3263 4859 gloriosa
3292 4790 3476 4859 veritas
3518 4788 3731 4854 pollice-7

2134 4875 2239 4925 tur,
2286 4878 2517 4916 asserens
2546 4869 2812 4929 propterea
2841 4859 3015 4925 [ideles
3038 4858 3249 4910 ad:-ersa
3280 4858 3460 4929 mundi
3490 4859 3725 4909 libentis-

2132 4950 2258 4986 sqme
2285 4927 2567 4995 sustinere;
2592 4934 2706 4998 quis
2732 4932 2863 4983 enim
2895 4940 3103 4982 mortem
3136 4927 3463 4995 temporalem
3506 4936 3720 4998 metuat,

2133 5006 2216 5057 cui
2245 5014 2437 5056 interna
2467 5003 2568 5055 vita
2595 4997 2951 5068 promittitur?
2981 4998 3107 5065 Ipsa
3128 5014 3245 5066 ergo
3274 5008 3394 5063 vita,
3420 5013 3536 5067 qua:
3558 4997 3641 5068 Iti_c
3670 4998 3724 5048 in

2133 5090 2244 5137 spe,
2273 5075 2378 5126 it'lt'c
2427 5075 2481 5125 in
2510 5087 2566 5125 re
2596 5065 2903 5141 percipitur,
2953 5072 3099 5141 olivw
3151 5065 3376 5141 nomine,
3407 5065 3559 5136 quam
3588 5065 3724 5141 Zain

2136 5146 2301 5199 littera
2324 5144 2577 5213 designat,
2608 5138 2931 5209 exprimitur.
2963 5140 3104 5213 Nam
3129 5148 3195 5213 ειΔ
3214 5142 3265 5191 in
3296 5140 3391 5213 ltac
3421 5138 3714 5213 peregrin-a-

2136 5221 2273 5267 tione
2303 5208 2592 5267 sanctorum
2642 5208 2800 5281 facies
2830 5212 3151 5264 ea'ltilaratur
3180 5210 3231 5262 in
3274 5211 3402 5272 oleo,
3434 5218 3495 5281 et
3538 5210 3591 5259 in
3623 5208 3717 5258 illa

2135 5287 2307 5352 patria
2359 5279 2652 5352 perfectius
2681 5281 2845 5335 sancti
2878 5284 3103 5351 Spiritus
3130 5294 3323 5352 a:ter_na
3350 5279 3540 5352 visione
3570 5287 3722 5352 atque

2134 5349 2505 5409 inhabile—tione
2536 5353 2843 5423 pinguescit.
2882 5349 2947 5404 Et
2973 5354 3094 5419 quia
3129 5350 3544 5423 septiformisest
3573 5349 3713 5423 ejus-

2135 5429 2248 5480 dem
2280 5427 2490 5495 spiritus
2512 5418 2700 5494 grutia,
2728 5433 2860 5475 recte
2893 5423 3109 5495 septima
3153 5421 3324 5495 littera
3353 5418 3597 5470 vocitatur
3616 5418 3725 5495 loli-

2134 5512 2216 5549 va.
2256 5487 2457 5549 Nomen
2487 5487 2657 5547 autem
2705 5487 3058 5561 fornicationis
3107 5490 3341 5561 congruit
3370 5487 3723 5560 pcccatoribus

2137 5564 2601 5636 derelinquentt‘bus
2632 5564 2792 5634 legem
2822 5562 3051 5615 Domini.

2707 5665 3135 5710 CONIIINTARIUS.

2209 5749 2408 5803 Memor
2430 5759 2559 5804 esto.
2610 5747 2771 5815 Quasi
2799 5746 2939 5801 dicat
2968 5763 2981 5799 :
3033 5746 3162 5810 Quia
3196 5743 3463 5798 exercebar
3490 5744 3540 5795 in
3562 5743 3725 5815 justif

2138 5821 2460 5877 licationibus
2485 5813 2803 5889 titisfergo,
2841 5818 3085 5881 Domine,
3129 5819 3218 5887 qui
3249 5830 3530 5872 immemor
3564 5813 3725 5868 ’t‘uisti
