4026 6200
362 348 498 401 ltiti;

830 336 1029 392 DEDAE
1078 335 1532 391 VENEItABILlS
1566 335 1714 390 OPP.
1760 334 1935 389 PARS
1977 332 2036 387 ιι.
2071 331 2259 388 SECT.
2305 333 2368 388 ll.
2405 364 2467 371 —
2502 333 2702 388 DDNA
2747 331 2831 386 ΕΤ
2874 333 3143 387 SPURIA.

3484 333 3620 385 1365

353 457 527 515 liberti
561 456 656 519 titi,
690 460 796 507 esto
824 467 1013 505 memor
1050 449 1186 503 verbi
1212 451 1305 510 tui,
1339 448 1387 501 id
1420 458 1523 513 est,
1557 448 1925 516 promissionis
1955 452 2000 509 Α
2037 455 2163 519 tem,
2191 462 2346 514 quam
2379 448 2617 501 contraxi
2640 447 2717 519 ab
2750 448 2852 500 illis
2884 450 3065 513 primis
3097 448 3613 512 transgressorilitts.

355 534 507 583 laetae
538 541 678 579 servo
705 533 811 585 tuo,
848 524 945 573 hoc
971 530 1071 583 est,
1129 520 1340 585 cotuple
1386 533 1540 572 servo
1573 529 1661 570 tuo
1700 520 1927 585 promis-

353 602 556 654 sionem
590 605 753 655 tuam,
784 606 938 657 quant
989 590 1155 643 l'ecisti
1201 590 1249 641 ei
1295 589 1518 641 dicens:
1574 588 1638 640 In
1673 591 1923 654 patientia

353 678 515 722 vestra
560 662 880 733 possideliitis
914 661 1360 733 animasvestras.
1394 657 1633 733 Capillus
1657 662 1718 711 de
1762 660 1926 730 capite

352 750 514 791 vestro
542 728 641 786 non
670 730 864 801 peribit.
914 731 977 782 Et
1020 730 1183 796 [idelis
1240 728 1378 801 Deus
1399 738 1494 792 est,
1546 730 1633 796 qui
1681 746 1782 801 non
1826 728 1927 794 pa-

355 812 505 860 tietur
533 822 614 856 vos
644 798 827 855 teittari
852 817 1007 867 supra
1051 801 1102 851 id
1130 800 1265 864 quod
1295 802 1550 868 poteritis,
1574 809 1679 854 etc.
1726 798 1927 852 Memor

353 892 457 929 esto
479 874 630 935 verbi,
660 874 709 924 in
738 889 835 938 quo
865 873 1023 923 verbo
1054 872 1235 922 dedisti
1259 870 1384 922 mihi
1410 887 1568 938 spem,
1607 870 1654 922 id
1679 880 1777 931 est,
1804 885 1927 936 spe-

354 962 470 999 rare
501 944 686 1004 l't-cisti,
721 952 775 994 et
802 941 909 992 haec
962 955 1084 1008 spes
1122 941 1383 992 consolata
1418 950 1489 992 est
1516 957 1591 993 me
1621 941 1673 993 in
1720 940 1928 992 humili-

353 1028 455 1071 tate
478 1032 606 1078 mea,
639 1014 690 1065 id
721 1023 828 1074 est,
862 1012 910 1063 in
935 1011 1247 1078 gravissima
1282 1012 1638 1073 tribulatione,
1670 1027 1921 1076 perseeu-

354 1089 499 1140 tione
530 1094 582 1137 et
611 1083 927 1149 dejecdone,
969 1096 1071 1148 qua
1104 1092 1473 1147 persecutores
1503 1097 1587 1134 me
1620 1081 1923 1144 humiliare,

354 1158 404 1210 id
424 1168 525 1219 est,
547 1156 807 1206 devocare
831 1160 1163 1217 putaverunt.
1192 1150 1256 1202 Et
1279 1150 1398 1202 ideo
1418 1151 1693 1204 consolata
1711 1163 1789 1203 cst
1817 1166 1922 1213 me,

352 1230 473 1296 quin
513 1227 767 1291 eloquium
808 1232 969 1296 tuuni,
1037 1220 1087 1296 id
1119 1228 1232 1296 est.
1285 1221 1652 1296 promissiOnis
1704 1222 1925 1296 verbum

358 1291 666 1361 praedictum
698 1309 775 1344 me
820 1291 1103 1357 vivi/trarii,
1151 1291 1200 1342 id
1227 1302 1309 1361 est
1335 1331 1349 1354 ,
1380 1292 1506 1343 vitae
1538 1307 1676 1345 verre
1706 1291 1925 1343 certitu-

352 1359 529 1420 dinem
577 1364 705 1416 mihi
746 1363 912 1422 dedit,
939 1374 991 1412 ut
1023 1362 1152 1413 illud
1178 1378 1188 1411 :
1215 1359 1282 1413 In
1312 1362 1556 1429 patientia
1582 1372 1741 1414 vestra
1768 1364 1927 1430 possi—

357 1438 535 1489 debitis
563 1438 761 1486 animos
788 1442 995 1483 vestras.

427 1504 647 1574 Superbi
680 1504 866 1570 inique.
908 1500 1065 1565 Quasi
1110 1501 1287 1574 dicat:
1334 1502 1508 1574 Quare
1555 1500 1704 1574 Adicis
1738 1509 1790 1553 te
1824 1500 1923 1553 ltu-

357 1571 615 1629 niitiaium
662 1584 716 1626 et
763 1573 1063 1625 univetsum
1100 1572 1190 1625 tibi
1230 1571 1574 1625 humiliatio?
1607 1574 1919 1637 ltespousm.

355 1646 474 1700 Ideo
505 1647 707 1697 scilicet
753 1658 869 1695 sum
919 1642 1248 1706 humiliatus,
1300 1645 1423 1708 quia
1469 1645 1693 1711 superbi,
1730 1642 1919 1703 idest,

361 1726 731 1783 persecutores
760 1712 860 1779 legi
914 1711 1004 1763 Dei
1056 1728 1158 1783 non
1217 1713 1530 1765 obedietttes
1579 1728 1699 1783 esse
1746 1712 1924 1783 facere

356 1781 593 1847 vellent;
626 1798 725 1852 ego
764 1794 940 1873 auiam
975 1782 1153 1859 (quasi
1193 1783 1356 1863 dicat)
1387 1783 1490 1873 iilis
1522 1781 1698 1847 inique
1722 1782 1923 1848 agenti-
1962 1816 2003 1873 Β

356 1857 454 1909 bus
476 1865 529 1908 et
551 1853 930 1907 devocantibus
956 1852 1178 1921 perstiti,
1205 1855 1327 1917 quia
1354 1869 1383 1903 α
1409 1854 1514 1920 lege
1536 1861 1625 1902 tua
1657 1861 1924 1921 transgre-

356 1926 550 1978 diendo
590 1940 688 1976 non
717 1921 987 1973 declinavi.
1031 1923 1092 1970 lat
1119 1918 1239 1973 ideo
1269 1937 1368 1973 non
1419 1918 1687 1982 declinavi,
1719 1918 1862 1988 quia,
1898 1936 1930 1973 0

361 1994 594 2056 DomJne,
640 1993 715 2061 fni
765 2006 952 2041 memor
986 1990 1302 2061 judiciorum
1346 2001 1549 2043 tuorum
1581 2010 1609 2043 a
1639 1994 1824 2044 steculo
1857 1990 1933 2043 fa-

358 2077 585 2126 ctotum,
619 2060 668 2115 id
700 2070 800 2124 est,
842 2061 893 2113 in
922 2060 1173 2114 memoria
1207 2061 1363 2113 habui
1394 2064 1590 2127 justam
1624 2063 1927 2114 damnatio-

364 2152 485 2188 ltt'ltl
520 2144 571 2186 et
598 2131 951 2199 dejectionem
981 2132 1047 2182 ab
1086 2131 1259 2194 initio,
1311 2132 1360 2183 id
1388 2140 1490 2198 est,
1541 2133 1591 2183 ιιι
1626 2133 1811 2199 primis
1840 2147 1933 2199 pa-

363 2206 603 2257 rentibus
652 2204 867 2264 lactant,
902 2201 1024 2267 quia
1056 2200 1457 2254 declinaverunt
1488 2218 1515 2253 a
1567 2202 1680 2267 lege
1725 2210 1809 2253 tua
1837 2218 1850 2265 ;
1884 2212 1931 2254 et

358 2282 651 2327 consolatus
680 2287 793 2324 sum
839 2272 887 2323 ιιι
922 2270 1027 2323 illis
1071 2286 1163 2338 per
1189 2270 1541 2333 contrarium,
1577 2274 1929 2334 attendeudo,

361 2346 584 2407 scilicet,
617 2343 738 2410 quia
780 2342 825 2394 si
875 2352 1137 2408 praecepta
1172 2350 1257 2393 tua
1290 2341 1357 2394 ab
1401 2342 1508 2393 illis
1556 2344 1797 2408 neglecm
1826 2345 1925 2396 de-

359 2417 550 2467 derunt
578 2411 1061 2475 mortiﬁcationem,
1106 2426 1136 2464 e
1167 2412 1436 2465 contrario
1464 2410 1750 2465 observata
1780 2427 1809 2464 a
1842 2427 1928 2465 me

352 2486 541 2537 darent
570 2482 996 2537 viviticationem.

430 2554 659 2618 Deiectio
695 2552 871 2604 tenuit.
913 2549 1073 2603 Refer
1104 2548 1242 2603 hunc
1269 2564 1479 2603 versum
1522 2550 1586 2603 ad
1620 2551 1926 2617 prmceden-

358 2624 422 2678 iis
455 2639 641 2677 versus
671 2624 1123 2692 primatnipartem
1168 2622 1233 2671 ita
1264 2637 1275 2671 :
1311 2620 1441 2685 Quia
1498 2637 1688 2673 memor
1731 2621 1923 2689 [uijn~

355 2696 607 2747 diciorum
649 2690 873 2751 tuorum,
906 2690 1027 2743 idi-o
1058 2692 1216 2742 tenuit
1243 2706 1319 2742 me
1347 2692 1576 2759 defectio,
1612 2691 1661 2743 id
1690 2703 1792 2754 est,
1826 2702 1922 2743 ta:-

357 2766 527 2824 dium,
563 2764 754 2815 timens
790 2776 856 2812 ne
886 2760 1201 2823 deﬁcerem;
1227 2770 1298 2830 et
1329 2763 1427 2813 hoc
1456 2777 1547 2829 pro
1577 2760 1921 2830 peccatoribus

356 2833 814 2902 derelinquentibus
846 2832 1005 2902 legem
1032 2841 1189 2902 tuom,
1225 2828 1325 2883 hoc
1365 2828 1465 2902 est,
1500 2828 1714 2897 propter
1741 2846 1921 2900 perse-

357 2900 570 2958 cutores
600 2900 1067 2967 transgredientes,
1100 2901 1190 2967 qui
1238 2914 1322 2954 me
1346 2901 1695 2965 devorabam,
1732 2910 1786 2955 ct
1817 2903 1917 2956 sibi

358 2975 622 3028 associare
652 2970 920 3024 volebant.
944 2970 1262 3037 Sequentem
1295 2986 1503 3040 quoque
1535 2986 1749 3024 versum
1780 2974 1922 3027 rel‘er

358 3046 422 3097 ad
469 3042 712 3112 ejusdem
744 3039 978 3112 ultimam
1030 3049 1238 3112 partem
1288 3039 1429 3112 sici
1466 3042 1597 3107 Quia
1627 3040 1918 3095 consolatus

355 3131 469 3167 sum
497 3110 549 3167 in
592 3110 870 3180 pra-ceptis
908 3111 1033 3174 tuis,
1065 3110 1182 3163 ideo
1216 3111 1603 3178 iustiﬁcationes
1645 3122 1746 3165 tua:
1774 3121 1917 3165 erant

2034 518 2274 584 Sequens
2307 532 2495 571 versus
2537 519 2589 571 ιιι
2634 518 2732 571 hac
2760 519 3023 573 sententia
3066 519 3212 571 velut
3253 519 3301 571 ιιι
3337 519 3501 587 priori
3532 520 3617 572 di-

2033 599 2192 640 Cttttr.

2104 658 2302 710 Memor
2327 658 2403 725 {ui
2431 666 2593 711 nocte.
2636 658 2797 723 Quasi
2828 657 2965 709 dicat
2992 677 3003 709 :
3039 657 3174 711 Vere
3207 658 3258 709 in
3306 656 3422 711 loco
3473 676 3621 723 pere-

2030 730 2336 796 grinationis
2378 745 2502 799 mea!
2548 730 2823 781 cantibiles
2869 728 2996 779 mihi
3022 739 3167 780 erant
3209 729 3616 799 justiﬁcationes

2029 808 2153 861 tum,
2184 799 2326 865 quia,
2352 814 2385 850 0
2423 798 2655 861 Domine,
2684 815 2875 849 memor
2898 800 2973 863 {ui
3004 798 3223 850 nominis
3252 800 3346 862 tui,
3379 799 3480 853 hoc
3511 810 3617 864 est,

2034 884 2137 921 non
2157 868 2407 935 usurpavi
2431 868 2684 928 mihi,nec
2710 869 2948 930 rapinam
2973 870 3260 921 arbitratus
3276 884 3393 921 sum
3418 885 3618 924 nomen

2034 948 2203 1001 tuum,
2252 949 2310 992 ut.
2354 939 2546 992 vellem
2586 939 2714 991 mihi
2768 939 2908 991 Deus
2950 952 3103 1002 esse,
3144 950 3197 991 et
3231 940 3297 991 de
3328 952 3460 993 nutu
3494 955 3615 994 meo

2030 1009 2300 1075 pendere;
2332 1011 2425 1061 sed
2474 1010 2647 1075 potius
2674 1011 2723 1061 in
2758 1010 3013 1061 memoria
3063 1023 3276 1075 semper
3321 1009 3482 1063 habui
3515 1011 3617 1065 hoc

2032 1094 2249 1142 nomen,
2281 1080 2417 1144 quod
2447 1090 2528 1132 est
2555 1081 2831 1140 Dominus,
2864 1079 3269 1132 attendeuilote
3300 1080 3607 1143 Dominum,

2031 1164 2117 1202 me
2143 1163 2377 1212 servum,
2414 1159 2465 1202 te
2490 1150 2936 1215 omnipotentem,
2964 1164 3047 1201 me
3077 1149 3427 1215 impotentem
3458 1161 3511 1203 et
3538 1152 3614 1205 lac

2030 1220 2227 1286 pidem,
2261 1230 2313 1271 et
2345 1220 2444 1272 hoc
2481 1220 2533 1271 in
2564 1229 2731 1283 nocte,
2765 1220 2814 1270 id
2846 1227 2948 1280 εει,
2996 1220 3045 1270 ιιι
3078 1220 3403 1272 adversitate
3428 1222 3613 1285 etiam,

2031 1303 2134 1341 non
2163 1300 2364 1341 tantum
2396 1290 2447 1342 ιιι
2479 1291 2861 1357 prosperitate;
2898 1291 2981 1342 vel
3026 1290 3077 1341 in
3110 1300 3253 1342 nocte
3276 1293 3616 1346 mortalitatis

2029 1371 2083 1411 et
2114 1360 2499 1427 passibilitatis,
2534 1360 2584 1411 id
2614 1369 2716 1424 est,
2744 1361 2793 1411 in
2826 1359 2929 1411 hic
2966 1361 3213 1425 praesenti
3255 1363 3382 1420 vita,
3416 1362 3470 1414 ιιι
3509 1378 3612 1427 qua

2026 1440 2107 1483 est
2133 1444 2232 1481 nox
2264 1432 2489 1482 obscura
2544 1430 2657 1495 ipsa
2710 1429 2948 1482 veritatis
3000 1428 3319 1496 ignorantia.
3376 1430 3442 1483 Et
3485 1433 3610 1499 quia

2028 1514 2218 1551 memor
2242 1498 2316 1567 [ui
2347 1499 2564 1552 nominis
2597 1500 2692 1560 tui,
2726 1500 2845 1551 ideo
2890 1500 3049 1568 legem
3079 1515 3216 1552 tuam
3264 1498 3530 1561 custodiri,
3563 1503 3615 1555 id

2030 1582 2133 1633 est,
2165 1585 2268 1622 non
2302 1571 2620 1635 apostatavi,
2665 1569 2797 1621 sicut
2833 1570 3047 1636 superbi
3076 1571 3249 1634 primi.
3288 1570 3485 1623 Mentor
3512 1572 3613 1639 fui,

2031 1641 2267 1705 inquzttn,
2298 1641 2516 1691 nominis
2567 1641 2640 1691 ttti
2668 1640 2719 1690 in
2753 1650 2916 1699 nocte,
2951 1640 2999 1691 id
3032 1652 3136 1702 est,
3168 1640 3218 1693 in
3253 1642 3614 1696 tiibulatione.

2030 1710 2096 1761 Ει
2125 1709 2232 1761 lucc
2261 1724 2360 1762 nox
2396 1722 2495 1773 εει,
2523 1710 2573 1761 id
2614 1721 2715 1769 est,
2745 1712 3017 1762 tribulatio
3047 1723 3098 1762 et
3125 1712 3447 1777 persecutio,
3477 1712 3616 1779 facta

2032 1791 2102 1830 est
2129 1780 2253 1831 mihi
2274 1796 2301 1831 a
2325 1780 2755 1847 persecutoribus
2780 1781 3243 1844 derelinquenttbus
3263 1782 3423 1848 legem
3452 1793 3613 1844 tuam,

2037 1849 2156 1901 ideo
2179 1851 2296 1915 quia
2326 1864 2423 1917 ego
2441 1850 2841 1920 justi/icationes
2870 1858 3157 1917 (praecepta
3207 1862 3289 1902 tua
3313 1850 3615 1918 juslilican-

2036 1921 2128 1982 tia)
2152 1935 2269 1988 qua:
2292 1920 2368 1972 illi
2399 1920 2754 1987 uegligehant,
2779 1920 3048 1988 exquisivi,
3083 1935 3187 1972 non
3220 1921 3284 1973 ad
3314 1922 3613 1987 Sciendum,

2035 1991 2126 2041 sed
2148 1992 2209 2041 ad
2226 1988 2542 2042 faciendum.
2572 1988 2661 2042 Vel
2686 1990 2863 2053 aliter,
2889 1990 3110 2053 scilicet,
3134 1989 3284 2058 juxta
3302 1992 3456 2044 altam
3494 2008 3618 2045 sett-

2035 2062 2253 2113 tentiatn
2281 2060 2347 2113 de
2370 2072 2544 2123 nocte,
2571 2061 2677 2112 lucc
2710 2075 2834 2124 nox,
2855 2060 2903 2111 id
2924 2072 3027 2121 est,
3058 2063 3248 2113 nebula
3273 2062 3613 2117 mortalitatis

2033 2138 2087 2181 et
2120 2130 2505 2197 passibilitatis,
2540 2132 2675 2197 facta
2718 2142 2792 2182 est
2841 2131 2968 2181 mihi
3002 2130 3147 2185 utilis
3193 2146 3287 2199 per
3331 2133 3452 2195 hoc,
3494 2134 3615 2200 quia

2031 2214 2133 2267 ego
2164 2200 2447 2253 attendens
2479 2202 2618 2268 quod
2655 2215 2747 2270 per
2795 2202 3170 2268 negligentiam
3221 2212 3609 2270 prteceptorum

2032 2280 2245 2322 tuorum
2297 2271 2346 2321 ιιι
2381 2270 2518 2323 hanc
2568 2269 2839 2322 miseriam
2890 2270 3195 2335 inriderint,
3231 2287 3297 2324 eo
3325 2269 3617 2328 studiosius

2031 2340 2280 2407 exquisivi
2301 2340 2696 2410 justiﬁcationes
2735 2352 2870 2397 tuas.
2902 2341 2952 2410 id
2994 2350 3096 2403 est,
3130 2352 3390 2408 praecepta
3418 2352 3503 2395 tua
3531 2346 3615 2409 ju-

2033 2409 2343 2473 stilicantia,
2391 2421 2445 2462 ut
2474 2424 2591 2478 quae
2623 2412 2861 2476 neglecta
2895 2409 3110 2463 fuerunt
3156 2413 3221 2463 ad
3255 2422 3502 2476 mortem,
3532 2415 3620 2467 ob-

2031 2493 2241 2532 servata
2273 2490 2454 2533 essent
2482 2481 2610 2531 ttiilti
2644 2481 2705 2531 ad
2737 2481 3001 2544 salutem;
3035 2482 3116 2533 vel
3162 2481 3317 2534 aliter
3347 2500 3360 2533 :
3407 2482 3607 2535 Memor

2027 2549 2124 2615 fui,
2161 2550 2398 2617 inquam,
2432 2550 2650 2602 nominis
2678 2554 2787 2612 tui,
2821 2557 2877 2603 et
2906 2550 3013 2603 haec
3044 2552 3298 2603 memoria
3330 2552 3446 2606 ideo
3472 2554 3614 2620 facta

2027 2630 2100 2670 est
2133 2620 2279 2684 milii,
2313 2622 2435 2688 quia
2468 2635 2566 2688 ego
2597 2622 2841 2683 exquisivi
2882 2620 3275 2689 justi/icationes
3309 2624 3611 2689 praedictas,

2028 2690 2079 2742 id
2109 2699 2211 2754 est,
2244 2704 2308 2743 ex
2342 2698 2453 2744 toto
2483 2691 2648 2743 corde
2678 2691 2837 2743 dilexi
2861 2693 3273 2758 justiticationes
3305 2702 3438 2753 tuas,

2636 2802 2771 2857 ilcth
2794 2846 2809 2869 ,
2856 2805 2984 2858 vita.

2637 2928 2995 2968 EXPLANATIO.

2093 3027 2286 3100 Agmen
2316 3026 2516 3100 beatum
2544 3027 2610 3080 ad
2657 3037 2884 3100 octavam
2931 3027 3152 3082 litteram
3204 3032 3357 3093 venit,
3408 3029 3461 3083 in
3506 3048 3610 3100 qua

2022 3097 2278 3150 desiderat
2320 3098 2483 3150 videre
2513 3100 2694 3164 {aciein
2730 3099 2955 3163 Domini,
2984 3101 3240 3153 mandatis
3265 3103 3492 3154 noscitur
3519 3097 3612 3155 in.

358 3185 481 3238 mihi
513 3167 808 3247 caritabilei,
841 3180 893 3233 id
938 3167 1037 3244 est,
1071 3167 1257 3234 dulces
1292 3167 1357 3235 et.
1383 3182 1724 3235 delectabiles
1754 3184 1914 3236 etiam

2032 3176 2271 3222 secutum.
2321 3167 2393 3247 ﬁt
2436 3169 2556 3235 quia
2609 3169 2702 3221 hoc
2754 3171 3065 3247 desiderium
3118 3173 3173 3223 in
3228 3174 3614 3226 resurrectionis

356 3258 409 3308 in
444 3256 555 3308 loco
602 3251 1019 3319 peregrinationis
1061 3266 1205 3313 mete,
1238 3251 1287 3303 id
1318 3261 1416 3317 εει,
1452 3253 1501 3303 ιιι
1535 3254 1632 3305 hac
1666 3254 1914 3320 praisenti

354 3324 483 3389 vita,
514 3323 600 3377 ubi
644 3323 816 3375 omnis
848 3321 1061 3373 miseria
1093 3329 1193 3386 e-t,
1227 3332 1277 3374 et
1309 3324 1392 3374 vix
1439 3322 1637 3389 aliquid
1687 3324 1917 3376 delecta-

356 3396 481 3448 bile.
514 3393 689 3447 Potest
720 3392 882 3444 etiam
915 3405 1099 3443 versus
1147 3390 1407 3457 superior,
1443 3392 1528 3445 ubi
1561 3391 1920 3454 dixit,Memor

353 3474 460 3517 esto
489 3464 646 3528 verbi,
687 3462 839 3532 aliter
867 3459 1058 3528 accipi,
1106 3470 1158 3513 et
1186 3462 1475 3514 secundum
1509 3463 1609 3515 hoc
1645 3478 1763 3532 qute
1795 3464 1918 3517 inde

360 3538 461 3588 huc
488 3548 653 3601 usque
682 3531 820 3584 dit-ta
850 3548 992 3595 sunt,
1030 3533 1215 3595 partim
1268 3544 1481 3595 mutari,
1528 3544 1580 3585 ει
1619 3531 1720 3585 erit
1750 3535 1921 3587 conti-

360 3604 540 3657 nuaiio
572 3620 670 3671 qua
701 3613 751 3654 et
794 3606 958 3667 prius.
1010 3602 1174 3671 Quasi
1200 3601 1340 3655 dicat
1368 3619 1378 3653 :
1414 3601 1546 3667 Quia
1575 3605 1839 3655 exercebar
1868 3607 1919 3656 in

346 3669 799 3743 justi/icationilius
832 3671 950 3735 tuis,
982 3686 1128 3737 etgo,
1160 3669 1406 3743 Dotttitie,
1437 3688 1625 3724 memor
1654 3682 1759 3724 esto
1804 3674 1921 3726 Ver-

358 3747 403 3796 ιη
436 3742 763 3804 incantandi,
789 3747 925 3807 quod
960 3751 1011 3791 tu
1046 3741 1333 3808 promisiin
1366 3757 1508 3794 servo
1539 3754 1644 3807 tuo,
1688 3744 1786 3797 hoc
1813 3758 1914 3808 est,

358 3816 495 3865 mitte
525 3830 670 3883 quem
702 3815 944 3883 missurus
968 3826 1037 3883 eis,
1093 3820 1147 3862 ut
1177 3827 1268 3878 per
1297 3827 1417 3865 eum
1449 3813 1646 3865 discam
1694 3814 1920 3879 qualiter

358 3879 579 3936 debeant
614 3881 852 3935 exerceri
896 3882 946 3933 iti
987 3879 1456 3949 justilicationibus
1491 3886 1619 3946 tuis;
1654 3885 1809 3946 verbi,
1843 3886 1922 3937 iti-

356 3970 540 4022 qnaui,
592 3968 780 4004 mentor
810 3963 938 4017 esto,
984 3967 1035 4003 ιιι
1086 3967 1188 4019 quo
1247 3954 1373 4005 titihi
1432 3956 1646 4019 dedisti,
1695 3958 1918 4020 scilicet,

356 4021 531 4091 Spem,
562 4023 698 4088 quod
731 4038 823 4089 per
846 4021 1017 4088 ipsmn
1052 4023 1353 4076 benedictio
1378 4023 1549 4076 l'utura
1582 4036 1643 4076 su
1671 4028 1921 4077 omnibus

357 4096 619 4161 gentibus.
664 4092 725 4143 Et
750 4094 856 4161 lucc
885 4108 1005 4158 spes
1035 4093 1293 4145 consolata
1325 4104 1397 4146 est
1426 4110 1506 4145 me
1551 4096 1601 4146 in
1633 4094 1922 4149 humilitate

356 4160 489 4227 mea,
526 4167 574 4212 nl
603 4171 700 4224 est,
735 4162 784 4212 ιιι
819 4160 1178 4233 humiliatione
1209 4166 1544 4218 mortalitatis
1576 4176 1628 4218 et
1650 4168 1922 4233 passibili-

360 4236 500 4297 tatis,
551 4246 667 4298 qua:
706 4246 735 4282 a
776 4230 959 4296 primis
1023 4233 1329 4297 parentibus
1379 4230 1663 4287 contraxif
1697 4240 1757 4287 lat
1806 4239 1923 4293 ideo

352 4302 526 4372 (quasi
550 4302 713 4369 ditat)
744 4302 1018 4353 cotisolala
1050 4311 1131 4353 est
1156 4319 1239 4354 tne
1268 4317 1393 4369 spes
1414 4305 1535 4355 data
1568 4305 1693 4357 mihi
1727 4307 1777 4357 ιιι
1810 4308 1920 4370 illo,

350 4377 473 4441 quia
522 4374 775 4440 eloquium
825 4382 965 4422 tuttm
1011 4372 1077 4424 ab
1126 4373 1214 4425 illo
1256 4376 1609 4426 tiiitiistratntn
1656 4378 1920 4439 vivi/icavtt

355 4461 456 4507 me,
490 4444 539 4496 id
568 4454 669 4505 est,
720 4442 957 4494 doetrina
1009 4452 1091 4493 ttta
1143 4458 1237 4510 per
1284 4443 1429 4496 illum
1461 4446 1657 4497 mundo
1686 4448 1918 4499 exhibta

356 4519 514 4569 vitam
540 4514 730 4566 animae
763 4514 812 4565 in
856 4526 941 4564 me
972 4514 1255 4580 reparavit.

426 4584 647 4654 Superbi
675 4583 864 4655 inique.
910 4584 1065 4647 Quasi
1097 4584 1288 4653 aliquis
1325 4584 1556 4639 diceret:
1591 4585 1834 4655 Nunquid
1866 4602 1924 4641 es

358 4654 704 4708 humiliatus?
733 4657 860 4707 Sum
888 4656 1068 4722 utique
1096 4669 1187 4721 per
1205 4659 1451 4708 traduces
1472 4668 1672 4723 peccati
1700 4661 1923 4725 primos.

358 4724 595 4792 Namque
622 4725 845 4792 superbi,
882 4725 930 4796 id
962 4735 1063 4785 est,
1099 4738 1344 4790 parentes
1379 4727 1553 4793 primi,
1585 4730 1670 4795 qui
1697 4724 1799 4780 non
1834 4745 1926 4796 per

358 4796 720 4848 iuiirmttatem
766 4798 844 4847 νει
911 4794 1284 4862 ignorantiam,
1335 4800 1428 4849 sed
1483 4814 1577 4864 per
1604 4794 1923 4866 ’superbtatu

363 4872 677 4936 transgiessi
724 4873 849 4936 sunt
886 4868 1191 4917 mandatum
1243 4867 1368 4931 Dei;
1419 4869 1517 4929 illi,
1554 4870 1791 4936 inquam,
1838 4886 1924 4922 su-

362 4937 511 5004 perbi
539 4935 749 5006 agebant
781 4935 969 5001 inique,
1015 4948 1066 4989 et
1097 4951 1201 4988 non
1252 4952 1435 5005 parum
1488 4935 1684 5006 inique,
1718 4944 1809 4992 sed
1843 4958 1928 4993 us—

357 5021 668 5074 quequaque,
700 5005 747 5056 id
776 5016 879 5067 est,
908 5005 1236 5071 omttimode,
1270 5007 1387 5072 quia
1430 5024 1531 5060 non
1576 5005 1777 5062 tantum
1828 5013 1924 5078 ipsi

361 5093 453 5143 per
485 5085 756 5143 peccatum
788 5090 940 5127 suum
989 5087 1210 5128 mortem
1259 5088 1586 5143 meruerunt,
1617 5082 1711 5132 sed
1760 5092 1925 5133 ettattt

356 5149 474 5199 aliis
505 5146 748 5215 poculum
780 5148 967 5199 mortis
998 5148 1399 5215 posteritatibus
1447 5163 1559 5202 Sua:
1608 5151 1925 5218 propinave-

354 5226 498 5271 runt.

428 5291 471 5338 Α
520 5286 625 5357 lege
677 5294 864 5340 autem.
909 5285 1067 5352 Quasi
1117 5286 1261 5341 dicat
1300 5306 1310 5339 :
1348 5289 1466 5343 Illos
1508 5304 1612 5343 non
1646 5300 1927 5344 secuturus

358 5374 499 5419 sum,
532 5362 653 5427 quia
682 5362 731 5410 ιιι
761 5368 1013 5425 quantum
1047 5364 1188 5424 potui
1219 5376 1249 5411 a
1271 5359 1378 5430 lege
1404 5370 1491 5412 tua
1520 5377 1622 5413 noti
1656 5362 1923 5416 declinavi.

359 5430 427 5480 Et
456 5429 572 5481 ideo
618 5443 722 5481 nou
770 5430 1059 5501 declinavi,
1102 5430 1225 5497 quia
1252 5448 1441 5483 utentur
1490 5434 1567 5501 fni
1607 5432 1930 5499 judiciorum

356 5511 557 5550 tuorum
586 5516 616 5549 a
647 5505 830 5554 stvculo
863 5498 1141 5563 laetorum,
1170 5510 1223 5553 et
1249 5511 1385 5554 sicut
1406 5498 1564 5569 supra
1594 5498 1795 5555 dictum
1823 5513 1926 5557 εει.

357 5572 422 5639 lit
441 5572 561 5635 quia
588 5585 775 5623 mentor
804 5572 875 5639 fui
896 5571 1207 5639 judiciorum
1240 5581 1445 5623 tuorum
1490 5588 1521 5624 a
1563 5575 1774 5638 steculo,
1811 5575 1930 5627 ideo

354 5638 570 5712 defectio
593 5644 748 5693 tenuit
779 5638 875 5703 me,
900 5638 959 5693 id
994 5650 1095 5703 est,
1132 5642 1251 5696 ideo
1292 5643 1441 5695 timui
1476 5646 1681 5712 lapsum
1731 5655 1785 5698 et
1828 5646 1927 5697 de-

355 5708 548 5785 lectum
579 5726 669 5777 pro
696 5711 1051 5785 peccatoribus
1068 5708 1713 5785 derelinquentibus'legent
1756 5724 1926 5780 tuam,

356 5778 458 5831 hoc
489 5788 591 5841 est,
625 5792 839 5848 propter
866 5783 1143 5838 mortalem
1194 5795 1245 5839 et
1274 5778 1623 5853 passiblcm'
1649 5778 1926 5843 ιιιιιιιιιιιιιὲ

2020 3241 2187 3304 g'm'ia
2213 3238 2527 3306 perﬁcietur,
2572 3250 2750 3291 octava
2792 3242 2960 3292 littera
2984 3241 3097 3293 vita:
3127 3243 3373 3294 vocabulo
3398 3244 3610 3311 gaudet.

2592 3365 3037 3405 COMMENTARIUS.

2094 3457 2275 3513 Portio
2304 3476 2435 3514 mea.
2480 3458 2709 3529 Respice
2741 3462 2880 3529 quod
2930 3462 2980 3515 in
3015 3464 3115 3514 line
3146 3458 3304 3531 hujus
3349 3461 3613 3517 oetonarii

2029 3542 2135 3595 εει,
2188 3532 2309 3599 quia
2372 3533 2498 3583 illuc
2545 3533 2872 3585 continuatio
2927 3532 3165 3600 respicit.
3210 3532 3372 3597 Quasi
3422 3535 3608 3586 dicat:

2026 3601 2162 3664 Quia
2187 3602 2435 3669 exquisivi
2454 3602 2848 3670 justi/icationes
2866 3614 3000 3667 tuis,
3026 3619 3174 3671 ergo,
3205 3604 3448 3667 Domine,
3475 3604 3613 3656 doce

2026 3687 2111 3725 tne
2154 3674 2301 3740 ipsas
2328 3671 2739 3739 justiticationes
2772 3682 2915 3736 tuas,
2944 3684 3001 3725 ut
3041 3675 3208 3741 magis
3242 3674 3514 3740 proliciam
3557 3678 3609 3727 in

2024 3743 2135 3805 eis;
2169 3747 2308 3809 quod
2342 3744 2506 3795 debes
2534 3744 2734 3810 lacere,
2764 3745 2889 3810 quia
2934 3758 2993 3796 es
3040 3744 3206 3812 portio
3237 3749 3356 3811 (pro
3387 3746 3608 3811 j'articio

2028 3813 2191 3879 patio)
2228 3827 2359 3875 mea,
2413 3813 2515 3866 hoc
2544 3823 2646 3876 est,
2694 3815 2811 3881 quia
2845 3828 2945 3881 ego
2975 3824 3027 3868 te
3059 3813 3344 3866 Dominum
3395 3816 3611 3881 partici-

2028 3897 2093 3949 po
2129 3899 2139 3932 :
2173 3885 2331 3933 homo
2362 3884 2505 3935 enim
2548 3883 2674 3935 dum
2728 3894 3024 3951 permanet,
3068 3883 3229 3936 homo
3280 3899 3382 3935 non
3433 3895 3608 3950 potest

2024 3967 2143 4004 esse
2176 3953 2314 4005 Deus
2346 3970 2356 4002 :
2390 3954 2483 4006 sed
2527 3964 2700 4005 tamen
2748 3955 3118 4021 participando
3151 3953 3320 4007 Deum
3366 3969 3469 4006 Ιιοιι
3519 3970 3610 4006 na-

2026 4032 2165 4085 tura,
2191 4024 2282 4093 sed
2301 4025 2488 4092 gratia,
2518 4024 2824 4092 adiungitur
2842 4025 2943 4077 diis
2965 4026 3089 4091 illis,
3110 4025 3177 4077 de
3202 4026 3394 4093 quibus
3410 4025 3608 4077 dictum

2026 4102 2143 4144 est:
2204 4092 2313 4161 Ego
2343 4093 2475 4157 dixi,
2511 4095 2585 4145 dii
2632 4096 2771 4156 estis,
2805 4106 2910 4150 etc.
2939 4095 3027 4147 νει
3076 4092 3253 4159 aliter,
3292 4095 3469 4147 l‘ortio
3499 4111 3609 4147 mea

2027 4176 2107 4223 es,
2148 4163 2199 4215 id
2225 4174 2324 4229 est,
2363 4179 2482 4230 pars
2506 4179 2644 4218 mea.
2679 4168 2840 4230 Quasi
2872 4166 3015 4217 dicat
3047 4182 3060 4216 ε
3093 4167 3303 4234 Eligant
3331 4166 3420 4217 alii
3451 4183 3606 4233 quant

2028 4243 2230 4298 partem
2264 4237 2425 4285 velint
2450 4235 2517 4287 de
2548 4235 2856 4299 mundanis,
2884 4250 2983 4303 ego
3030 4245 3079 4287 te
3119 4240 3292 4288 solum
3326 4238 3379 4287 ιιι
3408 4251 3611 4288 univer-

2026 4303 2181 4355 situle
2210 4319 2421 4356 reorum
2456 4315 2661 4371 partem
2696 4308 2825 4357 mitti
2866 4308 3085 4373 eligam,
3130 4314 3187 4359 et
3215 4307 3334 4359 ideo
3374 4311 3496 4358 doce
3533 4321 3610 4358 me

2018 4375 2413 4443 justiﬁcationes
2445 4384 2576 4427 tuas.
2631 4376 2884 4443 Sequitur
2918 4393 2930 4426 :

2102 4445 2221 4496 Dixi
2251 4444 2523 4498 custodire.
2550 4446 2745 4499 Probat
2778 4444 2917 4513 quod
2946 4446 3210 4514 prtedixit,
3226 4445 3328 4499 hoc
3358 4456 3456 4513 εει,
3486 4460 3612 4501 vere

1959 4532 2007 4589 ι)
2034 4529 2090 4589 es
2119 4518 2283 4581 portio
2309 4530 2417 4565 utea
2442 4530 2461 4567 :
2483 4516 2603 4583 quia
2634 4530 2692 4570 es
2736 4520 2905 4585 portio
2934 4518 3169 4569 omnium
3198 4517 3608 4589 custodientium

2032 4584 2200 4656 legent
2231 4594 2395 4650 inani,
2423 4598 2552 4650 etc.,
2579 4602 2697 4655 quae
2724 4584 3018 4656 Sequuntur
3039 4590 3330 4654 agentium,
3355 4598 3407 4641 et
3432 4588 3609 4656 (quasi

2028 4654 2188 4724 dicat)
2242 4670 2340 4722 ego
2371 4671 2505 4708 untts
2533 4672 2595 4709 ex
2649 4658 2752 4709 illis
2801 4654 2938 4721 sum,
2967 4673 3088 4725 quia
3116 4673 3215 4726 ego
3245 4659 3376 4720 dixi,
3407 4654 3607 4720 idiest,

2029 4728 2254 4779 lirmiter
2279 4726 2529 4779 constitui
2558 4728 2810 4779 custodire
2832 4728 2992 4796 legem
3020 4738 3161 4779 tuam
3183 4744 3200 4778 :
3253 4744 3381 4794 ergo
3406 4746 3466 4781 es
3498 4745 3608 4795 por-

2030 4796 2100 4849 tio
2124 4812 2260 4867 mea,
2292 4810 2419 4864 ergo
2449 4800 2573 4849 doce
2603 4799 3090 4867 mejusti/iraiones
3112 4808 3245 4851 tuas.
3279 4800 3411 4865 Quia
3430 4810 3609 4852 autem

2028 4866 2112 4920 lex
2144 4866 2259 4933 ejus
2284 4881 2391 4937 non
2425 4878 2595 4933 potest
2626 4866 2907 4937 custodiri,
2943 4876 3044 4921 nisi
3072 4872 3185 4935 ipso
3208 4871 3448 4921 invocato
3474 4884 3614 4923 seni-

2028 4952 2143 5005 per,
2194 4938 2313 4991 ideo
2365 4935 2690 4991 invocattdus
2736 4949 2855 4992 est:
2894 4935 3027 5007 quia
3066 4942 3142 4991 sic
3173 4941 3304 4992 lides
3334 4938 3607 5005 impetrat,

2028 5015 2166 5075 quod
2198 5009 2279 5059 lex
2313 5023 2416 5060 non
2458 5007 2723 5074 impetrat.
2778 5010 2840 5061 Et
2893 5011 3013 5062 ideo
3043 5011 3225 5061 subdit
3252 5027 3263 5061 :
3292 5008 3612 5077 Deprecatus

2029 5094 2141 5131 sum
2163 5077 2347 5146 faciem
2388 5089 2548 5143 tuam,
2585 5080 2684 5131 hoc
2726 5090 2807 5132 est
2840 5089 2895 5131 ut
2923 5095 3015 5146 per
3040 5081 3290 5133 eliectum
3323 5091 3613 5148 appareret

2030 5151 2084 5201 ιιι
2117 5165 2202 5201 me
2228 5148 2387 5202 iacies
2419 5159 2525 5212 tua,
2559 5165 2663 5201 non
2687 5150 2850 5202 faeies
2880 5165 3019 5212 mea,
3053 5152 3104 5201 id
3136 5163 3218 5204 est
3251 5154 3497 5203 voluntas
3518 5164 3609 5203 tua

2032 5234 2139 5271 non
2173 5234 2312 5283 mea,
2348 5233 2402 5271 ut
2432 5220 2658 5273 idoneus
2689 5235 2861 5273 essem
2893 5221 3168 5273 custodire
3217 5222 3385 5287 legem
3418 5232 3561 5272 tuam
3592 5238 3605 5272 :

2028 5297 2083 5341 et
2114 5290 2215 5341 hoe
2257 5290 2307 5340 in
2331 5300 2433 5343 toto
2462 5291 2613 5342 corde
2652 5306 2784 5352 meo,
2817 5292 2918 5343 hoc
2948 5303 3023 5343 est
3057 5306 3121 5343 ex
3154 5294 3296 5343 otuni
3327 5290 3611 5345 atiectione

2030 5373 2083 5413 et
2113 5374 2178 5413 ex
2207 5361 2452 5412 omnibus
2482 5359 2684 5414 viribus
2715 5360 2883 5413 meis:
2940 5372 2995 5413 et.
3044 5362 3163 5414 ideo
3206 5362 3442 5413 miserere
3489 5363 3611 5425 mei,

2032 5446 2135 5482 non
2168 5440 2384 5497 propter
2414 5444 2589 5482 meum
2622 5432 2890 5495 meritum,
2921 5432 3013 5483 sed
3045 5432 3323 5483 secundum
3347 5433 3611 5499 eloquium

2031 5510 2195 5562 tuum,
2228 5500 2279 5553 id
2306 5509 2408 5563 est,
2466 5505 2757 5555 Secundum
2786 5504 3104 5568 promissum
3140 5514 3287 5554 tuum
3320 5511 3377 5553 ut
3405 5504 3613 5554 scilicet

2034 5571 2403 5638 protuiSstonis
2445 5571 2613 5634 lilius,
2665 5588 2770 5623 non
2818 5573 3084 5624 elationis.
3139 5575 3205 5624 ιιι
3251 5588 3400 5638 quasi
3434 5585 3611 5625 certus

2031 5642 2097 5694 de
2118 5641 2478 5703 esaudtttoue,
2510 5645 2689 5694 subd.t
2720 5658 2734 5695 :
2767 5638 2997 5710 Cogitavi
3025 5643 3127 5696 vias
3150 5658 3307 5695 meas.
3340 5646 3500 5706 Quasi
3528 5646 3608 5695 di-

2032 5722 2117 5765 cat
2140 5728 2152 5763 :
2178 5711 2309 5776 Quia
2341 5711 2640 5778 deprecatus
2679 5728 2793 5765 sum
2818 5714 2998 5778 [aciem
3030 5724 3188 5778 tuam,
3221 5716 3341 5767 ideo
3367 5717 3605 5785 Cagitavi,

2036 5786 2089 5838 id
2145 5794 2246 5847 est,
2301 5784 2499 5837 attendi
2551 5787 2656 5839 vius
2708 5800 2841 5838 meas
2884 5785 3089 5857 ltedas;
3136 5799 3178 5839 et
3208 5784 3607 5857 conm-apem;
