4026 6200
421 304 551 357 Mli?

884 274 1082 352 BER-ii
1125 298 1568 353 VENERABILIS
1605 298 1752 353 (li‘P.
1799 298 1971 355 PARS
2012 298 2074 353 11.
2118 292 2307 351 SEC’I‘.
2353 296 2410 350 ll.
2449 327 2513 337 —-—
2546 297 2754 352 DUBIA
2796 297 2879 351 ET
2922 296 3193 354 SPlIlllA.

3536 304 3676 357 1063

418 426 474 468 ut
508 413 741 483 diligatis
769 411 999 483 iuricem.
1037 410 1127 462 Vcl
1162 410 1335 470 aliter,
1370 406 1617 477 Iniquitas
1644 409 1997 475 superborum,
2033 416 2075 467 Α
2114 406 2413 483 telligiutus.
2442 408 2563 483 l‘lus
2594 406 2733 461 euitn
2776 409 3184 483 nobis-tutorum
3212 421 3292 465 est
3337 412 3481 475 boni,
3515 428 3682 479 quam

416 486 467 537 id
500 480 897 551 est,}eccatum
926 480 1214 547 primorum
1248 488 1546 551 parentum,
1573 483 1659 544 qui
1692 494 1780 546 per
1814 494 2001 545 super-

416 556 583 620 biam,
603 550 706 605 non
739 568 831 616 per
863 552 1221 602 inﬁrmitatem
1246 550 1325 602 vel
1357 551 1729 615 ignorantiam,
1758 554 1999 601 mandata

420 624 511 679 Dei
543 624 910 691 neglexerunt,
936 631 1009 673 est
1047 621 1382 687 multiplicata
1408 638 1559 689 super
1596 637 1693 691 me,
1742 630 1999 683 quantum

416 696 480 747 ad
517 689 765 762 pinnam;
799 693 917 759 quia
954 706 1044 757 per
1075 691 1477 762 illudinlirtnus
1500 689 2001 743 multimodotactus

416 761 535 816 sunt
569 762 793 816 interius
814 772 867 814 et
897 763 1150 814 exterius.
1184 761 1251 814 Ut
1278 771 1453 814 autem
1484 762 1652 829 (quasi
1684 762 1848 826 dicat)
1868 776 2002 828 pos-

417 835 518 886 sim
547 833 799 894 evadere,
832 845 933 899 ego
971 832 1225 899 quidquid
1266 843 1423 898 agunt
1473 832 1582 889 a'ii.
1618 846 1721 882 non
1755 832 2002 883 imitabor

415 905 723 969 superbiam
754 917 962 965 eorum,
996 905 1086 955 sed
1114 908 1163 953 in
1189 911 1291 953 toto
1314 904 1467 954 corde
1500 904 1764 952 scrutabor
1786 918 1891 953 ιιιιιι
1933 901 1999 954 ad

414 974 719 1037 sciendum,
754 972 845 1025 sed
897 972 962 1025 ad
1011 972 1309 1025 faciendum
1342 976 1582 1023 mandata
1615 982 1724 1023 tua.
1754 972 1999 1025 Mandata

414 1044 743 1111 generaliter
771 1042 855 1095 hic
878 1041 1210 1113 accipiuntur
1234 1052 1494 1113 prtucepta
1517 1043 1692 1113 dtviua
1717 1062 1727 1092 :
1760 1045 1807 1094 in
1838 1042 1999 1109 priori

413 1130 541 1167 vero
572 1113 839 1169 sententia
881 1112 1232 1166 determinate
1265 1112 1466 1165 tantum
1513 1112 1814 1166 dilectionis
1847 1128 1998 1165 man-

411 1196 555 1239 data.

488 1255 826 1325 Coagulatum
849 1262 942 1307 est.
969 1253 1057 1325 Sic
1075 1252 1596 1321 continuatur,quusi
1624 1254 1761 1305 dicat
1786 1272 1797 1305 :
1832 1253 1999 1307 Nimi-

416 1342 532 1379 rum
590 1323 831 1395 iniquitas
887 1323 1219 1393 superborum
1246 1326 1357 1375 sive
1408 1336 1832 1389 persecuturum,
1890 1328 2000 1378 sive

418 1394 698 1463 parentum
742 1394 1003 1462 priorum,
1038 1396 1157 1460 quia
1185 1409 1271 1445 cor
1293 1409 1468 1445 eorum
1498 1396 1633 1455 quod
1688 1397 2001 1447 natnralttcr

416 1468 677 1520 mollitum
714 1464 813 1517 fuit
844 1480 935 1532 per
966 1464 1362 1532 gratiam,sicut
1392 1465 1701 1516 naturaliter
1730 1468 1809 1516 lac
1841 1466 2000 1517 molle

415 1548 519 1600 est,
556 1552 650 1602 per
684 1535 952 1602 propriam
986 1549 1170 1587 eorum
1204 1534 1493 1601 nequitiam
1538 1543 1608 1585 est
1654 1534 1996 1600 coagulatum,

412 1608 462 1660 id
490 1616 593 1672 est,
626 1607 927 1661 induratum
956 1623 967 1656 :
1004 1620 1178 1658 meum
1222 1620 1349 1657 vero
1382 1604 1554 1673 (quasi
1587 1605 1749 1673 dicat)
1781 1620 1874 1659 ct-r
1919 1615 2000 1657 est

411 1678 693 1739 tnollitutn,
744 1679 863 1743 quia
921 1676 1057 1727 Deus
1109 1676 1380 1727 humilibus
1406 1678 1492 1725 dat
1522 1675 1763 1742 gratiam,
1794 1676 1998 1729 scilicet

410 1758 467 1800 ιιι
524 1762 666 1801 nunc
721 1747 949 1815 diligant
1001 1744 1403 1809 obedientiam,

408 1820 798 1872 excellentiam.

484 1886 685 1941 Bonum
716 1886 862 1949 milii,
894 1886 1031 1953 quia.
1068 1884 1206 1937 Dixit
1229 1885 1493 1951 superius,
1530 1882 1872 1951 Multiplicata
1903 1904 1989 1938 su-

412 1974 499 2022 per
522 1975 599 2010 me
621 1957 859 2022 ittiqttittts
883 1966 953 2005 cst
976 1956 1335 2021 superborum,
1359 1955 1405 2005 id
1433 1964 1536 2017 est,
1571 1965 1987 2022 persecutcrum.

412 2032 477 2083 Et
503 2028 605 2081 ltoc
637 2026 808 2095 (quasi
833 2025 995 2089 dicat)
1024 2026 1207 2075 bonum
1232 2024 1390 2083 est,id
1425 2034 1527 2080 est.
1548 2023 1672 2077 milii
1702 2027 1832 2079 utile
1861 2038 1945 2079 est
1971 2045 1984 2087 :

413 2100 534 2167 quia
565 2094 653 2151 est
674 2094 801 2167 lltllll
827 2096 890 2147 ad
918 2098 1329 2167 correctionem.
1351 2094 1481 2167 Nam
1515 2095 1992 2167 cerrtribnlattones

413 2165 533 2223 illus
577 2166 860 2219 hurriliasti
894 2180 991 2228 me,
1023 2166 1088 2217 ad
1134 2168 1231 2216 bcc
1263 2175 1315 2216 ut
1364 2166 1556 2216 discant
1596 2165 1992 2234 justiﬁcatioues

409 2251 542 2301 tuus,
561 2238 611 2291 id
638 2246 741 2297 est,
764 2246 819 2287 nt
841 2235 1261 2302 magisinsistam
1286 2234 1566 2303 etdiligum
1597 2246 1856 2304 praecepta
1882 2248 1989 2291 tua.

411 2309 567 2375 Quia,
589 2318 643 2359 ut
661 2306 912 2361 Salomon
930 2304 1010 2375 ait
1036 2322 1047 2356 :
1087 2304 1406 2372 l’rosperitas
1432 2307 1699 2357 stultorum
1734 2305 1904 2372 perdet
1927 2309 1989 2360 ilo

410 2374 513 2444 tos,
540 2378 621 2431 vel
652 2378 807 2429 aliter
837 2393 849 2429 :
889 2374 1233 2444 Multiplicata
1258 2385 1331 2426 est
1354 2391 1506 2442 super
1538 2392 1613 2428 nte
1634 2376 1875 2445 iniquitas
1908 2395 1993 2431 sa-

414 2448 685 2519 perborum
737 2446 1029 2519 primorum
1051 2453 1354 2519 parentum
1374 2455 1474 2519 ;_et
1504 2445 1603 2519 Itoc
1631 2456 1704 2519 est
1734 2446 1857 2498 milii
1904 2449 1991 2501 bo-

410 2516 556 2582 uum,
585 2518 634 2571 id
664 2526 767 2581 est,
802 2516 947 2577 utile,
976 2517 1092 2584 quia
1122 2520 1241 2568 ideo
1282 2516 1361 2567 sic
1392 2516 1673 2569 ltumiliasti
1702 2532 1797 2579 me,
1825 2526 1879 2569 ut
1900 2521 1990 2585 ju-

410 2588 742 2657 stiﬁcationes
766 2599 898 2657 tuas,
929 2602 955 2635 a
988 2585 1180 2652 quibus
1209 2585 1357 2657 prius
1407 2586 1599 2639 recessi
1644 2601 1753 2657 Aper
1804 2601 1989 2657 supcr-

416 2654 578 2721 ltiam,
602 2657 793 2710 discant
819 2656 1067 2709 insiStere
1094 2666 1143 2707 et
1171 2654 1464 2707 observare
1496 2671 1588 2722 per
1605 2655 1989 2711 obedientiam.

410 2730 545 2793 Quia
585 2742 714 2781 vero
755 2726 837 2780 hae
883 2724 1294 2793 justilicationes
1337 2739 1441 2777 non
1490 2735 1712 2789 pos.~unt
1741 2725 1942 2780 addisci
1970 2770 1985 2793 ,

414 2804 516 2851 tusi
547 2800 613 2851 ab
661 2798 753 2851 illo
808 2799 891 2850 cui
945 2796 1128 2849 dulces
1180 2804 1236 2848 et
1282 2794 1623 2849 delectabiles
1668 2805 1833 2850 sunt:
1871 2799 1990 2852 ideo

411 2869 631 2931 subdit,
667 2865 866 2920 Bonum
895 2866 1018 2917 milii
1068 2864 1153 2918 lex
1189 2864 1291 2917 oris
1321 2866 1412 2917 tui.
1449 2865 1607 2931 Quasi
1639 2866 1781 2920 dicat
1812 2881 1826 2919 :
1863 2867 1990 2921 Dico

416 2951 470 2991 ut
524 2940 723 2990 discam
758 2937 1159 3007 Justiﬁcatiottes
1216 2944 1330 3007 tuas
1357 2950 1533 3007 :_qnas
1573 2936 1691 3007 ideo
1713 2936 1876 2991 debes
1905 2953 1990 2993 me

410 3009 605 3061 ducere
632 3004 858 3075 quia'lex
885 3006 983 3058 oris
1012 3005 1085 3057 tui
1114 3013 1195 3059 est
1223 3005 1344 3056 milii
1376 3004 1562 3056 bonum
1591 3047 1604 3069 ,
1637 3006 1687 3059 id
1718 3016 1801 3059 est
1824 3047 1837 3070 ,
1868 3008 1986 3075 quia

418 3089 680 3147 przecepta
712 3086 797 3147 tua
819 3086 942 3128 sunt
972 3076 1099 3129 tnilti
1149 3078 1382 3147 jucunda
1429 3084 1483 3128 et
1511 3075 1693 3147 suavia
1721 3092 1735 3130 :
1778 3090 1833 3132 et
1881 3094 1985 3132 non

417 3143 624 3218 parum,
658 3146 751 3201 sed
782 3162 933 3215 super
973 3146 1135 3218 mil.'i_a
1164 3146 1294 3218 auri
1318 3155 1365 3197 et
1404 3145 1621 3215 urgenti.
1663 3143 1788 3218 Plus
1843 3148 1986 3201 enim

412 3215 583 3287 diligit
609 3218 843 3271 cbaritas
889 3218 1058 3283 legem
1095 3215 1299 3269 Domini
1326 3256 1340 3280 ,
1370 3230 1526 3283 quam
1558 3216 1822 3286 cupiditas
1845 3220 1990 3273 avari

412 3290 579 3345 multa
606 3289 773 3343 millia
803 3289 919 3340 auri
949 3295 1003 3340 et
1031 3287 1258 3356 argenti.

757 3400 893 3466 lutb,
924 3399 1149 3455 scientia
1181 3400 1259 3455 vel
1294 3401 1639 3471 principium.

1033 3509 1386 3548 EXPLANATIO.

487 3592 564 3643 Ad
592 3589 839 3641 decimam
870 3587 1089 3639 litteram
1144 3585 1325 3638 cohors
1374 3586 1598 3654 gloriosa
1644 3589 1985 3656 progreditur,

414 3664 466 3715 in
517 3677 617 3726 qua
661 3661 784 3727 petit
816 3658 1129 3709 intellectum
1176 3658 1535 3708 mandatorum
1581 3658 1775 3711 sibimet
1814 3659 1993 3712 debere

414 3730 643 3791 concedi,
683 3746 715 3781 a
756 3743 869 3782 vere
907 3728 1021 3779 vita:
1064 3741 1269 3797 munere
1304 3728 1633 3793 perfruatur:
1666 3738 1713 3781 et
1744 3738 1911 3797 petens
1935 3737 1988 3781 ut

415 3817 506 3871 per
540 3798 747 3871 Domini
792 3796 1197 3871 misericordiam
1225 3797 1316 3871 li_at
1345 3797 1721 3871 immaculata,
1742 3800 1990 3871 uepossit

413 3864 465 3922 in
492 3870 582 3923 illa
604 3869 920 3936 iudicutione
941 3867 1206 3936 confundi.
1240 3864 1394 3919 Recte
1437 3867 1596 3937 igitur
1648 3864 1859 3920 scientia
1914 3869 1990 3921 vel

415 3940 721 4007 principium
750 3946 1074 4005 nuncupatur
1101 3938 1288 4007 littera.
1330 3940 1381 3988 in
1421 3953 1519 4005 qua
1551 3938 1769 4005 populus
1819 3938 1988 4005 ﬁdelis

414 4006 477 4061 ab
502 4009 592 4062 illo
621 4008 854 4075 capiendi
877 4008 1054 4073 quierit
1079 4006 1407 4067 intellecmm,
1429 4023 1459 4058 a
1486 4022 1589 4075 quo
1610 4008 1807 4060 vivendi
1845 4025 1986 4061 sunto

413 4080 514 4147 psit
542 4078 830 4131 exordium.
864 4076 1052 4129 Manus
1079 4091 1199 4141 tute,
1230 4078 1495 4144 inquiens,
1531 4079 1756 4144 fecerunt
1800 4094 1895 4142 me,
1940 4088 1988 4131 et

416 4148 793 4212 plasmavernnt
822 4162 838 4197 :
869 4148 935 4198 da
962 4148 1085 4197 mihi
1114 4148 1419 4199 intellectum
1445 4188 1460 4211 ,
1494 4158 1599 4201 etc.
1638 4147 1807 4200 Potest
1835 4149 1988 4201 etiam

413 4219 626 4273 scientia
651 4257 666 4278 ,
698 4217 774 4269 vel
800 4217 1106 4285 principium
1134 4217 1201 4267 ad
1228 4218 1321 4268 hoc
1350 4219 1673 4283 interpretari
1697 4259 1711 4280 ,
1739 4220 1875 4285 quod
1904 4220 1985 4270 di-

418 4290 588 4358 citur:
601 4286 846 4358 Cognovi.
870 4285 1101 4358 Domine,
1123 4286 1240 4358 quia
1269 4289 1483 4358 wquitas
1502 4288 1705 4358 ludicia
1733 4290 1987 4355 tua,quod

415 4362 470 4411 in
518 4356 776 4410 Hebraica
814 4357 1024 4409 veritate
1053 4358 1122 4408 ita
1154 4357 1339 4425 legitur
1371 4371 1389 4408 :
1421 4356 1564 4421 Scio,
1597 4356 1832 4422 Domine,
1865 4361 1987 4426 quia

407 4430 613 4499 justum
626 4428 883 4499 judicium
906 4436 1072 4499 tuum,
1089 4435 1133 4478 et
1158 4426 1251 4477 hoc
1264 4426 1488 4499 scientiae
1515 4428 1852 4499 perfectioris,
1870 4444 1984 4496 qua:

414 4495 466 4551 in
503 4495 673 4568 futuro
701 4496 967 4551 revelanda
994 4508 1089 4557 est,
1117 4511 1224 4548 esse
1250 4495 1590 4562 principium:
1615 4498 1731 4563 quia
1761 4495 1894 4550 nunc
1921 4514 1983 4551 ea:

418 4579 565 4635 parte
592 4569 968 4636 cognoscimus,
1002 4578 1047 4618 et
1074 4582 1138 4619 ex
1168 4578 1307 4632 parte
1340 4568 1719 4637 prophetatum.

987 4671 1412 4710 οοιιυειιτιιιιιυε.

492 4747 680 4802 Manus
708 4756 811 4800 tuw
836 4748 1083 4815 fecerunt.
1131 4746 1570 4813 Quandottnidem
1602 4747 1734 4803 adeo
1758 4747 1989 4816 jucunda

411 4828 498 4870 est
526 4819 654 4870 mibi
687 4822 767 4870 les
800 4819 908 4869 oris
938 4818 1209 4881 tui,ergo,
1239 4817 1480 4881 Domine,
1524 4820 1592 4869 da
1632 4819 1755 4871 mihi
1794 4819 1993 4871 intelle-

418 4905 581 4948 c.um,
614 4888 661 4939 id
686 4897 793 4947 est,
810 4901 988 4944 recrea
1017 4887 1066 4939 itt
1095 4902 1180 4939 me
1200 4888 1569 4940 rationalttatis
1587 4897 1641 4939 et
1664 4887 1991 4942 intellectua—

422 4958 604 5019 litatis,
638 4972 794 5024 quatn
822 4957 1039 5022 posuisti
1084 4957 1133 5008 in
1176 4971 1260 5008 me
1304 4965 1425 5009 ante
1456 4958 1945 5023 praivaricatimtem
1972 4996 1990 5024 ,

420 5030 622 5081 cumin
655 5026 975 5078 abundantia
1028 5026 1276 5081 virtutum
1329 5027 1634 5080 existeretn.
1691 5030 1753 5081 Et
1801 5029 1991 5081 merito

421 5096 595 5220 θυιιεί
623 5095 786 5161 dicat)
812 5108 931 5161 peto
959 5111 987 5147 a
1021 5105 1070 5147 te
1099 5096 1351 5158 recreari,
1384 5096 1503 5163 quia
1558 5109 1608 5148 tu
1660 5113 1745 5152 me
1773 5098 1985 5152 creasti.

485 5182 617 5219 anus
650 5176 750 5219 tua:
778 5166 921 5220 enim
952 5165 1176 5218 interius
1212 5165 1263 5217 itt
1294 5168 1470 5220 anima
1521 5170 1748 5220 fecerunt
1794 5184 1874 5220 me
1896 5208 1911 5220 .
1942 5179 1985 5220 et

485 5182 617 5219 anus
650 5176 750 5219 tua:
778 5166 921 5220 enim
952 5165 1176 5218 interius
1212 5165 1263 5217 itt
1294 5168 1470 5221 anima
1520 5170 1748 5235 fecerunt
1794 5184 1874 5220 me
1896 5208 1911 5228 ,
1942 5179 1988 5221 et

416 5239 794 5309 plasmaverunt
827 5249 905 5309 me
933 5236 1166 5309 exterius
1199 5236 1249 5288 in
1281 5250 1538 5309 corpore;
1586 5246 1637 5289 et
1663 5237 1811 5309 quasi
1830 5240 1985 5309 idice-

417 5304 603 5371 retur,
634 5316 685 5361 ct
713 5321 742 5358 a
774 5307 959 5372 spiritu
1005 5304 1224 5359 interius
1273 5305 1609 5372 praesidente,
1659 5308 1777 5373 Quo
1821 5308 1989 5360 fruso

416 5381 555 5445 petis
582 5388 635 5431 te
662 5380 890 5430 recreari
919 5417 933 5440 ,
989 5374 1111 5428 ideo
1159 5375 1361 5445 scilicet
1386 5386 1441 5427 ut
1472 5375 1560 5432 alii
1585 5375 1991 5432 conl‘ormentur

420 5443 573 5512 inibi,
605 5452 706 5501 noc
732 5454 816 5501 est
837 5446 976 5515 quod
1005 5445 1137 5498 dicit
1170 5462 1181 5496 :
1215 5443 1313 5511 Qui
1349 5446 1535 5498 timent
1562 5447 1835 5501 Christum
1880 5462 1984 5502 non

420 5520 518 5570 hoc
544 5527 629 5569 est
658 5532 844 5569 omnes
871 5516 1120 5570 timentes
1151 5525 1202 5569 te
1226 5525 1373 5568 casto
1421 5518 1611 5569 timore
1636 5557 1651 5579 ,
1698 5516 1982 5571 sordebunt

419 5586 737 5639 cotttortnari
766 5586 917 5649 mihi,
950 5596 1004 5640 et
1050 5601 1134 5639 me
1176 5584 1371 5639 imitari
1406 5603 1415 5636 :
1444 5596 1489 5637 et
1516 5585 1825 5641 lwtabuntur
1851 5587 1903 5641 in
1935 5600 1986 5641 te

420 5671 524 5709 tton
559 5666 771 5724 prepter
803 5671 922 5725 me;
955 5656 1047 5711 sed
1078 5658 1200 5725 quia
1239 5670 1338 5722 ego
1369 5657 1566 5725 speravi
1609 5659 1662 5710 in
1705 5656 1852 5709 rerbo
1885 5698 1899 5721 ,
1932 5658 1983 5711 id

420 5735 523 5793 est,
554 5727 604 5777 iu
634 5724 981 5794 promissione
1024 5724 1111 5781 tua
1142 5741 1300 5795 super
1326 5724 1482 5796 quam
1514 5727 1740 5796 petimus
1777 5737 1867 5784 aut
1896 5728 1974 5783 in-

2019 4462 2066 4521 Ι)

2112 478 2191 529 vel
2228 487 2371 541 petat
2399 480 2533 549 ratio
2562 487 2744 531 nostra
2773 520 2787 541 ,
2823 479 2906 531 vel
2936 479 3197 549 intelligat
3246 497 3515 534 mensura.
3538 478 3684 537 Tale

2102 559 2181 601 est
2218 549 2342 600 illud
2368 548 2509 615 quod
2539 550 2825 615 Apostolus
2853 549 2983 601 dicit
3021 548 3343 605 :lmitatores
3374 553 3471 604 mei
3498 562 3678 617 estote,

2102 619 2200 686 ﬁlii
2234 619 2539 682 charissimi,
2575 622 2673 672 ltoc
2705 628 2788 671 est
2817 634 2919 672 non
2959 620 3009 671 in
3037 634 3293 688 quantum
3318 640 3379 675 ex
3411 638 3495 677 nte
3535 637 3678 687 sum,

2104 690 2198 741 sed
2232 693 2280 739 in
2312 700 2563 756 quantum
2591 690 2769 742 imitor
2799 689 3088 743 Christum.
3458 694 3461 697 λ

2176 759 2418 825 Cognovi,
2451 759 2687 821 Domine,
2715 759 2858 823 quia.
2890 761 3048 826 Quasi
3095 762 3233 815 dicat
3262 780 3273 815 :
3309 763 3428 815 Ideo
3478 764 3684 828 sperari

2105 846 2208 881 non
2234 830 2282 881 itt
2309 846 2410 893 nte,
2438 831 2527 883 Scd
2574 832 2624 881 in
2654 829 2797 883 verbo
2820 843 2907 882 tuo
2938 846 2954 882 :
2987 832 3109 899 quia
3139 848 3261 885 vt-re
3299 835 3509 901 cognati
3540 838 3679 899 quiut

2104 911 2189 952 tua
2207 902 2429 970 judicia.
2456 902 2505 953 id
2527 910 2629 961 est.
2657 911 2918 968 prtecepta
2944 912 3028 953 tua
3056 942 3070 963 ,
3095 918 3212 967 qua:
3254 915 3305 955 ιιι
3333 905 3539 970 judicas
3561 920 3679 956 ser-

2103 973 2296 1033 vanda,
2326 982 2448 1023 sttut
2474 987 2577 1023 non
2608 974 2782 1024 solum
2806 987 2974 1037 a-qna,
3003 973 3096 1024 sed
3136 973 3246 1039 ipSa
3269 975 3482 1039 (aquilas
3502 990 3522 1027 :
3547 976 3678 1042 quia

2102 1055 2128 1092 s
2164 1054 2379 1094 rvantes
2400 1058 2454 1093 se
2483 1043 2679 1093 iaciunt
2710 1056 2891 1108 aequos
2930 1042 3195 1109 etjustos,
3241 1058 3405 1109 quate
3445 1044 3676 1098 tettcnda

2103 1120 2156 1163 et
2202 1111 2466 1181 diligenda
2514 1120 2655 1163 sunt.
2708 1111 2817 1177 Ego
2862 1126 2987 1166 veto
3036 1114 3241 1177 neglexi
3276 1129 3414 1178 cam,
3460 1126 3512 1167 et
3556 1116 3678 1167 ideo

2102 1182 2384 1234 ltuntiliasti
2416 1199 2491 1233 me.
2520 1197 2612 1248 per
2635 1182 2985 1234 humilitatem
3015 1183 3292 1237 mortalem
3319 1185 3369 1236 in
3398 1186 3593 1247 radice,
3621 1195 3677 1237 et

2105 1253 2203 1303 hoc
2228 1254 2279 1303 in
2304 1270 2341 1302 vo
2359 1254 2528 1315 ritate,
2555 1252 2602 1303 id
2632 1262 2735 1315 est,
2767 1255 2817 1303 itt
2850 1266 2973 1303 tero
2997 1252 3195 1320 judicio
3226 1267 3332 1307 tuo.

2178 1320 2298 1373 Fiat
2327 1322 2697 1374 misericordia.
2723 1324 2882 1386 Quasi
2906 1321 3047 1375 dieat
3075 1341 3087 1374 :
3121 1324 3559 1392 Quandoquidem
3590 1341 3675 1378 re-

2103 1395 2311 1446 ct‘denti
2345 1394 2485 1458 prius
2509 1407 2536 1443 a
2567 1392 2829 1444 mandatis
2876 1395 2978 1445 tuis
3008 1394 3141 1444 tacta
3166 1404 3248 1446 est
3274 1394 3351 1447 ira
3381 1404 3489 1453 tua,
3523 1412 3675 1461 ergo,

2107 1462 2351 1524 Domine,
2400 1478 2557 1516 servo
2597 1471 2687 1514 ttto
2718 1464 2958 1515 redeunti
3005 1475 3193 1529 praesta
3248 1464 3671 1517 misertcm‘diatu

2106 1543 2269 1596 luam,
2301 1548 2420 1585 nam
2446 1532 2623 1600 agenti
2654 1539 2948 1585 secundum
2981 1534 3248 1598 eloquium
3284 1544 3449 1596 tuum,
3487 1536 3535 1587 id
3571 1546 3673 1596 est,

2102 1604 2390 1657 secundum
2425 1605 2670 1654 mandata
2704 1612 2812 1667 tua,
2846 1605 2934 1661 Iiat
2961 1604 3307 1655 misericordia
3337 1617 3442 1664 tua,
3476 1605 3524 1655 id
3551 1617 3629 1657 est
3656 1646 3669 1665 ,

2102 1689 2130 1724 a
2156 1672 2422 1727 .hibeatur
2450 1674 2751 1727 misericors
2778 1672 2990 1726 aﬂn-ctio
3037 1685 3121 1725 tua
3150 1714 3163 1732 .
3197 1675 3262 1726 ad
3294 1678 3392 1727 lu-c
3416 1691 3467 1726 nt
3497 1677 3545 1727 in
3577 1682 3672 1728 ttae

1463 1749 1673 1797 laudent
1733 1746 1993 1814 recipiant
2031 1757 2071 1814 Β
2104 1745 2392 1812 ptoccllosa
2426 1742 2734 1814 tetttationis
2764 1744 2867 1795 vita
2900 1744 3188 1814 consoletur
3223 1760 3320 1796 me.
3355 1744 3505 1797 Nunc
3529 1748 3671 1798 enim

2102 1823 2227 1866 sunt
2252 1814 2649 1868 consolationes
2671 1813 3021 1877 miserorum,
3052 1813 3264 1867 tandem
3297 1828 3453 1868 erunt
3481 1819 3669 1883 gaudia

2094 1887 2392 1939 beatorum.

2178 1954 2392 2007 Veniant
2421 1954 2563 2007 milii.
2590 1954 2752 2020 Quasi
2802 1954 2989 2008 dicat:
3036 1954 3150 2008 Non
3200 1955 3372 2008 solum
3427 1965 3551 2022 pcto
3611 1966 3669 2007 ut

2092 2026 2440 2077 misericordia
2470 2036 2559 2076 tua
2586 2025 2713 2077 tuilti
2743 2026 2857 2091 ﬁat,
2880 2030 2969 2078 sed
2990 2028 3151 2079 etiam
3173 2027 3521 2079 miserationes
3544 2035 3667 2088 tute,

2096 2097 2144 2149 id
2173 2104 2276 2159 est,
2309 2095 2673 2149 exlnbitiones
2701 2095 2867 2161 ipsius
2891 2096 3272 2149 misericordia:
3293 2107 3495 2149 veniant
3518 2097 3668 2159 mihi,

2092 2166 2298 2218 scilicet
2328 2179 2488 2217 voces
2516 2179 2622 2226 me.
2654 2176 2868 2232 peccata
2898 2165 3170 2218 condones
3215 2176 3270 2220 et
3308 2167 3591 2233 jnstilices,
3618 2175 3673 2219 et

2091 2235 2171 2289 sic
2200 2236 2361 2287 vivam
2394 2234 2495 2287 vita
2525 2250 2648 2289 vera
2683 2253 2695 2287 :
2727 2236 2897 2288 vivam
2925 2236 3067 2299 dico,
3102 2235 3151 2287 id
3177 2248 3261 2289 est
3282 2276 3296 2300 ,
3326 2239 3449 2301 quia
3470 2238 3552 2289 lex
3579 2248 3671 2288 tua

2092 2316 2166 2357 est
2190 2304 2448 2357 meditatio
2477 2321 2608 2369 mea,
2645 2306 2696 2359 id
2718 2314 2820 2365 est.
2847 2309 2969 2373 quia
2999 2305 3212 2358 assidue
3244 2307 3473 2360 meditor
3496 2308 3667 2373 legem

2095 2388 2260 2438 tuam,
2284 2375 2396 2428 haec
2416 2376 2689 2429 meditatio
2708 2379 2953 2429 conantis
2982 2385 3065 2428 est
3093 2378 3362 2442 cogitatio.
3394 2378 3493 2443 Qui
3521 2376 3665 2430 enim

2092 2447 2172 2497 sic
2204 2447 2487 2499 meditatur
2532 2445 2700 2513 legem
2745 2446 2871 2508 Dei,
2903 2454 2961 2498 ut
2988 2446 3208 2512 diligant
3250 2462 3397 2510 eum,
3433 2448 3546 2500 bace
3583 2458 3668 2499 est

2094 2514 2198 2567 vita
2249 2530 2396 2568 vera.
2449 2514 2599 2569 Unde
2642 2514 2895 2569 Dominus
2949 2516 2999 2569 in
3057 2515 3392 2585 Evztngelio:
3442 2518 3668 2569 Observa

2093 2585 2358 2649 mandatu,
2393 2586 2438 2637 si
2478 2586 2550 2637 vis
2590 2586 2657 2637 ad
2695 2587 2848 2638 vitam
2890 2586 3168 2654 pervenire.

2164 2654 2558 2724 Confuudautur
2595 2657 2815 2724 superbi.
2838 2653 2995 2721 Quasi
3022 2654 3160 2708 dicat
3192 2673 3203 2708 ε
3235 2653 3389 2722 Hilii,
3424 2657 3665 2724 inquam,

2092 2726 2291 2778 reniant
2326 2726 2698 2788 miserationes,
2741 2744 2773 2779 e
2814 2725 3082 2778 contrario
3121 2737 3300 2779 autem
3342 2725 3568 2793 superbi,
3613 2726 3666 2779 id

2091 2807 2194 2859 est,
2226 2806 2595 2863 persecutores
2642 2796 3042 2864 confundantur.
3074 2798 3123 2848 id
3156 2810 3235 2847 est
3263 2836 3279 2860 ,
3322 2798 3669 2851 contusibiles

2092 2879 2151 2918 se
2188 2877 2572 2933 recognoscant
2613 2868 2745 2919 bona
2779 2870 2858 2919 vel
2890 2868 3023 2919 mala
3057 2867 3391 2919 confusione.
3436 2867 3499 2919 Et
3545 2868 3670 2920 ideo

2090 2935 2213 3006 dico
2239 2935 2641 3004 confundantur.
2669 2937 2789 3001 quia
2818 2937 3041 3003 fecerunt
3080 2936 3267 3006 injuste
3298 2952 3316 2988 :
3344 2948 3400 2990 et
3427 2952 3549 2990 vere
3578 2938 3667 2989 in-

2086 3004 2250 3073 jUste,
2279 3008 2400 3073 quia
2430 3006 2741 3074 iniquitatem
2769 3006 2974 3071 Operati
3006 3004 3140 3059 sunt
3159 3008 3208 3058 in
3234 3024 3331 3059 me.
3360 3009 3496 3072 Quid
3520 3008 3665 3060 enim

2093 3076 2327 3145 iniquius
2354 3091 2508 3142 quam
2532 3087 2586 3130 et
2616 3075 2881 3129 hominem
2908 3078 2958 3128 in
2982 3091 3038 3128 se
3066 3077 3262 3129 malum
3309 3092 3429 3131 esse
3459 3116 3477 3140 ,
3525 3086 3579 3129 et
3608 3086 3669 3129 ut

2094 3146 2375 3200 admalum
2395 3147 2528 3198 alios
2544 3162 2623 3212 pet
2640 3148 3063 3213 trahat,0peratn
3086 3148 3249 3199 dare?
3276 3147 3402 3215 Ipsi,
3428 3149 3665 3214 inquam,

2093 3217 2375 3268 voluerunt
2404 3231 2488 3269 tne
2515 3220 2776 3269 devocare
2800 3256 2816 3279 ,
2847 3231 2937 3285 ego
2988 3226 3159 3268 autem
3200 3222 3371 3284 potius
3400 3232 3555 3285 quam
3584 3218 3669 3269 eis

2092 3286 2445 3355 acquiescam,
2474 3288 2739 3339 exercebar
2768 3288 2821 3338 in
2860 3287 3115 3339 mandatis
3144 3295 3243 3340 tuts
3272 3303 3375 3340 non
3400 3288 3464 3339 ad
3493 3288 3670 3340 scien-

2090 3357 2239 3418 dum,
2265 3357 2357 3410 sed
2388 3356 2711 3409 iaciendum.

2161 3426 2529 3479 Convertuntur
2568 3427 2710 3480 mihi.
2753 3425 2915 3492 Quasi
2963 3428 3107 3481 dicat
3155 3446 3167 3479 :
3222 3426 3666 3495 Quandoquidem

2092 3498 2359 3550 exercebar
2384 3498 2434 3548 in
2466 3497 2721 3549 mandatis
2758 3498 2899 3562 tuis,
2949 3514 3077 3567 ergo
3126 3507 3483 3550 convertantur
3538 3497 3667 3550 milii

2096 3568 2216 3635 (pro
2241 3568 2306 3620 ad
2336 3570 2469 3635 nte),
2497 3567 2549 3619 id
2574 3576 2678 3631 ρει,
2709 3567 3043 3622 ccttfortttettt
3076 3583 3135 3622 se
3167 3570 3319 3630 tttibi,
3345 3571 3576 3620 timentes
3619 3579 3669 3619 te

2089 3647 2238 3691 casto
2267 3640 2476 3701 timore,
2509 3648 2562 3690 et
2588 3638 2740 3705 quasi
2771 3637 2910 3690 dicat
2943 3655 2954 3689 :
2988 3637 3241 3691 Timentes
3282 3649 3330 3690 te
3378 3639 3499 3691 dico
3546 3639 3669 3690 illos

2089 3709 2180 3773 qui
2207 3717 2448 3759 noverunt
2472 3708 2696 3760 interius
2718 3708 3007 3760 testimonia
3036 3718 3145 3773 tua,
3179 3709 3228 3760 id
3252 3715 3357 3771 est,
3402 3718 3667 3774 praecepta

2091 3786 2199 3839 tua,
2227 3777 2430 3831 scilicet
2452 3792 2556 3828 non
2585 3778 2649 3829 ad
2673 3777 2972 3843 sciendum,
3002 3780 3095 3831 sed
3122 3778 3185 3830 ad
3215 3777 3537 3831 iaciendum.

2162 3845 2282 3899 Fiat
2313 3864 2398 3899 cor
2427 3862 2612 3900 meum.
2643 3847 2803 3911 Quasi
2834 3847 2977 3901 dicat
3007 3864 3020 3900 :
3060 3848 3125 3901 Ut
3163 3847 3251 3900 alii
3272 3846 3518 3911 exetnplo
3544 3859 3669 3900 meo

2088 3928 2490 3977 converutntur.
2541 3925 2595 3969 et
2644 3933 2729 3969 me
2782 3918 3081 3981 imitentur,
3132 3931 3282 3982 ergo,
3310 3918 3552 3981 Domine,
3576 3931 3669 3968 cor

2090 4004 2254 4039 meum
2281 3988 2373 4054 fiat
2400 3987 2803 4049 immaculatum,
2833 3989 2882 4039 id
2913 3997 3032 4051 est,
3067 3988 3159 4041 liat
3177 4002 3293 4041 Stne
3332 3988 3537 4040 macula
3557 4026 3573 4051 ,
3613 3994 3671 4040 et

2090 4057 2566 4138 irreprebensibile
2598 4073 2651 4108 tu
2700 4057 3162 4138 justi/nationibus
3214 4058 3357 4138 tuis,
3407 4054 3473 4109 ad
3522 4058 3664 4119 hoc,

2088 4137 2142 4180 ut
2191 4144 2291 4179 non
2337 4130 2647 4196 confundar,
2698 4127 2749 4179 id
2790 4138 2890 4191 est,
2919 4137 3032 4182 uta
3060 4127 3408 4196 sequentibus
3436 4142 3522 4179 tne
3560 4139 3667 4178 non

2089 4143 2142 4180 ut
2191 4144 2291 4179 non
2337 4143 2647 4196 contunaar,
2698 4143 2749 4179 tu
2790 4143 2890 4191 est,
2919 4143 2976 4180 ut
3000 4143 3032 4182 a
3060 4143 3119 4180 se
3160 4143 3408 4181 uenttous
3436 4143 3522 4179 me
3560 4143 3667 4178 non

2089 4210 2258 4265 possit
2305 4198 2431 4260 dict,
2475 4196 2579 4251 Hic
2634 4200 2784 4251 homo
2830 4200 2977 4267 erepit
3017 4143 3296 4266 ludiﬁcare,
3348 4212 3455 4250 non
3500 4196 3667 4263 patuit

2087 4282 2459 4321 consummare.

2663 4359 2809 4430 Capti
2828 4402 2843 4426 ,
2886 4374 3094 4417 manus.

2694 4465 3047 4507 ειΡιΑΝΑτιο.

2167 4561 2501 4619 Undecimam
2530 4566 2751 4620 litteram
2780 4566 3075 4636 peregrinus
3113 4567 3166 4619 in
3195 4566 3291 4619 liae
3320 4576 3455 4619 terra
3496 4582 3668 4636 ροριιο

2096 4634 2174 4705 lus
2195 4638 2451 4700 decantat,
2463 4637 2515 4689 in
2526 4634 2848 4705 quanimium
2872 4634 3183 4689 desiderium
3203 4653 3351 4690 suum
3373 4639 3425 4689 in
3447 4634 3671 4689 adventu

2098 4704 2302 4757 Domini
2335 4704 2549 4775 feliciter
2578 4706 2861 4773 conﬁtetur.
2903 4705 3189 4760 Enumerat
3236 4722 3432 4772 quoque
3476 4718 3672 4774 quanta

2091 4774 2427 4843 superborum
2450 4776 2783 4829 insultatione
2803 4778 3081 4846 pertulerit.
3113 4778 3193 4829 Ad
3221 4786 3534 4845 postremum
3572 4793 3669 4841 pe-

2092 4846 2173 4915 tit,
2216 4854 2271 4896 ut
2300 4846 2353 4897 in
2393 4848 2648 4898 mandatis
2680 4846 2885 4898 Domini
2924 4847 3085 4915 ipsius
3122 4863 3325 4899 munere
3364 4858 3669 4915 perseveret.

2097 4914 2222 4967 Ηιεε
2248 4930 2368 4985 ergo
2393 4917 2574 4969 mentis
2599 4918 2794 4969 devotio
2816 4932 2905 4984 per
2930 4914 3072 4983 Capit
3100 4917 3318 4969 litteram
3346 4920 3667 4986 designatur,

2091 5000 2208 5053 qua:
2234 4986 2307 5037 ita
2335 5001 2517 5038 manus
2543 4988 2934 5056 interpretatur,
2968 4997 3022 5056 ut
3074 4988 3299 5055 ejusdem
3340 5003 3521 5040 manus
3556 4989 3670 5052 pal-

2094 5072 2248 5117 mam,
2296 5056 2399 5127 sive
2425 5057 2611 5121 volam,
2644 5054 2917 5127 signiﬁcet.
2961 5054 3026 5108 Id
3055 5054 3152 5120 est,
3206 5073 3307 5109 non
3350 5068 3670 5109 contractans

2090 5142 2221 5191 eam,
2253 5126 2343 5179 sed
2357 5136 2606 5196 apertam,
2643 5126 2980 5196 eipansisque
3004 5128 3177 5196 digitis
3200 5127 3441 5179 insinuet.
3478 5128 3669 5179 Manus

2090 5212 2210 5264 ergo
2230 5197 2488 5264 signiﬁcat
2510 5212 2685 5264 opera,
2718 5198 2795 5250 vel
2814 5198 3002 5259 cordis,
3027 5199 3102 5249 vel
3129 5200 3380 5265 corporis,
3408 5202 3486 5249 vel
3509 5200 3669 5263 ipsius

2088 5267 2282 5318 amoris
2310 5266 2516 5318 interni.
2562 5269 2772 5333 Apertio
2798 5283 2914 5319 vero
2942 5270 3052 5335 ejus
3074 5278 3149 5319 est
3189 5284 3341 5334 quam
3383 5265 3668 5321 Psalmista

2089 5338 2472 5398 commendans,
2502 5336 2573 5388 ait
2602 5351 2621 5390 :
2655 5355 2673 5387 ι
2706 5336 2893 5390 Revela
2920 5340 2987 5390 ad
3020 5336 3295 5390 Dominum
3343 5338 3479 5390 tiam
3502 5350 3663 5401 tuam,

2087 5417 2132 5459 et
2163 5422 2311 5472 spera
2339 5422 2390 5459 tn
2420 5422 2555 5472 eum,
2589 5425 2607 5457 ι
2633 5420 2723 5460 etc.

2660 5513 3081 5554 COIIENTARIUS.

2160 5586 2353 5654 Deiecit
2383 5590 2432 5641 in
2462 5589 2676 5643 salutari
2702 5600 2808 5644 tuo.
2840 5590 2999 5657 Quasi
3028 5590 3169 5644 dicat
3197 5609 3207 5642 :
3237 5588 3385 5653 Ideo,
3423 5591 3665 5651 Domine.

2084 5658 2249 5711 debes
2280 5658 2456 5712 facere
2484 5675 2571 5712 cor
2613 5676 2779 5713 meum
2826 5662 3210 5714 immaculatum
3258 5661 3311 5712 in
3330 5660 3669 5727 justiﬁcatio-

2084 5728 2233 5783 nibus
2262 5731 2383 5798 tuis,
2407 5740 2461 5786 et
2482 5730 2658 5786 anima
2683 5732 2879 5788 defecit
2909 5733 2960 5787 ιιι
2989 5746 3069 5802 se,
3091 5744 3145 5787 ut
3165 5732 3449 5802 proliceret
3474 5736 3528 5787 in
3556 5743 3663 5785 me.
