4026 6200
348 299 476 350 Li'il

808 293 1009 347 Blisz
1053 292 1501 348 VENERABILIS
1538 292 1690 349 OPP.
1733 294 1909 350 PARS

2047 294 2238 350 SECT.
2281 295 2341 349 ll.
2382 324 2447 336 -—
2482 293 2685 351 DUBIA
2727 293 2811 348 ΕΤ
2849 294 3116 350 SI’URIA.

3458 296 3593 349 1073

344 408 777 471 esttentationis,
830 417 883 460 et
926 408 976 461 iii
1009 408 1349 461 tribulatione
1388 422 1481 460 sua
1542 407 1903 463 inﬂammatus
1935 414 1981 470 Α
2013 409 2129 473 sivi,
2162 412 2281 477 quia
2311 424 2432 463 cum
2480 419 2790 476 peccatores,
2838 410 2885 461 id
2928 420 3032 473 est,
3080 416 3455 473 persecutores
3505 425 3592 464 me

344 480 615 536 itesiderio
662 480 896 532 caelestis
941 480 1157 542 patrita,
1212 478 1263 530 id
1307 485 1406 538 est,
1458 476 1755 531 Jerusalem
1810 493 1903 531 su-

347 566 541 619 pernae,
593 547 740 616 quasi
764 547 1300 619 sursumnaspiciens.
1340 548 1466 619 dicit
1494 545 1602 619 :_In
1642 558 1909 611 teternum,

352 617 585 683 Domine,
617 628 720 671 etc.
772 618 930 682 Quasi
961 617 1137 669 dicat:
1193 618 1339 679 Dico,
1391 617 1635 678 Domine,
1694 628 1750 669 ut
1783 619 1911 670 vivi-

348 692 472 745 fices
504 706 587 741 tne
615 705 628 751 ;
653 687 770 739 illos
798 696 993 757 autem,
1022 689 1109 753 qui
1144 687 1196 739 in
1228 688 1378 757 caelis
1413 699 1555 752 sunt,
1604 688 1652 739 id
1686 698 1785 749 est,
1818 703 1913 737 an-

348 761 544 825 gelieos
589 758 806 825 spiritus
851 755 1103 808 vivilicari
1152 756 1255 809 non
1287 764 1517 823 oportet,
1564 763 1690 822 quia
1730 758 1781 809 in
1810 757 1913 810 illis

347 837 605 896 permanet
646 827 850 879 verbum
895 836 1059 890 tuum,
1091 826 1142 878 id
1172 838 1271 890 est,
1306 835 1624 894 praeceptum
1678 827 1914 880 veritatis

346 904 395 953 in
435 909 714 951 :eternum.

416 968 481 1021 In
529 966 870 1038 generatione.
904 966 1061 1030 Quasi
1091 965 1233 1018 dicat
1266 965 1424 1038 :_Non
1475 965 1643 1018 solum
1680 966 1729 1018 itt
1762 966 1910 1029 cwlo,

345 1040 438 1092 sed
462 1036 621 1091 etiam
654 1039 703 1089 in
744 1046 880 1090 terra
909 1045 1167 1105 permanet
1198 1036 1400 1088 verbum
1442 1045 1604 1099 tuum,
1633 1038 1752 1102 quia
1778 1038 1911 1088 veri-

345 1125 421 1161 tas
454 1120 540 1161 tua
569 1117 650 1160 est
686 1107 738 1159 in
780 1106 1103 1175 generatione
1124 1115 1169 1157 et
1212 1108 1612 1174 generationem,
1647 1106 1697 1157 id
1729 1116 1829 1169 est,
1862 1107 1912 1158 iti

344 1179 489 1232 omni
534 1177 874 1246 generatione
921 1176 1223 1228 succedenti
1255 1183 1307 1226 et
1334 1177 1635 1246 decedenti,
1666 1176 1717 1228 in
1751 1190 1915 1243 gene-

346 1245 552 1302 ratione
594 1245 890 1310 pertinente
932 1246 995 1297 ad
1038 1247 1205 1311 legem
1248 1255 1303 1297 et
1343 1245 1759 1314 adiprophetas,
1792 1245 1915 1314 quia

347 1333 455 1372 non
504 1315 817 1371 defecerunt
868 1324 995 1369 tunc
1038 1316 1221 1376 etiam,
1274 1314 1364 1382 qui
1414 1313 1571 1367 fidem
1631 1313 1912 1381 baberent,

343 1404 462 1455 qua:
487 1397 672 1454 postea
700 1384 931 1439 revelata
959 1394 1039 1437 est
1069 1386 1117 1435 in
1144 1385 1377 1455 Christo,
1404 1396 1452 1436 et
1488 1384 1540 1435 in
1568 1384 1915 1452 generatione

348 1453 644 1525 pertinente
693 1456 755 1507 ad
804 1455 1185 1525 Evangelicaui
1214 1453 1460 1522 gratiam,
1488 1458 1504 1525 (
1533 1455 1680 1520 quasi
1727 1455 1863 1508 dicat
1893 1456 1911 1522 )

344 1523 483 1595 quod
529 1526 610 1579 vel
658 1524 873 1590 iii-hac,
911 1526 991 1578 vel
1037 1525 1086 1577 iti
1138 1523 1613 1595 illaigeneraliune
1644 1535 1917 1595 permanet

347 1594 540 1652 ueritas
570 1608 679 1657 tua,
712 1610 814 1648 non
846 1609 907 1647 ex
941 1608 998 1647 se
1026 1604 1127 1656 est,
1159 1594 1253 1645 sed
1286 1595 1404 1655 quia
1452 1599 1504 1645 tu
1541 1594 1770 1661 fundasti
1808 1603 1915 1646 ter-

348 1685 458 1719 ram
491 1668 710 1731 cultam,
740 1665 789 1718 id
821 1675 921 1728 est,
957 1664 1244 1718 Ecclesiam
1274 1664 1533 1716 stabiliter
1567 1664 1723 1716 ﬁxisti
1756 1679 1918 1728 super

2013 490 2405 545 exspectarent,
2431 481 2478 531 iul
2504 492 2604 541 εει,
2638 495 2700 531 ex
2729 494 2871 530 mora
2897 490 2950 532 et
2974 480 3093 533 luna
3120 493 3326 531 meeum
3350 490 3592 545 agerent,

2016 550 2155 602 unde
2181 550 2302 603 alibi
2338 566 2351 601 :
2388 549 2639 603 Sedet-unt
2676 550 2952 615 principes,
2981 560 3026 600 et
3053 549 3298 601 adversus
3321 565 3398 601 nte
3418 550 3594 614 loque-

2015 619 2231 681 bantur;
2281 634 2402 671 cum
2437 633 2539 677 me.
2575 619 2811 683 inquam,
2870 627 3261 684 exstinctarent,
3292 620 3431 671 sicut
3462 633 3593 672 vere

2013 698 2453 750 exspectaverunt,
2504 688 2568 739 ad
2621 688 2740 751 lioc,
2780 699 2833 739 ut
2878 690 3144 750 perderent
3188 704 3287 752 me,
3319 688 3367 740 id
3399 699 3502 751 est,
3537 698 3593 740 ut

2016 773 2103 810 me
2144 759 2489 819 devocarent,
2533 768 2587 811 et
2610 757 2708 809 sibi
2738 762 3158 816 cOnI'ormarent.
3188 758 3330 824 quod
3377 760 3420 809 si
3456 759 3593 811 face.

2014 839 2153 889 rent,
2186 843 2309 881 vere
2353 843 2437 880 me
2468 828 2774 890 perderent,
2808 839 2979 882 tamen
3030 844 3131 880 non
3191 844 3275 880 me
3301 830 3593 881 deviicave'

2014 907 2155 959 runt,
2184 900 2302 965 quia
2337 899 2563 949 intellexi
2592 897 2901 960 testimonia,
2938 900 2985 949 id
3017 908 3118 955 est,
3152 912 3230 949 vet
3248 913 3332 950 um
3380 900 3591 951 intelle-

2020 979 2165 1020 Ctutn
2222 968 2378 1020 habui
2428 968 2495 1020 de
2547 967 2825 1037 pra-ceptis
2873 971 2996 1029 tuis,
3052 969 3273 1031 scilicet,
3305 969 3444 1036 quod
3487 984 3591 1020 non

2018 1048 2222 1089 tantum
2256 1045 2437 1090 essent
2482 1037 2715 1097 scienda,
2751 1038 2842 1088 sed
2893 1038 3166 1101 facienda;
3199 1048 3250 1089 et
3280 1039 3419 1105 quod
3447 1048 3593 1091 esset

2016 1107 2349 1159 moriendum
2404 1108 2550 1173 prius
2598 1119 2756 1175 quam
2803 1122 2831 1158 a
2875 1110 3136 1161 mandatis
3178 1108 3281 1159 tuis
3330 1108 3588 1162 receden-

2014 1178 2162 1228 dum.

2088 1247 2285 1299 Omnis.
2318 1246 2478 1311 Qua-i
2524 1248 2665 1302 dicat
2693 1267 2706 1302 :
2747 1250 2965 1317 Propter
2995 1249 3117 1309 hoc.
3166 1249 3403 1317 inquam,
3435 1247 3588 1301 intel-

2015 1315 2119 1389 lexi
2158 1317 2446 1389 testimonia
2490 1325 2597 1383 tua,
2637 1320 2757 1389 quia
2797 1315 2922 1382 vidi,
2954 1319 3003 1371 id
3038 1328 3136 1389 est,
3169 1315 3421 1385 proposui
3453 1318 3583 1372 mihi

2014 1385 2168 1453 linem
2199 1388 2360 1440 omnis
2393 1385 2862 1443 consummationis.
2911 1387 3094 1442 Umuis
3133 1397 3309 1442 autem
3342 1403 3593 1441 consum-

2019 1456 2180 1526 m_:itio
2234 1465 2319 1510 est
2361 1468 2570 1511 certare
2614 1474 2707 1526 pro
2737 1461 2955 1513 veritate
3002 1474 3168 1526 usque
3210 1461 3274 1511 ad
3314 1461 3590 1525 sanguinis

2015 1522 2354 1592 effusionem,
2404 1536 2460 1581 et
2489 1542 2584 1592 pro
2611 1522 2820 1582 summo
2861 1530 3005 1583 bono
3047 1522 3222 1580 omnia
3276 1522 3425 1581 dura
3459 1529 3594 1583 tole-

2016 1609 2180 1650 rare:
2214 1596 2368 1663 hujus
2396 1596 2547 1667 linis,
2596 1598 2645 1651 id
2674 1610 2778 1663 est,
2825 1599 3100 1667 praemium
3149 1607 3231 1651 est
3273 1598 3324 1651 in
3375 1603 3501 1661 vita,
3534 1607 3588 1652 et

2019 1678 2113 1731 per
2137 1675 2361 1719 mortem
2395 1666 2549 1735 hujus
2580 1668 2702 1721 vitae
2744 1666 3173 1721 tribulationibus
3202 1675 3257 1722 et
3286 1669 3590 1735 opprobriis

346 1737 475 1791 illud
524 1736 942 1810 fundamentum,
976 1736 1043 1786 de
1096 1748 1200 1801 quo
1230 1732 1303 1784 ait
1333 1734 1655 1810 Apostolus:
1695 1733 1913 1810 Funda-
1946 1751 1993 1810 Β
2022 1736 2205 1789 multis
2232 1732 2508 1810 acquisita.
2539 1736 2644 1791 Sed
2678 1740 2924 1808 quoniam
2958 1745 3142 1790 neutra
3171 1732 3421 1804 praedicta
3464 1752 3593 1810 con-

345 1817 568 1861 menlum
594 1807 735 1858 aliud
762 1820 911 1857 nemo
941 1819 1124 1869 ponere
1164 1812 1327 1865 potest
1372 1812 1553 1870 prwter
1579 1804 1632 1853 id
1659 1806 1793 1871 quod
1826 1821 1915 1870 po-

344 1878 498 1929 situm
527 1884 622 1938 est,
656 1875 709 1926 id
739 1885 833 1939 est,
875 1872 1133 1926 Christus.
1175 1871 1241 1924 Et
1270 1872 1390 1939 quia
1438 1882 1490 1925 tu
1520 1872 1769 1940 fundaSIi,
1799 1873 1919 1928 ideo

348 1956 525 2000 manet
554 1946 746 1997 veritas
777 1955 887 1996 tua.

422 2015 758 2069 Ordinatione
799 2023 899 2065 tua,
938 2011 1097 2078 Quasi
1128 2010 1270 2064 dicat
1300 2029 1311 2062 :
1341 2011 1451 2065 Non
1484 2012 1655 2066 solum
1695 2027 1758 2066 ex
1795 2011 1918 2066 fun-

348 2087 562 2139 dationc
593 2093 676 2137 tua
708 2082 904 2136 veritas
947 2084 998 2134 in
1029 2091 1186 2146 terra,
1223 2084 1316 2136 sed
1343 2083 1501 2136 etiam
1551 2082 1601 2135 in
1630 2084 1767 2137 ctelo
1797 2099 1919 2150 per-

351 2163 550 2217 manet,
592 2155 711 2223 quia
741 2153 872 2215 dtes,
917 2152 968 2205 id
1015 2160 1116 2223 est,
1158 2153 1553 2217 supercmlestis
1595 2153 1814 2220 spiritus
1853 2153 1919 2207 ad

350 2240 535 2278 verum
575 2221 737 2287 diem,
786 2224 835 2275 id
867 2227 973 2285 est,
1000 2221 1064 2274 ad
1097 2236 1272 2274 veram
1324 2223 1616 2275 claritatem
1651 2226 1921 2291 pertinen-

350 2305 450 2360 tes,
478 2296 618 2363 quod
649 2303 902 2359 apostata:
934 2292 1121 2363 angelo
1148 2308 1250 2343 non
1282 2292 1639 2363 adlimserunt,
1672 2293 1767 2346 sed
1795 2307 1917 2360 per-

348 2360 663 2420 severarunt
710 2363 762 2415 in
794 2360 1034 2422 veritate,
1080 2360 1181 2414 lioc
1227 2378 1330 2414 non
1364 2361 1561 2415 habent
1608 2376 1674 2415 ex
1709 2376 1789 2428 se,
1821 2363 1916 2417 sed

348 2452 412 2489 ex
436 2444 525 2488 tua
544 2434 885 2499 ordinatione,
908 2431 955 2484 id
980 2439 1081 2494 est,
1101 2447 1164 2483 ex
1188 2441 1272 2484 tua
1296 2432 1640 2497 dispositione
1658 2441 1711 2485 et
1735 2432 1919 2485 volun-

355 2515 485 2559 tate.
529 2505 597 2557 Et
622 2518 746 2557 vere
799 2516 865 2555 ex
919 2511 968 2554 te
1020 2502 1237 2565 habent,
1281 2504 1527 2569 quoniam
1571 2503 1831 2566 serviunt,
1862 2503 1912 2556 id

357 2585 465 2638 est,
508 2574 804 2640 subiacent,
837 2580 889 2623 et
920 2580 1106 2640 parent
1137 2571 1230 2622 tibi
1264 2586 1357 2637 per
1385 2573 1564 2640 omnia
1607 2584 1711 2624 non
1743 2574 1914 2624 solum

350 2639 722 2709 terrena,’sed
753 2651 807 2695 et
844 2639 1095 2695 coelestia.
1144 2641 1315 2693 Aliter
1341 2650 1515 2694 autem
1547 2639 1719 2708 (quasi
1748 2641 1913 2709 dicat)

350 2725 470 2780 peto
500 2724 557 2767 ut
585 2729 672 2766 me
700 2711 967 2774 t'ivifices;
1000 2710 1073 2762 illi
1101 2720 1297 2771 autem,
1322 2725 1455 2779 quos
1481 2709 1647 2779 gratia
1677 2722 1761 2762 tua
1788 2710 1914 2765 fecit

347 2785 564 2848 «telum,
599 2784 647 2834 id
682 2793 784 2845 est,
814 2788 1174 2848 complutores
1220 2781 1467 2843 aliorum,
1520 2794 1623 2832 non
1676 2780 1915 2848 indigent

348 2854 724 2914 vivificatone,
777 2851 895 2918 quia
946 2852 997 2901 in
1047 2851 1192 2911 cocto,
1245 2849 1295 2903 id
1347 2860 1449 2913 est,
1496 2849 1548 2902 in
1589 2849 1691 2904 illis
1722 2850 1911 2904 talibus

350 2931 609 2989 permanet
631 2921 833 2973 verbum
870 2930 1012 2970 tuum
1046 2920 1099 2969 in
1128 2928 1394 2989 aeternum.
1432 2920 1492 2970 Et
1520 2932 1628 2989 non
1655 2920 1829 2989 solum
1859 2921 1909 2972 iii

345 2992 502 3056 coelo,
533 2989 583 3044 id
624 2999 724 3053 est,
760 2991 809 3040 in
842 2988 1275 3053 praedicatoribus
1322 2989 1454 3040 alios
1498 2988 1753 3042 doctrinm
1792 3004 1912 3042 ver—

351 3062 431 3113 bis
475 3059 920 3127 compluentibus,
954 3057 1046 3111 sed
1073 3057 1230 3110 etiam
1280 3058 1331 3127 in
1378 3058 1657 3124 complutis
1703 3067 1807 3111 tam
1858 3059 1907 3112 in

348 3131 510 3197 priori
539 3130 878 3197 generatione
906 3128 1203 3195 pertinente
1241 3126 1304 3178 ad
1348 3127 1675 3197 patriarchas
1708 3135 1763 3181 et
1794 3144 1911 3196 pro-

352 3196 561 3268 plietas,
602 3215 757 3267 quam
810 3198 860 3251 in
915 3199 1189 3263 posteriori
1231 3196 1574 3266 generatione
1615 3199 1911 3268 pertinente

350 3267 415 3325 ad
445 3273 803 3338 evangelicmn
833 3270 1080 3336 gratiam,
1110 3277 1161 3320 et
1194 3268 1293 3319 hoc
1323 3281 1426 3320 non
1452 3282 1515 3319 ex
1546 3281 1626 3330 se,
1655 3267 1760 3338 sed,
1790 3268 1910 3333 quia

354 3351 407 3393 tu
436 3340 666 3408 fundasti
690 3350 895 3403 terram,
920 3347 968 3389 et
995 3348 1275 3408 permanet,
1331 3337 1468 3389 sicut
1510 3350 1668 3408 supra
1714 3337 1910 3408 dictum

346 3404 446 3463 est:
497 3409 562 3463 Et
593 3422 695 3461 non
747 3416 947 3460 tantum
980 3404 1243 3460 excultam
1294 3417 1489 3459 terram
1538 3404 1787 3471 fundasti,
1818 3407 1911 3461 sed

346 3482 503 3532 etiam
535 3479 790 3539 cultores,
819 3477 939 3543 quia
992 3476 1127 3542 dies,
1163 3477 1211 3529 td
1243 3486 1343 3536 est,
1376 3490 1562 3529 omnes
1591 3479 1914 3544 pertinentes

348 3549 413 3602 ad
464 3551 634 3602 lucent
687 3548 846 3608 lidei,
902 3546 1057 3600 etiam
1108 3546 1460 3614 cognitionem
1530 3554 1911 3615 praeceptorum

349 3633 580 3682 tuorum,
613 3626 667 3671 et
715 3619 947 3670 cultores
992 3624 1049 3669 et
1096 3617 1225 3669 culti
1267 3625 1610 3682 perseverant
1661 3616 1710 3668 iii
1771 3618 1913 3669 veri-

347 3698 474 3752 tate,
507 3702 609 3741 non
642 3701 731 3754 per
759 3700 837 3750 se,
870 3686 961 3739 sed
1007 3701 1070 3739 es
1114 3695 1199 3738 tua
1247 3686 1614 3750 ordinatione;
1667 3700 1911 3753 quon-am

347 3760 520 3811 omnia
549 3758 770 3810 serviunt
798 3757 907 3821 tibi,
940 3764 991 3808 ut
1020 3770 1175 3822 supra
1209 3754 1403 3807 dictum
1432 3764 1537 3808 est.

417 3827 535 3881 Nisi
575 3828 709 3897 quod
759 3827 891 3897 lex._
937 3826 1095 3891 Quasi
1149 3826 1290 3897 dicat
1330 3841 1342 3875 :
1391 3824 1647 3897 Quoniam
1700 3824 1910 3891 quidem

347 3901 517 3951 omnia
542 3894 765 3951 serviunt
806 3895 914 3960 tibi,
944 3910 1090 3963 ergo,
1117 3896 1356 3955 Domine,
1391 3894 1583 3962 vivi/ira
1612 3910 1687 3947 me
1728 3909 1910 3947 secun-

345 3972 468 4021 dum
498 3967 901 4019 misericordiam
944 3976 1103 4030 tuam,
1138 3965 1206 4018 ob
1236 3966 1335 4017 hoc
1363 3980 1429 4017 ne
1460 3979 1671 4031 peream
1723 3965 1777 4016 in
1817 3966 1914 4018 hu-

348 4038 563 4090 militate
588 4051 717 4097 mea,
762 4036 813 4087 id
842 4043 942 4099 est,
985 4034 1035 4088 in
1085 4035 1381 4087 humilitate
1432 4033 1666 4097 mortali,
1697 4035 1799 4087 hoc
1846 4049 1909 4088 ex

350 4112 454 4161 tine
479 4121 665 4159 versus
695 4105 969 4171 accipitur,
999 4105 1085 4157 ubi
1128 4106 1255 4157 dicit
1286 4122 1297 4156 :
1332 4102 1582 4157 Perissent
1626 4105 1678 4156 in
1704 4103 1914 4156 humili-

349 4187 448 4230 tate
474 4191 606 4239 mea,
641 4176 711 4228 ita
754 4174 896 4245 dico,
928 4189 1014 4245 ine
1061 4187 1296 4245 peream,
1347 4175 1487 4245 sicut
1518 4183 1641 4227 tunc
1690 4172 1911 4227 forsitan

348 4247 623 4314 perissem,
669 4242 1088 4314 quandoiniqui
1136 4244 1291 4314 paulo
1320 4244 1486 4296 minus
1527 4258 1910 4314 consummave-

350 4311 466 4371 runt
496 4318 550 4369 in
575 4311 732 4377 terra,
758 4314 855 4367 nisi
902 4312 1002 4365 hoc
1042 4328 1127 4367 nte
1148 4311 1393 4381 juvisset,
1422 4314 1559 4380 quod
1594 4313 1676 4365 lex
1705 4323 1789 4365 tua
1830 4324 1913 4367 est

350 4389 629 4441 meditatio
657 4400 796 4448 mea,
832 4384 913 4437 lex
947 4382 1128 4450 utique
1160 4381 1280 4435 tidei
1312 4397 1414 4434 non
1447 4384 1639 4443 inanis,
1672 4382 1764 4435 sed
1796 4399 1911 4452 quae

2023 1808 2309 1858 summatio
2343 1808 2574 1872 prodest.
2611 1810 2708 1862 nisi
2762 1811 2812 1860 in
2844 1809 3073 1871 patiente
3122 1817 3175 1860 et
3213 1810 3500 1861 conlitente
3526 1808 3596 1861 sit

2021 1875 2271 1938 Charitas,
2319 1876 2455 1928 sicut
2485 1885 2707 1931 testatur
2734 1878 3043 1945 Apostolus,
3073 1874 3257 1929 dicens
3291 1895 3303 1928 :
3333 1877 3392 1931 St
3423 1879 3585 1929 tradi.

2021 1946 2142 1997 dero
2172 1961 2356 2011 corpus
2397 1962 2582 2009 meum,
2616 1949 2688 2000 ita
2738 1957 2790 2000 ut
2828 1950 3055 2010 ardeam,
3095 1948 3390 2000 charitatem
3427 1958 3596 2000 autem

2022 2030 2122 2067 non
2148 2016 2390 2079 habuero,
2418 2017 2546 2068 nihil
2590 2020 2792 2084 prodest
2819 2017 2966 2083 mihi,
3016 2017 3133 2069 ideo
3165 2017 3342 2069 subdit
3390 2034 3401 2068 :
3454 2016 3594 2081 Vidi,

2023 2084 2072 2136 id
2112 2094 2214 2148 est,
2247 2088 2494 2154 propnsni
2540 2088 2671 2140 milii
2703 2104 2803 2139 non
2844 2096 3043 2139 tantum
3088 2087 3236 2144 ﬁnem
3273 2102 3595 2139 consumma-

2021 2155 2195 2217 tionis,
2224 2155 2318 2207 sed
2343 2155 2502 2208 etiam
2531 2158 2827 2209 mandatum
2854 2165 3019 2209 tuum.
3048 2154 3377 2220 Mandatum,
3402 2159 3591 2224 inquit,

2021 2240 2204 2276 novum
2226 2224 2291 2276 do
2329 2226 2485 2287 vobis,
2535 2236 2588 2277 ut
2631 2228 2858 2295 diligatis
2906 2242 3016 2288 vas,
3065 2226 3116 2277 id
3166 2236 3265 2288 est,
3319 2227 3593 2280 t-liaritatis

2020 2305 2364 2362 praeceptum,
2396 2297 2534 2362 quod
2564 2308 2644 2349 est
2674 2298 2821 2349 nimis
2854 2295 3047 2347 latum.
3099 2296 3233 2359 Quid
3261 2298 3401 2349 enim
3434 2297 3591 2349 latius

2018 2378 2175 2434 quam
2200 2365 2249 2417 in
2273 2379 2377 2431 quo
2400 2371 2580 2431 pendet
2602 2369 2767 2418 omnis
2792 2368 2875 2418 lex
2899 2376 2944 2417 et
2969 2366 3267 2434 prop/reue?
3295 2366 3380 2418 Vel
3407 2367 3591 2420 aliter:

2020 2432 2157 2487 Vere
2207 2435 2491 2487 testimonia
2531 2446 2617 2488 tua
2664 2436 2913 2499 intellexi,
2967 2432 3084 2502 quia
3138 2438 3190 2487 in
3239 2434 3590 2490 charitateea

2018 2503 2656 2574 complericousideravi,
2714 2508 2813 2558 hoc
2843 2515 2946 2570 est,
3001 2506 3142 2572 quod
3191 2506 3595 2574 aequipollenter

2014 2572 2185 2626 dicit:
2224 2571 2363 2639 Vidi,
2398 2575 2446 2626 id
2474 2585 2575 2639 est,
2610 2574 2809 2628 attendi
2841 2577 3138 2626 mandatum
3163 2571 3305 2627 tuum
3335 2575 3485 2626 nimis
3507 2578 3590 2627 la-

2016 2651 2142 2705 tum,
2170 2643 2221 2695 id
2250 2654 2352 2705 est,
2377 2643 2690 2698 charitatem
2721 2658 2840 2697 esse
2865 2647 3020 2697 linem
3045 2647 3217 2697 omnis
3245 2658 3587 2698 eoosomma~

2016 2712 2192 2783 tionis,
2238 2712 2375 2765 sicut
2401 2713 2685 2781 Apostolus
2714 2717 2787 2767 ait
2816 2730 2829 2767 :
2860 2714 3006 2767 Finis
3053 2715 3204 2767 totius
3234 2718 3477 2783 pi'tecepti
3503 2723 3581 2768 est

2015 2782 2256 2845 charitas,
2287 2792 2392 2835 etc.

2417 2872 2575 2937 Mem,
2603 2889 2669 2928 ex
2697 2889 2802 2944 quo
2832 2874 2911 2928 vel
2942 2889 3004 2928 ex
3039 2875 3182 2943 ipSls.

2634 2979 2985 3018 EXPLANATIO.

2091 3029 2323 3105 Populus
2360 3033 2561 3099 beatus,
2597 3036 2681 3102 qui
2717 3037 3075 3105 prophetarum
3125 3043 3273 3100 atque
3326 3033 3590 3105 Evangelii

2020 3100 2247 3169 plurima
2276 3100 2935 3170 meditatione'profecerat,
2960 3104 3317 3171 alloquendum
3344 3100 3587 3173 superda-

2012 3180 2122 3223 cent
2145 3186 2269 3234 esse,
2309 3189 2367 3225 ac
2396 3176 2616 3226 seniores
2644 3190 2869 3227 asserens
2899 3174 3073 3226 divina
3103 3174 3409 3227 intellexisse
3439 3192 3587 3228 man-

2013 3246 2153 3303 data,
2194 3251 2240 3295 et
2272 3243 2385 3296 ideo
2410 3258 2558 3312 super
2581 3246 2682 3295 mel
2709 3253 2754 3296 et
2780 3244 2949 3310 favum
2975 3246 3049 3296 ori
3078 3261 3168 3297 suo
3193 3242 3579 3312 Scripturarum

2014 3312 2303 3383 diuitiarum
2343 3322 2552 3365 testatur
2580 3314 2863 3383 provenisse
2892 3314 3230 3367 dulcedinem.
3279 3314 3431 3379 Quod
3469 3330 3589 3383 ergo

2015 3379 2151 3433 Mem
2206 3379 2590 3451 interpretatur,
2643 3399 2703 3435 ex
2752 3400 2893 3449 quo,
2933 3384 3028 3452 hoc
3077 3394 3177 3448 est,
3226 3384 3313 3452 qui
3362 3379 3586 3436 dit-itur:

2020 3468 2038 3501 s
2081 3453 2532 3524 Quomododilexi
2561 3453 2717 3524 legem
2747 3462 2908 3513 tuoin,
2946 3451 3162 3505 Domine
3183 3455 3203 3504 .'
3232 3451 3249 3503 ι
3282 3455 3580 3505 et'iterum:

2019 3538 2037 3570 ι
2080 3520 2247 3590 Quam
2276 3522 2447 3573 dulcia
2479 3520 2704 3589 faucibus
2731 3525 2853 3575 meis
2882 3524 3078 3590 eloquia
3109 3536 3194 3574 tua
3216 3524 3235 3574 Ι
3269 3542 3286 3571 ι
3318 3524 3369 3574 id
3399 3533 3493 3584 est,
3523 3538 3588 3573 ex

2012 3607 2109 3659 quo
2143 3588 2328 3654 aﬂectu
2364 3593 2643 3644 dulcedinis
2680 3604 2724 3643 et
2756 3588 2985 3660 amoris,
3016 3602 3069 3644 ut
3107 3594 3353 3660 signi/iret
3401 3609 3462 3644 ex
3502 3594 3585 3644 in-

2015 3658 2164 3723 timo;
2210 3662 2292 3725 qui
2338 3676 2454 3712 vero
2492 3662 2591 3713 diri
2616 3677 2676 3714 ui“
2705 3675 2768 3715 ex
2808 3663 2928 3727 ipsis
2967 3658 3168 3713 Domini
3212 3665 3462 3713 mandatis
3492 3677 3581 3714 eo-

2012 3734 2245 3782 ramdein
2273 3732 2650 3799 conrip-endum
2679 3746 2919 3797 umorem,
2951 3733 3084 3786 unde
3111 3732 3269 3785 dicit:
3308 3749 3327 3782 ι
3363 3732 3403 3784 Α
3435 3747 3583 3784 nian-

2015 3801 2148 3853 datis
2180 3801 2278 3851 tuis
2306 3801 2560 3854 intellexi.
2600 3819 2619 3853 ι
2654 3802 2770 3855 Etc.

2595 3907 3019 3947 CI'NHENTABIUS.

2092 3960 2355 4024 Quomodo
2391 3961 2576 4015 dilexi.
2608 3962 2767 4028 Quasi
2798 3964 2943 4015 dicat
2974 3980 2987 4015 :
3029 3962 3168 4017 Vere
3199 3963 3423 4016 intellexi
3451 3964 3590 4017 testi-

2016 4032 2186 4102 monia
2209 4039 2327 4102 tua,
2364 4046 2484 4084 nam
2520 4033 2755 4085 intellexi
2789 4032 2958 4102 legem
2990 4044 3151 4096 tuam,
3200 4033 3250 4086 id
3280 4044 3382 4095 est,
3415 4034 3583 4102 legem

2016 4101 2157 4156 fidei.
2192 4099 2504 4166 Quomodo?
2531 4103 2584 4154 ld
2612 4113 2713 4168 est,
2744 4116 2811 4155 eo
2836 4099 3013 4167 modo,
3047 4117 3150 4170 quo
3179 4104 3442 4170 diligenda
3471 4099 3584 4158 cst.

2025 4171 2090 4223 Et
2119 4173 2237 4236 quis
2263 4173 2328 4223 sit
2359 4172 2549 4225 modus
2577 4172 2953 4240 ille,vexponit,
2983 4174 3164 4227 dicens
3200 4191 3212 4224 :
3243 4172 3375 4226 Toto
3404 4174 3486 4225 die
3508 4181 3585 4225 est

2015 4240 2275 4293 meditatio
2303 4255 2436 4306 mea,
2488 4242 2536 4295 id
2586 4252 2691 4308 est,
2734 4242 2853 4297 sine
2903 4243 3319 4307 internissioue,
3360 4257 3425 4295 ex
3473 4253 3584 4296 toto

2014 4310 2195 4374 corde,
2227 4319 2282 4363 et
2309 4327 2372 4363 ex
2416 4311 2662 4365 omnibus
2713 4312 2931 4375 viribus,
2981 4313 3210 4365 meditor
3263 4312 3313 4364 in
3362 4327 3447 4377 ea,
3477 4327 3583 4367 non

2016 4383 2083 4431 ad
2125 4381 2421 4444 sciendum,
2463 4383 2555 4434 sed
2595 4381 2660 4433 ad
2704 4379 3037 4447 faciendum;
3081 4384 3158 4436 sic
3202 4381 3465 4448 diligenda
3504 4393 3586 4435 est

458 4434 809 4511 dilectionem
833 4434 1122 4520 veperatur,
1146 4462 1199 4505 et
1225 4434 1317 4517 per
1346 4434 1504 4518 quam
1525 4434 1770 4520 graiiam,
1795 4434 1913 4521 quae
1948 4434 1992 4489 ο
2021 4450 2101 4521 lett
2128 4450 2349 4521 Domini
2380 4434 2529 4504 [inde
2554 4449 2674 4503 alibi
2703 4468 2715 4502 :
2740 4448 2805 4503 In
2828 4451 2955 4518 lege,
2981 4434 3170 4519 inquit,
3194 4434 3429 4504 solitum:
3454 4434 3582 4520 ejus,

350 4530 513 4581 fortes
561 4526 687 4578 facit
733 4526 786 4577 in
836 4527 1083 4591 passione
1132 4522 1432 4591 temporali,
1482 4536 1550 4575 ne
1598 4530 1819 4590 pereant
1862 4525 1913 4576 in

347 4598 644 4650 humilitate
677 4594 907 4647 mortali.

418 4665 484 4719 In
523 4674 766 4719 teternum
807 4680 907 4715 non
938 4662 1221 4716 obliviscar.
1272 4661 1429 4725 Quasi
1458 4660 1597 4713 dicat
1628 4676 1644 4714 :
1672 4661 1920 4729 Quando-

349 4737 558 4803 quidem
605 4735 688 4787 lex
720 4744 826 4795 tua,
858 4749 923 4785 ne
960 4734 1207 4799 perirem,
1238 4732 1462 4797 adjuvit,
1491 4746 1617 4798 ergo
1651 4748 1760 4803 non
1793 4732 1920 4785 obli-

347 4800 915 4872 v'iscarjustiﬁcationes
959 4814 1095 4865 tuas,
1132 4803 1180 4854 id
1217 4812 1317 4863 est,
1343 4812 1609 4872 praecepta
1650 4800 1780 4870 legis
1816 4811 1919 4872 tua:

343 4871 717 4942 justilicaiitia,
767 4884 821 4925 et
868 4875 1060 4939 repetit
1109 4871 1526 4942 aequipnlleuter
1554 4884 1790 4942 causam,
1835 4871 1918 4924 di-

350 4939 479 4998 cens
504 4961 515 4994 :
545 4943 678 5005 Quia
709 4942 969 5009 viviﬁrasti
999 4956 1076 4993 me
1103 4941 1156 4993 in
1185 4940 1331 5007 ipsis,
1362 4956 1427 4993 ne
1456 4939 1662 4992 scilicit
1692 4942 1917 5007 perirent

353 5016 407 5069 in
437 5013 735 5066 humilitate
764 5012 993 5065 mortali.

418 5083 558 5137 Tuus
573 5099 701 5134 sum.
719 5081 877 5145 Quasi
905 5082 1047 5133 dicat
1066 5097 1078 5132 :
1100 5077 1514 5145 Quia,quantum
1534 5078 1584 5131 in
1604 5087 1797 5143 meest,
1820 5095 1919 5131 non

345 5154 614 5208 obliviscar
627 5150 1018 5222 justiﬁc'itiones
1040 5159 1174 5217 tuas,
1199 5164 1348 5222 ergo,
1376 5148 1827 5222 Domine,sal_vt_tm
1843 5164 1920 5202 me

348 5230 453 5294 fac,
488 5224 537 5278 id
569 5218 669 5285 esi,
706 5218 788 5273 fac
821 5234 903 5272 me
937 5234 1284 5294 pt-rseverare
1313 5218 1365 5271 iii
1394 5219 1546 5285 ipsis,
1578 5218 1717 5294 quod
1746 5218 1920 5273 facere

346 5287 530 5355 debes,
564 5293 683 5359 quia
717 5300 832 5343 tuus
862 5304 995 5342 sum.
1029 5288 1174 5343 Meus
1200 5289 1342 5341 enim
1372 5302 1492 5340 esse
1521 5287 1681 5359 volui,
1712 5295 1771 5340 et
1797 5303 1917 5356 per-

348 5365 526 5419 didisti
560 5357 675 5425 me;
722 5375 860 5413 nunc
888 5369 1064 5412 autem
1099 5361 1267 5411 factus
1298 5374 1411 5410 sum
1440 5363 1576 5418 tuus,
1611 5357 1659 5409 id
1687 5367 1788 5422 est,
1822 5374 1917 5410 vo-

350 5435 603 5489 luntatem
636 5443 774 5485 tuam
808 5429 1076 5491 insistens,
1104 5442 1276 5482 meam
1310 5436 1655 5495 postponens,
1690 5443 1920 5493 quapro-

351 5515 466 5570 pter
491 5503 654 5557 debes
684 5517 767 5554 me
793 5500 1019 5570 salvare.
1056 5500 1120 5551 Et
1147 5514 1269 5570 itere
1297 5507 1411 5570 tuus
1432 5512 1565 5570 sum,
1599 5499 1719 5570 quia
1747 5499 1922 5565 “qui-

349 5567 461 5638 sivi,
513 5586 616 5624 non
646 5573 709 5623 ad
742 5569 1039 5631 sciendum,
1074 5569 1166 5622 sed
1197 5568 1263 5621 ad
1306 5567 1631 5630 faciendum,
1655 5569 1922 5637 justiﬁca-

350 5644 512 5694 tiones
546 5651 677 5701 tuas,
713 5639 1082 5707 postponendo
1111 5652 1274 5692 meas.

421 5709 508 5765 Jle
534 5717 963 5775 exspectaverunt.
1000 5707 1132 5764 Vere
1158 5707 1555 5778 justiﬁcationes
1595 5715 1708 5761 tuas
1736 5707 1917 5777 exqui-

2020 4532 2063 4571 et
2085 4520 2136 4570 in
2159 4520 2265 4589 lege
2292 4520 2400 4588 ejus
2429 4521 2745 4573 meditabitur
2774 4522 2853 4572 die
2877 4536 2936 4571 ac
2957 4534 3119 4574 nocte.

2092 4589 2260 4657 Super
2282 4590 2509 4643 inimicas
2532 4606 2687 4645 meos.
2714 4592 2871 4654 Quasi
2902 4591 3040 4643 dicat
3066 4608 3076 4642 2
3104 4590 3308 4655 Merito,
3339 4589 3581 4654 Domine,

2022 4658 2178 4712 dilexi
2202 4659 2359 4727 legem
2390 4671 2560 4727 luant,
2583 4662 2699 4727 quia
2730 4670 2782 4713 tu
2813 4662 2976 4727 fecisti
3003 4663 3243 4712 mandato
3265 4669 3370 4719 tuo.
3400 4660 3451 4713 id
3480 4670 3580 4723 est,

2024 4746 2115 4793 per
2145 4730 2312 4796 legem
2343 4738 2485 4781 tuam
2519 4745 2596 4782 me
2638 4732 2933 4796 prudentem
2974 4746 3124 4798 super
3164 4730 3398 4782 inimicos
3421 4745 3582 4783 meos.

2021 4804 2220 4852 Unities
2251 4800 2537 4853 carnaliter
2586 4801 2750 4867 legem
2804 4799 3159 4868 intelligentes
3213 4800 3409 4852 inimici
3461 4810 3584 4852 sunt

2021 4882 2203 4922 eorum
2237 4870 2323 4932 qui
2352 4869 2695 4937 spiritualiter
2739 4884 2854 4922 eam
2896 4870 3367 4939 intelliguntuquia
3407 4869 3585 4921 volen-

2022 4947 2093 4990 tes
2127 4939 2382 5005 justitiam
2423 4954 2567 4991 suam
2608 4949 2843 5001 statuere,
2887 4951 2934 4991 et
2967 4936 3183 5009 justitia!
3213 4936 3438 5009 Deinon
3478 4954 3584 4991 esse

2020 5009 2227 5071 subditi,
2253 5016 2435 5075 putant
2456 5025 2519 5061 ex
2544 5009 2740 5075 iustitia
2774 5008 3030 5062 laetorum
3060 5024 3117 5063 se
3142 5008 3353 5071 salvari,
3378 5017 3430 5059 et
3460 5010 3582 5061 ideo

2031 5078 2369 5131 iuimicaulur
2414 5078 2518 5130 illis
2558 5083 2642 5145 qui
2698 5080 2855 5131 nullis
2884 5079 3110 5142 meritis,
3140 5080 3230 5129 sed
3272 5078 3371 5131 soli
3398 5082 3583 5144 gratia:

2026 5147 2371 5201 salvationem
2418 5148 2730 5213 attribuunt,
2775 5148 2827 5201 id
2874 5158 2977 5211 est,
3020 5148 3364 5214 spiritualiter
3412 5152 3582 5216 legem

2023 5217 2460 5285 intelligentibus.
2509 5218 2763 5286 Quocirca
2804 5218 3148 5286 spiiitiialiter
3179 5218 3279 5271 iste
3309 5218 3473 5283 legem
3504 5218 3586 5269 in-

2024 5288 2297 5355 telligens,
2345 5286 2474 5339 dicit
2522 5303 2535 5339 :
2582 5285 2768 5340 Fecisti
2815 5285 2893 5340 me
2941 5302 3035 5356 per
3085 5289 3389 5339 mandatum
3439 5296 3584 5339 tuum

2022 5362 2317 5423 prudentem
2347 5373 2499 5421 super
2537 5357 2765 5410 inimicos
2805 5355 2952 5410 meos
2982 5373 2997 5409 ε
3041 5359 3163 5425 quia
3195 5371 3293 5424 ego
3322 5355 3581 5423 intelleXi,

2021 5427 2159 5494 quod
2194 5442 2298 5481 non
2332 5434 2613 5493 potuerunt
2663 5426 2983 5494 intelligere,
3031 5428 3234 5482 scilicet
3264 5426 3475 5479 nomine
3504 5426 3583 5478 fa-

2021 5508 2225 5549 ctorum
2267 5511 2359 5563 per
2400 5496 2569 5564 legem
2612 5510 2767 5563 posse
2807 5496 3119 5564 justiticari,
3167 5497 3260 5551 sed
3292 5511 3385 5564 per
3412 5498 3579 5549 solani

2023 5565 2188 5633 legi-tn
2221 5567 2361 5627 tidei,
2392 5566 2491 5618 hoc
2518 5576 2622 5624 est,
2652 5567 2789 5633 quod
2820 5567 3103 5632 Apostolus
3132 5566 3206 5621 ait
3233 5584 3247 5619 :
3272 5566 3453 5620 Gentes
3474 5580 3587 5634 quae

2022 5652 2125 5688 non
2149 5639 2465 5689 sectabantur
2484 5634 2760 5703 justitiam,
2783 5638 3221 5706 apprehenderunt
3245 5653 3355 5689 eam
3381 5656 3393 5690 :
3424 5635 3585 5690 Israel

2021 5721 2139 5758 vero
2160 5706 2396 5760 sectanda
2425 5707 2605 5775 legem,
2635 5721 2734 5759 non
2765 5707 2951 5760 inuenit
2982 5708 3141 5779 legem
3172 5709 3312 5777 ﬁdei,
3339 5708 3461 5776 quia
3485 5723 3583 5761 non
