4026 6200
470 410 605 463 1075

1166 403 1231 462 ΙΝ
1273 404 1691 461 PSALMORUM
1732 404 1987 460 LIBRUM
2030 401 2384 458 EXEGESIS.
2428 431 2497 442 —
2537 399 2773 455 PSALM.
2817 397 3041 453 CXVIII.

464 546 525 581 ex
554 531 679 594 ﬁde,
726 528 813 583 sed
840 530 987 597 quasi
1034 545 1095 582 ex
1126 528 1358 595 operibus
1405 542 1423 580 :
1456 526 1777 593 offenderunt
1805 525 1939 579 enim
1979 521 2029 572 in
2062 520 2107 573 A

464 602 684 666 lapidem
709 598 1024 663 offensionis.
1059 598 1333 659 Sequitur:

543 671 673 733 Quia
704 671 753 721 in
782 682 1029 722 (utentum
1061 669 1184 721 mihi
1213 678 1306 720 est.
1334 669 1494 731 Quasi
1524 665 1663 717 dicat
1695 683 1703 713 :
1732 666 1858 718 Ideo
1889 665 2029 723 dico,

471 742 612 806 quod
658 744 972 806 prudentem
1023 755 1110 793 me
1155 739 1344 792 Ieccris
1387 751 1549 800 super
1597 736 1860 797 inimicos,
1911 736 2035 797 quia

468 812 777 863 mandatum
811 819 984 871 tuum,
1014 809 1154 878 quod
1187 818 1268 861 est
1299 809 1405 861 illis
1434 807 1582 871 quasi
1617 806 1667 859 in
1689 815 1934 878 tempus,
1962 814 2035 859 est

468 882 593 933 mihi
625 882 675 933 in
706 892 967 945 a'ternum,
996 875 1146 943 quasi
1178 878 1316 931 chat
1341 897 1352 930 :
1378 880 1507 942 Quia
1552 892 1651 946 ego
1688 875 1808 929 inde
1839 892 2034 944 exspe-

463 962 552 1004 cto
576 963 800 1015 aeterna,
832 951 927 1017 ipsi
961 967 1087 1003 vero
1116 948 1450 1017 temporalia.

537 1021 709 1085 Super
736 1015 908 1075 omnes
933 1022 1183 1073 docenlcs.
1224 1019 1387 1080 Dixit,
1424 1015 1612 1072 Fecisti
1635 1033 1713 1069 me
1736 1016 2036 1080 prudentem

465 1109 615 1160 super
662 1093 916 1152 inimicos,
949 1101 1002 1144 et
1030 1091 1181 1155 quasi
1215 1089 1355 1141 dicat
1379 1107 1390 1140 :
1410 1105 1524 1141 non
1553 1102 1726 1160 super
1756 1101 2031 1160 quoscun-

463 1158 567 1228 que
596 1161 859 1225 inimicos,
889 1162 981 1214 sed
1014 1160 1172 1214 etiam
1203 1174 1363 1223 super
1405 1158 1701 1224 praxcipuos
1728 1174 1740 1209 :
1777 1159 1901 1228 quia
1935 1170 2034 1228 ego

466 1226 693 1285 intellexi
724 1248 880 1296 super
910 1248 1081 1284 omnes
1111 1232 1344 1282 docentes
1375 1245 1472 1294 me,
1507 1230 1555 1281 id
1585 1238 1688 1291 est,
1734 1226 1925 1280 melius
1957 1226 2035 1278 in-

465 1304 639 1355 tellexi
691 1318 848 1370 quam
900 1314 1088 1353 omnes
1136 1299 1326 1353 scriba».
1384 1308 1440 1353 et
1482 1298 1752 1363 pltarismi,
1800 1299 1888 1365 qui
1948 1310 2035 1370 me

468 1367 722 1425 Volebani
771 1374 986 1434 docere,
1018 1378 1073 1425 et
1116 1386 1174 1424 se.
1216 1370 1358 1424 solos
1399 1370 1631 1437 perfecte
1679 1371 1847 1436 legem
1896 1367 2037 1421 scire

470 1445 805 1505 reputabant.
840 1442 1044 1507 Quibus
1072 1444 1123 1494 in
1156 1441 1437 1507 Evangelia
1467 1441 1662 1493 dicitur
1695 1457 1708 1491 :
1752 1438 1841 1492 Va:
1874 1439 2032 1500 vobis,

461 1513 549 1580 qui
576 1512 769 1568 habetis
793 1514 956 1565 claves
985 1512 1270 1578 sapientiae,
1306 1526 1397 1564 nec
1427 1528 1511 1564 vos
1538 1511 1760 1569 intraIis,
1791 1526 1882 1563 nec
1905 1510 2035 1562 alios

462 1585 657 1636 intrare
706 1584 1016 1650 permittitis.
1055 1583 1117 1634 Et
1144 1596 1264 1634 vere
1292 1596 1452 1646 super
1482 1596 1574 1634 eos
1606 1581 1870 1639 intellexi.
1905 1580 2028 1647 quia

462 1668 582 1705 cum
635 1654 887 1718 cogitatio
926 1668 1109 1706 eorum
1142 1653 1210 1704 sit
1241 1660 1448 1705 terrena
1485 1653 1713 1715 vanitas,
1748 1652 2034 1702 testimonia

462 1732 571 1785 tua,
597 1724 645 1775 i-l
672 1732 776 1785 est,
806 1733 1069 1791 praecepta
1102 1732 1209 1783 tua,
1232 1738 1400 1789 usque
1425 1723 1488 1773 ad
1516 1721 1790 1789 sanguinis
1817 1719 2033 1774 ell'usioo

463 1807 583 1847 nem
611 1795 875 1860 testando,
906 1806 1022 1846 sunt
1056 1793 1317 1844 meditatio
1348 1809 1478 1845 utea.

534 1864 703 1926 Super
727 1881 871 1917 senes
901 1862 1147 1916 intellexi.
1182 1863 1343 1925 Dixit,
1390 1879 1542 1931 super
1584 1877 1757 1915 omnes
1796 1862 2034 1915 docentes

461 1934 817 1994 meintlllexi,
868 1944 921 1987 et
966 1934 1159 1998 repetit
1207 1934 1333 1984 illud
1384 1932 1790 2000 :eqnipollenter
1822 1940 2037 1999 propter

460 2004 623 2056 aliam
652 2020 889 2068 causam,
921 2019 1075 2059 unam
1108 2002 1309 2065 sulnlit,
1353 2002 1537 2055 dicens
1564 2020 1575 2054 :
1610 2001 1851 2055 Intellexi
1885 2018 2037 2069 super

460 2089 625 2137 senes,
673 2077 721 2127 id
760 2085 865 2135 est,
919 2089 1078 2139 super
1130 2073 1250 2125 illos
1303 2088 1564 2131 morosos.
1625 2073 1868 2125 volentes
1916 2085 2038 2127 esse

456 2142 733 2207 doctores,
760 2147 846 2213 qui
873 2153 1168 2197 tantumtno
1188 2145 1237 2193 lo
1266 2143 1581 2211 phylacteria
1602 2159 1697 2194 sua
1722 2142 2034 2213 dilatabant,

458 2225 509 2266 et
552 2212 789 2281 ﬁmbrias
830 2214 1252 2284 magniﬁcabant,
1292 2213 1458 2279 legem
1488 2214 1741 2284 scriptam
1772 2213 1821 2264 in
1858 2212 2037 2267 fronte

463 2284 717 2349 terentes,
746 2287 835 2353 qui
867 2282 931 2336 in'
951 2282 1111 2337 corde
1138 2293 1290 2337 erant
1322 2283 1796 2347 prtevaricatures;
1826 2292 1881 2336 et
1906 2297 2035 2337 vere

460 2365 624 2421 Super
653 2356 769 2406 illos
801 2355 1058 2417 intellexi,
1108 2355 1230 2422 quia
1274 2368 1372 2415 ego
1416 2355 1622 2419 qutrsivi
1652 2355 1898 2406 mandata
1924 2361 2031 2413 tua.

462 2438 567 2493 non
599 2425 663 2476 ad
696 2427 996 2487 sciendum,
1034 2424 1126 2479 sed
1172 2425 1237 2477 ad
1285 2424 1604 2488 iaciendum,
1646 2424 1787 2493 quod
1819 2424 1893 2477 illi
1928 2438 2033 2478 non

460 2492 718 2547 fecerunt.

536 2563 769 2636 Abomui
814 2566 896 2623 ria
944 2564 1103 2618 mala.
1154 2567 1291 2620 Vere
1338 2567 1554 2635 qtuesivi
1604 2566 1870 2636 mandata,
1911 2565 2031 2636 quia

462 2633 695 2697 prohibui
731 2650 833 2689 n0n
865 2636 1035 2689 solum
1069 2652 1276 2694 manus,
1325 2633 1417 2691 sed
1450 2640 1609 2691 etiam
1649 2639 1817 2700 pedes,
1849 2635 1900 2689 id
1928 2633 2028 2698 est,

461 2703 770 2760 aﬂ‘ectiones
799 2720 966 2766 meas,
1002 2708 1064 2759 ab
1102 2708 1239 2760 omni
1268 2708 1348 2759 via
1386 2709 1543 2771 mala,
1579 2706 1628 2758 id
1660 2714 1761 2766 est,
1791 2707 1860 2757 ab
1885 2706 2031 2761 οιηηί

462 2787 624 2845 opere
654 2777 813 2829 malo.
847 2776 913 2829 Et
946 2777 1064 2829 ideo
1113 2793 1216 2828 non
1260 2778 1430 2829 solum
1485 2775 1732 2845 prohibui
1780 2790 2023 2838 manum.

460 2842 555 2894 sed
603 2845 859 2909 animam,
905 2855 961 2899 ut
1008 2848 1289 2901 custodiam
1334 2842 1504 2913 verba,
1546 2846 1596 2900 id
1625 2854 1727 2909 est,
1762 2856 2028 2912 praecepta

462 2925 572 2971 tua,
597 2928 716 2982 quae
746 2926 869 2968 sunt
900 2928 1081 2971 sancte
1108 2917 1477 2971 custodienda.

535 2986 812 3054 Arjudiciis
844 2990 958 3039 tuis.
996 2988 1154 3047 Dixit,
1194 2986 1438 3041 Prohibui
1462 2989 1611 3054 pedes
1641 3002 1777 3039 meos
1803 3002 1821 3040 .'
1849 2998 1901 3042 et
1929 2990 2031 3043 hoc

466 3053 623 3128 modo
651 3055 1013 3128 (unasidicat)
1045 3058 1307 3128 prohibui,
1340 3053 1587 3120 quianon
1616 3057 1916 3128 declinavia
1938 3061 2029 3128 jn-

464 3124 613 3195 diciis
643 3126 764 3195 tuis,
801 3126 848 3177 id
877 3136 977 3191 est,
1008 3127 1073 3179 ab
1095 3126 1347 3195 operibus
1376 3127 1498 3187 illis,
1532 3142 1649 3195 quas
1678 3126 1881 3193 indicas
1908 3124 2027 3181 esse

467 3193 727 3247 facienda.
764 3196 821 3249 Et
876 3197 1064 3251 merito
1113 3193 1231 3258 hoc,
1259 3199 1379 3262 quia
1426 3206 1479 3249 tu
1527 3193 1615 3259 qui
1665 3196 1790 3249 nihil
1842 3198 2027 3252 inutile

467 3264 730 3332 praecipis.
766 3266 894 3319 nihil
923 3267 1058 3329 quod
1092 3268 1181 3321 tibi
1213 3269 1475 3321 conducat
1503 3269 1567 3321 ad
1604 3269 1763 3321 vitam
1793 3270 1980 3321 statuis
2009 3285 2021 3320 :

467 3335 823 3405 posuistimilti
852 3338 1029 3403 legem,
1078 3354 1181 3389 non
1227 3354 1257 3405 q
1300 3354 1383 3391 am
1429 3342 1677 3392 timebam
1721 3346 1773 3389 ut
1815 3353 2024 3401 servus,

467 3404 560 3455 sed
591 3421 748 3469 quam
779 3406 1062 3469 diligebam
1089 3416 1144 3458 ttt
1172 3404 1328 3460 ﬁlius.

538 3472 703 3549 Qttam
744 3478 913 3528 dulcia
943 3478 1173 3543 faucibus
1205 3480 1346 3549 uicis,
1378 3480 1525 3549 quasi
1556 3479 1697 3531 dicat
1724 3496 1737 3530 :
1770 3478 2025 3549 Quando-

462 3543 676 3608 quidem
709 3555 760 3599 tu
783 3549 996 3614 posuisti
1043 3549 1167 3600 mihi
1206 3543 1409 3615 legent:
1432 3564 1559 3617 ergo
1588 3543 1813 3609 eloquia,
1842 3548 1892 3600 id
1923 3559 2024 3609 est,

467 3625 725 3687 praecepta
774 3627 859 3669 tua
901 3627 1023 3669 sunt
1068 3618 1421 3687 dulcia:quia
1470 3628 1593 3671 sunt
1631 3618 1709 3669 ori
1739 3634 1848 3670 meo
1878 3635 2029 3685 super

464 3684 563 3735 mel
583 3694 635 3737 et
666 3684 861 3746 favum,
887 3688 937 3739 itl
965 3697 1066 3747 est,
1092 3684 1331 3741 dulciora
1364 3700 1488 3741 sunt
1519 3690 1645 3741 tnihi
1676 3690 1819 3739 onmi
1852 3688 2029 3744 dulce-

461 3752 583 3825 dine
612 3762 843 3825 terrena,
874 3757 954 3809 vel
985 3759 1158 3811 aliter.
1210 3757 1312 3812 Per
1362 3759 1465 3813 mel
1520 3758 1810 3825 eliquatum
1843 3768 2027 3818 patens

461 3821 704 3897 doctrina
732 3828 1029 3897 sapientia:
1074 3829 1404 3897 intelligitur,
1454 3844 1547 3894 per
1578 3821 1752 3880 favum
1782 3842 1907 3881 vero
1936 3843 2027 3883 0c-

460 3893 601 3945 culta
632 3894 891 3960 sapientia
924 3898 1201 3959 doctrinae,
1230 3893 1348 3964 qua
1392 3893 1902 3951 tn'abstrusioribus
1942 3914 2027 3950 sa-

461 3966 937 4036 cramentis,sicut
967 3969 1069 4021 tnel
1102 3968 1153 4020 in
1187 3966 1327 4031 lavo,
1357 3969 1645 4022 clauditur.
1682 3969 1745 4021 Et
1774 3966 1925 4036 quasi
1958 3967 2028 4022 de

468 4033 656 4107 terreis
680 4035 837 4107 cellis
877 4052 970 4091 ore
996 4037 1287 4091 dilicrentis
1316 4049 1568 4107 tanquam
1599 4052 1694 4091 ore
1724 4033 2027 4092 mandentis

461 4104 785 4170 exprimitur
812 4123 823 4158 ;
855 4115 909 4159 et
941 4108 1041 4160 hoc
1063 4107 1246 4162 dicere
1280 4104 1485 4176 eloquia
1528 4118 1635 4172 tua,
1671 4108 1722 4161 id
1751 4118 1853 4169 est,
1888 4123 2024 4177 pra:-

460 4182 635 4245 cepta,
686 4190 804 4241 quae
835 4184 889 4229 ttt
920 4178 1219 4243 Specialiter
1261 4194 1354 4243 per
1394 4178 1617 4245 teipsunt
1658 4177 1870 4239 dedisti,
1904 4187 2029 4232 sunt

460 4242 540 4294 ori
576 4258 685 4296 meo
724 4261 877 4310 super
913 4242 1014 4300 mel
1052 4258 1105 4301 et
1148 4242 1345 4312 favum,
1388 4248 1437 4300 id
1468 4242 1571 4312 est,
1600 4257 1725 4301 sunt
1751 4249 1879 4300 mihi
1907 4249 2027 4301 dul-

459 4312 600 4389 ciora
632 4317 787 4389 omni
831 4317 1069 4369 doctrina
1114 4319 1388 4383 sapientia:
1413 4320 1782 4389 perductores
1811 4318 2023 4384 ctlocta,

457 4382 570 4432 sive
601 4382 670 4435 sit
698 4396 905 4451 patens,
940 4389 1053 4441 sive
1084 4382 1373 4449 occultans,
1410 4382 1536 4440 inihi
1569 4387 1762 4441 dulcia.

528 4452 591 4527 A_
624 4456 878 4527 mandatis
909 4460 1031 4512 tuis.
1063 4460 1222 4523 Quasi
1253 4458 1395 4509 dicat
1424 4475 1435 4509 :
1470 4458 1656 4511 Melita
1692 4473 1783 4522 per
1814 4457 2023 4527 eloquia

458 4528 548 4594 tua
579 4522 905 4581 intellectum
958 4522 1136 4589 habui,
1180 4530 1300 4594 quia
1326 4542 1424 4593 ego
1455 4530 1681 4581 in'elleai
1710 4545 1741 4579 a
1770 4522 2025 4581 mandatis

456 4592 559 4643 tuis
586 4607 604 4644 :
634 4594 734 4647 boc
773 4606 876 4666 est.
930 4614 1111 4650 verum
1161 4592 1226 4652 tle
1269 4592 1530 4650 mandatis
1557 4600 1678 4661 tuis,
1709 4599 1831 4666 quia
1857 4598 2021 4652 didici

456 4676 519 4713 ca
550 4677 654 4733 non
683 4665 947 4719 audiendo
991 4677 1217 4731 tantum,
1270 4668 1407 4720 sicut
1453 4669 1641 4721 scriba:
1668 4665 2026 4733 etpltarisaei,

455 4733 551 4805 sed
585 4732 843 4805 faciendo.
884 4737 1173 4790 l‘ezl'ectius
1218 4739 1359 4791 enim
1407 4738 1508 4791 scit
1553 4739 1641 4791 ille
1672 4732 1803 4801 rem,
1831 4738 1922 4805 qui
1952 4739 2033 4791 di-

460 4801 564 4854 scit
595 4803 859 4877 l’aciendo.
898 4808 960 4860 Et
989 4810 1107 4876 quia
1142 4808 1275 4861 adeo
1303 4809 1474 4862 dulcia
1507 4818 1633 4860 sunt
1662 4807 1790 4859 mihi
1818 4801 2028 4877 eloquia

460 4880 571 4944 "1";
595 4874 733 4938 quod
765 4874 1167 4943 aequipolleuter
1198 4879 1376 4933 dicere
1403 4889 1514 4940 est;
1549 4878 1671 4944 quia
1700 4877 1837 4929 viam
1867 4874 2035 4944 atqui-

458 4940 584 5017 [alis
614 4944 799 5017 dilesi,
833 4940 1110 5016 prapterea
1152 4965 1349 5001 omnem
1379 4950 1511 5000 vium
1540 4940 1828 5017 iniquitatis
1874 4940 2029 5000 adici.

459 5008 628 5087 gemo
656 5014 797 5087 enim
832 5008 1061 5083 perfecte
1088 5019 1256 5086 dil-git
1283 5019 1609 5086 :cquitatem,
1632 5008 1730 5087 'qni
1764 5033 1872 5071 non
1907 5032 2029 5085 per-

457 5080 597 5136 fecte
626 5083 737 5136 odit
766 5080 1118 5156 iniquitatem.

770 5195 908 5261 Non,
940 5199 1356 5265 sempiternum,
1392 5199 1505 5254 sive
1536 5200 1721 5269 piscis.

1074 5303 1423 5343 εκῐιιΑΝΑτιο.

529 5353 610 5404 Ad
637 5365 871 5420 quartam
896 5355 1141 5427 decimam
1172 5359 1392 5410 litteram
1417 5358 1596 5412 cohors
1621 5359 1763 5413 beata
1788 5366 2033 5427 pervenit,

453 5421 510 5473 in
535 5438 634 5491 qua
664 5427 873 5491 pedibus
900 5428 1004 5479 suis
1030 5426 1285 5481 Dominici
1312 5429 1445 5480 verbi
1472 5432 1639 5481 lumen
1673 5421 1883 5483 radiare
1909 5421 2032 5486 con;

456 5494 667 5569 gaudet,
716 5499 938 5548 animum
987 5513 1133 5549 suam
1164 5498 1473 5569 humillima
1521 5502 1869 5569 satisfactione
1896 5519 2033 5555 com—

456 5564 996 5640 mendans,_cxpetens
1028 5568 1383 5640 retributiones
1426 5564 1946 5640 Dontini'perpetuas.
1985 5584 2035 5628 et

459 5633 520 5681 ob
549 5650 675 5709 quas
707 5636 1025 5709 litteruhtec
1065 5639 1360 5705 sempiterni
1405 5655 1589 5693 nomen
1612 5633 1820 5709 accepit.
1868 5640 2033 5696 Porro

458 5705 665 5779 quodet
698 5706 848 5774 piscis
882 5708 1261 5779 interpretatur,
1317 5709 1531 5761 ostendit
1562 5726 1697 5775 cum,
1730 5705 1823 5779 qui
1858 5716 2033 5767 surculi

460 5774 700 5847 [luctibus
729 5779 940 5836 obsitus,
974 5774 1141 5830 lumen
1171 5780 1301 5847 verbi
1339 5780 1568 5847 requirit,
1599 5774 1773 5837 dicens
1798 5797 1816 5836 :
1847 5782 2032 5837 [lumi-

463 5842 618 5895 liatus
644 5860 754 5896 sunt
790 5862 1160 5917 usquequaque,
1198 5842 1435 5918 Domine,
1466 5857 1569 5904 etc.

2070 1871 2113 1931 B

3592 397 3761 450 ltlTl‘

2714 523 3138 566 CQMMENTARIUS.

2212 584 2444 637 Lucerna
2484 583 2695 652 pedibus
2728 588 2869 652 meis.
2901 578 3227 652 Quasi‘dicat
3254 596 3266 629 :
3292 576 3475 652 Merito
3498 576 3705 652 eloquia

2137 663 2223 707 tua
2254 664 2376 705 sunt
2407 647 2615 707 lucerna
2644 651 2855 718 pedibus
2890 649 3033 707 meis,
3070 648 3118 700 id
3151 660 3255 709 cSI,
3281 648 3537 718 cperilnts
3557 647 3712 700 meis.
3740 708 3745 717 ,

2144 723 2209 775 Et
2242 735 2366 777 sunt
2393 726 2559 776 lumen
2591 716 2783 775 semitis
2815 722 2956 782 meis,
3000 720 3049 772 id
3088 727 3191 783 est,
3238 716 3551 769 illuminatio
3592 730 3717 769 sunt

2136 795 2201 847 ad
2227 793 2317 846 illa
2342 796 2593 855 arctiora,
2623 808 2742 861 qnte
2772 802 2895 845 sunt
2925 790 3052 861 mihi
3086 787 3398 861 insistenda.
3432 785 3562 838 Nota
3589 802 3716 861 vero

2137 864 2276 928 quod
2308 863 2439 916 dicit
2472 882 2482 915 :
2521 859 2751 915 Lucerna
2793 870 2915 915 sunt
2944 870 2987 913 et
3019 860 3189 912 lumen
3220 874 3238 912 :
3271 859 3487 928 lucerna
3518 859 3659 910 enim
3690 876 3717 909 a

2138 927 2339 987 lumine
2388 933 2545 987 habet
2592 934 2793 999 lumen,
2847 932 2985 984 sicut
3034 939 3243 983 montes
3293 928 3386 987 illi,
3434 927 3503 980 de
3529 928 3720 994 quibus

2136 1004 2337 1056 dietum
2378 1015 2460 1057 est
2491 1020 2503 1056 :
2535 1001 2715 1055 Levavi
2765 1005 2938 1055 oculos
2980 1017 3117 1053 nteos
3147 1001 3197 1051 in
3230 1007 3447 1062 montes,
3476 999 3609 1050 unde
3636 1014 3721 1049 re-

2138 1076 2245 1124 n'at
2271 1075 2525 1126 ausilium
2555 1074 2701 1125 mihi.
2736 1073 2845 1126 Hoc
2878 1081 3003 1124 sunt
3029 1070 3279 1137 apostoli,
3308 1083 3333 1119 a
3370 1069 3571 1121 lumine
3592 1078 3726 1137 sunt.

2140 1144 2443 1210 illutuinati,
2477 1145 2598 1211 quia
2631 1143 2712 1197 sol
2736 1142 2959 1212 justitia:
2990 1136 3417 1212 exoriettsgpri‘us
3445 1137 3565 1191 illos
3587 1136 3717 1191 illu.

2138 1216 2374 1279 minavit,
2407 1208 2460 1267 et
2487 1208 2579 1281 per
2612 1208 2753 1281 ipsos
2782 1215 2831 1266 in
2858 1213 3131 1266 convalles
3174 1208 3407 1271 reduxit.
3447 1223 3704 1281 (μιαρω-

2140 1293 2256 1350 pter
2287 1284 2336 1336 in
2364 1277 2452 1337 his
2475 1277 2527 1337 et
2552 1284 2602 1337 in
2629 1277 2748 1336 aliis
2774 1284 3087 1336 doctoribus
3113 1282 3327 1334 lucerna
3360 1286 3442 1350 est
3469 1277 3706 1350 divinum

2138 1348 2357 1406 verbum
2390 1357 2439 1408 in
2469 1355 2682 1407 Christo
2714 1369 2862 1420 vero,
2907 1353 3000 1426 qni
3026 1370 3051 1402 :I
3081 1366 3142 1426 se
3180 1351 3310 1426 ipso
3361 1348 3719 1426 illuminatio:

2140 1437 2259 1475 ttetn
2293 1426 2496 1489 habuit,
2531 1429 2651 1494 quia
2687 1424 2822 1477 Deus
2853 1434 2959 1477 erat
2987 1424 3037 1475 in
3070 1422 3290 1481 Christo,
3338 1419 3588 1494 mundum
3622 1419 3719 1494 sibi

2136 1488 2515 1559 reconcilians;
2550 1488 2663 1548 'non
2695 1495 2930 1557 lucerna,
2979 1494 3074 1547 sed
3114 1494 3291 1546 lumen
3336 1498 3419 1543 est
3462 1489 3613 1552 illud,
3663 1488 3713 1542 id

2136 1575 2239 1622 est.
2272 1565 2502 1620 Verbum
2532 1568 2789 1619 divinum.

2205 1633 2387 1689 Juravi
2416 1647 2462 1689 et
2490 1638 2666 1690 statui.
2698 1636 2856 1701 Quasi
2885 1634 3057 1689 dicat:
3081 1633 3214 1700 Quia
3238 1630 3443 1684 uerbum
3472 1640 3615 1684 tuum
3636 1640 3721 1683 est

2142 1706 2269 1758 mihi
2324 1718 2368 1759 et
2412 1710 2616 1760 lucerna
2660 1718 2705 1757 et
2747 1709 2937 1767 lumen,
2972 1720 3098 1771 ergo
3127 1704 3377 1773 jnraviet
3406 1702 3582 1762 statui,
3611 1712 3715 1773 etc.

2138 1775 2288 1839 Quod
2318 1792 2542 1844 quasque
2587 1776 2757 1828 ﬁdelis
2799 1776 2970 1827 anima
3004 1771 3208 1835 Statuit,
3245 1775 3345 1844 hoc
3372 1787 3435 1823 ex
3468 1772 3581 1844 ipsa
3611 1771 3714 1824 tide

2138 1845 2295 1897 debet
2316 1839 2436 1899 esse
2457 1839 2841 1912 juramentum.
2869 1846 2931 1897 Et
2954 1844 3074 1897 ideo
3097 1845 3225 1896 dicit
3251 1860 3263 1893 :
3292 1839 3498 1903 Juraui,
3533 1842 3581 1892 id
3608 1851 3713 1903 est,

2142 1917 2362 1968 ﬁrmiter
2406 1918 2738 1979 conﬁrmavi,
2792 1928 2842 1967 et
2888 1915 3007 1968 ideo
3041 1930 3126 1967 me
3164 1915 3286 1965 dico
3313 1912 3544 1978 jnrasse,
3590 1912 3714 1978 quia

2141 1986 2297 2038 statui
2325 1987 2578 2040 custodire
2600 1987 2807 2054 judicia
2827 1986 3052 2055 justitia:
3081 1997 3200 2055 tute,
3235 1983 3285 2036 id
3316 1992 3418 2055 est,
3450 1991 3715 2055 pr:ccept_a

2142 2061 2249 2119 tua,
2282 2069 2401 2122 Quae
2425 2065 2476 2108 tu
2506 2051 2715 2124 judicas
2741 2051 2862 2110 esse
2894 2058 3054 2119 iuSIa.
3089 2054 3191 2108 Pro
3221 2052 3412 2122 quibus
3433 2051 3714 2124 custoditis

2139 2121 2438 2179 humiliatus
2469 2121 2583 2181 sum
2609 2143 2988 2196 usquequaque,
3016 2121 3377 2177 omnimodatn
3413 2121 3713 2196 tribulatio-

2140 2209 2260 2247 nem
2288 2210 2470 2263 passus
2500 2212 2638 2250 sum.
2665 2190 2895 2251 Necesse
2911 2207 3005 2248 est
3028 2212 3196 2255 enun,
3227 2197 3511 2261 quicunque
3540 2190 3714 2246 colunt

2138 2265 2219 2332 pie
2246 2266 2408 2337 vivere
2434 2268 2486 2320 in
2512 2266 2732 2330 Christo,
2761 2267 3162 2337 perseeutianem
3193 2267 3476 2337 patiantur.
3512 2263 3714 2337 Elquia

2138 2335 2433 2389 mortilicor
2477 2340 2736 2400 exterius,
2761 2332 2896 2390 ideo
2936 2336 3131 2404 vivi/ica
3161 2332 3261 2401 me,
3296 2333 3537 2404 Domine,
3581 2332 3715 2404 inte-

2138 2404 2269 2475 rius.
2332 2408 2517 2461 Oratio
2575 2418 2659 2462 est
2716 2402 3062 2475 prolicientis,
3118 2403 3469 2475 quandiuhic
3501 2402 3713 2475 vivitur.

2135 2474 2252 2529 Jam
2276 2477 2416 2530 enim
2448 2472 2749 2532 vivilicatus
2798 2487 2936 2541 erat,
2987 2477 3081 2529 sed
3111 2472 3285 2527 adhuc
3316 2472 3481 2540 magis
3514 2474 3712 2537 magis-

2137 2561 2242 2609 que
2273 2547 2525 2601 vivilicari
2556 2559 2725 2615 rogat.
2763 2548 2972 2613 Vini/ica
2994 2563 3093 2612 me,
3125 2546 3362 2613 inquam,
3393 2553 3447 2596 et
3477 2544 3577 2594 hoc
3606 2558 3708 2615 non

2136 2618 2429 2670 secundum
2490 2614 2736 2673 meritum
2794 2633 2995 2683 meum,
3046 2617 3139 2671 sed
3190 2616 3467 2668 secundum
3508 2614 3713 2664 verbum

2136 2694 2298 2761 tuum,
2354 2687 2403 2740 id
2434 2697 2559 2761 est,
2587 2688 2896 2761 secundum
2936 2686 3562 2761 promissi0ttetu_tuam,
3609 2684 3712 2761 sci-

2137 2755 2344 2837 licetut
2372 2773 2477 2811 non
2520 2760 2617 2811 SIlIl
2666 2757 2805 2813 ﬁlius
2852 2754 3123 2825 elationis,
3170 2757 3262 2811 sed
3308 2754 3446 2809 ﬁlius
3482 2754 3712 2822 promis-

2133 2840 2318 2879 SIOIIIS.

2210 2895 2516 2969 Voluntaria
2541 2899 2643 2953 oris
2684 2900 2781 2951 mei
2811 2898 3123 2969 bcneplacita
3156 2900 3258 2967 fac,
3290 2896 3524 2969 Domine,
3557 2899 3714 2969 et_in-

2133 2965 2269 3019 dicia
2297 2978 2385 3023 tua
2406 2970 2530 3022 doce
2556 2987 2652 3023 me.
2681 2970 2840 3036 Quasi
2866 2965 3007 3023 dicat
3036 2987 3048 3020 :
3081 2965 3421 3025 Uts'iwﬁces.
3440 2968 3579 3029 ideo,
3607 2967 3713 3019 Do-

2134 3037 2296 3101 mine,
2314 3038 2397 3093 fac
2425 3056 2509 3095 me
2533 3043 2714 3107 talem,
2746 3048 2803 3092 ut
2830 3042 2935 3092 sint
2962 3040 3055 3093 tibi
3088 3039 3399 3107 beneplacita
3425 3038 3713 3091 uoluntaria

2132 3108 2234 3160 oris
2265 3110 2385 3173 mei,
2418 3111 2517 3164 hoc
2539 3122 2644 3170 est,
2669 3111 2931 3164 sacriﬁcia
2963 3110 3134 3163 laudis
3163 3110 3500 3163 confessione
3529 3108 3707 3162 chari-

2140 3178 2284 3247 tatis,
2313 3195 2417 3233 non
2445 3182 2765 3235 necessitate
2796 3182 2999 3233 timoris
3022 3180 3217 3243 oblata,
3248 3189 3295 3232 et
3321 3180 3447 3232 doce
3470 3195 3547 3231 me
3576 3180 3710 3233 ulte-

2056 3228 2102 3289 C
2136 3228 3217 3321 ῆιὶέ’ίίιέἰὲίὲεἶπέζάῖὶᾶὲεῖαἾὶὶὶιζἲᾶᾜέίί
3248 3228 3706 3320 ingeniost.

2135 3327 2246 3373 tua.
2279 3318 2391 3372 Vox
2427 3321 2549 3373 item
2585 3318 2910 3386 prolicientis
2936 3320 3173 3388 quandin
3207 3320 3294 3374 hic
3328 3321 3544 3373 vivitur.

2203 3390 2388 3441 Anima
2418 3407 2529 3443 mea
2558 3392 2610 3443 in
2640 3391 2870 3443 inanibus
2898 3391 3019 3442 meis
3049 3406 3267 3457 semper.
3309 3392 3471 3456 Quasi
3524 3391 3666 3444 dicat
3694 3407 3706 3442 :

2134 3456 2258 3513 Ideo
2292 3472 2413 3526 peto
2452 3470 2508 3514 ut
2549 3462 2741 3513 doceas
2785 3476 2869 3514 me
2913 3461 3111 3527 judicia
3160 3456 3279 3525 tua,
3310 3470 3365 3513 ut
3391 3464 3561 3513 anima
3594 3478 3706 3514 mea

2129 3544 2326 3594 semper
2345 3530 2415 3584 sit
2446 3532 2498 3583 in
2528 3530 2783 3592 manibus,
2813 3531 2861 3584 id
2892 3541 2994 3596 est,
3030 3542 3083 3583 ut
3114 3546 3324 3598 semper
3353 3530 3445 3583 tibi
3476 3532 3699 3585 offeram

2131 3600 2367 3652 animam
2415 3617 2588 3656 meam
2638 3601 3007 3653 viviﬁcandam
3054 3609 3108 3655 et
3147 3600 3606 3665 sanctilicaudam,
3652 3612 3707 3655 et

2130 3672 2427 3724 secundum
2480 3674 2580 3725 hoc
2615 3673 2680 3724 ad
2720 3671 3120 3725 similitudinem
3168 3674 3338 3725 Solam
3370 3671 3581 3735 dicitur,
3622 3675 3703 3724 vel

2129 3739 2174 3791 si
2207 3756 2301 3806 per
2331 3757 2518 3795 manus
2546 3757 2708 3809 opera
2740 3744 3091 3809 accipiamur,
3136 3742 3205 3795 ita
3252 3743 3491 3797 dicemus
3520 3760 3529 3792 :
3566 3742 3702 3795 Ani-

2129 3824 2212 3861 ma
2246 3825 2356 3865 mea
2384 3827 2581 3878 semper
2632 3813 2701 3865 sit
2730 3813 2782 3865 in
2811 3814 3048 3865 manibus
3078 3814 3225 3876 meis,
3252 3814 3349 3865 hoc
3371 3821 3473 3878 est,
3507 3810 3590 3865 lac
3622 3829 3705 3864 me

2131 3878 2316 3939 talem.
2368 3893 2422 3935 ut
2471 3882 2522 3936 in
2574 3882 2823 3935 omnibus
2870 3888 3002 3936 meis
3052 3883 3281 3936 fraetum
3319 3884 3517 3935 anima:
3570 3898 3703 3935 mea:

2133 3950 2433 4022 intendam,
2466 3964 2519 4003 et
2548 3953 2713 4005 debes
2744 3954 2917 4007 lacere
2941 3995 2955 4017 ,
3001 3954 3129 4021 quia
3161 3953 3213 4006 itt
3243 3962 3500 4019 quantum
3531 3954 3703 4022 potui,

2129 4018 2380 4096 idoneum
2414 4038 2497 4076 tne
2528 4022 2651 4096 feci.
2682 4023 2804 4096 Non
2830 4025 2971 4077 enim
2999 4018 3113 4076 sum
3140 4018 3324 4096 oblitus
3355 4024 3513 4096 legem
3533 4018 3704 4090 tuam,

2130 4089 2181 4164 i_t_l
2221 4101 2323 4164 est,
2371 4094 2538 4161 legent
2586 4094 2732 4156 ﬁdei,
2771 4109 2889 4161 qua:
2938 4110 3030 4160 per
3057 4089 3697 4164 dilectionem'operatur.

2128 4158 2279 4214 lllulti
2335 4158 2511 4217 autem
2560 4164 2733 4232 (quasi
2775 4158 2949 4229 dicat)
2986 4173 3043 4218 ut
3091 4158 3700 4219 obliviscerer'labora-

2127 4243 2341 4295 verunt,
2385 4235 2505 4302 quia
2540 4246 2847 4303 peccatores,
2881 4236 2930 4287 id
2958 4245 3061 4296 est,
3096 4235 3260 4303 ipsius
3288 4235 3418 4304 legis
3452 4237 3703 4302 praevari-

2127 4310 2340 4373 catores
2370 4306 2606 4373 laqueum
2634 4305 2760 4358 mihi
2790 4316 3091 4370 posuerunt,
3123 4306 3173 4359 id
3203 4316 3308 4368 est,
3338 4304 3498 4357 multa
3533 4305 3701 4372 impe-

2127 4370 2361 4427 dimenta
2386 4370 2511 4428 mihi
2544 4387 2881 4443 paraverunt.
2917 4375 2978 4427 Et
3007 4384 3186 4429 tamen
3214 4390 3313 4445 ego
3344 4391 3444 4428 non
3476 4370 3641 4428 erraui
3667 4392 3702 4433 α

2127 4445 2386 4498 mandatis
2423 4448 2543 4498 tuis.

2200 4512 2516 4567 lla’reditate
2560 4517 2889 4585 acquisivisti.
2927 4516 3061 4570 Vere
3103 4530 3205 4567 non
3256 4515 3448 4579 erravi,
3483 4516 3572 4570 sed
3607 4532 3702 4585 po-

2050 4581 2232 4641 Dlius
2278 4585 2521 4651 acquisiui
2569 4581 2879 4646 testimonia,
2926 4587 2977 4639 id
3024 4596 3127 4650 est,
3174 4587 3425 4655 martyria
3470 4596 3522 4638 cl.
3561 4581 3697 4651 pran-

2137 4663 2292 4725 cepta
2326 4668 2411 4706 tua
2444 4671 2539 4722 pro
2584 4656 2896 4710 haereditate
2943 4657 3283 4725 possidenda,
3328 4658 3408 4710 vel
3441 4657 3691 4724 acquisivi

2134 4739 2196 4775 ea
2240 4724 2550 4789 Itwrettitate,
2600 4727 2648 4778 id
2698 4736 2799 4787 est,
2852 4728 2916 4780 ad
2946 4724 3347 4788 ihzcredit’atem,
3386 4727 3590 4782 scilicet
3639 4742 3696 4782 ut

2139 4794 2288 4847 testis
2329 4805 2446 4847 tuus
2491 4806 2541 4847 et
2587 4808 2787 4865 martyr
2830 4806 2948 4851 tuus
3003 4812 3199 4851 essem.
3240 4797 3569 4852 Testimonia
3613 4810 3699 4854 tua

2135 4865 2274 4929 dico,
2301 4866 2353 4917 in
2381 4872 2622 4919 a'ternum
2651 4867 2973 4934 prolicientia
3000 4885 3015 4933 ;
3048 4868 3166 4921 ideo
3192 4867 3323 4921 dicit
3353 4868 3406 4921 in
3433 4878 3695 4934 arteruum,

2134 4936 2255 5001 quia
2309 4951 2410 4989 non
2463 4947 2545 4989 est
2592 4938 2643 4990 in
2700 4937 2803 4991 illis
2854 4939 3162 5006 temporalis
3209 4939 3371 5005 gloria
3425 4942 3696 4995 hominum

2136 5020 2269 5076 vana
2295 5009 2671 5073 quaerentium,
2699 5009 2791 5060 sed
2822 5019 3024 5062 aeterna
3051 5008 3218 5076 gloria
3248 5011 3520 5065 hominum
3549 5011 3697 5064 brevi

2138 5075 2469 5142 patientium,
2496 5086 2551 5130 et
2577 5077 2694 5131 sine
2721 5079 2824 5133 line
2850 5075 3202 5146 regnantium.
3234 5080 3298 5133 Et
3327 5081 3447 5135 ideo
3477 5080 3656 5134 subdit
3682 5099 3695 5134 :

2136 5146 2270 5209 Quia
2300 5148 2569 5199 exsultatio
2596 5150 2763 5202 cordis
2794 5150 2893 5202 mei
2928 5158 3069 5202 sunt.
3101 5150 3262 5216 Quasi
3292 5151 3433 5203 dicat
3459 5165 3472 5202 :
3509 5148 3698 5205 Merito

2136 5217 2233 5269 Ieci
2261 5231 2323 5270 ea
2361 5218 2714 5283 litereditaria,
2746 5221 2867 5286 quia
2896 5219 2994 5272 etsi
3028 5220 3249 5274 afﬂictio
3277 5220 3518 5287 corporis
3550 5232 3693 5282 sunt,

2136 5296 2311 5341 tamen
2354 5302 2570 5361 propter
2611 5299 2865 5361 aeternam
2915 5292 3133 5358 goriatu
3162 5329 3177 5353 ,
3226 5305 3383 5357 quam
3440 5306 3533 5359 per
3582 5294 3695 5361 ipsa

2133 5372 2312 5426 Spero,
2335 5359 2603 5410 exsultatio
2632 5360 2796 5411 cordis
2828 5360 2922 5411 mei
2950 5370 3087 5412 sunt.

2204 5425 2454 5480 Inclinavi
2474 5444 2561 5481 cur
2591 5446 2754 5481 meum
2783 5433 2851 5482 ad
2880 5430 3139 5502 faciendas
3160 5430 3557 5502 justiﬁcationes
3584 5443 3695 5487 tuas

2133 5499 2185 5551 in
2215 5506 2461 5569 cateruam
2497 5508 2702 5568 propter
2733 5501 3125 5569 tribulationem.
3159 5499 3318 5567 Quasi
3350 5503 3529 5555 dicat:
3560 5502 3690 5569 Quia

2136 5568 2437 5621 testimonia
2467 5580 2553 5620 tua
2578 5570 2757 5622 laetitia
2788 5573 2965 5622 cordis
2996 5568 3100 5623 mei
3129 5580 3274 5633 sunt,
3307 5571 3426 5625 ideo
3451 5572 3689 5627 inclinavi

2131 5655 2219 5711 cor
2250 5654 2436 5711 meum,
2473 5642 2572 5711 hoc
2600 5648 2701 5703 est,
2746 5640 2991 5711 devotum
3020 5641 3255 5693 animum
3299 5641 3454 5695 habui
3499 5642 3566 5696 ad
3607 5644 3690 5711 fa-

2131 5709 2333 5761 ciendas
2352 5708 2745 5780 justi/icationes
2777 5720 2888 5763 tuas
2909 5710 2961 5763 in
2988 5720 3230 5764 atternunt
3258 5713 3417 5780 :quia
3449 5708 3691 5777 superius

2130 5780 2266 5831 dixit
2290 5796 2301 5830 :
2336 5778 2559 5842 lnclina,
2580 5779 2809 5844 Domine,
2836 5795 2921 5833 cor
2944 5797 3127 5835 meum.
3162 5778 3503 5837 blodo‘disit:
3530 5782 3690 5837 Incli-

2133 5851 2247 5903 uavi
2294 5865 2377 5903 cor
2421 5865 2605 5915 unum,
2638 5862 2695 5905 ttt
2724 5852 2967 5908 OStendat
2995 5862 3046 5908 et
3078 5852 3241 5908 divini
3272 5856 3506 5914 muuctis
3542 5870 3683 5919 eSsc,
