4026 6200
462 330 602 389 1087

930 443 991 494 IN
1032 439 1348 495 PSALMUM
1389 438 1549 491 CXX.

944 531 1214 585 Canticum
1240 529 1533 581 Graduutu.

1056 634 1436 675 Αιιϐυιιεητυκ.

528 711 839 767 Prtedicalio
861 711 939 763 vel
960 711 1225 765 institutio
1248 707 1671 776 supplicationis,
1693 722 1810 776 quae
1836 708 2029 774 potiulo

464 783 515 835 iu
540 782 805 851 Babylone
830 783 1005 848 posito
1027 781 1326 833 conveniat.
1353 780 1518 851 Aliter
1548 780 1736 843 psalmi
1764 781 2023 851 graduum

458 846 731 914 dicuntur,
758 846 878 919 quia
925 853 975 904 iu
1002 866 1226 904 ascensu
1259 849 1437 913 templi
1472 850 1803 919 canebantur
1832 846 2025 919 singuli

463 923 644 990 pSaltui
674 918 1026 990 iet-Singulos
1054 920 1272 987 gradus.
1302 920 1499 981 Aliter,
1526 932 1627 971 vox
1663 918 1919 972 Ecclesia:
1960 918 2026 970 ad

457 993 746 1058 apostolos.

1056 1098 1412 1138 EXPI.ANATIO.

530 1175 700 1227 Primo
729 1193 777 1228 in
802 1176 1132 1228 tribulatione
1158 1177 1350 1244 positus
1373 1174 1620 1245 prOpheta
1641 1174 1710 1226 ad
1735 1173 2023 1245 exemplum

464 1244 729 1297 Pnblicani
755 1246 915 1307 illius,
941 1247 1045 1313 qui,
1077 1243 1225 1295 tunso
1247 1243 1479 1309 prurire,
1496 1243 1669 1296 oculos
1699 1243 1896 1295 elevare
1918 1260 2022 1295 non

452 1317 670 1368 audebat
710 1316 777 1367 ad
818 1316 1017 1376 eadunt,
1050 1316 1258 1366 liberari
1287 1330 1341 1366 se
1368 1315 1492 1382 petit
1522 1331 1552 1363 a
1575 1314 1723 1366 labiis
1759 1314 1946 1381 iniquis
1975 1323 2021 1364 et

449 1404 479 1437 (ι
506 1388 680 1453 lingua
711 1387 910 1436 dolosa.
952 1384 1102 1435 Nunc
1134 1394 1301 1435 autent
1326 1385 1589 1449 respirans
1622 1385 1689 1434 ad
1739 1384 2019 1434 secmidam

447 1457 684 1523 gradum,
719 1456 892 1507 oculos
913 1454 1093 1506 levavit
1115 1455 1183 1505 ad
1206 1464 1419 1513 montes,
1446 1455 1513 1505 ad
1537 1456 1888 1505 intercessores
1918 1454 2016 1523 uti-

446 1521 540 1592 que
570 1536 792 1587 sanctos,
821 1542 1033 1592 quorum
1055 1523 1299 1590 su/fragio
1324 1540 1533 1575 munera
1565 1532 1867 1575 mereretur.
1904 1521 2019 1573 Hoc

447 1597 579 1646 en'm
606 1610 667 1645 ea:
713 1610 927 1659 pet-soita
965 1611 1059 1646 sua
1087 1597 1307 1661 loquitur
1330 1594 1577 1660 propheta
1597 1632 1612 1655 ,
1644 1594 1728 1653 qui
1762 1601 1926 1643 tamen
1971 1603 2018 1643 et

446 1666 553 1728 ipse
578 1680 716 1717 mons
747 1674 851 1715 erat
871 1708 883 1727 ,
931 1676 978 1717 et
1027 1664 1321 1733 patriarcha
1355 1663 1640 1726 mirabilis;
1667 1664 1756 1713 sed
1785 1662 1896 1713 ideo
1928 1677 2019 1733 per

446 1737 569 1786 istos
595 1735 785 1802 gradus
800 1731 1134 1801 competenter
1154 1734 1438 1786 ascendisse
1462 1749 1512 1784 se
1540 1732 1711 1784 retulit
1738 1773 1751 1793 ,
1786 1741 1839 1781 ut
1868 1731 2014 1783 nobis

445 1805 793 1869 ignorantilus
812 1805 1083 1856 cwlestium
1102 1804 1337 1854 virtutum
1362 1819 1547 1869 genera
1565 1802 1802 1852 distincta
1830 1817 2008 1852 narra.

450 1875 587 1925 tione
626 1884 945 1926 monstraret.
983 1871 1261 1939 Prop/tetu,
1295 1880 1347 1921 ut
1371 1872 1613 1931 diximus,
1646 1870 1714 1921 ad
1761 1870 2014 1923 caelestem

446 1941 727 1995 Jerusalem
757 1945 1125 2004 conscendens,
1170 1943 1333 2009 primo
1364 1945 1583 1992 membro
1606 1940 1673 1991 ad
1722 1950 2014 1993 sanctorum

445 2015 625 2063 merita
648 2011 865 2064 clevasse
887 2028 938 2064 se
964 2013 1085 2063 dicit
1110 2013 1306 2073 oculos,
1328 2022 1381 2062 ut
1410 2027 1584 2062 eorum
1615 2010 1846 2077 precibus
1860 2012 2016 2078 juva-

444 2090 613 2145 retur,
659 2098 719 2134 ue
776 2098 916 2133 mens
944 2082 1083 2133 illius
1123 2082 1293 2134 liostili
1346 2082 1727 2148 impugnatione
1780 2095 2011 2131 succum-

444 2153 600 2205 beret.
643 2153 880 2204 Secundo
931 2153 1108 2204 ordine
1149 2152 1495 2202 indubitanter
1559 2149 1657 2201 sibi
1728 2150 2013 2217 promittit,

442 2222 580 2289 quod
622 2238 673 2273 se
716 2223 906 2289 integre
951 2230 1157 2273 noverat
1187 2224 1493 2289 postulasse,
1521 2220 1709 2272 docens
1737 2228 1789 2270 at
1817 2221 2015 2287 quoties

443 2295 574 2343 bona
604 2292 708 2357 ﬁxa
738 2292 888 2345 corde
914 2296 1129 2361 petimus
1150 2330 1165 2355 ,
1207 2292 1412 2343 (‘Ottcedt
1446 2291 1590 2342 nobis
1619 2291 1729 2342 sine
1758 2289 2016 2341 dubietate

443 2364 730 2414 credunus.

1013 2464 1439 2504 COﬂMENTARIUS.

519 2538 726 2595 Elevari
748 2542 920 2595 oculos
948 2557 1104 2595 meos.
1162 2541 1427 2593 Canticum
1478 2540 1754 2608 graduum.
1814 2538 2013 2595 lterum

444 2610 665 2678 spiritus
696 2614 798 2665 iste
826 2615 1079 2663 admonet
1107 2626 1224 2675 nos,
1259 2620 1318 2663 ut
1342 2612 1695 2662 ascendamus
1721 2610 1868 2677 (quia
1898 2611 2017 2662 inti-

444 2680 643 2732 tulatur
672 2682 933 2734 cautitutn
962 2681 1279 2749 graduum),
1326 2681 1446 2748 quia
1496 2679 1584 2745 qui
1639 2679 1826 2745 incipit
1877 2680 2014 2731 velle

444 2751 781 2806 a-cendendo
812 2752 1094 2819 prolicere,
1128 2750 1241 2815 ejus
1272 2764 1407 2813 opus
1430 2763 1507 2802 eSt
1533 2758 1587 2800 ut
1614 2757 1876 2818 proponat
1903 2749 2006 2801 sibi

448 2821 745 2886 rxciuplum
773 2818 987 2875 sanctos
1020 2821 1228 2883 Patres,
1273 2833 1327 2872 ut
1352 2836 1533 2872 eorum
1569 2818 2013 2887 exemplo'tnagis

449 2892 683 2956 protimat
709 2892 1068 2944 ascendendo.
1113 2891 1206 2942 Vel
1237 2899 1294 2942 ut
1323 2891 1443 2950 ille.
1481 2891 1570 2956 qui
1618 2889 1743 2941 dicit
1776 2905 1788 2938 :
1826 2887 2013 2941 Levavi

447 2960 620 3009 oculos
650 2975 784 3013 meos
815 2962 866 3011 in
890 2968 1103 3019 montes,
1136 2960 1183 3011 id
1227 2971 1326 3022 est,
1360 2973 1574 3011 sanctos
1619 2960 1905 3025 prophetas
1960 2968 2013 3012 et

450 3028 797 3093 patriarchas,
829 3029 1151 3081 attendendo
1203 3029 1568 3082 excellentiam
1626 3030 1745 3078 vitae
1794 3044 2006 3080 eorum.

453 3096 620 3161 Unde,
653 3098 700 3151 id
731 3108 832 3161 est,
865 3114 893 3149 a
925 3098 1136 3166 quibus,
1191 3099 1349 3149 veniet
1391 3098 1643 3149 auxilium
1683 3096 1840 3159 milii,
1882 3099 2001 3164 quia

444 3182 628 3229 eorum
680 3170 923 3237 exemplo
964 3168 1340 3221 commmebnr
1384 3172 1695 3221 ascendere.
1730 3167 1836 3219 Sed
1882 3168 2006 3221 licet

446 3238 698 3290 auxilium
733 3239 1046 3293 sumendum
1076 3238 1200 3291 mihi
1230 3238 1296 3289 sit
1323 3237 1389 3290 ab
1420 3239 1518 3299 eis,
1546 3249 1719 3289 tamen
1744 3237 2008 3305 principa-

448 3309 566 3358 liter
591 3309 837 3361 auxil.’um
861 3309 1179 3377 capiendum
1206 3318 1286 3359 est
1311 3308 1435 3360 mihi
1458 3324 1489 3358 a
1512 3308 1751 3377 Domino,
1782 3307 1866 3374 qui
1890 3307 2007 3373 fecit

448 3379 627 3446 etclam
671 3378 720 3430 iu
772 3374 1061 3446 majoribus;
1085 3418 1099 3441 ,
1150 3389 1194 3431 et
1224 3378 1358 3429 alios
1408 3388 1613 3429 (errant.
1652 3374 1801 3429 Unde
1833 3377 1957 3429 Illud
1989 3393 2007 3431 :

449 3445 501 3517 Ν
507 3462 628 3513 eque
643 3449 731 3515 qui
752 3450 968 3514 plantat,
994 3464 1151 3516 neque
1169 3449 1254 3516 qui
1272 3449 1424 3517 rigat,
1446 3447 1640 3517 aliquid
1658 3457 1729 3499 est
1750 3489 1765 3514 ,
1794 3447 1882 3499 sed
1923 3448 2011 3517 qui

448 3516 809 3569 inerementum
831 3518 941 3576 dat,
972 3517 1124 3571 Deus.

521 3586 643 3639 Non
671 3592 753 3640 ait
780 3589 831 3639 in
858 3591 1262 3641 commotionem.
1289 3587 1449 3653 Quasi
1476 3587 1649 3640 dicat:
1671 3586 2013 3654 Quandoqui-

450 3657 573 3710 dem
603 3659 893 3726 principale
936 3659 1062 3711 mihi
1093 3668 1177 3711 est
1218 3660 1471 3710 auxilium
1505 3673 1531 3708 a
1569 3657 1792 3711 Domino
1838 3666 2013 3724 postu-

450 3726 690 3793 Iandutu,
720 3743 848 3796 ergo
875 3745 976 3780 non
1000 3732 1081 3781 det
1112 3726 1267 3797 pedes
1302 3736 1435 3791 tuos,
1468 3726 1518 3779 id
1543 3736 1655 3793 est,
1682 3726 2014 3797 rarﬂectiones

446 3808 589 3860 tuas,
618 3814 649 3847 (ι
676 3799 874 3861 anima,
898 3800 951 3852 in
973 3796 1386 3851 commotionem
1414 3797 1582 3858 illatn,
1608 3796 1880 3861 videlicet,
1911 3812 2011 3864 qua

442 3880 751 3922 «nutrimus
777 3870 978 3935 primus
1010 3868 1204 3922 cecidit
1235 3867 1395 3920 homo
1428 3868 1477 3919 in
1509 3868 1759 3934 paradiso
1786 3868 2011 3934 positus,

450 3945 505 3989 et
524 3952 626 4004 qtta
651 3950 950 3992 commotus
972 3940 1038 3992 de
1065 3941 1204 3993 cmlo
1229 3935 1420 3991 cecidit
1452 3939 1701 4008 angelus,
1734 3946 1790 3992 et
1842 3937 2016 3991 factus

448 4018 530 4060 est
560 4008 821 4062 diabolus.

523 4076 642 4128 Non
701 4089 780 4130 uel
836 4082 885 4131 in
952 4079 1332 4132 commotionem
1389 4079 1563 4144 pedem
1617 4087 1799 4142 tuum,
1861 4092 2018 4147 nrque

449 4146 722 4211 dormitet,
780 4166 860 4214 qui
893 4151 1113 4202 custodit
1153 4160 1217 4200 te.
1275 4147 1353 4201 Ad
1407 4149 1805 4201 sunilitudinetu
1852 4146 2016 4214 negli-

451 4218 627 4284 gentis
682 4219 939 4281 custodis,
988 4221 1073 4283 qui
1106 4218 1421 4270 dormiendo
1475 4218 1689 4285 m-gligit
1740 4218 1856 4269 illos
1886 4232 2017 4284 quos

454 4288 723 4342 custodire
782 4288 962 4342 debet.
1026 4290 1087 4341 lat
1138 4289 1286 4355 quasi
1355 4293 1527 4338 utrium
1590 4296 1859 4356 qumreret
1932 4286 2017 4337 ubi

456 4358 610 4435 talem
651 4360 929 4413 custodem
972 4358 1237 4413 inveniam
1267 4397 1282 4419 ,
1338 4360 1423 4422 qui
1459 4374 1561 4410 non
1593 4358 1863 4419 uortuitet,
1896 4360 2019 4407 sub-

452 4440 623 4493 jlttlgll
650 4445 665 4483 :

912 330 1115 385 ItEDIE
1155 328 1601 384 VENERABlLIS
1638 327 1790 381 ΟΡΡ.
1832 325 2006 380 PARS
2044 325 2106 382 II.
2149 324 2344 381 SECT.
2388 323 2450 383 II.
2490 356 2559 367 —
2600 324 2801 381 DUBIA
2842 324 2929 379 ET
2967 326 3235 381 SPL'RIA.

3569 330 3584 383 I
3600 328 3706 383 088

2055 439 2103 497 Α
2135 450 2290 500 quam
2321 436 2387 487 ad
2418 435 2747 489 divinitatem
2802 437 3140 502 ascenditur,
3199 435 3343 491 unde
3374 437 3498 491 illud
3529 456 3544 492 :
3579 441 3706 497 Dies

2132 505 2238 556 diei
2268 515 2459 558 eructat
2508 507 2707 558 verbum
2729 546 2743 570 ,
2798 508 3035 559 maxime
3060 521 3193 573 opus
3218 515 3304 577 est
3331 506 3617 577 unicuique
3650 524 3706 566 ut

2135 584 2456 639 protegatur,
2490 592 2554 627 ne
2583 590 2704 629 eum
2758 586 2872 627 urat
2917 577 2997 630 sol
3051 591 3145 636 per
3197 575 3361 641 diem,
3390 578 3440 629 id
3470 575 3572 643 est,
3634 598 3704 636 nc

2133 643 2397 713 permittat
2414 659 2533 696 eum
2553 645 2798 699 divinitas
2815 645 2927 697 [an
2947 647 3307 700 scan-labrare
3334 647 3385 699 in
3409 649 3695 713 sapientia.

2132 712 2532 769 Seandalizatur
2574 717 2799 783 quisque
2828 716 2876 766 in
2910 715 3189 785 sapientia,
3236 718 3451 783 quando
3478 712 3696 785 Filium,

2128 797 2284 850 quem
2308 799 2399 851 per
2422 782 2734 848 sapientiam
2760 785 3015 851 aequalem
3038 782 3179 837 Patri
3208 782 3510 853 intelligere
3533 782 3699 842 debe;

2128 862 2231 916 ret,
2267 858 2524 908 minorum
2549 870 2670 909 esse
2692 854 2917 920 dubitat,
2951 855 3091 923 quod
3122 855 3251 911 dicit
3283 871 3295 905 :
3331 856 3427 909 Sol
3444 874 3534 924 per
3558 860 3702 914 diem

2128 936 2229 973 non
2253 933 2361 976 uret
2391 933 2457 976 te.

2198 990 2378 1061 Neque
2393 998 2515 1047 tuna
2531 1008 2617 1062 per
2644 1003 2862 1047 noctein.
2891 993 2991 1052 Per
3020 994 3196 1047 lunam
3222 993 3303 1047 vel
3332 992 3545 1049 Christo
3568 1012 3698 1050 caro

2126 1072 2346 1128 promer
2374 1065 2637 1116 delectum
2664 1065 3001 1118 mortalitatis
3048 1075 3104 1117 et
3155 1064 3539 1131 passibilitatis,
3606 1070 3693 1122 vel

2128 1132 2388 1197 Ecclesia,
2419 1148 2538 1200 qum
2566 1146 2646 1187 est
2674 1146 2868 1197 eorpus
2899 1149 3073 1193 suum.
3098 1134 3407 1187 denotatur.
3444 1134 3542 1188 Per
3590 1153 3693 1189 no-

2124 1211 2263 1254 ctem
2288 1219 2411 1256 vero
2436 1203 3019 1273 seiemiajntelligitur,
3039 1218 3287 1270 perquam
3321 1204 3693 1273 intelliguntur

2123 1285 2185 1344 ea
2208 1287 2329 1344 quae
2365 1272 2433 1344 de
2458 1288 2619 1344 carne
2639 1270 2879 1344 Christi,’
2908 1274 2991 1344 vel
3033 1274 3101 1327 de
3128 1288 3376 1339 corpore,
3433 1270 3556 1344 qua:
3604 1288 3692 1331 cst

2127 1341 2386 1405 Ecclesia,
2421 1343 2807 1411 intelliguntur.
2838 1342 2949 1398 Urit
2982 1342 3103 1396 luna
3135 1358 3402 1410 quemque
3450 1341 3547 1410 per
3593 1363 3693 1397 no-

2121 1419 2285 1483 ctem,
2301 1412 2512 1476 quando
2532 1415 2925 1483 perqscientiam
2948 1414 3171 1481 quisque
3187 1415 3253 1465 de
3277 1427 3437 1466 carne
3461 1412 3693 1483 Christi,

2123 1483 2202 1533 vel
2226 1482 2291 1539 de
2321 1496 2542 1549 corpore
2592 1481 2711 1548 ejus
2760 1482 3005 1550 intelligit
3026 1498 3085 1535 ea
3120 1498 3235 1549 qua!
3268 1498 3369 1534 non
3400 1495 3586 1537 essent
3615 1481 3691 1537 in:

2122 1551 2424 1619 telligenda.
2474 1554 2537 1605 Et
2583 1551 2705 1604 ideo
2754 1566 2888 1620 Opus
2933 1562 3015 1604 e~t
3065 1563 3119 1604 ut
3153 1555 3405 1604 Dominus
3447 1563 3694 1623 protegat

2121 1634 2405 1689 quemque,
2436 1625 2555 1687 quia
2580 1622 2621 1673 si
2652 1623 2762 1686 ipse
2785 1632 2866 1674 est
2892 1631 3179 1688 protector,
3214 1638 3302 1690 per
3321 1623 3458 1674 diem
3488 1624 3567 1676 sol
3588 1622 3689 1677 non

2122 1700 2230 1742 uret
2260 1702 2326 1756 te,
2376 1707 2532 1756 neque
2582 1691 2705 1743 luna
2761 1707 2847 1755 per
2900 1701 3119 1743 noctem.
3158 1693 3308 1757 Quod
3339 1704 3392 1744 nt
3426 1695 3549 1757 liat,
3583 1694 3687 1745 Do-

2120 1760 2282 1813 minus
2318 1764 2566 1813 custodiat
2634 1771 2680 1811 te
2730 1762 2791 1812 ab
2852 1764 2987 1813 omni
3026 1764 3197 1823 malo,
3268 1764 3520 1815 custodiat
3576 1771 3688 1815 ani-

2122 1846 2256 1882 mam
2286 1840 2427 1882 tuam
2456 1831 2699 1884 Dominus
2720 1873 2735 1897 ,
2781 1832 2833 1886 id
2861 1845 2960 1894 εει,
2994 1830 3377 1885 animalimtem
3412 1844 3576 1896 tuam,
3612 1850 3680 1888 ne

2120 1903 2254 1950 ratio
2303 1905 2436 1953 victa
2477 1901 2802 1955 animalitate
2861 1903 3190 1955 succumbat.
3241 1902 3390 1967 Quod
3445 1914 3503 1954 ut
3561 1905 3684 1968 ﬁat,

2120 1968 2369 2022 Dominus
2397 1972 2647 2024 custodiat
2671 1971 2933 2024 introitum
2963 1982 3108 2024 tuum
3132 2011 3146 2035 ,
3192 1988 3256 2023 ne
3287 1972 3506 2024 deliciis
3537 1974 3685 2026 vide-

2117 2040 2282 2112 licet,
2312 2041 2362 2093 in
2414 2040 2863 2103 tribulationibus,
2909 2057 3024 2106 quae
3066 2051 3187 2094 sunt
3225 2041 3475 2095 introitus
3504 2043 3689 2112 cujus—

2117 2124 2219 2175 que
2261 2111 2464 2173 I'tdelis,
2494 2122 2541 2164 et
2571 2112 2759 2164 exitum
2809 2122 2983 2175 tuum,
3018 2125 3083 2163 ne
3132 2112 3411 2178 snperbias
3457 2111 3689 2166 devictis

2119 2179 2567 2247 tribulationibus,
2600 2182 2739 2249 quod
2764 2180 2921 2235 faciet
2942 2196 3003 2232 ex
3032 2181 3159 2247 hoc,
3194 2197 3326 2234 nunc
3348 2192 3396 2235 et
3437 2199 3593 2251 usque
3635 2184 3689 2235 in

2116 2253 2381 2304 sa'culum.

2566 2341 2632 2396 IN
2674 2340 2995 2398 PSALMUM
3035 2340 3222 2396 CXXI.

2605 2436 2878 2489 Canticum
2898 2432 3194 2488 Graduum.

2716 2543 3092 2582 ARGUMENTUM.

2185 2620 2316 2686 Quia
2364 2620 2417 2674 in
2473 2622 2651 2688 priore
2698 2621 2903 2687 psalmo
2932 2619 3170 2672 audierit
3216 2634 3229 2668 :
3278 2617 3522 2673 Domin-zs
3570 2637 3689 2673 cus-

2116 2691 2280 2744 todiat
2345 2692 2612 2746 introitum
2671 2701 2853 2753 tuum,
2928 2698 2975 2742 et
3034 2690 3221 2741 exitum
3307 2699 3489 2751 tuum,
3549 2708 3691 2744 nunc

2117 2769 2399 2825 propterea
2429 2760 2662 2814 laetatum
2692 2775 2750 2814 se
2775 2775 2898 2815 esse
2922 2758 3054 2813 dicit
3081 2799 3095 2822 ,
3128 2758 3269 2823 quod
3300 2760 3400 2810 sibi
3444 2762 3496 2811 in
3530 2763 3695 2813 domo

2118 2830 2207 2883 Dei
2241 2830 2494 2885 introitus
2537 2833 2606 2883 sit
2658 2831 3036 2898 repromissus.
3072 2827 3260 2892 Aliter,
3295 2843 3395 2882 vos
3432 2830 3693 2884 Ecclesia:

2114 2900 2180 2952 ad
2210 2900 2508 2968 apostolus.

2721 3004 3076 3045 EXPLANATIO.

2186 3085 2432 3137 Audimus
2462 3083 2706 3152 gradum,
2742 3083 3088 3150 intelligamus
3121 3081 3192 3152 ad,
3226 3082 3410 3133 altiora
3447 3096 3691 3132 conscen-

2112 3169 2244 3216 sum,
2259 3156 2346 3206 sed
2367 3150 2713 3206 iste—ascensus
2730 3153 2904 3219 ﬁrmus
2923 3162 3013 3213 est,
3034 3152 3138 3216 qtti,
3169 3150 3387 3203 Domina
3402 3154 3693 3203 custod'en-

2113 3234 2177 3289 te,
2203 3233 2433 3277 servatur
2450 3239 2468 3276 :
2488 3223 2617 3276 Ecce
2637 3226 2748 3289 jam
2775 3223 3062 3274 sublevatur
3085 3220 3327 3285 propheta
3354 3224 3503 3273 tertio
3525 3225 3691 3288 gradu

2110 3294 2341 3346 secundis
2380 3295 2534 3346 altior
2576 3296 2767 3361 factus,
2822 3303 2866 3344 et
2911 3294 2973 3343 de
3014 3292 3123 3361 ipsa
3167 3291 3342 3343 lietitia
3387 3291 3693 3356 principum

2114 3362 2299 3425 psalmi
2352 3364 2624 3431 sumpsisse
2667 3364 2981 3414 declaratur.
3016 3362 3079 3411 In
3120 3362 3299 3431 prima
3315 3371 3461 3427 parte
3508 3363 3695 3423 gaudet

2112 3449 2164 3485 se
2188 3434 2434 3499 prapheta
2463 3427 2824 3485 commonitum
2856 3432 2922 3483 ad
2962 3446 3233 3497 supernam
3267 3427 3556 3481 Jerusalem
3585 3444 3696 3479 esse

2112 3511 2398 3566 venturum,
2452 3504 2536 3573 ubi
2582 3506 2697 3573 jam
2726 3504 2888 3573 sancti
2918 3515 3116 3573 secura,
3142 3502 3477 3573 prosperitate
3524 3502 3694 3573 consi-

2112 3579 2271 3636 stunt,
2294 3585 2337 3625 et
2360 3589 2475 3625 cum
2501 3569 2718 3625 Domino
2736 3569 3079 3624 misericordia
3102 3571 3262 3638 ipsius
3284 3571 3534 3637 largiente
3548 3570 3696 3637 judio

2113 3645 2323 3723 caliunt.
2352 3642 2594 3723 Secunda
2635 3643 2855 3723 loquitur
2884 3641 2951 3693 ad
2980 3638 3425 3723 civesderusalem
3449 3678 3477 3723 ι
3504 3646 3696 3701 aptans

2113 3714 2184 3766 eis
2196 3713 2568 3782 abundantiam
2598 3708 2759 3782 pacis.
2785 3728 2933 3779 quant
2959 3726 3010 3764 se
3031 3709 3151 3761 dicit
3178 3708 3426 3760 charitate
3448 3708 3694 3776 fratrum,

2114 3793 2160 3836 et
2185 3781 2391 3836 Domini
2411 3799 2581 3836 amore
2600 3781 2924 3853 praedicasse.

2689 3902 3121 3945 COIIENTABIUS.

2187 4005 2410 4059 laetatus
2440 4020 2465 4057 s
2488 4021 2548 4055 'm
2571 4003 2621 4055 in
2640 4001 2719 4054 his
2744 4016 2856 4069 qua:
2886 4001 3020 4052 dicta
3036 4005 3150 4051 sunt
3169 3997 3311 4051 mihi.
3334 3994 3504 4069 Sicuti
3528 4011 3685 4050 arnor

2120 4079 2350 4129 animam
2380 4076 2443 4127 ad
2478 4075 2592 4127 hate
2632 4066 2840 4126 terrena
2870 4070 3305 4136 concupiscentia
3360 4066 3683 4130 inﬂammat,

2117 4157 2172 4201 et
2191 4147 2341 4216 quasi
2375 4144 2426 4198 in
2459 4145 2559 4196 ima
2612 4141 2943 4216 praecipiiat,
2976 4140 3052 4216 sic
3075 4153 3224 4216 amor
3254 4148 3471 4216 sanctus
3500 4136 3563 4216 ad
3593 4148 3684 4216 sn:

2120 4204 2284 4283 per'na
2317 4217 2475 4278 levat,
2503 4224 2558 4269 et
2583 4204 2647 4266 ad
2679 4204 2875 4265 acterna
2900 4206 3585 4283 desiderandajnﬂannnat,
3616 4204 3683 4256 ad

2119 4277 2203 4348 ea,
2238 4277 2505 4349 videlicet,
2539 4298 2660 4350 qua:
2691 4297 2793 4335 non
2822 4288 3129 4341 transeunt,
3179 4277 3270 4329 sed
3314 4288 3682 4350 semper-per.

2124 4347 2361 4419 manent,
2391 4355 2457 4407 ad
2486 4347 2711 4419 quorum
2741 4365 2975 4403 amorem
3027 4350 3268 4400 hortatur
3316 4361 3413 4419 nos
3466 4347 3688 4419 spiritus

2126 4426 2251 4490 iste,
2276 4414 2363 4490 qui
2395 4414 2689 4477 intit'ulatur
2716 4420 2981 4474 Canticum
3024 4420 3301 4490 graduum.
3335 4414 3543 4467 Gradus
3569 4429 3693 4490 vero

530 4482 660 4551 [Ecce
692 4516 794 4552 non
831 4499 1124 4551 dormitabit
1173 4513 1332 4561 neque
1368 4496 1616 4557 dormiet,
1666 4495 1751 4563 qui
1801 4495 2019 4547 custodit
2057 4482 2103 4540 D
2128 4482 2251 4546 sunt
2291 4482 2712 4563 ascendentium,
2766 4506 2894 4563 non
2920 4482 3381 4541 descendentium.
3418 4487 3689 4535 Ascendat

461 4565 644 4621 Israel.
678 4572 837 4631 Quasi
869 4572 1008 4622 dicat
1061 4569 1290 4633 :Qumre
1337 4566 1615 4619 custodem
1670 4567 1849 4617 Israel.
1903 4564 2019 4631 Ipse

456 4655 555 4689 non
608 4641 900 4692 dormitabit
950 4656 1110 4704 neque
1173 4638 1405 4688 dormiet.
1449 4636 1706 4689 Dot‘tuitztt
1774 4636 2018 4703 quisque,

459 4710 704 4774 quoninn
738 4711 1010 4762 cardinem
1056 4712 1332 4762 mortalem
1364 4718 1552 4772 portat,
1584 4704 1780 4757 dormit
1811 4704 2020 4771 quando

459 4782 719 4841 moritur;
771 4781 865 4833 sed
895 4780 1071 4847 justus
1104 4780 1283 4839 Iaracl,
1318 4791 1472 4844 neque
1522 4776 1687 4828 dormi
1713 4775 1815 4826 abit
1866 4790 2023 4847 neque

458 4849 709 4911 darmiet,
756 4845 1138 4915 quia—Christus
1167 4862 1430 4914 resurgens
1468 4848 1578 4912 jam
1626 4861 1723 4897 non
1771 4845 2020 4905 moritur,

465 4934 598 4969 mors
629 4921 705 4971 illi
739 4914 876 4972 ultra
906 4938 1007 4972 non
1035 4919 1400 4971 dominabitur.
1445 4917 1574 4967 Nota
1606 4918 1724 4977 quia
1757 4914 1912 4966 Israel
1944 4924 2025 4965 est

462 4990 544 5040 vir
574 4988 757 5042 videns
791 4991 1095 5052 Dominum,
1127 5003 1263 5040 nunc
1308 4990 1358 5038 iu
1392 5000 1508 5049 Spe,
1538 4988 1853 5051 quandoque
1886 4986 1934 5033 in
1968 4998 2023 5035 re

467 5058 695 5129 visurus.
730 5061 813 5112 Sis
841 5076 971 5129 ergo
1012 5073 1063 5110 tu
1110 5057 1265 5111 Israel
1311 5066 1365 5110 et
1410 5055 1656 5129 Dominus
1681 5053 1929 5105 custodiet
1954 5061 2021 5115 te,

460 5139 508 5181 cl
540 5127 787 5182 Dominus
806 5127 1058 5196 proiectio
1077 5142 1161 5180 tua
1186 5144 1334 5196 super
1354 5140 1558 5178 manum
1581 5127 1836 5177 dexteram
1864 5132 2022 5196 luam,

459 5200 580 5265 quia
617 5193 844 5268 protr-git
869 5201 1028 5254 Iidem
1064 5193 1354 5261 tuam,'per
1384 5206 1823 5268 quam_vei_rtt_irus
1850 5208 1929 5268 es
1952 5193 2014 5241 ad

458 5263 735 5323 dexteram
764 5263 1013 5333 Domini;
1046 5284 1165 5336 qua:
1196 5280 1280 5319 tua
1314 5263 1427 5325 est",
1475 5263 1598 5332 quia
1631 5263 1722 5336 tibi
1763 5263 2025 5336 promissa

454 5349 566 5393 est.
603 5340 700 5395 I‘er
729 5356 943 5393 manum
1002 5333 1314 5405 intelligitur
1366 5336 1535 5395 lides,
1588 5335 1709 5400 quia
1764 5333 1896 5405 lides
1942 5337 2028 5405 est

459 5415 720 5478 potentia,
743 5414 888 5476 juxta
923 5410 1049 5462 illud
1088 5426 1099 5460 :
1150 5397 1299 5459 Dedit
1330 5408 1402 5457 eis
1443 5397 1742 5478 potestatein
1764 5403 1905 5478 filios
1934 5397 2027 5450 Dei

456 5472 592 5547 ﬁeri,
627 5483 706 5534 his
730 5472 811 5548 qui
836 5484 1047 5534 credunt
1070 5480 1120 5530 in
1152 5479 1353 5529 nomine
1377 5478 1487 5545 ejus
1506 5514 1518 5532 ,
1548 5476 1686 5548 quod
1732 5473 1830 5524 iste
1858 5472 1982 5522 dicit
2011 5485 2025 5522 :

463 5544 707 5604 Dominus
798 5555 977 5604 otectio
1012 5560 1099 5600 tua
1130 5563 1279 5621 super
1328 5544 1532 5597 manum
1582 5544 1837 5621 dexteram
1867 5550 2026 5621 tuam,

457 5628 606 5687 quia,
635 5624 702 5674 ab
731 5610 796 5673 eo
826 5629 1116 5689 prouectus,
1148 5610 1224 5668 sol
1256 5633 1353 5689 non
1392 5625 1573 5689 uret_te
1605 5613 1890 5689 perdituri.
1936 5610 2029 5662 Sol

461 5684 793 5741 divinitatem
825 5684 990 5753 ᾖσιν,
1023 5688 1178 5757 cujus
1204 5688 1351 5739 radio
1373 5685 1521 5757 quasi
1548 5686 1663 5736 sole
1698 5684 2029 5734 illotuiuatur

460 5772 615 5812 tactis
636 5762 909 5827 Cujusquc.
946 5760 1008 5811 Et
1040 5755 1160 5827 quia
1183 5760 1299 5809 dies
1328 5755 1647 5822 sapientiam
1701 5761 1880 5813 notat,
1936 5763 2028 5817 per

2122 4579 2251 4632 ergo
2268 4565 2492 4629 quiaque
2515 4564 2603 4629 qui
2628 4561 2769 4613 hunc
2791 4561 3249 4632 psaltriunrcantat
3266 4565 3351 4632 ;.et
3375 4568 3481 4620 quo
3500 4568 3687 4629 ascen-

2124 4624 2235 4695 dai,
2269 4624 2368 4687 nisi
2409 4624 2469 4684 in
2500 4624 2718 4693 ctelum,
2772 4630 2858 4681 ubi
2907 4626 3076 4694 angeli
3110 4636 3233 4677 sunt
3259 4625 3407 4695 ri‘ves
3440 4624 3628 4679 nostri,
3660 4636 3689 4670 a

2123 4694 2314 4768 quibus
2359 4702 2568 4755 civibus
2620 4700 2986 4767 peregrinatur
3018 4702 3066 4747 in
3106 4704 3270 4768 terra.
3302 4694 3356 4743 In
3387 4695 3695 4768 peregrina-

2127 4763 2362 4825 tionibus
2395 4782 2569 4824 autem
2601 4763 2952 4834 suspiramns,
2989 4768 3037 4817 itt
3070 4765 3285 4816 civitate
3314 4763 3689 4834 gaudebimus.

2128 4842 2432 4895 Invenimus
2471 4852 2647 4893 autem
2680 4832 2734 4892 et
2773 4838 2948 4914 socius
2977 4836 3057 4914 in.
3089 4835 3188 4912 hac
3237 4832 3691 4910 peregrinatione,

2125 4916 2245 4981 quia
2266 4912 2377 4980 jam
2407 4917 2772 4981 cognoverunt
2800 4908 2980 4981 ipsum
3013 4908 3308 4981 civitatein,
3354 4913 3414 4981 ,εί
3465 4908 3696 4979 inritant

2128 4975 2183 5034 ut
2213 4975 2496 5036 curramus
2532 4982 2595 5031 ad
2630 4980 2804 5039 illaut;
2857 4977 2921 5027 ad
2969 4975 3065 5026 hos
3116 4975 3310 5040 gaudet
3352 4975 3453 5022 iste
3484 4975 3691 5031 venire,

2127 5055 2211 5119 qui
2243 5052 2372 5105 dicit
2404 5070 2416 5103 :
2450 5050 2673 5102 Ltetatus
2704 5061 2815 5101 sum
2851 5047 2902 5098 in
2932 5046 3148 5119 hisqute
3168 5042 3305 5119 dicta
3331 5049 3444 5119 sunt
3468 5040 3601 5119 mihi
3628 5040 3694 5089 ab

2128 5108 2257 5185 ipsis
2290 5121 2579 5172 montibus.
2639 5119 2900 5169 Dixerunt
2941 5117 3091 5166 nobis
3132 5111 3301 5185 sancti
3350 5108 3693 5185 patriarcha;

2127 5178 2353 5258 apo-tuli
2386 5200 2441 5244 et
2471 5188 2742 5255 prupltetze
2767 5185 3112 5258 :ACIII'I'aIIIIIS.
3138 5178 3448 5258 Carminius,
3480 5178 3604 5258 quia
3642 5179 3694 5226 in

2129 5246 2333 5316 domum
2384 5246 2482 5311 Dei
2520 5246 2733 5321 ibimus,
2763 5256 3052 5309 Curi-amns
3072 5291 3087 5314 ,
3119 5259 3184 5323 et
3202 5264 3305 5301 non
3335 5246 3695 5323 fatigabiinur,

2129 5315 2248 5395 quia
2284 5332 2407 5385 illuc
2438 5315 2830 5380 veniemusvubi
2865 5339 2969 5395 non
2996 5320 3333 5395 lassabituur,
3354 5315 3495 5395 quod
3524 5315 3680 5367 dicit:

2134 5387 2352 5454 Lanatus
2381 5415 2491 5452 sum
2508 5400 2559 5450 in
2590 5399 2668 5449 his
2694 5411 2806 5465 qua:
2827 5394 2963 5445 dicta
2988 5389 3259 5465 sunt‘milii
3287 5388 3354 5465 ab
3385 5387 3526 5465 ipsis
3539 5399 3695 5461 mon:

2132 5474 2290 5525 tibus.
2319 5471 2626 5529 Curratnus,
2656 5454 2950 5525 curramus,
2975 5472 3078 5513 etc.
3106 5461 3233 5524 Quae
3274 5458 3467 5529 domus
3491 5454 3697 5529 Domini

2131 5558 2231 5594 non
2252 5552 2330 5593 est
2359 5555 2512 5591 manu
2544 5525 2700 5605 facta,
2732 5536 2821 5587 sed
2865 5542 3054 5605 (eterna
3108 5545 3160 5605 in
3186 5597 3197 5605 _
3218 5526 3377 5605 caelis.
3434 5525 3496 5605 Ιςὶι
3541 5525 3691 5605 (μωρᾷ

2130 5592 2397 5679 quaereret
2444 5592 2560 5679 quae
2607 5592 2822 5679 estmille
2848 5597 3226 5679 _domus,dicit
3248 5592 3689 5679 Jerusalemxgubj

2135 5664 2383 5733 Dominus
2404 5719 2419 5743 ,
2457 5664 2545 5745 qui
2582 5675 2817 5745 condidit
2848 5674 3012 5745 ipsam
3039 5672 3331 5745 civitatein,
3364 5676 3452 5745 est
3496 5664 3702 5745 delicia;

2132 5728 2487 5805 ’ἰιῖ
2516 5728 2581 5801 ea
2631 5728 2997 5798 habitantium.
3043 5738 3139 5792 llic
3194 5752 3339 5804 spes,
3387 5735 3455 5786 ibi
3489 5748 3592 5795 res,
3636 5728 3702 5783 ad
