4026 6200
474 261 616 317 1095

1083 387 1433 426 εκΙδιΑΝΑτεο.

541 467 808 536 Supplicat
841 463 1086 532 propheta
1119 464 1328 536 utintrr
1354 474 1496 536 artus
1544 463 1669 516 istos
1706 466 1991 517 mundat-os
2020 481 2051 517 a

468 532 677 591 diversis
730 534 967 587 liberetur
1011 533 1283 587 erroribus.
1342 532 1517 586 Prima
1556 536 1775 588 sectione
1802 538 2050 599 propheta

473 608 746 660 Dominum
773 614 938 669 rugat,
981 615 1032 655 ut
1060 604 1170 675 ejus
1196 605 1440 655 audiatur
1465 608 1647 663 oratio,
1678 606 1987 675 subjungens
2018 622 2050 657 a

465 679 646 745 quibus
690 691 741 725 se
784 675 1010 745 maxime
1059 674 1264 727 liberari
1310 676 1426 726 velit
1480 675 1752 727 erroribus.
1809 675 2050 745 Secunda

465 744 602 815 eligit
632 761 683 796 se
712 761 742 793 a
761 744 904 809 jule
930 744 1097 815 argui,
1142 760 1354 815 quanta
1390 755 1645 809 peccatore
1675 744 1900 805 laudari,
1928 762 2049 815 sup-

470 814 663 882 plicans
686 824 739 864 ut
761 814 1076 864 custodiatur
1097 828 1127 863 a
1154 814 1344 882 laqueis
1362 825 1691 881 peccatorum,
1714 817 1833 884 quia
1851 814 2048 868 nullant

464 903 518 938 se
548 900 949 936 communtoinm
983 901 1093 933 eum
1126 885 1195 935 eis
1227 890 1407 936 habire
1436 894 1666 939 testatur.

936 973 996 1025 IN
1039 973 1156 1025 I’SA
1171 973 1360 1027 LMUM
1404 975 1584 1028 CXLI.

515 1063 825 1118 Intellectus
856 1063 1045 1126 David,
1078 1079 1197 1115 eum
1230 1076 1371 1118 esset
1406 1066 1457 1118 in
1488 1068 1765 1134 spelunca,
1798 1066 1991 1120 oratio.

1064 1169 1444 1209 ARGUMENTUM.

531 1250 737 1303 Titulus
786 1248 1100 1303 manifestus
1151 1258 1234 1302 est
1284 1250 1351 1302 de
1398 1249 1587 1303 David.
1643 1250 1827 1303 Potest
1874 1260 1929 1304 et
1978 1250 2046 1303 ab

463 1320 690 1375 Electria
716 1322 939 1373 obsesso
968 1319 1143 1372 dictus
1174 1320 1362 1385 accipi.

1076 1425 1404 1467 EXPLANATIO

539 1497 724 1561 David,
748 1500 807 1550 ob
839 1498 1015 1552 Saulis
1035 1500 1264 1569 insidias,
1291 1499 1558 1569 profugus,
1582 1515 1697 1551 cum
1722 1499 1773 1551 in
1801 1500 2044 1566 spelunca

465 1569 664 1633 lateret,
699 1570 875 1633 oravit,
907 1570 1148 1634 quoniant
1182 1564 1728 1622 Dominum-Christum
1760 1572 1810 1621 in
1831 1564 2045 1632 corpore

462 1648 584 1691 ante
609 1640 893 1705 passionem
939 1655 1081 1691 suam
1115 1638 1433 1705 signiﬁcabat
1462 1656 1568 1691 esse
1595 1643 1868 1705 facturum.
1906 1639 2042 1693 Nam

462 1726 577 1761 cum
608 1710 721 1760 huic
749 1710 966 1761 orationi
998 1710 1269 1760 intellectus
1320 1710 1663 1775 praemittitur,
1723 1711 2041 1778 signiﬁcatur
2077 1721 2117 1778 Β

463 1779 769 1831 intellexisse
796 1779 958 1830 David
987 1780 1426 1847 interiangustias,
1450 1792 1497 1832 et
1520 1781 1655 1847 fuget:
1676 1796 1781 1831 sua:
1800 1780 2041 1843 latebras,

495 1848 748 1900 uiu'resset
782 1849 1083 1900 Dominusa
1109 1846 1309 1899 Jndtris
1361 1846 1642 1914 passurus,
1697 1859 1743 1901 et
1792 1852 2047 1915 quomodo

511 1929 667 1969 atrem
688 1929 979 1985 rogaturus.
1015 1915 1187 1969 I’rima
1215 1927 1356 1982 parte
1382 1916 1627 1971 Dominus
1652 1919 1835 1970 clamat
1858 1922 1923 1970 ad
1943 1917 2050 1970 Pa-

462 1998 612 2048 trem,
642 1989 886 2049 nefandos
918 1987 1064 2039 dolos
1080 1988 1271 2057 judicii
1296 1990 1614 2057 perfectionis
1644 2005 1917 2057 exponens.
1952 1990 2049 2043 Se-

464 2060 631 2108 cunda
683 2058 885 2109 liberari
925 2073 978 2109 se
1021 2058 1081 2108 de
1118 2073 1320 2109 carcere
1348 2058 1533 2124 inferni
1563 2061 1879 2127 deprecatur,
1912 2077 2050 2125 quo.-

465 2128 602 2199 niam
635 2128 862 2199 omnium
896 2139 1188 2179 sanctorum
1233 2128 1362 2195 ﬁdes
1419 2130 1469 2180 in
1520 2129 1630 2199 ejus
1720 2132 2050 2183 :surrectione

464 2196 729 2265 pendebat.

927 2286 990 2340 IN
1033 2285 1351 2341 PSALML‘M
1392 2285 1591 2341 CXLII.

548 2379 788 2432 l’salmus
817 2378 1004 2448 David,
1054 2382 1267 2445 quando
1312 2380 1729 2448 persequebatur
1772 2395 1893 2435 eum
1943 2380 2051 2433 Ab-

467 2450 637 2505 salom
672 2448 809 2502 lilius
838 2447 974 2518 ejus.

1063 2556 1438 2597 ARGUNBNTUB.

539 2632 746 2686 Titulus
775 2641 994 2700 apertus
1025 2641 1106 2684 est
1158 2648 1183 2682 τι
1228 2632 1389 2683 David
1418 2640 1601 2685 contra
1636 2632 1884 2685 AbSalom
1938 2633 2045 2700 agi.

472 2702 656 2757 Potest
702 2710 758 2756 et
804 2703 873 2756 ab
927 2702 1149 2758 ltiCt‘Itla
1207 2713 1390 2753 contra
1438 2702 1737 2756 Sentiat-bet
1755 2703 1805 2756 ib
1848 2703 2048 2756 dictum

464 2772 708 2841 intelligi.
900 2792 903 2793 ν

1087 2876 1434 2915 ειηληλτιο.

539 2954 766 3008 Historia
806 2954 1009 3021 quidem
1039 2956 1144 3005 Iia'c
1169 2968 1343 3022 regum
1381 2952 1593 3006 lectione
1632 2954 1894 3007 notissima
1923 2964 1997 3007 est
2031 2998 2046 3023 ,

468 3024 631 3078 David
660 3042 692 3075 a
732 3026 840 3090 ﬁlio
891 3031 1241 3087 rersecutum;
1282 3037 1395 3088 qua:
1432 3024 1733 3087 similitudo,
1759 3036 1811 3075 ut
1838 3026 2044 3091 quidam

464 3094 658 3151 volunt.
690 3096 757 3144 ad
785 3110 982 3146 omnem
1014 3093 1293 3161 porrigitur
1324 3092 1674 3145 Christianum
1713 3097 1801 3159 qui
1829 3096 2046 3158 peccatis

463 3165 786 3218 saevientibus
824 3174 1060 3230 tauquam
1090 3180 1122 3215 a
1163 3163 1284 3227 [iliis
1331 3163 1554 3231 propriis
1597 3164 1648 3215 in
1680 3164 1859 3215 mundi
1902 3166 2046 3217 istius

463 3236 728 3287 acerbitate
756 3243 1005 3297 vexatur;
1036 3234 1124 3284 sed
1150 3242 1324 3284 contra
1350 3234 1460 3284 ha'c
1485 3234 1745 3300 pteuitudo
1791 3235 2047 3285 remedia-

465 3304 552 3369 lis,
581 3320 732 3370 quant
777 3306 858 3356 hic
912 3304 1138 3371 psalmus
1186 3303 1428 3359 Continet,
1479 3305 1776 3369 apponitur.
1808 3300 2049 3368 Quamvis

468 3374 713 3444 propheta
744 3374 925 3425 multos
959 3372 1263 3436 paenitentia
1290 3374 1510 3444 psalmos
1556 3374 1843 3441 scripserit,
1879 3384 2048 3427 tamen

466 3442 715 3513 quantum
757 3444 1140 3511 compunctione
1185 3444 1349 3493 cordis
1380 3442 1593 3511 aﬂicitur
1619 3486 1632 3506 ,
1678 3453 1729 3494 ut
1775 3444 2048 3497 salubriter

470 3512 785 3566 examinatus
819 3554 833 3575 ,
893 3515 1071 3564 divinis
1123 3512 1363 3562 mundior
1425 3522 1688 3579 appareret
1742 3515 2043 3579 aspectibus.

472 3582 648 3637 Prima
692 3583 863 3650 itaque
908 3582 1257 3652 deprecatione
1295 3592 1437 3648 rogat
1466 3582 1737 3633 Dominum
1761 3582 2043 3648 Christum,

470 3670 532 3706 ne
559 3669 672 3706 cum
704 3669 845 3706 servo
867 3669 958 3704 suo
982 3652 1097 3704 relit
1128 3652 1259 3702 inire
1285 3652 1555 3715 iudicium,
1579 3655 1666 3704 sed
1685 3652 2047 3716 perturbationi

466 3739 572 3776 sua:
600 3723 998 3775 misericordiam
1028 3721 1184 3790 ipsius
1212 3721 1468 3786 supplicat
1498 3723 1778 3773 subvenire.
1804 3723 2043 3774 Secunda

467 3793 699 3846 velociter
730 3793 982 3856 pervenire
1012 3789 1065 3843 se
1114 3792 1232 3856 petit
1278 3789 1343 3840 ad
1384 3791 1598 3853 veniam,
1629 3802 1679 3842 ut
1712 3791 1953 3845 deductus
1993 3793 2044 3845 in

465 3864 597 3917 viain
615 3862 858 3928 veritatis,
883 3863 945 3915 ab
973 3862 1294 3913 inimicorum
1324 3859 1561 3914 liberetur
1590 3860 1810 3914 insidiis.

911 3968 975 4023 IN
1020 3966 1338 4023 PSALMUII
1379 3967 1602 4022 CXLIII.

752 4061 995 4115 Psalmus
1023 4058 1205 4123 David,
1238 4059 1493 4113 adversus
1518 4059 1754 4115 Goliath.

1066 4166 1443 4205 ARGUIIEKTUM.

543 4243 695 4300 Hunc
733 4255 940 4311 quoque
979 4244 1238 4306 psalmum
1280 4242 1392 4309 ipse
1440 4243 1624 4296 titulus
1668 4245 1910 4311 exponit,
1945 4260 2042 4300 nec

474 4316 651 4369 minus
691 4313 849 4366 etiam
883 4312 1125 4365 Ezechiae
1163 4316 1447 4372 gratiarum
1486 4314 1627 4365 actio
1667 4317 2034 4380 pranentlitur,

468 4386 537 4439 de
584 4383 861 4437 obsidione
903 4395 957 4435 et
992 4382 1059 4435 de
1101 4381 1407 4433 inﬁrmitate
1446 4383 1654 4438 salsati.
1705 4384 1895 4449 Aliter,
1932 4401 2029 4438 vos

468 4453 721 4510 Ecclesiae
759 4452 1012 4505 adversus
1037 4450 1302 4505 diabolum
1343 4462 1396 4504 et
1426 4452 1684 4506 satellites
1714 4453 1850 4521 ejus.

1086 4556 1434 4596 ειΡιΑΝΔτιο.

534 4630 741 4685 Bellum
790 4630 927 4700 istud
958 4628 1257 4681 Davidicum
1283 4631 1350 4681 ad
1379 4632 1746 4700 designandum
1788 4641 2039 4687 certamen

478 4713 550 4755 est
596 4700 798 4753 Domini
822 4698 1009 4753 Christi
1038 4701 1332 4767 permissum
1360 4742 1374 4761 ,
1419 4698 1644 4753 ut'sicut
1693 4705 1783 4754 iste
1827 4704 2041 4767 gloriam

472 4772 698 4833 Goliath,
714 4771 798 4838 qui
818 4770 1104 4832 revelatus,
1122 4772 1222 4821 sive
1239 4772 1492 4837 transmig
1502 4786 1643 4834 rans,
1658 4772 2038 4838 interpretatur,

470 4841 612 4911 saxei
638 4841 719 4892 teli
742 4840 1064 4911 dimicatione
1093 4841 1396 4911 prostravit,
1438 4841 1510 4891 ita
1542 4857 1629 4906 per
1659 4853 1871 4905 petram,
1903 4846 2040 4911 quod

471 4919 542 4978 est
590 4909 834 4961 Dominus
864 4907 1090 4978 Christus
1123 4950 1136 4972 ,
1178 4910 1422 4978 fortitudo
1461 4911 1712 4962 diabolica
1742 4907 2037 4969 vinceretur.

473 4977 599 5049 Post
628 4980 1019 5045 interfectionem
1044 4977 1270 5041 Gctiath,
1319 4980 1369 5031 in
1411 4980 1576 5045 prima
1611 4991 1751 5049 parte
1794 4986 2040 5049 prapheta

473 5048 693 5102 Domino
720 5050 911 5117 gratias
937 5049 1039 5114 agit
1072 5050 1260 5114 peracti
1291 5049 1405 5100 belli
1436 5048 1726 5103 disct'imine
1754 5048 1808 5103 se
1848 5054 2037 5105 libera-

471 5130 600 5184 tum,
642 5118 916 5185 deprecans
964 5126 1014 5167 ut
1061 5118 1157 5169 cito
1196 5117 1399 5170 Domini
1437 5120 1719 5171 declaretur
1747 5122 1990 5175 adventus
2019 5162 2035 5185 ,

471 5205 559 5257 per
579 5204 718 5257 quem
743 5187 974 5238 diabolus
1003 5188 1162 5239 victus
1183 5198 1279 5257 est,
1318 5199 1361 5239 et
1391 5190 1673 5257 spiritualis
1712 5188 1876 5241 Israel
1914 5191 2039 5243 libc-

472 5256 633 5311 ratus.
668 5257 909 5311 Secunda
941 5258 988 5307 in
1022 5273 1148 5308 novo
1186 5268 1232 5309 et
1272 5256 1433 5327 Veteri
1462 5256 1763 5310 Testameuti
1793 5263 2041 5327 pmphetu

471 5345 524 5380 se
552 5328 769 5381 Domino
795 5328 1005 5396 psallere
1027 5328 1291 5396 promittit,
1332 5326 1569 5379 liberatus
1599 5344 1631 5379 a
1674 5332 1899 5396 pessimis
1939 5333 2036 5383 ini-

472 5398 632 5461 micis,
658 5399 741 5466 qui
774 5395 1128 5449 beatitudinem
1158 5414 1300 5448 suam
1344 5398 1396 5448 in
1437 5400 1606 5450 stvculi
1635 5395 1775 5450 usu.
1800 5399 2039 5465 felicitate

472 5476 765 5535 posuerunt,
791 5467 903 5519 illos
929 5469 1088 5517 solttm
1119 5467 1287 5520 beatos
1318 5482 1421 5519 esse
1443 5468 1707 5532 deﬁniens,
1728 5485 1942 5529 quorum
1964 5482 2038 5523 est

474 5537 725 5606 Dominus
756 5536 890 5589 Deus
917 5551 1107 5588 eorum.
1161 5536 1459 5589 Notandum
1489 5546 1657 5589 autem
1700 5540 1836 5606 quod
1877 5539 2036 5591 inter-

471 5605 686 5671 fectione
733 5606 936 5658 Goliath
984 5617 1258 5657 ulemorata
1286 5646 1299 5670 ,
1344 5606 1492 5675 quasi
1534 5605 1743 5673 quidam
1792 5609 2039 5664 terminus

475 5677 747 5728 mundanis
771 5685 847 5728 est
876 5676 1022 5729 rebus
1059 5678 1338 5745 appositus.
1358 5674 1363 5675 7
1384 5674 1558 5745 Neque
1599 5678 1729 5731 enim
1759 5688 1869 5747 post
1908 5679 2037 5731 hunc

975 259 1177 315 BEDA’.
1222 260 1667 318 VENLRABILIS
1707 262 1854 318 OPP.
1899 262 2044 317 PAR!

2148 262 2177 316 I.
2214 263 2404 319 SECT.
2450 265 2509 319 ΙΙ.
2560 296 2628 310 -ν
2662 267 2863 322 DUllIA
2909 268 2994 321 ET
3037 269 3302 325 SPUIIIA.

2088 380 2131 435 A
2162 375 2359 443 aliquid
2388 388 2474 429 aut
2503 379 2566 429 de
2596 377 2836 431 Ecc-‘esiw
2855 378 3115 432 laboribus
3140 422 3155 443 ,
3185 392 3273 433 aut
3300 382 3363 433 de
3392 388 3740 443 amaritudine

2071 3064 2118 3126 C

3604 280 3738 334 H196

2149 449 2323 501 δαιτυΙὶ
2350 487 2365 509 ,
2420 458 2507 499 aut
2554 450 2618 501 de
2646 450 2970 502 tribulatione
3000 454 3367 515 paenitentiam,
3390 466 3477 505 aut
3499 457 3563 508 de
3588 460 3739 511 Anti.

2150 518 2324 572 chriin
2350 518 2754 593 abominationes
2788 532 3064 593 narratur;
3093 522 3182 573 sed
3209 523 3390 586 reliqui
3427 536 3612 593 septem
3639 568 3655 591 ,
3684 533 3739 583 in

2149 605 2415 661 magnum
2441 588 2734 661 mysterium
2778 590 2977 661 divinis
3010 594 3273 656 praeconiis
3316 588 3499 661 aptati,
3546 588 3739 653 ctelesti

2150 658 2341 727 gaudio
2372 659 2607 712 videntur
2633 675 2741 710 esse
2772 660 2887 726 plen
2911 660 3071 713 ωἱηιὶ.

2595 765 2661 819 ΙΝ
2704 766 3021 823 PSALMUM
3063 769 3289 824 CXLIV.
3360 763 3371 773 ’

2644 857 2903 910 Laudatio
2930 859 3030 927 ipsi
3061 860 3241 919 David.

2747 962 3131 1005 ARGUMENTUI.

2220 1018 2298 1072 Ex
2334 1032 2565 1092 persona
2596 1017 2810 1092 canitur
2842 1020 3017 1085 potiuli
3064 1026 3132 1072 tle
3155 1024 3469 1090 captivitate
3499 1026 3731 1092 liberati.

2146 1089 2419 1141 admirans
2449 1088 2537 1141 Dei
2569 1088 2881 1156 potentiam,
2911 1100 2965 1141 et
2993 1094 3198 1156 agentis
3219 1088 3414 1157 gratias
3454 1088 3733 1153 benelit-iis

2147 1158 2266 1227 ejus
2304 1162 2389 1225 qui
2435 1161 2684 1211 omnibus
2729 1159 2778 1229 in
2827 1161 3169 1215 tribulatione
3213 1165 3400 1229 positis
3450 1168 3736 1224 subvenire

2145 1238 2337 1283 soleat.
2370 1229 2562 1291 Aliter,
2594 1243 2693 1281 vox
2724 1228 2977 1283 Ecclesia:
3006 1232 3070 1282 ad
3100 1228 3393 1287 Christum.

2767 1335 3100 1378 EXPLANATIO

2218 1409 2394 1487 Qua'ri
2421 1418 2581 1487 potest
2610 1425 2775 1487 quare,
2794 1412 2971 1464 titulus
2996 1414 3076 1487 hic
3104 1414 3427 1484 singulariter
3455 1422 3733 1487 contineat,

2147 1478 2405 1555 Lattdtttio
2435 1481 2551 1555 ipsi
2610 1481 2823 1555 Παρία,Δ
2847 1498 2961 1555 cum
2989 1483 3039 1534 itt
3069 1478 3299 1555 omnibus
3324 1490 3533 1553 psalmis
3572 1478 3737 1555 ipsius

2148 1550 2366 1623 David,
2410 1551 2519 1623 hoc
2550 1561 2622 1603 est
2674 1549 2883 1623 Domini
2921 1550 3146 1618 Christi,
3180 1549 3344 1623 gloria
3390 1549 3737 1622 pra'dicetur.’

2149 1621 2266 1697 sed
2291 1618 2372 1674 hic
2402 1622 2515 1697 ideo
2548 1621 2824 1697 districtior
2851 1622 3129 1697 duriorque
3158 1618 3319 1691 posita
3344 1618 3439 1691 est,
3464 1632 3570 1697 qni,
3596 1650 3736 1687 corn-

2145 1691 2293 1766 pletis
2310 1692 2539 1766 omuibus
2560 1691 2738 1766 quibus
2768 1690 2990 1766 humana
3010 1690 3302 1766 ignorantia
3344 1690 3509 1766 fuerat
3540 1690 3734 1755 instrue

2150 1712 2293 1758 ptatts
2310 1712 2539 1743 omnibus
2560 1712 2738 1758 ququ
2768 1712 2990 1745 uumuna
3010 1712 3302 1814 ignorantia
3344 1712 3509 1766 fuerat
3540 1714 3729 1755 instrue

2150 1764 2303 1840 enda,
2317 1776 2447 1840 nunc
2472 1763 2539 1813 ad
2564 1761 2674 1812 sola
2698 1763 2990 1840 praecipitur
3068 1766 3225 1840 omini
3249 1783 3429 1840 vocare
3454 1775 3729 1840 pra-conia,

2151 1846 2264 1897 qua:
2285 1832 2462 1909 laudes
2487 1870 2502 1893 ,
2544 1842 2751 1910 propter
2792 1832 2952 1899 futuri
2978 1837 3155 1887 steculi
3186 1832 3463 1910 Sabbatuni
3492 1841 3567 1905 (ut
3591 1832 3731 1910 reor;

2149 1901 2432 1973 septenario
2460 1901 2773 1973 psalmorum
2795 1918 3005 1955 numero
3023 1912 3141 1956 sunt
3168 1901 3553 1973 comprehensis.
3584 1901 3732 1965 Beati

2150 1973 2306 2035 enim,
2332 1971 2426 2033 ait,
2458 1970 2545 2037 qui
2574 1971 2798 2023 habitant
2834 1973 2887 2023 in
2916 1974 3066 2025 domo
3090 1984 3201 2037 tua,
3229 1970 3461 2037 Domine.
3489 1982 3540 2031 in
3564 1996 3734 2034 sacu-

2150 2039 2272 2115 ζιιηιΔ
2297 2040 2474 2115 seaculi
2521 2041 2801 2115 laudabunt
2833 2051 2896 2093 te.
2934 2041 2997 2095 Et
3028 2044 3110 2095 hic
3143 2056 3312 2097 autem
3348 2050 3574 2115 psalmus
3621 2051 3733 2103 He-

2151 2109 2272 2185 brtei
2300 2109 2555 2177 alpltabeti
2587 2112 2813 2185 ordinem
2859 2127 2948 2181 per
2989 2128 3224 2185 versuum
3270 2109 3440 2180 capita
3487 2123 3733 2185 custodit,

2150 2180 2203 2231 in
2233 2195 2333 2245 quo
2365 2190 2529 2232 tamen
2558 2181 2836 2232 notandum
2862 2180 2876 2243 ,
2916 2185 3035 2249 quia
3066 2183 3190 2236 Non
3225 2186 3389 2239 littera
3417 2190 3469 2239 in
3501 2180 3735 2247 Ilebrteis

2152 2250 2491 2327 voluminibus
2515 2267 2615 2301 non
2659 2251 2873 2327 habetur
2902 2256 3030 2305 :sed
3052 2270 3082 2304 a
3105 2256 3445 2327 Septugginta
3481 2259 3736 2327 interpre.

2150 2320 2281 2372 tibus
2331 2319 2509 2371 addita
2556 2322 2774 2373 continet
2808 2322 2943 2375 hunc
2976 2319 3192 2389 versum,
3244 2319 3439 2379 Fidelis
3480 2319 3736 2386 Dominus

2150 2390 2203 2440 in
2241 2390 2472 2441 omnibus
2499 2391 2817 2444 sermonibus
2863 2394 2968 2445 suis
2995 2432 3008 2455 ,
3053 2408 3099 2447 et
3155 2409 3359 2448 sanctus
3392 2398 3444 2449 in
3487 2401 3734 2455 universis

2159 2460 2397 2537 operibus
2424 2458 2829 2537 suissLaudalio
2869 2464 3075 2537 Christi,
3104 2480 3279 2537 qutea
3316 2464 3571 2537 Propheta
3607 2487 3734 2537 pro-

2153 2530 2316 2591 posita
2346 2539 2441 2591 est,
2489 2532 2651 2583 tribus
2687 2534 3070 2586 narrationibus
3097 2530 3623 2599 explicattir.'l’riiita
3653 2552 3733 2596 est

2151 2600 2319 2670 laudis
2349 2600 2458 2664 eius
2496 2602 2697 2668 infinita
2732 2604 3020 2670 promissio.
3051 2604 3287 2657 Secunda
3349 2607 3467 2660 dicit
3519 2609 3731 2664 laudent

2152 2668 2361 2744 Domini
2401 2686 2574 2723 novem
2609 2668 2788 2744 modis
2826 2688 2931 2724 esse
2963 2678 3321 2739 peragendam.
3374 2676 3547 2729 Tertia
3588 2692 3734 2744 parte

2149 2755 2299 2818 quam
2342 2741 2394 2791 in
2417 2740 2652 2818 secunda
2694 2746 2756 2791 de
2795 2744 3263 2818 prwconio-lihristi
3293 2745 3514 2818 breviter
3543 2740 3733 2818 propov

2150 2810 2274 2873 suit,
2303 2811 2457 2875 paulo
2487 2810 2638 2885 latius
2676 2822 2827 2885 atque
2864 2813 3143 2885 evidentius
3184 2816 3446 2881 explanat,
3474 2820 3523 2869 in
3543 2810 3551 2812 ﬁ
3571 2810 3731 2885 ﬁdem

2148 2893 2473 2930 conintonens
2511 2880 2572 2930 ab
2613 2882 2748 2932 omni
2789 2896 2941 2934 carne
2969 2880 3256 2937 Dominum
3284 2886 3461 2938 debere
3498 2880 3725 2943 laudari.

2152 2945 2337 2998 Prima
2366 2964 2484 3010 ergo
2529 2949 2708 3001 divisio
2739 2952 2957 3003 continet
2992 2955 3218 3017 prtrdicti
3249 2956 3507 3020 alphabeti
3532 2959 3727 3017 litteras

2149 3025 2275 3084 tres,
2308 3023 2530 3073 secunda
2559 3029 2797 3087 quatuor,
2828 3022 2972 3073 tertia
2997 3024 3377 3089 quatuordecim

2600 3132 2662 3185 ΙΝ
2707 3133 3027 3216 I’SALML’M
3069 3134 3272 3191 CXLV.

2508 3224 2734 3279 Alleluia
2766 3227 2944 3294 Agng
2972 3237 3026 3281 et
3054 3228 3347 3289 Zachariae.

2753 3334 3134 3373 ARGUMENTUM.

2221 3386 2452 3454 Populus
2475 3388 2542 3440 de
2572 3387 2843 3453 Babylone
2873 3391 3131 3453 salvatus,
3168 3391 3418 3446 beneﬁcia
3453 3395 3503 3446 in
3538 3408 3599 3451 se
3628 3396 3721 3451 Det

2147 3455 2235 3535 ab_
2264 3457 2414 3510 initio
2468 3467 2874 3511 commemorat.
2933 3459 3123 3526 Aliter,
3156 3476 3256 3515 vox
3301 3464 3497 3517 Christi
3533 3469 3598 3518 ad
3628 3485 3721 3535 po-

2151 3526 2351 3593 pulum.

2764 3614 3112 3655 εκνιΑΜτιο.

2221 3688 2524 3742 Memoriam
2560 3689 2835 3743 Dominicw
2864 3691 3054 3754 laudis,
3102 3708 3257 3759 quam
3300 3696 3615 3756 prazcedente
3658 3699 3722 3750 ti-

2148 3761 2255 3834 tulo
2282 3760 2719 3834 latineposuerat,
2754 3778 2891 3834 nunc
2920 3766 2986 3812 ad
3012 3768 3274 3817 cumulum
3298 3768 3524 3834 ejusdem
3552 3768 3721 3821 laudis

2148 3830 2353 3881 llebrazi
2383 3832 2593 3882 alleluia
2631 3832 2785 3883 voluit
2817 3841 3146 3897 augmentare
3183 3830 3426 3887 vocabulo
3451 3878 3465 3900 ,
3514 3844 3719 3900 rapiens

2146 3900 2395 3966 propheta
2426 3903 2599 3952 laudes
2632 3901 2836 3955 Dontini
2865 3917 2927 3952 ex
2952 3911 3055 3954 toto
3077 3905 3229 3955 corde
3241 3905 3518 3958 decantari.
3539 3905 3718 3959 Primo

2147 3971 2377 4050 ingressu
2409 3971 2533 4050 dicit
2573 3973 2623 4021 in
2657 3972 2952 4050 boittinibus
2972 3974 3177 4050 minime
3218 3976 3565 4050 confitendum
3589 4015 3605 4038 ,
3658 3994 3720 4029 ne

2146 4040 2342 4104 aliquid
2379 4040 2442 4093 ab
2472 4056 2531 4092 eo
2561 4051 2815 4107 peteretur
2851 4043 3035 4107 tepide,
3084 4045 3127 4095 si
3172 4054 3219 4097 et
3264 4046 3398 4097 alius
3426 4048 3718 4099 crederetur

2146 4125 2292 4182 posse
2333 4120 2593 4182 praestare.
2639 4111 2876 4165 Secundo
2921 4114 3216 4179 pronuntiat
3269 4125 3422 4167 totam
3467 4132 3610 4182 spem
3664 4118 3716 4168 in

2146 4180 2485 4247 omnipotente
2516 4180 2733 4233 Domino
2760 4185 3132 4249 reponendum,
3164 4192 3209 4236 et
3244 4198 3356 4236 cum
3380 4186 3446 4239 sit
3475 4180 3569 4237 iste
3608 4184 3697 4237 Do-

2142 4250 2329 4309 minus.
2357 4266 2420 4303 εκ
2444 4253 2589 4316 factis
2616 4253 2718 4303 suis
2748 4252 3085 4315 pulcherrime
3111 4256 3375 4320 delinitur,
3420 4264 3478 4307 ut
3512 4256 3711 4322 gentili-

2143 4325 2221 4391 tas
2261 4329 2362 4372 tam
2392 4321 2641 4391 frequenti
2668 4322 2865 4374 ratione
2899 4323 3123 4381 convicta
3168 4340 3361 4383 errores
3403 4321 3526 4377 suos
3573 4325 3713 4390 ﬁdeli

2060 4414 2115 4474 Β
2142 4390 2405 4443 devotione
2432 4392 2700 4456 relinquat.

2586 4483 2648 4536 ΙΝ
2690 4482 3011 4538 ρεμιωιωι
3053 4483 3279 4545 CXLVI.

2804 4574 3048 4627 Alleluia.

2733 4679 3115 4722 ARGUIENTUI.

2209 4754 2445 4821 Populus
2486 4754 2742 4808 liberatus
2785 4757 2850 4808 ad
2899 4758 3216 4810 laudandum
3247 4757 3411 4813 Deum
3444 4758 3701 4815 hortatur.

2141 4826 2326 4897 Aliter,
2355 4840 2454 4877 vox
2486 4824 2737 4880 Ecclesia:
2763 4838 2815 4878 et
2839 4831 3201 4892 apostolorum
3226 4832 3290 4881 ad
3323 4832 3590 4883 novellum
3614 4846 3708 4897 po-

2138 4895 2345 4961 pulum.

2748 4982 3104 5021 EXPLANATIO.

2215 5051 2381 5105 Verba
2412 5054 2547 5107 tituli
2587 5055 2667 5108 sui
2693 5058 2996 5123 subsequens
3034 5064 3202 5110 textus
3239 5057 3467 5123 exponit,
3497 5055 3711 5110 alleluia

2138 5124 2385 5192 siquidem
2415 5126 2669 5192 signiﬁcat
2700 5124 2906 5176 laudate
2948 5125 3243 5178 Dominum.
3279 5124 3510 5192 Denique
3534 5130 3709 5191 quinta

2137 5193 2293 5265 editio
2326 5195 2509 5265 psalmi
2549 5193 2704 5264 hujus
2732 5197 2930 5265 initium
2959 5196 3030 5248 ita
3059 5198 3224 5260 posuit
3248 5211 3267 5247 :
3295 5196 3524 5248 Laudate
3542 5200 3660 5265 jam
3686 5235 3703 5254 .

2136 5264 2192 5314 id
2216 5273 2309 5327 est,
2341 5262 2632 5328 Dominum,
2657 5265 2774 5330 quia
2822 5262 2885 5315 la
2927 5282 3082 5315 unum
3112 5281 3173 5316 ex
3208 5269 3379 5317 decem
3422 5262 3707 5319 nominibus

2138 5330 2235 5385 Dei
2262 5334 2584 5401 intelligitur,
2623 5349 2739 5401 qua:
2780 5332 3121 5403 Hieronymus
3160 5337 3226 5388 ad
3255 5334 3553 5389 Marcellam
3580 5336 3707 5386 seri-

2138 5402 2276 5464 bens,
2301 5405 2373 5455 ita
2404 5413 2765 5456 commemorat
2792 5417 2809 5455 .'
2839 5402 3070 5457 Primum
3111 5421 3292 5459 nomen
3325 5418 3399 5458 est
3458 5405 3599 5465 Heli.
3648 5406 3704 5458 id

2138 5482 2230 5536 est,
2268 5473 2434 5542 fortis.
2471 5472 2666 5542 Deinde
2708 5473 2914 5527 Heloim
2953 5486 3002 5527 et
3048 5472 3233 5537 Helos,
3274 5476 3406 5542 quod
3437 5486 3702 5539 utrumque

2138 5540 2329 5594 dicitur
2360 5540 2519 5612 Deus.
2553 5541 2698 5612 Unde
2719 5545 3024 5612 geminatum
3067 5540 3355 5612 frequenter
3402 5546 3655 5599 invenitur
3683 5583 3701 5605 ,

2138 5623 2191 5663 ut
2219 5623 2290 5665 est
2324 5627 2344 5665 :
2370 5611 2531 5676 Deus,
2578 5611 2902 5678 Deus’meus,
2940 5628 3094 5679 quare
3121 5611 3198 5667 me
3236 5616 3579 5677 dereliquisti;
3611 5624 3657 5664 et
3680 5651 3701 5679 ,

2142 5681 2300 5749 Deus,
2337 5681 2490 5750 Deus,
2522 5687 2587 5735 ad
2620 5692 2667 5735 te
2696 5687 2756 5735 de
2786 5684 2895 5735 luce
2921 5683 3070 5753 vigilo
3096 5722 3110 5747 ,
3139 5695 3184 5735 et
3206 5682 3280 5739 his
3300 5686 3507 5737 similia.
3534 5686 3699 5750 Quar-
