2013 3100
170 175 180 200 Ι
189 175 201 199 (l
207 172 238 199 97

167 236 221 257 tum
241 228 365 261 Sabaoth,
388 227 454 262 quod
478 232 514 254 est
536 226 700 262 exercituum.
719 226 840 262 Quintum
856 226 927 253 lelon
942 248 949 257 ,
967 230 991 257 Α

166 273 242 296 quem
255 273 300 291 nos
313 261 440 291 excelsum
461 262 578 288 dicimus.
597 261 702 288 Sextum
727 261 790 288 Eser
807 261 870 292 tam,
884 262 952 295 quod

167 301 194 326 in
207 300 299 326 Exodo
312 299 416 333 legitur,
429 297 470 331 qui
482 302 518 323 est
528 297 595 322 misit
604 304 653 322 me.
665 296 806 333 Septimum
827 297 928 333 Adonei
944 317 952 328 ,

166 343 240 367 quem
253 342 299 360 nos
314 331 451 360 Dominum
468 333 618 366 generaliter
639 331 811 365 appellamus.
829 331 952 358 Octavum

167 366 208 401 Ia,
221 369 288 402 quod
303 368 355 394 Deo
371 373 469 394 tantum
483 367 637 400 applicatur,
648 373 670 392 et
684 367 711 392 in
723 366 827 392 alleluia
838 372 953 402 extrema

166 401 265 439 syllaba
279 403 483 439 sonat._Nonum
498 406 707 439 tetragramnmm
720 421 727 433 ,
743 402 810 439 quod
824 401 953 439 ineffabile

166 436 335 471 nuncupetur.
359 437 490 464 Decimum
505 437 596 468 Sadai,
613 436 639 461 id
654 441 700 467 est,
720 437 847 462 robustum
861 442 885 462 et
897 437 953 471 suf~

166 474 292 507 ﬁcientem
306 473 340 499 ad
355 473 438 498 omnia
453 472 628 507 perpetranda.
645 471 732 507 l’rimo
747 471 823 497 modo
836 471 952 497 hortatur

166 507 295 543 Propheta
308 508 430 542 populum
443 508 556 543 devotum
571 506 676 543 laudare
690 506 891 543 Dominuiiitqui
906 507 953 533 hu-

166 541 239 570 miles
251 541 323 577 erigit
340 563 346 574 ,
367 548 390 569 et
416 541 583 575 superborum
602 541 667 577 colla
689 541 808 568 concidit.
835 542 953 569 Secundo

165 575 407 605 alacriter‘Domins
422 577 484 603 dicit
507 584 559 603 esse
583 575 765 611 psallendum,
782 577 826 610 qui
848 578 953 611 suppli-

165 614 282 639 cantibus
298 613 418 645 beneﬁcia
447 611 582 645 profutura
611 611 740 643 concedit;
761 612 883 646 quoniam
910 613 951 642 qui

144 660 149 664 ι
165 648 197 675 de
209 649 262 675 suis
278 648 369 675 viribus
383 652 548 682 praesumunt,
564 647 585 672 ei
599 647 699 680 placere
710 650 881 680 nonpossent.

379 693 412 720 IN
433 692 596 720 I‘SALMUM
616 692 740 720 CXLVII.

499 739 623 766 Alleluia.

471 791 658 811 ARGUMENTUM.

202 819 346 853 Aspeciali
360 819 506 854 gratiarum
533 820 638 845 actione
665 825 713 853 pro
735 818 822 846 reditu
850 818 883 845 ad
909 825 954 853 ge-

165 855 282 882 neralem
305 854 350 881 Dei
365 853 475 882 ilaudem
489 854 661 881 convertitur.
677 853 771 886 Aliter,
792 854 890 881 Clu-isti
904 862 953 880 vox

164 890 198 916 ad
218 890 375 917 Ecclesiam.

471 931 647 952 EXPLANA'I‘IO.

200 968 240 994 Ad
254 974 401 995 consuetum
415 969 516 1003 quidem
531 969 643 996 Alleluia
665 969 824 1000 revertimur,
846 969 890 995 sed
905 968 952 994 hoc

163 1003 309 1030 nullatenus
321 1009 432 1037 repetere
447 1004 600 1037 fastidimus,
613 1004 688 1038 cujus
700 1004 766 1030 verbi
778 1008 861 1030 tantus
870 1003 952 1029 honor

162 1043 212 1069 est,
230 1043 258 1064 ut
272 1047 328 1064 cum
348 1040 379 1065 sit
395 1039 421 1064 in
440 1039 546 1065 Hebra'a
567 1039 656 1073 lingua
678 1039 855 1070 reconditum,
879 1038 951 1064 nullo

166 1079 248 1099 tamen
260 1078 359 1100 constat
370 1073 453 1099 alieno
465 1081 576 1099 sermone
589 1073 738 1099 translatum
753 1081 761 1099 :
774 1074 818 1099 sed
828 1073 951 1108 quidquid

163 1109 276 1134 deditum
291 1108 433 1141 Divinitati,
449 1109 596 1142 dignitatem
616 1108 694 1142 hujus
721 1109 830 1134 nominis
846 1109 889 1141 pia
905 1109 951 1135 de-

164 1148 262 1170 votione
277 1148 416 1169 veneratur.
434 1143 523 1169 Primo
536 1144 619 1176 capite
639 1145 763 1177 propheta
786 1142 928 1170 Jerusalem
941 1164 949 1176 ,

163 1178 191 1203 id
204 1182 265 1213 rest,
289 1186 423 1211 supernam
449 1177 588 1213 alloquitur
602 1179 726 1204 civitatem
736 1199 742 1209 ,
756 1182 782 1203 ut
794 1186 884 1204 secura
893 1179 949 1213 jam

162 1212 262 1238 reddita
274 1213 300 1238 in
315 1213 408 1239 civibus
422 1213 475 1239 suis
491 1233 498 1244 ,
515 1212 652 1238 Dominunt
662 1213 721 1247 jugi
734 1212 821 1238 debeat
834 1214 949 1239 exsulta-

163 1247 231 1273 tione
245 1247 360 1275 laudare.
377 1247 496 1274 Secundo
518 1248 630 1281 mysticis
650 1247 844 1274 allocutionibus
872 1248 950 1275 latius

162 1287 302 1317 enumerat,
312 1287 407 1317 quanta
419 1282 513 1317 populo
524 1290 570 1309 suo
586 1283 643 1316 pius
657 1283 788 1309 miseratur
800 1283 947 1310 indulserit.

163 1315 262 1343 Psalmi
287 1315 330 1343 isti
357 1315 510 1344 laudationis
536 1317 618 1344 David
645 1318 680 1344 ita
695 1318 813 1351 dispositi
837 1323 905 1351 sunt,
922 1323 949 1345 ut

161 1351 234 1385 prius
246 1351 277 1378 de
288 1353 420 1386 pi'teceptis
434 1352 512 1378 divini
527 1353 657 1387 praeconii.
675 1358 729 1386 post
741 1353 774 1378 de
787 1353 877 1379 mundi
889 1361 948 1386 per-

162 1386 278 1422 versitate
307 1388 427 1421 fugienda
443 1408 451 1419 ,
478 1388 550 1414 tertio
565 1388 597 1414 de
610 1388 805 1422 congregatione
828 1387 950 1415 Ecclesia

161 1420 297 1456 diceretur.
307 1420 419 1455 Quarto,
432 1423 475 1456 qui
486 1430 552 1448 nunc
564 1422 651 1455 ﬁnitus
659 1420 712 1455 Vest;
724 1422 836 1449 collecta
845 1422 949 1449 Jerusa-

162 1455 209 1491 lem
221 1457 338 1489 praeepit
352 1457 439 1483 laudes
453 1457 554 1483 Domini
567 1458 702 1488 celebrare.
720 1465 786 1491 qute,
802 1458 834 1483 de
845 1457 946 1490 mundi,

160 1490 235 1516 istius
248 1491 351 1517 diversis
370 1491 487 1525 periculis
508 1492 623 1524 liberata,
637 1492 664 1517 in
677 1496 772 1518 (eterna
791 1492 875 1525 requie
898 1500 947 1518 no-

161 1525 242 1560 scitur
257 1528 404 1552 constituta.
428 1526 587 1560 Quapropter
608 1527 684 1552 choro
700 1526 738 1553 illi
754 1527 913 1553 sanctissimo
924 1532 948 1554 et

161 1559 193 1595 de
214 1560 303 1586 mundi
323 1561 435 1594 partibus
451 1559 586 1595 aggregato
602 1562 669 1588 trina
694 1561 820 1588 subnectet
834 1563 947 1588 exsulta-

162 1594 230 1630 tione
243 1591 404 1628 gaude'ndurn
421 1615 428 1626 ,
445 1591 477 1621 ui
484 1591 512 1622 in
527 1591 607 1630 'opere
635 1596 794 1624 sanctissimo
816 1597 948 1625 Trinitatis
963 1591 986 1623 α

161 1629 246 1663 gratia
262 1630 353 1664 ubique
367 1631 488 1664 fulgeret.

369 1675 401 1702 IN
422 1675 584 1703 PSALMUM
604 1676 739 1704 CXLVIII.

493 1722 617 1749 Alleluia.

463 1775 654 1795 ARGUMENTUH.

197 1801 292 1828 Omnis
303 1801 394 1828 mundi
414 1808 536 1829 creatura
553 1804 585 1829 ad
600 1803 760 1830 laudandum
783 1803 865 1830 Deum
883 1811 947 1831 con-

161 1841 281 1863 vocatur.
298 1836 381 1863 Aliter
397 1845 446 1863 vox
464 1838 646 1871 apostolorum
662 1839 694 1865 ad
710 1839 844 1873 populum.

461 1890 640 1909 EXPLANATIO.

198 1915 328 1947 Propheta
349 1924 393 1951 per
410 1925 550 1951 paucarum
571 1918 834 1945 commemorationem
862 1927 947 1945 omnes

159 1957 290 1977 creaturas
305 1952 338 1977 ad
348 1950 452 1978 Domini
464 1952 551 1978 laudes
567 1953 684 1979 hortatur
695 1973 703 1985 ,
715 1954 853 1980 rationales
868 1960 892 1979 et
907 1955 947 1980 in-

162 1986 315 2012 tellectuales
336 1994 380 2020 per
395 1994 438 2018 se;
462 1987 590 2013 intellectu
603 1994 687 2014 autent
697 1988 737 2015 vel
746 1996 819 2014 sensu
833 1994 946 2015 carentes

160 2028 205 2058 per
221 2020 279 2058 illas
294 2021 389 2058 utique,
404 2029 460 2055 quae
473 2030 550 2058 ope_ra
566 2022 667 2049 Domini
682 2024 870 2058 sapientissima
886 2031 945 2050 cou-

159 2056 314 2091 sideratione
333 2056 487 2084 collaudant.
508 2056 597 2083 Prima
618 2064 689 2091 parte
702 2056 812 2085 caelestia
826 2058 948 2085 hortatur

159 2089 194 2115 ad
217 2091 313 2118 laudes.
340 2090 458 2128 Secunda
482 2089 626 2128 ullegoricis
651 2093 824 2120 allusionibus
848 2099 948 2120 terrena

159 2130 299 2151 commonet
320 2130 347 2152 ut
370 2125 508 2153 Dominum
533 2125 625 2154 devota
647 2133 729 2154 mente
753 2128 926 2154 concelebrent
939 2148 947 2162 ,

160 2166 237 2199 uuam
255 2168 359 2186 causam
382 2162 537 2193 probabilem
560 2163 670 2199 utrisque
691 2163 864 2198 subjungens,
887 2164 949 2198 quia

160 2195 264 2227 dignum
275 2199 312 2221 est
325 2201 350 2221 ut
360 2201 477 2222 creatura
490 2205 564 2223 suum
580 2197 667 2224 laudet
680 2195 818 2224 auctorem.

753 169 958 197 CATALOCUS
978 167 1256 197 DIAPSALIIATUM.

1724 168 1791 197 .1098

1219 225 1251 253 IN
1271 225 1433 254 PSALMUM
1452 224 1565 254 CXLIX.

1341 274 1467 303 Alleluia.

1296 328 1486 348 ARGUMENTUM.

1041 365 1153 393 Reversi
1169 366 1202 392 de
1218 366 1353 401 Babylone
1370 368 1469 400 gratias
1484 373 1563 398 agere
1574 365 1714 400 iubentur,
1729 367 1789 401 quia

1004 401 1164 428 obsistentes
1179 401 1228 427 sibi
1245 401 1370 427 ﬁnitimas
1383 406 1486 434 gentes,
1504 401 1558 428 Deo
1572 402 1726 435 adjuvanle.
1742 402 1789 428 de-

1004 437 1126 463 vicerinl.
1140 436 1233 468 Aliter,
1247 444 1296 463 vos
1309 435 1408 463 Christi
1420 436 1453 463 ad
1465 436 1557 463 tidclcs
1567 437 1600 463 dc
1613 437 1701 463 futuro
1716 443 1741 463 et
1756 438 1789 463 de

1003 476 1211 498 I'CSIII'I'BCIIOIIC.

1306 513 1481 533 EXPLANATIO.

1041 551 1098 578 Hoc
1109 560 1198 578 nomen
1220 552 1246 578 in
1268 560 1314 577 usu
1331 551 1422 577 habere
1441 552 1466 578 in
1480 552 1633 577 omnimodis
1645 559 1788 578 commone-

1004 594 1071 618 mur,
1087 588 1188 621 quando
1213 591 1236 612 et
1258 585 1358 621 Novum
1383 586 1464 612 Veteri
1493 586 1651 613 Testamento
1671 586 1790 613 decenter

1004 620 1117 655 aptatur,
1131 626 1154 648 et
1171 620 1247 648 Vetus
1262 620 1345 654 Nova,
1359 622 1402 647 ubi
1413 621 1523 655 Egypti
1536 621 1659 647 miracula
1673 628 1696 647 et
1711 623 1790 648 maris

1004 656 1084 683 Rubri
1093 657 1213 689 beneficia
1221 657 1410 689 describuntur;
1424 657 1496 682 Novo
1507 658 1532 682 in
1547 657 1665 689 praesenti
1675 657 1788 691 psalmo,

1003 699 1053 724 quo
1065 693 1191 718 canticum
1202 699 1293 717 novum
1316 691 1422 718 Domino
1443 697 1545 717 cantare
1553 692 1687 726 jabenmr.
1701 692 1790 717 Prima

1005 726 1129 760 positione
1152 731 1254 761 propter
1275 728 1400 753 canticum
1433 734 1525 753 novum
1554 725 1653 752 Christo
1679 725 1791 753 Domino

1005 761 1109 788 diversis
1125 762 1206 788 modis
1220 762 1280 787 dicit
1293 770 1344 787 esse
1359 762 1530 793 cantandum,
1546 762 1590 795 qui
1608 762 1638 787 de
1661 767 1712 787 ιοιο
1733 762 1792 788 orbe

1005 801 1132 823 terrarum
1148 798 1313 823 uniuersalem
1329 804 1374 823 sua
1385 797 1476 830 pietate
1495 797 1646 823 construxit.
1669 796 1789 823 Secunda

1005 832 1098 864 gaudia
1122 838 1285 863 sanctorum,
1313 832 1465 866 virtutesque
1485 831 1638 864 describens,
1651 831 1790 857 vindictam

1006 867 1164 898 pereuntium
1179 867 1286 901 gloriam
1301 867 1359 893 dicit
1371 875 1423 893 esse
1433 867 1563 900 justorum
1574 888 1582 899 ,
1594 867 1619 892 in
1635 868 1791 900 praecedente

968 906 993 935 Β
1007 902 1104 934 psalmo
1124 902 1158 926 ad
1172 902 1299 935 prtvconia
1320 902 1420 927 Domini
1440 909 1525 927 omnes
1539 902 1655 928 hortatus
1669 905 1706 928 est
1722 909 1793 927 trea-

1007 940 1087 971 t_uras.
1109 935 1159 962 llic
1177 941 1258 962 autent
1283 936 1424 962 distinctius
1442 937 1610 971 propriusque
1639 936 1793 971 significavit

1004 969 1100 1002 Israel,
1120 978 1211 997 novum
1226 972 1352 997 canticum
1366 971 1454 997 debere
1465 969 1578 1004 cantare,
1595 975 1619 997 et
1640 969 1671 996 de
1685 972 1790 1004 proprio

1004 1005 1112 1032 Domino
1124 1006 1208 1031 laztunt
1222 1006 1288 1039 ﬁeri,
1303 1006 1348 1039 qui
1361 1014 1418 1032 eum
1430 1006 1488 1040 fecit
1504 1007 1535 1032 de
1547 1006 1660 1041 gentium
1673 1006 1790 1032 multitu-

1003 1041 1062 1067 dine
1075 1041 1233 1075 congregari.
1256 1041 1474 1067 Commemoratur
1488 1045 1511 1067 et
1526 1045 1647 1075 potestas,
1659 1048 1718 1075 qua:
1731 1049 1790 1067 san-

1002 1076 1049 1102 ctis
1062 1080 1098 1102 est
1110 1076 1135 1102 in
1149 1076 1195 1102 illa
1206 1076 1367 1110 judicatione
1383 1075 1527 1109 tribuenda,
1550 1081 1578 1103 ut
1591 1076 1670 1102 virtus
1684 1075 1791 1103 Domini

1002 1111 1028 1137 in
1041 1118 1128 1137 eorum
1142 1111 1225 1146 gloria
1238 1111 1317 1144 possit
1332 1112 1448 1146 agnosci.

1251 1165 1283 1192 IN
1306 1165 1437 1193 PSALMU
1444 1166 1467 1193 Μ
1486 1165 1538 1193 CL.

1337 1212 1462 1239 Alleluia.

1304 1264 1491 1286 ARGUMENTUI.

1039 1304 1166 1332 Hortatur
1182 1303 1310 1338 propheta
1335 1308 1387 1330 Iam
1404 1308 1524 1338 posteros
1537 1309 1614 1336 quam
1627 1306 1786 1338 Vni-mentes.

1002 1343 1032 1366 ut
1059 1339 1189 1373 psallendi
1215 1337 1339 1366 insistant
1365 1338 1470 1365 ofﬁciis.
1490 1337 1592 1371 Aliter»,
1614 1337 1712 1364 Christi
1734 1345 1788 1364 vox

1001 1379 1063 1407 post
1095 1374 1226 1401 saeculum
1264 1374 1396 1400 devictum
1434 1373 1460 1399 in
1488 1380 1569 1407 regno
1592 1380 1641 1399 suo
1663 1372 1789 1401 laetantis.

1000 1409 1097 1437 Amen.

1308 1450 1485 1471 EXPLANATIO.

1036 1478 1191 1505 Admonetur
1205 1478 1292 1505 civitas
1308 1477 1366 1508 Dei.
1380 1482 1407 1504 ut
1423 1478 1454 1504 de
1470 1478 1558 1504 mundi
1572 1477 1668 1504 mitbitu
1679 1485 1788 1511 congre-

1000 1518 1062 1548 gata
1075 1513 1186 1541 Domino
1210 1515 1297 1540 laudes
1310 1533 1317 1545 ,
1334 1518 1355 1540 et
1369 1521 1412 1539 ore
1424 1517 1508 1539 cantet
1521 1518 1544 1539 et
1558 1514 1653 1539 animo.
1671 1512 1789 1539 Psalmus

1000 1550 1047 1575 iste
1059 1550 1157 1575 levatus
1178 1550 1213 1575 ad
1236 1549 1308 1575 illam
1332 1548 1482 1574 concordem
1504 1553 1651 1574 sanctorum
1675 1548 1789 1574 omnium

1001 1585 1121 1610 unitatem
1136 1605 1143 1616 ,
1159 1584 1306 1610 divisionem
1320 1583 1411 1609 [tubere
1433 1590 1484 1609 non
1505 1583 1608 1614 debuit;
1627 1583 1686 1615 quia
1711 1583 1789 1609 totius

1002 1620 1086 1653 operis
1111 1619 1228 1651 perduxit
1243 1620 1277 1645 ad
1291 1619 1313 1644 vi
1330 1622 1406 1643 tutem
1432 1617 1607 1653 inseparabilis
1632 1616 1763 1644 Trinitatis
1778 1625 1788 1644 :

1002 1654 1028 1679 in
1039 1655 1114 1685 linem
1126 1654 1232 1680 intentio
1245 1661 1302 1679 vero
1312 1654 1368 1687 ejus
1382 1653 1437 1684 ipsa
1447 1658 1493 1684 est,
1505 1656 1532 1678 ut
1543 1652 1666 1678 Dominus
1678 1652 1710 1678 de
1725 1660 1789 1679 san-

1002 1693 1100 1715 ctorum
1113 1689 1309 1723 congregatione
1330 1687 1457 1713 laudetur.
1474 1688 1562 1714 Amen.
1580 1687 1632 1713 Deo
1646 1687 1747 1714 laudes.

1242 1740 1420 1760 ARGUMENTUII
1439 1738 1545 1760 PSALIII.

1037 1779 1085 1806 llic
1100 1778 1217 1812 psalmus
1234 1778 1341 1812 proprie
1356 1779 1472 1811 scriptus
1499 1777 1580 1806 David
1597 1781 1672 1803 extra
1693 1784 1786 1804 numeo
1826 1804 1830 1808 ,

1002 1822 1072 1847 rum,
1085 1811 1190 1848 quando
1206 1811 1331 1848 pugnavit
1341 1820 1401 1839 cum
1416 1811 1531 1839 Golialb.
1545 1811 1787 1848 Quinquagesimus

1001 1854 1041 1876 est
1055 1846 1271 1883 de'pmnitentia,
1286 1848 1448 1875 centesimus
1460 1847 1494 1874 de
1508 1847 1690 1883 misericordia
1702 1851 1729 1883 et
1740 1846 1787 1881 ju-

1000 1885 1071 1911 dicio
1083 1902 1091 1916 ,
1105 1881 1279 1911 centesimus
1302 1883 1537 1917 quinquagesimus
1557 1882 1591 1910 de
1605 1881 1651 1909 Dei
1667 1881 1787 1917 laudern:

999 1920 1100 1946 sanctis
1117 1919 1184 1953 ejus.
1197 1919 1241 1945 Sic
1252 1918 1324 1944 enim
1335 1918 1367 1944 ad
1384 1916 1510 1945 maternam
1525 1917 1682 1951 beatamque
1697 1916 1786 1953 tendi-

1000 1962 1060 1980 mus
1088 1952 1189 1986 vitam;
1216 1954 1336 1985 primitus
1359 1957 1449 1979 nostra
1478 1958 1583 1986 peccata
1613 1952 1786 1985 damnando,

1001 1989 1099 2016 deinde
1114 1989 1182 2016 bene
1193 1989 1317 2019 vivendo,
1342 1992 1370 2014 ut
1391 1993 1450 2021 post.
1473 1988 1554 2014 vitam
1580 1987 1786 2015 condemnatam

1000 2026 1110 2055 malam,
1134 2028 1161 2051 et
1181 2029 1281 2057 gestam
1294 2024 1402 2054 bonam,
1419 2030 1570 2050 mereamur
1580 2028 1716 2048 aeternam.
1731 2022 1785 2048 Vo-

1000 2060 1052 2086 cati
1068 2058 1151 2090 enim,
1170 2056 1353 2085 renuntiamus
1380 2058 1485 2084 diabolo
1510 2065 1556 2090 per
1581 2056 1761 2090 paenitentiam
1777 2076 1786 2088 .

1000 2102 1034 2121 ne
1049 2093 1099 2120 sub
1113 2094 1176 2127 iugo
1193 2093 1252 2127 ejus
1274 2100 1478 2124 remaneamus;
1493 2092 1631 2127 justiticati
1658 2099 1787 2118 sanamur

1001 2136 1048 2163 per
1063 2128 1282 2160 misericordiam,
1311 2135 1343 2155 ne
1364 2127 1493 2161 judicium
1508 2128 1669 2160 timeamus;
1681 2127 1784 2163 gloriﬁ-

1000 2162 1051 2191 cati
1067 2164 1212 2190 transimus
1224 2163 1249 2190 in
1264 2164 1345 2189 vitam
1361 2168 1500 2194 aeternam,
1512 2162 1556 2189 ubi
1576 2163 1715 2189 Dominum
1725 2162 1786 2189 sine

1002 2199 1054 2226 line
1066 2199 1217 2225 laudemus.

174 2252 1428 2265 .—____—____________._

498 2300 637 2337 BEDZE
666 2300 978 2339 PRESBYTERI
1015 2301 1069 2339 IN
1107 2300 1434 2338 PSALTERIUM

367 2364 410 2391 ΕΤ
430 2364 584 2392 EJUSDEM
604 2365 791 2393 VOCABULA
814 2365 1008 2399 EXPOSITIO,
1031 2365 1073 2392 ΕΤ
1094 2366 1138 2394 DE
1159 2366 1360 2394 DIAPSALMIS
1379 2365 1579 2394 COLLECTIO.

782 2409 918 2446 Catalogus
939 2411 1147 2444 diapsalmatum.

231 2453 252 2491 ι,
511 2454 549 2491 Et
561 2454 690 2491 adversus
702 2453 837 2491 Christum
851 2455 924 2491 ejus._
1440 2455 1588 2489 Diapsalma
1597 2455 1630 2483 de
1636 2456 1778 2491 psalmo".

229 2488 261 2523 II.
510 2488 569 2515 Non
583 2492 623 2516 est
637 2488 710 2515 salus
727 2489 764 2515 illi
781 2488 806 2514 in
823 2489 877 2515 Deo
899 2488 969 2523 ejus.
1449 2488 1566 2522 Diapsal.
1583 2498 1624 2519 nt.

229 2522 273 2559 III.
515 2524 546 2550 Et
558 2523 696 2559 exaudivit
709 2530 752 2550 me
762 2523 796 2559 de
807 2526 903 2559 monte
917 2528 1011 2551 sancto
1025 2530 1083 2550 suo.
1450 2525 1566 2559 Diapsal.
1582 2526 1665 2555 aliud.

230 2558 277 2586 IV.
514 2559 546 2584 Et
558 2557 871 2594 quaeritisﬂmendacium.
1001 2593 1006 2594 γ
1040 2593 1044 2594 7
1069 2593 1073 2594 γ
1448 2557 1565 2594 Diapsat.
1582 2568 1619 2587 tv.

232 2594 263 2620 V.
516 2594 548 2620 Et
562 2594 588 2619 in
604 2592 737 2619 cubilibus
752 2592 848 2620 vestris
863 2593 1086 2628 compungimini.
1451 2592 1564 2628 Diapsal.
1581 2597 1616 2622 al.

233 2628 276 2655 VI.
518 2629 551 2655 Et
564 2628 676 2662 gloriam
692 2635 779 2654 meam
794 2627 820 2653 in
837 2628 972 2661 pulverem
986 2627 1111 2656 deducat.
1450 2627 1568 2665 Diapsal.
1581 2638 1617 2657 vn

514 2671 647 2699 Canticum
663 2671 852 2706 diapsalmatis.

229 2717 287 2746 VII.
515 2717 729 2751 Comprobensus
745 2723 784 2744 cst
799 2722 935 2751 peccator.
1451 2728 1487 2749 Ix.

228 2753 298 2790 XIII.
511 2754 649 2790 _l‘,trsv_iant
661 2758 763 2786 gentes,
777 2753 901 2790 quoniam
918 2753 1039 2790 homines
1053 2758 1125 2781 sunt.
1449 2755 1566 2790 piapsal.
1583 2755 1619 2782 al.

231 2787 275 2824 IX.
510 2787 541 2824 ξι
558 2788 737 2824 holocaustum
755 2793 828 2814 tuum
845 2788 941 2823 pingue
955 2788 1013 2816 ﬂat.
1449 2787 1568 2824 Diupsal.
1586 2798 1643 2819 xu.

230 2821 263 2849 Χ.
511 2822 566 2848 Non
580 2823 706 2849 Iruudasli
719 2830 789 2849 eum.
847 2821 850 2822 ⁷
893 2821 903 2823 ἡ
1442 2821 1558 2857 Diapsal.
1576 2833 1621 2852 sx.

230 2857 275 2883 ΧΙ.
512 2857 710 2891 Requirentium
725 2857 818 2885 faciem
833 2857 881 2886 Dei
897 2859 989 2887 Jacob.
1444 2858 1557 2893 Diapsal.
1576 2868 1653 2887 xxiii.

277 2903 335 2933 Pu
344 2911 412 2933 not“
429 2903 539 2935 XCIII.

1504 2904 1542 2933 35
