4026 6200
426 330 580 385 "1099
972 320 1173 377 ΒΜ)Ᾰί
1218 318 1659 374 VIINEIIABILIS
1698 319 1846 373 OPP.
1889 317 2063 373 PARS
2102 317 2162 371 Il.
2197 319 2381 375 SECT.
2428 320 2491 375 II.
2517 350 2583 361 -
2623 320 2820 375 DUBIA
2862 319 2946 375 ET
2988 318 3251 376 SPUIIIA.
3548 317 3699 370 IIOU

586 440 699 503 XII.
1159 433 1289 503 Dum
1321 430 1667 503 confringitur
1693 430 1865 498 spina.
2000 482 2001 485 η
2071 499 2103 503 __
2259 501 2266 503 7
3016 429 3250 503 Diapsal.
3284 444 3430 503 xm.

584 498 717 564 XIII.
1150 501 1215 555 Et
1244 514 1296 553 tu
1325 500 1572 555 remisisti
1606 501 1930 566 impietatem
1958 499 2137 554 cordis
2170 501 2295 553 mei.
3015 498 3256 567 Diapsal.
3281 502 3352 554 al.

582 578 721 634 XIV.
1150 570 1372 625 Redime
1401 585 1484 624 me
1511 586 1540 623 a
1567 569 2021 622 circumdantibus
2071 585 2173 623 me.
2262 636 2267 637 7
3016 568 3247 637 Diapsal.
3287 572 3359 622 aI.

588 648 705 704 XV.
1157 640 1489 709 Inquirentes
1514 648 1692 692 autem
1720 639 1997 693 Dominum
2032 653 2135 692 noli
2176 636 2423 692 deficiant
2453 639 2596 693 omni
2627 638 2793 691 bono.
3020 637 3252 709 Diapsal.
3288 654 3475 693 xum.

588 715 725 772 XVI.
1157 706 1533 765 Verumtamen
1568 710 1815 763 universa
1853 710 2082 765 vanitas.
3020 706 3250 776 Diapsal.
3283 725 3511 765 unm.

585 785 748 842 XVII.
1158 780 1531 835 Verumtamen
1564 794 1703 833 vane
1729 780 2094 831 ccuturbatur.
2326 847 2331 848 7
3021 776 3257 848 Diapsal.
3286 780 3353 831 al.

592 856 774 912 XVIII.
1162 851 1225 906 Et
1256 852 1306 904 in
1338 849 1552 903 nomine
1578 858 1667 901 tun
1695 848 2068 903 cniiﬁtebimur
2096 848 2146 900 in
2177 847 2395 901 smcula.
3018 846 3252 917 Diapsal.
3284 864 3433 904 xutt.

590 926 733 981 XIX.
1155 919 1465 975 Conturbati
1499 930 1621 971 sunt
1652 929 1860 971 montes
1890 919 1940 969 in
1973 917 2283 971 fortitudine
2307 919 2446 985 ejus.
3019 916 3250 987 Diapsal.
3282 935 3404 972 xu.

589 995 709 1051 XX.
1154 992 1443 1057 Susceptor
1474 997 1653 1042 noster
1685 989 1825 1041 Deus
1856 987 2042 1041 Jacnb.
3026 985 3261 1057 Diapsal.
3285 988 3360 1044 aI.

593 1066 735 1121 XXI.
1158 1056 1399 1127 Speciem
1427 1059 1590 1121 .Iacnb
1614 1074 1771 1124 quam
1802 1056 2007 1110 dilexit.
3032 1056 3263 1126 Diapsal.
3294 1073 3441 1113 ιινι,

595 1134 769 1191 XXII.
1174 1132 1308 1184 Deus
1333 1129 1569 1183 fundavit
1594 1143 1710 1182 eain
1736 1130 1785 1180 in
1809 1137 2089 1180 aeternum.
3025 1127 3257 1196 Diapsal.
3293 1144 3456 1182 xu".

598 1204 788 1261 XXIII.
1165 1200 1231 1255 Et
1261 1209 1438 1267 postea
1468 1198 1643 1267 inore
1672 1211 1768 1251 suo
1797 1197 2134 1252 benedicenl.
3034 1196 3266 1267 Diapsal.
3300 1214 3465 1253 xum

597 1275 785 1331 XXIV.
1165 1270 1238 1325 De
1264 1266 1429 1323 manu
1459 1266 1613 1321 inferi
1644 1282 1763 1321 cum
1794 1267 2060 1336 acceperit
2088 1282 2191 1318 me.
3031 1266 3259 1336 Diapsal.
3292 1270 3366 1322 3|,

592 1344 761 1400 XXV.
1160 1340 1417 1405 Quoniam
1453 1337 1589 1390 Deus
1620 1337 1783 1405 Iudex
1811 1334 1939 1390 est.‘
3029 1334 3256 1405 Diapsal.
3294 1353 3437 1395 ιιις.

597 1416 785 1470 XXVI.
1163 1411 1227 1464 Et
1256 1409 1476 1477 eripiam
1505 1419 1573 1471 te,
1603 1418 1656 1461 et
1680 1406 2051 1476 magnilicabis
2081 1420 2185 1459 me.
3030 1405 3266 1477 Diapsal.
3299 1411 3369 1460 al.

595 1484 805 1541 XXVII.
1162 1474 1498 1548 Iniquitatetn
1532 1474 1887 1548 magisquain
1922 1478 2061 1540 loqui
2092 1476 2421 1548 (equitatem.
3033 1474 3265 1548 Diapsal.
3294 1494 3363 1532 LI.

596 1555 805 1611 XXVIII
1171 1550 1236 1603 Et
1260 1545 1488 1603 radicem
1518 1557 1659 1600 tuam
1689 1547 1754 1600 de
1785 1558 1922 1601 terra
1960 1547 2274 1600 viventium.
3032 1545 3261 1615 Diapsal.
3287 1551 3358 1601 aI.

599 1624 790 1680 XXIX.
1168 1620 1278 1674 Non
1313 1628 1695 1687 proliosuerunt
1725 1618 1886 1687 Deum
1919 1627 2042 1671 ante
2069 1624 2415 1685 conspectuin
2446 1631 2620 1670 sutun.
3036 1616 3262 1687 Diapsal.
3294 1634 3405 1672 Llll.

600 1693 773 1749 XXX.
1176 1690 1242 1745 Et
1266 1685 1432 1743 mansi
1465 1692 1514 1741 in
1541 1686 1848 1741 solitudine.
3032 1685 3263 1754 Diapsal.
3293 1705 3394 1741 ιιν.

601 1763 796 1821 XXXI.
1168 1760 1236 1814 Et
1258 1767 1437 1812 manet
1466 1759 1516 1812 in
1543 1768 1824 1811 aeternum.
3032 1755 3263 1821 Diapsal.
3295 1763 3366 1810 al.

601 1833 817 1889 XXXII.
1170 1830 1321 1882 Dedit
1350 1831 1401 1881 in
1435 1826 1775 1896 approbrium
1806 1827 2184 1881 conculcantes
2216 1841 2321 1879 me.
3037 1822 3267 1892 Diapsal.
3294 1844 3399 1883 ινι.

604 1901 843 1959 XXXIII.
1168 1899 1236 1953 Et
1265 1898 1365 1966 ipsi
1397 1897 1696 1951 inciderunt
1726 1896 1777 1948 in
1802 1912 1945 1951 eam.
3037 1896 3268 1966 Diapsal.
3293 1901 3365 1951 al.

529 1972 542 1987 ‘
602 1971 845 2029 xxxw.
1171 1965 1299 2023 Non
1317 1965 1619 2021 miserearis
1649 1966 1898 2021 omnibus
1927 1967 2015 2036 qui
2044 1976 2331 2035 operantur
2365 1966 2715 2034 iniquitatem.
3038 1965 3266 2036 Diapsal.
3296 1984 3439 2023 LVIII.

606 2041 821 2097 XXXV.
1174 2038 1380 2092 Finium
1414 2047 1587 2090 terrm.
1946 2033 1957 2036 ⁷
2084 2033 2093 2035 ⁷
2463 2033 2467 2034 ⁷
3037 2033 3274 2103 Diapsal.
3305 2040 3378 2094 aI.

601 2110 841 2169 XXXVI.
1175 2108 1243 2163 Ut
1271 2107 1469 2175 fugiant
1498 2120 1527 2158 a
1558 2104 1690 2159 facie
1728 2120 1907 2162 arcus.
3039 2104 3272 2175 Diapsal.
3296 2124 3407 2162 ιιι.

602 2181 868 2238 XXXVII.
1174 2174 1449 2245 Protegam
1484 2178 1535 2230 in
1568 2178 1865 2229 velamento
1892 2176 2095 2230 alarum
2132 2186 2359 2230 tuarum.
3034 2174 3261 2243 Diapsal.
3297 2195 3389 2233 ιι.

606 2251 889 2310 XXXVIII.
1168 2247 1235 2302 Et
1261 2247 1421 2299 corde
1448 2262 1543 2299 suo
1568 2246 1977 2300 maledicebant.
3040 2245 3273 2312 Diapsal.
3310 2265 3421 2303 ut.

610 2321 850 2379 XXXIX.
1171 2317 1305 2384 Quia
1337 2319 1474 2370 Ileus
1499 2316 1707 2384 adjutor
1739 2327 1919 2371 noster
1944 2326 2047 2371 est.
3038 2316 3266 2381 Diapsal.
3299 2321 3371 2373 al.

600 2391 713 2448 XL.
1168 2388 1437 2443 Psalnium
1462 2387 1641 2439 dicunt
1672 2389 1871 2440 nomini
1899 2397 1987 2439 tnu
2018 2386 2301 2440 alti~simo.
3036 2386 3265 2453 Diapsal.
3301 2405 3425 2443 ur.

602 2458 739 2518 χω,
1174 2459 1289 2514 Nam
1321 2458 1655 2510 exsultentur
1686 2457 1736 2508 in
1769 2458 2091 2525 semetipsis.
3040 2454 3272 2522 Diapsal.
3307 2463 3378 2511 al.

606 2530 763 2589 XLII.
1174 2528 1402 2584 OIIeram
1431 2526 1525 2580 tibi
1557 2526 1720 2579 boves
1746 2542 1865 2579 cum
1898 2526 2080 2580 hircis.
3046 2526 3277 2592 Diapsal.
3310 2531 3377 2581 al.

601 2598 785 2658 XLIII.
1174 2599 1240 2653 Et
1269 2606 1451 2668 gentes
1476 2596 1527 2649 in
1542 2603 1694 2668 terra
1715 2595 1945 2668 diriges.
3039 2593 3271 2668 Diapsal.
3307 2614 3444 2652 mi.

602 2668 789 2730 XLIV.
1174 2664 1513 2723 Delectentur
1540 2666 1591 2718 in
1622 2664 1853 2719 Imtitia.’
3043 2664 3273 2732 Diapsal.
3308 2684 3469 2723 van.

604 2738 765 2801 XLV.
1174 2739 1305 2793 Dum
1338 2736 1745 2805 transgredieris
1774 2738 1824 2789 iu
1849 2736 2085 2791 deserto.
3045 2735 3278 2805 Diapsal.
3310 2741 3380 2791 al.

605 2808 789 2869 XLVI.
1173 2807 1241 2862 Et
1272 2802 1562 2876 posteriora
1586 2807 1729 2876 dorsi
1754 2807 1869 2875 ejus
1901 2809 1952 2861 in
1979 2808 2183 2874 species
2209 2806 2343 2859 auri.
3045 2802 3281 2876 Diapsal.
3314 2812 3385 2861 al.

605 2878 811 2939 XLVII.
1177 2873 1494 2946 Prosperum
1521 2877 1619 2929 iter
1643 2873 1799 2929 faciei
1825 2878 1977 2931 nobis
2004 2873 2164 2930 Deus.
3048 2874 3279 2946 Diapsal.
3314 2883 3386 2933 at.

607 2946 839 3008 XLVIII.
1183 2946 1239 3000 In
1271 2944 1447 3001 medio
1471 2946 1723 3013 juvenem
1757 2947 2223 3014 tympanistaruni.
3049 2944 3277 3013 Diapsal.
3311 2953 3383 3001 al.

608 3015 796 3098 XLIX.
1182 3017 1359 3098 [tegna
1386 3026 1559 3098 terrae,
1583 3024 1795 3096 cantate
1824 3017 1953 3095 Deo.
1980 3018 2191 3084 psallite
2217 3014 2468 3072 Domino.
3044 3015 3278 3098 Diapsal.
3307 3021 3376 3072 al.

613 3087 674 3149 L.
1181 3086 1248 3140 Et
1268 3084 1562 3153 intelligam
1594 3084 1646 3138 in
1677 3086 1963 3138 novissima
1995 3101 2201 3139 emunt.
3044 3086 3275 3151 Diapsal.
3310 3104 3476 3144 um.

611 3157 697 3217 LI.
1180 3157 1292 3226 Ego
1314 3157 1629 3210 confirmavi
1661 3154 1938 3210 columnas
1967 3156 2104 3225 ejus.
3048 3153 3279 3226 Diapsal.
3315 3172 3496 3213 Lutv.

606 3228 714 3287 LII.
1174 3224 1418 3290 scutum,
1451 3226 1681 3294 gladium
1709 3236 1763 3279 et
1790 3226 2010 3279 bellum.
3054 3224 3285 3294 Diapsal.
3314 3245 3471 3282 Luv.

607 3298 742 3358 LIII.
1186 3296 1253 3351 Ut
1274 3298 1453 3352 salvos
1481 3296 1679 3349 faceret
1706 3310 1894 3349 omnes
1919 3305 2226 3349 mansuetos
2252 3306 2430 3350 terrm.
3044 3295 3276 3362 Diapsal.
3306 3304 3352 3349 al
3364 3340 3378 3351 .

608 3369 743 3426 LIV.
1182 3367 1253 3422 Et
1276 3367 1473 3421 defecit
1500 3367 1768 3435 paulisper
1796 3366 2010 3434 spiritus
2040 3382 2211 3419 meus.
3045 3366 3277 3432 Diapsal.
3309 3383 3495 3422 Lxxvi.

608 3437 718 3497 LV.
1179 3438 1283 3493 Aut
1312 3434 1603 3491 continebit
1629 3436 1680 3488 in
1708 3436 1784 3489 ira
1810 3450 1957 3490 suam
1992 3434 2437 3490 misericordiam.
3047 3435 3277 3503 Diapsal.
3309 3442 3382 3491 at.

611 3508 758 3569 LVI..
1181 3506 1344 3561 Filios
1369 3508 1526 3561 Israel
1556 3515 1608 3558 et
1635 3506 1851 3573 Ioseph.
3051 3506 3282 3573 Diapsal.
3316 3509 3383 3560 al.

610 3578 770 3641 LVII.
1178 3579 1242 3632 Et
1269 3577 1402 3630 salvi
1431 3575 1651 3630 erimus.
3050 3577 3285 3644 Diapsal.
3316 3593 3498 3632 auis.

610 3649 791 3711 LVIII.
1184 3648 1398 3703 Vineam
1427 3662 1492 3700 ex
1522 3645 1774 3715 {Egyptm
2030 3714 2034 3715 7
3053 3645 3283 3712 Diapsal.
3319 3649 3387 3701 al.

610 3719 747 3787 LIX.
1184 3716 1406 3772 Probavi
1440 3726 1489 3770 te
1512 3718 1577 3768 ad
1602 3731 1767 3781 aquas
1797 3714 2252 3769 contradictionis.
3049 3716 3280 3787 Diapsal.
3309 3733 3465 3771 Lxxx.

610 3785 723 3847 LX.
1183 3788 1249 3843 Et
1274 3787 1440 3842 facies
1469 3787 1801 3855 peccantium
1831 3787 2059 3839 sumitis.
2126 3854 2133 3855 7
3050 3785 3279 3852 Diapsal.
3310 3803 3485 3841 Luxu.

608 3859 748 3919 LXI.
1175 3857 1323 3913 Facti
1349 3869 1471 3910 sunt
1504 3858 1556 3909 in
1586 3856 1931 3924 susceptione
1966 3856 2092 3909 filiis
2120 3854 2245 3909 Lut.
3052 3856 3287 3920 Diapsal.
3321 3873 3523 3912 Luxu.

609 3929 772 3992 LXII.
1182 3929 1237 3983 In
1266 3929 1519 3983 smcnlum
1547 3928 1725 3979 saculi
1764 3928 2046 3979 laudabunt
2081 3936 2152 3979 te.
3055 3924 3287 3991 Diapsal.
3320 3942 3540 3982 unm.

613 4000 793 4060 LXIII.
1180 4000 1412 4055 Auribus
1447 3996 1678 4064 petcipe,
1710 3996 1847 4049 Deus
1868 3994 2054 4050 Iacob.
3062 3997 3293 4064 Diapsal.
3324 3998 3392 4053 aI.

611 4070 798 4129 LXIV.
1181 4066 1448 4137 Operuisti
1474 4081 1652 4119 omina
1682 4076 1891 4134 peceata
1923 4080 2134 4120 eorum.
2192 4136 2197 4137 7
2267 4136 2273 4137 7
3063 4064 3297 4137 Diapsal.
3330 4082 3544 4123 uutv.

610 4139 773 4197 LXV.
1184 4136 1426 4193 Gloriosa
1451 4136 1591 4190 dicta
1619 4146 1742 4189 sunt
1770 4138 1837 4192 de
1869 4146 1938 4201 te,
1974 4138 2158 4190 civitas
2187 4136 2299 4188 υυὶ.
3062 4136 3293 4203 Diapsal.
3329 4153 3543 4194 sum.

612 4209 793 4269 LXVI.
1187 4210 1284 4275 Qui
1318 4209 1530 4261 fuerunt
1560 4206 1612 4259 itt
1643 4221 1728 4259 ea.
3059 4206 3290 4275 Diapsal.
3316 4211 3386 4262 at.

613 4277 819 4342 LXVII,
1186 4274 1359 4346 Super
1388 4292 1477 4330 me
1505 4276 1781 4330 induxisti.
1832 4345 1840 4346 7
3057 4274 3291 4346 Diapsal.
3322 4291 3559 4334 umu.

612 4350 846 4411 LXVIII.
1186 4345 1599 4402 Besuscitabunt
1628 4356 1681 4398 et
1709 4345 2125 4400 coolitebuutur.
3063 4345 3298 4412 Diapsal.
3332 4350 3407 4405 al.

611 4418 801 4479 LXIX.
1182 4416 1394 4471 Avertis
1417 4415 1601 4469 faciem
1629 4426 1767 4468 tuam
1800 4431 1829 4467 a
1861 4431 1966 4469 me.
3061 4416 3297 4483 Diapsal.
3328 4421 3394 4471 ί,ιη

612 4489 777 4547 LXX.
1181 4490 1247 4543 Et
1269 4488 1547 4540 aediﬁcabo
1576 4486 1627 4537 in
1652 4486 1903 4539 saaculum
1931 4487 2137 4540 swculi.
3062 4485 3297 4549 Iliapaal.
3330 4502 3578 4544 uxntu.

613 4559 800 4620 LXXI.
1185 4560 1250 4614 Et
1278 4557 1426 4611 testis
1455 4557 1506 4609 in
1530 4557 1669 4611 cmlo
1693 4556 1886 4610 fidelis.
3063 4558 3299 4623 Diapsal.
3328 4564 3397 4612 al.

612 4630 824 4689 LXXII.
1186 4627 1468 4684 Perfudisti
1494 4641 1614 4681 eum
1642 4626 1979 4681 confusione.
3060 4625 3295 4691 Diapsal.
3322 4633 3392 4681 aI.

615 4700 845 4758 LXXIII.
1176 4703 1282 4755 Aut
1309 4700 1427 4767 quis
1450 4697 1589 4750 eruit
1618 4700 1851 4750 animam
1876 4698 1942 4751 de
1967 4712 2125 4750 manu
2154 4696 2332 4750 in'eri.
3056 4695 3289 4767 Diapsal.
3322 4702 3397 4752 al.

615 4771 850 4829 LXXIV.
1185 4772 1249 4824 Et
1277 4766 1365 4837 qui
1391 4776 1571 4821 tenent
1593 4780 1713 4821 eam
1735 4770 1911 4819 omnia
1944 4769 2032 4837 qui
2065 4778 2209 4820 recto
2242 4778 2367 4819 sunt
2392 4768 2578 4822 corde.
3054 4766 3285 4834 Diapsal.
3320 4784 3465 4824 1cm.

616 4841 825 4898 LXXV.
1184 4839 1370 4895 Omnia
1404 4851 1734 4906 quaecunque
1763 4837 1926 4889 voluit
1948 4838 2088 4890 fecit.
3061 4837 3296 4904 Diapsal.
3324 4854 3470 4894 cun.

614 4912 847 4967 LXXVI.
1186 4911 1459 4964 Venenum
1486 4909 1727 4977 aspiduiu
1749 4908 1846 4958 sub
1877 4907 2027 4959 labiis
2057 4922 2261 4962 IOI’IIIII.
3064 4909 3292 4975 Diapsal.
3333 4924 3549 4965 exuta.

615 4981 874 5036 LXXVII.
1193 4979 1512 5036 Scandalum
1538 4987 1828 5045 posuerunt
1862 4979 2013 5031 mihi.
3066 4978 3297 5042 Diapsal.
3329 4981 3402 5033 al.

618 5050 897 5119 LXXVIII.
1192 5051 1270 5105 Ne
1299 5063 1531 5119 unquam
1559 5050 1880 5101 exaltentur.
3064 5049 3301 5119 Diapsal.
3328 5051 3399 5102 al.

615 5118 827 5178 LXXIX
848 5160 864 5175 .
1206 5118 1397 5175 Anima
1425 5135 1537 5173 mea
1566 5120 1705 5173 sicut
1733 5127 1875 5171 terra
1907 5118 2023 5173 sine
2051 5134 2184 5187 aqua
2221 5121 2331 5173 tibi.
2555 5119 2561 5125 ’
3066 5118 3295 5185 Diapsal.
3322 5134 3490 5175 exul.

850 5280 1681 5412 INTERPBETXTIO
1739 5324 2280 5405 PSALTERII
2336 5325 2639 5404 ABTIS
2692 5325 3338 5413 CANTILENJE.

621 5486 758 5543 νει.
796 5487 1183 5547 SPECIERUM
1226 5485 1697 5553 SINGULARUM,
1740 5484 1875 5542 VEL
1914 5485 2227 5541 NOMINUM
2268 5484 2434 5552 QUAE
2471 5484 3103 5542 COMMEMORANTUII
3142 5485 3208 5541 IN
3248 5486 3560 5544 PSALMIS.

552 5654 869 5709 Psalterium
899 5663 1011 5718 est,
1060 5664 1117 5708 ut
1146 5654 1500 5724 Ilieronymus
1542 5652 1615 5706 ait
1645 5693 1660 5716 .
1712 5654 1764 5707 in
1822 5655 2036 5709 modum
2147 5667 2270 5706 sum
2294 5665 2534 5708 ventrem
2564 5652 2614 5707 in
2646 5654 3016 5722 superioribus
3038 5653 3264 5719 habens,
3291 5655 3381 5709 ubi
3410 5655 3741 5709 chordarum

485 5723 623 5777 delta
657 5724 847 5779 linem
872 5726 1081 5779 formati
1111 5723 1297 5794 signi,
1333 5723 1526 5780 sonora
1555 5724 1882 5791 concavitas,
1909 5725 2039 5781 obe-
2152 5725 2238 5778 lila
2294 5724 2515 5795 religata
2548 5726 3044 5797 disciplinabiliter,
3076 5728 3281 5795 pleCtro
3312 5740 3588 5796 percussa,
3618 5741 3747 5780 εμε-
