4026 6200
409 312 530 369 HM

1302 311 1856 369 lNTERPRETATIO
1894 312 2200 370 NOMINUM
2242 310 2704 373 llEBREORUH.

3532 325 3663 379 ΗΜ

401 429 674 502 vissimam
707 426 955 502 dicuntur
1000 423 1229 479 reddere
1257 424 1601 502 cantilenam.
1639 423 1973 502 lluic_citha-
2005 433 2047 489 Α
2147 424 2412 502 ⁸ᾼςηῐάῃιη
2438 428 2670 485 immane
2694 444 2861 501 genus
2883 440 2967 486 cst
2989 443 3315 501 serpentum,
3342 437 3478 502 quod
3506 452 3657 493 natu-

404 514 476 553 τερ
508 497 703 567 positio
733 496 943 551 videtur
970 509 1091 567 esse
1121 496 1431 567 contraria,
1462 496 1589 548 dum
1611 495 1753 567 quod
1788 497 1885 567 ista
1922 500 1971 550 in

398 564 521 623 uno
566 569 825 631 continet,
881 566 1010 620 illtid
1059 579 1318 620 conversa
1349 566 1465 618 vice
1493 573 1667 633 gestat
1697 564 1747 618 in
1775 566 1970 634 capite.

402 642 514 694 lloc
542 646 718 693 autem
746 651 916 705 genus
943 640 1126 703 organi
1159 650 1415 689 canorum
1445 675 1458 699 ,
1492 646 1651 701 atque
1677 637 1974 705 singulare

400 718 613 780 aptatur
643 704 852 780 corpori
890 706 1103 759 Domini
1133 707 1467 780 Salvatoris,
1518 704 1777 780 quoniam
1834 705 1975 780 sicut

401 775 540 834 istud
563 778 629 831 de
660 778 941 831 altioribus
971 784 1128 828 sonat
1154 818 1170 839 ,
1218 775 1296 829 sic
1323 775 1449 828 illud
1479 775 1731 843 gloriosa:
1762 775 1974 828 institu-

402 849 560 904 tionis
588 861 819 914 snperna
868 847 1230 899 euncelelirat.
1278 846 1389 898 Hoc
1436 846 1574 911 apud
1606 844 1861 900 Hebraeos
1892 847 1975 899 di—

398 922 538 974 citur
566 918 800 979 nablum,
834 918 1007 983 ipsum
1043 932 1170 969 vero
1198 917 1459 979 psalmum
1488 914 1738 968 Gnaeum
1765 926 1976 971 constat

399 1005 521 1045 esse
550 988 865 1041 vocabulum
899 1025 913 1050 ,
967 1002 1125 1054 quem
1157 988 1360 1039 dictum
1391 985 1606 1052 quidam
1641 984 1825 1039 volunt
1873 989 1973 1042 ἀπὸ

398 1066 488 1115 τοῦ
519 1058 755 1129 ψάλλειν,
789 1058 887 1108 hoc
914 1064 1019 1117 est,
1052 1071 1081 1108 a
1117 1055 1567 1129 tangendot‘Nam
1618 1063 1702 1129 et_
1727 1056 1975 1129 psaltrias

401 1124 727 1182 citliarmdas
792 1141 1046 1180 vocamus
1096 1127 1256 1178 docto
1321 1124 1512 1192 pollice
1580 1124 1975 1180 modulationes

402 1198 635 1252 musicas
667 1198 1052 1265 exprimentes.
1086 1196 1327 1249 PSa'lmns
1350 1203 1432 1248 est
1458 1210 1527 1248 ex
1565 1194 1684 1262 ipso
1734 1198 1973 1249 secundo

403 1270 754 1323 instrumento
785 1268 989 1321 musico
1015 1311 1028 1333 ,
1090 1267 1141 1319 id
1195 1275 1324 1326 est,
1376 1266 1637 1334 psalterio
1680 1266 1973 1319 modulatio

403 1340 647 1409 qutcdarn
676 1338 845 1390 dulcis
871 1347 923 1390 et
952 1351 1146 1409 canora
1181 1336 1544 1409 profunditur.

474 1406 751 1462 Canticum
778 1416 881 1471 est,
912 1406 1126 1475 quando
1151 1406 1271 1474 quis
1302 1405 1549 1458 libertate
1573 1404 1803 1473 propriae
1827 1407 1973 1462 vocis

405 1478 591 1543 utitur,
646 1492 745 1531 nec
794 1478 1003 1544 loquaci
1062 1478 1418 1529 instrumento
1468 1476 1715 1545 cuiquam
1767 1477 1973 1531 musico

402 1562 638 1604 consona
669 1547 1035 1601 modulatione
1062 1547 1319 1601 sociatur.

479 1620 718 1673 Psalmus
748 1627 833 1671 est
860 1618 1089 1686 hymnus
1141 1616 1368 1685 alicujus
1417 1614 1574 1669 metri
1608 1615 1723 1685 lege
1750 1630 1976 1685 compo-

405 1688 560 1750 situs,
578 1689 688 1756 qui,
707 1689 769 1740 ad
787 1688 1188 1741 similitudinem
1212 1687 1450 1756 praedicti
1464 1687 1668 1755 organi,
1687 1700 1976 1750 supernam

405 1758 559 1813 nobis
581 1757 919 1827 Cognoscitur
950 1757 1192 1811 indicare
1223 1756 1498 1810 virtutem.

475 1826 697 1882 Frumea
732 1828 889 1880 modo
917 1837 1134 1880 contum
1162 1868 1176 1891 ,
1209 1828 1369 1880 modo
1400 1828 1643 1889 loricam,
1672 1827 1836 1880 modo
1863 1826 1979 1894 gla-

402 1898 547 1951 dium
570 1897 932 1967 signiticathis
960 1906 1193 1951 acutum.
1228 1897 1400 1950 Aliter
1430 1896 1740 1967 Arnobius:
1780 1914 1799 1948 ι
1843 1896 1978 1950 Fra-

404 1983 594 2032 meam,
615 1965 803 2035 inquit,
836 1969 1079 2020 humana:
1107 1967 1301 2022 litterae
1326 1965 1632 2033 specialiter
1655 1966 1838 2020 dicunt
1862 1969 1980 2020 lan-

404 2054 553 2092 ceam
589 2040 746 2104 regis.
774 2038 877 2090 Nos
907 2046 1083 2089 autem
1114 2037 1368 2091 frameam
1398 2038 1719 2107 generaliter
1744 2038 1981 2103 gladium

410 2111 462 2162 in
495 2107 783 2176 Scripturis
812 2108 1011 2160 sanctis
1042 2108 1355 2176 actzipimus.
1381 2125 1399 2157 ι
1432 2105 1626 2173 Cinyra
1659 2109 1871 2175 quidem
1902 2116 1983 2163 est

404 2180 589 2233 decem
642 2177 857 2231 chordis
903 2186 1173 2231 coarctata
1208 2196 1220 2230 :
1255 2177 1370 2230 hac
1429 2178 1632 2243 plectro
1664 2182 1979 2246 percutitur;

404 2249 557 2301 nahla
590 2263 738 2314 vero,
763 2249 1042 2301 duodecim
1074 2263 1235 2301 sonos
1269 2248 1487 2313 habens,
1518 2248 1700 2314 digitis
1727 2251 1977 2315 tangitur.

476 2318 680 2371 Cedrus
711 2333 815 2370 non
859 2326 940 2371 cst
995 2318 1139 2371 utilis
1185 2319 1284 2372 nisi
1316 2318 1529 2371 succisa
1582 2318 1758 2370 fuerit.
1797 2318 1982 2371 Nullos

405 2386 547 2440 enim
572 2389 622 2440 in
653 2403 750 2440 sua
779 2388 955 2441 radice
976 2404 1200 2442 manens
1219 2388 1485 2458 prolieuos
1510 2395 1731 2456 generat
1754 2388 1980 2455 fructus,

404 2458 545 2512 sicut
575 2472 673 2512 nec
704 2460 889 2511 elatio.

474 2528 705 2582 llermon
741 2544 935 2594 parvus
963 2544 1114 2583 mons
1138 2528 1291 2598 juxta
1316 2528 1606 2584 .lordanem
1634 2537 1717 2582 est
1750 2530 1979 2597 positus,

403 2599 539 2651 sicut
567 2615 630 2652 ex
665 2598 1063 2652 Deuteronnmii
1116 2601 1346 2655 lectione
1375 2599 1739 2669 cognoscitur.
1772 2599 1979 2667 Accipio

402 2684 536 2731 mus,
562 2670 747 2737 inquit,
781 2670 835 2721 in
865 2677 1090 2734 tempore
1140 2679 1333 2723 terram
1377 2670 1441 2723 de
1490 2670 1727 2722 manibus
1757 2673 1981 2722 duorum

402 2753 577 2807 regum
618 2739 1031 2793 Antorrhworum
1062 2781 1076 2801 ,
1129 2741 1219 2809 qui
1268 2752 1416 2794 erant
1463 2751 1605 2792 trans
1633 2739 1919 2792 Jordartem
1950 2756 1983 2792 a

402 2815 630 2880 torrente
658 2812 831 2863 Arnen
859 2826 1021 2880 usque
1043 2811 1112 2862 ad
1146 2824 1364 2865 montem
1389 2809 1643 2863 Ilermon.

476 2878 685 2954 Myrrha
715 2878 946 2954 mortem
998 2880 1294 2954 signiﬁcat,
1330 2896 1493 2950 quam
1550 2895 1645 2944 pro
1702 2878 1980 2954 hominum

400 2946 574 3001 salute
612 2949 869 3003 Mediator
895 2946 1156 3018 suscepit.

471 3017 628 3070 Gutta
658 3035 775 3084 qua:
800 3020 997 3073 d.citur
1029 3017 1400 3083 Ammoniaca,
1434 3020 1658 3073 duritias
1685 3030 1839 3074 rural
1886 3021 1982 3074 ali-

402 3103 502 3158 qua
536 3089 855 3142 necessitate
877 3099 1204 3153 contractas,
1231 3106 1348 3158 qua:
1374 3090 1595 3155 pulchre
1620 3090 1977 3145 lncarnationi

404 3156 612 3210 Domini
646 3169 984 3224 comparatur
1012 3200 1026 3222 ,
1074 3162 1197 3228 quia
1249 3156 1503 3213 duritiam
1551 3159 1728 3214 cordis
1762 3162 1977 3217 humani

401 3238 584 3280 sancta
617 3228 992 3295 praadicatione
1017 3230 1282 3284 dissolvit.

470 3296 655 3370 Cassia
689 3339 702 3361 ,
760 3315 875 3365 qua:
905 3314 933 3351 a
964 3302 1160 3353 nostris
1202 3301 1375 3355 fistula
1409 3300 1605 3354 dicitur
1632 3343 1646 3365 ,
1681 3302 1978 3370 redemptio

399 3368 612 3433 generis
642 3370 857 3420 hmnani
891 3384 985 3437 per
1029 3385 1224 3438 aquam
1277 3372 1611 3437 baptismatis
1663 3368 1929 3423 indicatur
1958 3413 1973 3437 ,

399 3442 653 3508 quoniam
700 3439 799 3489 hoc
826 3438 1009 3492 herba:
1040 3455 1209 3508 genus
1252 3441 1469 3507 aquosis
1503 3441 1631 3493 locis
1672 3441 1867 3493 dicitur
1899 3442 1979 3493 itt-

399 3506 594 3561 veniri.
630 3508 720 3561 llis
749 3508 908 3561 rebus
934 3516 988 3562 et
1037 3506 1172 3563 udor
1226 3506 1365 3563 inest
1402 3511 1582 3563 suavis
1606 3552 1621 3575 ,
1675 3522 1732 3562 ut
1787 3514 1978 3564 merito

397 3587 603 3632 sanctas
633 3579 989 3631 lncarnationi
1039 3588 1093 3632 et
1122 3581 1290 3633 virtus
1343 3584 1631 3634 herbarum
1680 3588 1735 3633 et
1790 3581 1976 3634 odoris

400 3654 635 3702 suthtas
684 3657 1052 3716 comparetur.
1107 3649 1252 3703 Ebur
1308 3666 1413 3703 non
1470 3651 1536 3703 ad
1586 3651 1729 3703 solas
1760 3650 1976 3704 divitias

400 3718 757 3786 intelligamus
778 3728 1019 3786 aptatum
1056 3759 1071 3784 ,
1113 3720 1209 3774 sed
1266 3722 1520 3785 quoniam
1569 3720 1789 3787 elephas
1821 3721 1975 3787 cujus

399 3787 515 3841 haec
542 3803 662 3843 ossa
695 3799 820 3842 sunt
860 3790 1040 3843 nimiae
1083 3790 1345 3843 castitatis
1377 3792 1643 3844 asseritnr
1667 3830 1681 3854 ,
1714 3794 1801 3859 qui
1837 3793 1976 3843 inter

397 3859 756 3925 qttadrnpedia
789 3868 844 3913 et
885 3875 1045 3912 sensu
1075 3861 1304 3928 plurimo
1337 3864 1500 3923 valet,
1531 3871 1583 3913 et
1614 3870 1976 3926 temperanter

400 3929 651 3983 miscetur
681 3929 891 3983 femina:
912 3945 1023 3982 sua:
1057 3970 1071 3992 ,
1116 3939 1171 3983 et
1219 3931 1445 3999 conjuge
1472 3932 1706 3983 Secunda
1740 3947 1842 3983 non
1875 3934 1974 3983 uti-

399 4008 518 4063 tur;
550 4002 649 4052 hoc
678 3999 881 4067 pudicis
914 3999 1126 4053 feminis
1157 4001 1409 4054 decenter
1437 4011 1671 4066 aptatum
1705 4013 1809 4056 est.

442 4070 746 4138 'Hyssopus
778 4112 793 4135 ,
846 4071 1092 4139 quamvis
1124 4072 1195 4123 sit
1229 4072 1391 4125 herba
1433 4072 1646 4123 minima
1701 4070 1971 4124 radicibus

400 4140 530 4202 suis,
573 4155 824 4193 saxorum
858 4145 1027 4194 fertur
1057 4143 1258 4194 viscera
1292 4153 1588 4207 penetrare.
1642 4142 1763 4195 Ilrcc
1809 4154 1861 4193 et
1893 4144 1973 4192 in-

401 4209 562 4262 ternis
591 4210 862 4263 hominum
912 4211 1165 4264 Sauciatis
1216 4218 1467 4278 probatur
1494 4212 1836 4265 accommoda
1863 4251 1877 4275 ,
1918 4220 1973 4265 et

401 4279 451 4352 in
492 4281 628 4352 libro
661 4281 895 4335 Levitico
946 4281 1221 4334 immolato
1260 4296 1519 4352 sanguine
1551 4282 1774 4334 intincta
1807 4298 1966 4347 supra

405 4350 600 4416 lt‘pani
631 4365 828 4417 corpus
856 4353 1055 4418 septies
1088 4352 1295 4404 solebat
1349 4350 1557 4421 aspergi
1589 4393 1603 4417 ,
1659 4351 1968 4419 signiﬁcans

400 4422 637 4486 pretioso
663 4422 920 4489 sanguine
953 4423 1161 4474 Domini
1193 4422 1485 4474 Salvatnris
1512 4424 1745 4474 maculas
1777 4437 1967 4489 pecca-

400 4502 571 4542 torum
602 4494 890 4546 ellicaciter
916 4506 1036 4545 esse
1063 4495 1363 4545 diluendas.
1394 4492 1665 4544 lthamnus
1696 4494 1966 4559 spinarum
2005 4496 2049 4553 Ι)

398 4574 567 4626 genus
600 4571 683 4613 est
712 4563 1118 4629 permolestum,
1150 4566 1290 4631 quod
1323 4564 1467 4628 prius
1494 4564 1544 4613 in
1580 4563 1799 4615 herbam
1835 4564 1967 4615 inol-

401 4634 659 4684 lisstmatn
708 4635 985 4698 pubescat;
1016 4636 1109 4684 sed
1143 4634 1228 4683 ubi
1267 4635 1445 4685 adulta
1472 4642 1631 4684 mtate
1676 4632 1924 4684 calluerit
1955 4675 1970 4699 ,

400 4705 736 4754 rumusculos
767 4704 1012 4768 producit
1042 4704 1398 4765 acuntinatos,
1454 4711 1635 4769 postea
1663 4702 1777 4770 ejus
1810 4702 1973 4756 sudes

399 4775 687 4825 durescunt
718 4771 771 4826 in
802 4777 1083 4825 arboream
1120 4776 1447 4824 firmitatem.

470 4843 694 4896 Maceria
728 4852 811 4897 est
840 4857 1091 4896 saxorum
1122 4843 1264 4895 sicca
1297 4842 1638 4895 constructio
1664 4882 1677 4905 ,
1707 4857 1824 4910 qua:
1856 4840 1975 4893 sine

396 4911 574 4982 aliquo
599 4914 857 4982 legumine
881 4916 1131 4981 impensa:
1155 4915 1206 4965 in
1233 4915 1397 4966 altum
1428 4917 1581 4964 ducta
1618 4914 1977 4979 componitur.

469 4982 807 5051 Tympanum
838 4995 920 5035 est
950 4986 1089 5051 quod
1114 4995 1271 5037 tenso
1293 4983 1442 5034 corio
1460 4982 1607 5050 quasi
1627 4996 1784 5047 snpra
1813 4984 1967 5046 duas,

399 5060 457 5107 ut
486 5054 555 5106 ita
581 5058 812 5107 dixerim
838 5095 853 5119 ,
904 5068 1072 5107 metas
1104 5052 1196 5107 tibi
1224 5053 1292 5105 ab
1334 5063 1486 5104 acuta
1522 5062 1667 5119 parte
1696 5053 1971 5118 capolatas

399 5126 538 5177 solet
590 5139 850 5178 resonare
883 5139 1194 5191 percussuro
1222 5162 1236 5183 ,
1279 5124 1418 5175 sicut
1459 5125 1729 5174 hominum
1779 5136 1972 5187 corpus

399 5195 524 5247 dum
562 5210 659 5263 pro
694 5196 921 5246 lloniino
958 5192 1302 5247 tribulatione
1346 5195 1601 5261 quatitur,
1635 5195 1699 5245 ad
1745 5206 1973 5259 superna

402 5268 651 5319 mandata
690 5263 902 5318 dulcius
947 5275 1295 5331 temperatur.

2082 496 2179 572 rati
2207 496 2572 572 obstinatione
2594 496 2762 572 verba
2798 496 3179 557 incantanti'um
3221 496 3323 556 non
3351 496 3658 572 perhibetur

2075 568 2382 643 admittere,
2410 570 2531 643 quia
2564 585 2632 624 ne
2661 571 2817 624 verba
2842 586 3024 626 eorum
3056 575 3323 639 exaudiat,
3350 568 3577 643 suasque
3609 582 3659 635 la

2078 640 2257 690 tebras
2274 637 2632 707 derelinquat,
2655 657 2811 693 unam
2830 657 3011 696 aurem
3035 645 3217 697 caudae
3229 637 3341 697 sua:
3367 637 3653 703 inflexione

2078 708 2277 782 dicitur
2299 709 2580 782 obturare,
2608 711 2831 782 alteram
2863 727 2988 765 vero
3020 712 3071 766 in
3106 724 3301 767 terram
3333 715 3654 782 deprimere.

2151 777 2450 853 Pellicanus
2504 780 2918 853 avisAngyptia
2966 791 3090 847 est,
3149 785 3370 837 ciconiis
3404 777 3650 853 corporis

2075 846 2377 925 granditate
2421 846 2902 925 consiinilisiqitze
2940 854 3199 925 naturali
3235 854 3403 908 macie
3442 846 3656 925 semper

2076 916 2262 991 affecta
2295 929 2395 983 est,
2428 922 2703 988 quoniam,
2733 916 2873 975 sicut
2903 922 3202 991 pltysiologi
3244 926 3467 989 Volunt,
3502 916 3653 982 tenSo

2077 986 2327 1062 intestino
2357 986 2455 1055 per
2474 991 2678 1062 viscera
2702 992 2950 1062 quidquid
2977 986 3241 1047 escarum
3282 986 3497 1062 accipit,
3534 1000 3655 1053 sine

2077 1056 2249 1124 aliqua
2307 1060 2614 1113 recoctione
2659 1056 2993 1135 transmittit.
3017 1064 3174 1135 _Qure
3206 1078 3309 1117 non
3340 1056 3601 1135 gregatim
3635 1109 3651 1133 ,

2077 1137 2135 1178 ut
2167 1136 2377 1181 exterae
2406 1143 2534 1183 aves
2561 1169 2576 1193 ,
2626 1131 2806 1194 volat,
2843 1133 2937 1183 sed
2982 1133 3299 1187 electatione
3329 1131 3390 1188 se
3417 1131 3655 1192 solitaria

2080 1196 2416 1270 consolatur,
2442 1214 2667 1267 quorum
2697 1216 2865 1267 genus
2890 1204 3093 1269 stagnis
3137 1206 3419 1257 inhabitat.
3451 1208 3607 1261 Aliud
3634 1249 3649 1270 ,

2080 1276 2134 1341 ut
2164 1266 2364 1341 dictum
2395 1266 2495 1341 est,
2528 1270 2579 1322 in
2614 1266 2844 1323 desertis
2872 1266 3002 1324 locis
3030 1273 3359 1341 secretisque
3383 1266 3649 1333 versatur.

2077 1336 2392 1414 iﬁycticorax
2425 1338 2611 1393 Gratce
2641 1341 2832 1414 dicitur
2863 1343 3034 1394 noctis
3063 1336 3296 1405 corvos,
3328 1360 3485 1412 quem
3527 1350 3657 1414 qui-

2076 1406 2197 1458 dam
2228 1407 2495 1462 bubonem
2525 1449 2541 1474 ,
2572 1410 2786 1478 quidam
2834 1420 3080 1465 noctuam
3106 1427 3227 1467 esse
3250 1406 3523 1469 dixerunt.
3546 1406 3653 1472 Alii

2079 1478 2250 1546 magis
2289 1480 2879 1552 corvoumagniiudlne
2933 1490 2990 1535 et
3043 1484 3224 1536 colore
3271 1484 3605 1541 consimilem
3633 1528 3651 1552 ,

2077 1560 2237 1613 quem
2289 1548 2593 1623 specialiter
2627 1551 2691 1623 _in
2743 1551 3172 1623 AsiteApartibus
3221 1553 3448 1609 inveniri
3498 1548 3655 1623 posse

2081 1625 2365 1673 te5tantur.
2402 1619 2561 1672 Istum
2594 1619 2733 1673 sicut
2758 1621 2863 1675 diei
2889 1619 3061 1690 fulgor
3087 1623 3368 1678 abscondit
3402 1665 3415 1686 ,
3460 1619 3531 1681 ita
3563 1629 3664 1680 ad-

2079 1696 2271 1740 ventus
2326 1690 2498 1742 noctis
2548 1690 2835 1758 producit,
2876 1701 2931 1745 et
2998 1701 3184 1746 contra
3238 1697 3659 1751 consuetudines

2010 1783 2055 1843 B
2082 1758 2257 1843 avium
2291 1766 2421 1839 tunc.
2455 1762 2622 1843 magis
2645 1761 2861 1842 vigilare
2887 1771 2941 1814 et
2980 1778 3133 1843 escas
3172 1780 3415 1831 quaerere
3445 1768 3653 1835 incipit,

2082 1828 2293 1901 quando
2320 1842 2379 1879 se
2408 1828 2459 1880 in
2490 1842 2737 1901 soporem
2775 1831 3069 1885 animantia
3091 1828 3282 1887 cuncta
3306 1828 3655 1901 coxiipontiut.

2156 1896 2348 1973 itasser
2368 1906 2449 1951 est
2473 1900 2585 1951 avis
2614 1912 2813 1973 parva”,
2847 1901 2941 1973 sed
2976 1918 3078 1955 non
3104 1904 3320 1973 minima
3375 1896 3662 1973 sagacitate

2081 1965 2341 2039 sollicita,
2392 1981 2511 2034 qua:
2544 1982 2643 2021 nec
2682 1968 2840 2024 facile
2873 1970 3077 2038 laqueis
3108 1972 3383 2038 irretitnr,
3428 1965 3528 2030 nec
3572 1992 3665 2039 per

2082 2034 2369 2113 ingluviem
2401 2042 2601 2113 ventris
2632 2051 2878 2093 escarum
2908 2034 3201 2096 ambitione
3226 2034 3509 2113 decipitur.
3536 2034 3663 2101 llaec

2086 2114 2305 2182 propter
2337 2107 2700 2182 infirmitatem
2721 2124 2883 2182 suam
2927 2126 2993 2163 ne
3035 2124 3125 2165 aut
3157 2113 3267 2181 ipsa
3307 2107 3663 2182 a'praadatore

2083 2177 2347 2242 capiatur,
2380 2186 2475 2230 aut
2504 2178 2641 2231 fetus
2684 2180 2801 2247 ejus
2853 2177 3189 2245 serpentinis
3224 2177 3553 2241 devorentur
3580 2187 3662 2239 in—

2083 2247 2255 2319 sidiis,
2288 2248 2354 2300 ad
2381 2248 2661 2301 domorum
2688 2250 2893 2319 fastigia
2940 2253 3079 2304 celsa
3118 2255 3411 2307 concurrit.
3460 2254 3657 2309 Turtur

2084 2316 2261 2370 avium
2310 2319 2684 2381 caStissmus,
2732 2316 2835 2374 una
2891 2330 3095 2373 tantum
3145 2324 3485 2390 copulatione
3524 2340 3658 2379 con-

2088 2396 2264 2440 tentus
2294 2402 2415 2440 esse
2443 2402 2709 2442 narratur.

2100 2456 2464 2529 ._lf‘rixoriutii
2494 2469 2593 2529 est
2638 2458 2948 2514 fasciculum
2980 2460 3236 2514 sarmenti
3291 2461 3518 2529 aridum,
3553 2479 3658 2519 non

2087 2526 2190 2581 nisi
2222 2531 2285 2579 ad
2316 2528 2619 2581 incendimn
2664 2539 2871 2596 aptum.
2906 2529 3108 2589 Fulica,
3160 2532 3434 2585 mansueta
3465 2526 3577 2585 avis
3606 2546 3659 2588 et

2087 2597 2258 2671 nigra,
2292 2602 2433 2671 auiti
2475 2597 2746 2671 equidem,
2777 2602 2972 2671 minor,
3003 2601 3366 2671 sedcorporis
3394 2604 3658 2671 positione

2084 2668 2402 2738 consimilis,
2431 2671 2522 2737 qui
2554 2669 2605 2720 in
2629 2670 2831 2738 stagnis
2861 2668 3251 2725 delectabiliter
3270 2668 3652 2728 commoratur.

2088 2736 2420 2801 llerinacius,
2454 2736 2612 2805 quem
2648 2736 2900 2793 vocamus
2928 2740 3171 2803 et'tcium,
3205 2743 3402 2796 animal
3425 2752 3510 2797 est
3538 2758 3658 2799 om-

2088 2807 2217 2880 nino
2244 2808 2513 2872 timidum,
2546 2817 2733 2862 natura
2766 2810 3077 2878 providente
3106 2827 3319 2880 semper
3343 2823 3603 2866 armatum
3634 2854 3650 2879 ,

2085 2878 2239 2944 cujus
2268 2886 2447 2931 cotem
2474 2879 2703 2932 invicem
2734 2892 2968 2933 setarutn
2999 2883 3158 2934 sudes
3188 2878 3499 2937 acutissime
3522 2878 3655 2938 den-

2087 2946 2824 3023 sissitneque_communiuni,
2860 2961 2912 3004 ct
2942 2951 3206 3023 refugium
3237 2953 3396 3005 habet
3444 2969 3658 3023 semper

2089 3016 2357 3091 in_sa_xis.
2410 3019 2689 3091 :l‘opazion,
2728 3035 2895 3089 genus
2945 3031 3025 3073 est
3064 3016 3261 3086 lapidis
3320 3016 3611 3091 pretiOsuin

2088 3087 2199 3162 qui
2223 3088 2358 3142 duos
2400 3088 2569 3162 fertur
2609 3087 2806 3143 habere
2839 3091 3070 3162 colores,
3124 3106 3283 3145 unum
3320 3087 3446 3146 'auri
3481 3096 3658 3162 puris-

2006 3139 2052 3201 C
2083 3139 2589 3219 s'iinipet'alt'erum
2610 3139 2870 3213 "sillae;
2888 3139 3145 3215 claritate
3171 3139 3660 3219 elucentemrwl’in-

2081 3228 2253 3300 guedo
2283 3243 2434 3281 rosea
2477 3230 2887 3300 verecundaque
2945 3232 3148 3296 puritas
3174 3272 3189 3295 ,
3242 3231 3449 3285 vicinus
3491 3233 3656 3300 lapidi

2081 3298 2447 3366 chrySOpraso
2480 3299 2842 3367 magnitudine
2877 3339 2891 3362 ,
2943 3301 3025 3353 vel
3075 3300 3276 3365 colore,
3303 3302 3393 3368 qui
3426 3298 3656 3358 maxime

2080 3369 2350 3439 splendet,
2403 3382 2526 3420 cum
2573 3370 2701 3421 solis
2748 3369 3034 3436 splendore
3062 3372 3375 3437 percutitur.
3408 3372 3576 3439 Quam
3604 3375 3652 3429 si

2082 3438 2253 3510 polire
2284 3439 2436 3510 velis,
2466 3439 2758 3510 obscuras;
2788 3439 2829 3489 si
2849 3441 3326 3510 naturaeipropritn
3359 3438 3648 3510 relinquas,

2081 3506 2323 3561 irradiat.
2357 3506 2512 3580 Nasci
2540 3507 2729 3580 dicitur
2751 3510 2810 3580 in
2847 3508 3021 3561 insula
3052 3509 3339 3576 'I‘opazion,
3399 3506 3526 3580 qua!
3572 3506 3657 3566 est

2081 3580 2374 3653 provinciae
2402 3577 2713 3653 Theliaiihc.
2749 3579 2917 3653 Unde,
2942 3587 2997 3632 et
3029 3594 3220 3633 nomen
3249 3577 3460 3653 accipit.
3485 3583 3650 3653 Chry-

2079 3648 2297 3700 stallmn
2340 3658 2422 3701 est
2454 3652 2504 3701 in
2535 3648 2751 3701 modum
2799 3648 2918 3701 \itri
2962 3664 3057 3717 per
3097 3664 3406 3704 numerosa
3452 3648 3655 3711 hiemes

2080 3720 2275 3789 glacies
2305 3719 2621 3781 condurata,
2669 3728 2722 3789 et
2774 3720 2824 3770 in
2874 3720 3121 3772 duritiam
3172 3721 3286 3774 saxi
3334 3720 3542 3789 liquens
3566 3725 3657 3776 ad-

2080 3787 2293 3840 modum
2339 3789 2587 3853 perdncta
2624 3788 2938 3841 substantia.

2150 3862 2417 3925 Urganum
2449 3867 2532 3912 est
2565 3862 2715 3926 quasi
2747 3859 2906 3911 turris
2933 3859 3173 3927 quaedam
3202 3860 3428 3915 diversis
3455 3861 3644 3916 fistulis

2077 3926 2358 3994 fabricata,
2392 3930 2584 3997 quibus
2612 3930 2736 3982 flatu
2762 3926 2965 3983 folliutn
2998 3946 3098 3984 vox
3124 3933 3496 3999 copiosissima
3535 3934 3645 3987 dis-

2077 4007 2298 4071 tineiur,
2324 4010 2377 4051 et
2400 4012 2451 4051 ut
2487 4015 2605 4051 eam
2644 3999 2932 4071 modulatio
2960 4000 3152 4055 decora
3201 4013 3508 4071 componat,
3542 4006 3649 4056 ltn-

2075 4068 2191 4136 guis
2208 4071 2519 4140 quihusdam
2548 4070 2736 4137 ligneis
2765 4072 2832 4122 ab
2856 4071 3093 4124 interiori
3122 4081 3269 4138 parte
3295 4068 3644 4140 construitur,

2076 4152 2207 4207 quas
2228 4139 2683 4209 disciplinabiltter
2705 4141 3076 4205 magistrorum
3105 4142 3249 4208 digiti
3273 4139 3646 4209 reprimentes,

2075 4208 2453 4278 grandisonam
2484 4210 2725 4262 ellicrunt
2748 4220 2801 4262 et
2825 4213 3193 4264 suavissimam
3224 4208 3567 4267 cantilenam.

2146 4279 2402 4347 Cymbala
2430 4290 2632 4331 suntex
2658 4280 2923 4342 permistis
2948 4282 3177 4333 metallis
3209 4284 3438 4334 minima:
3458 4284 3650 4350 phialas

2074 4352 2402 4413 campositaa,
2422 4352 2709 4403 ventricula
2727 4352 3010 4403 artiliciosa
3032 4350 3391 4404 modulatione
3410 4352 3646 4414 eotlisw;

2073 4423 2437 4471 acutissimum
2480 4435 2668 4471 sonum
2697 4421 2999 4472 delectabili
3029 4423 3312 4473 Collatione
3344 4422 3648 4474 restituunt.

2160 4492 2279 4542 Sela
2312 4491 2529 4543 verbum
2555 4491 2897 4557 Septuaginta
2925 4491 3268 4556 interpretes,
3300 4491 3654 4560 Symmachus

2084 4568 2139 4614 et
2169 4561 2464 4613 'l‘heodutto
2491 4562 2778 4629 diapsalma
2808 4562 3218 4631 trariistuleront,
3280 4564 3468 4631 Aquila
3524 4577 3651 4616 vero

2084 4645 2306 4699 semper.
2338 4632 2399 4682 lit
2452 4641 2577 4695 puto
2605 4638 2695 4680 aut
2728 4630 2913 4680 musici
2945 4630 3218 4694 cujusdam
3262 4630 3379 4684 soni
3422 4647 3542 4685 esse
3583 4648 3657 4684 sr-

2084 4700 2389 4767 gnaeulum,
2424 4711 2513 4751 aut
2541 4708 2687 4751 certe
2712 4699 3121 4770 perpetuitatem
3156 4715 3339 4754 eorum
3372 4718 3491 4769 qua:
3519 4718 3649 4770 pr.i---

2084 4776 2222 4821 uicta
2260 4785 2382 4822 sunt
2430 4772 2685 4823 indicare.
2721 4768 3031 4833 Ubicunque
3057 4771 3190 4832 sela,
3228 4772 3328 4823 hoc
3372 4768 3475 4838 est,
3522 4768 3651 4826 dia-

2087 4842 2308 4905 psalma,
2328 4854 2438 4892 sive
2451 4854 2648 4906 semper
2666 4840 2969 4906 apponitur,
2987 4840 3056 4892 ibi
3075 4840 3303 4895 sciamus
3322 4856 3427 4896 non
3448 4852 3649 4896 tantum

2088 4910 2152 4960 ad
2187 4924 2421 4976 praesens
2451 4921 2656 4972 tempus
2686 4949 2701 4974 ,
2737 4924 2917 4962 verum
2974 4913 3038 4961 ad
3093 4922 3350 4965 wternum
3396 4915 3478 4966 vel
3526 4928 3646 4980 qua:

2079 4992 2395 5045 sequuntur,
2413 4984 2490 5031 vel
2514 4995 2631 5047 quae
2657 4989 3047 5043 praecesserunt
3067 4983 3356 5048 pertinere.
3385 4982 3508 5037 llaec
3530 4983 3650 5035 Hie-

2079 5063 2291 5113 ronytn.
2316 5049 2507 5102 Verum
2530 5052 2855 5115 Augustinus
2884 5061 3030 5117 putat
3052 5052 3141 5104 ubi
3164 5058 3452 5121 diapsalma
3481 5056 3647 5106 inter-

2083 5121 2313 5182 ponitur,
2338 5134 2703 5186 personarum,
2728 5133 2840 5171 sive
2863 5136 3137 5185 sensuum,
3164 5122 3275 5176 fieri
3306 5125 3647 5187 permutatio-

2082 5205 2224 5260 nem,
2247 5199 2297 5242 ut
2324 5191 2458 5244 sicut
2485 5194 2801 5257 sympsalma
2825 5190 3007 5244 Graece
3034 5205 3220 5243 vocum
3242 5193 3468 5245 adunata
3486 5207 3646 5260 copti-

2085 5258 2210 5313 lutio
2224 5261 2438 5324 dtcitur,
2455 5262 2521 5312 ita
2539 5261 2609 5312 sit
2625 5260 2914 5327 diapsaltna
2933 5275 3119 5313 Vocntn
3138 5273 3288 5326 rttpta
3303 5258 3647 5314 c0ntinualio.

409 5356 3650 5389 Wm

772 5452 1025 5535 ITEM
1104 5452 1212 5531 IN
1219 5446 1932 5529 TEBPBETATIO

2081 5446 2505 5528 OMINUM
2581 5447 3251 5527 HEBRIEORUM.

478 5592 786 5655 Abessalon,
814 5590 970 5644 Pater
998 5590 1159 5659 pacis.
1198 5588 1374 5654 Asapb
1394 5628 1408 5649 ,
1440 5600 1771 5659 congregans.
1803 5584 1973 5639 Abra-

406 5666 560 5726 ham,
604 5662 760 5716 Pater
790 5663 960 5715 videns
980 5656 1268 5732 populum,
1314 5659 1398 5732 vel
1451 5656 1604 5732 Pater
1653 5656 1967 5732 mrﬂtarum,

403 5736 455 5789 id
504 5724 614 5799 est,
664 5735 909 5803 gentium.
962 5724 1261 5807 Althphyli,
1318 5727 1635 5807 alienigenis.
1684 5724 1966 5807 Egyptua,

404 5796 1042 5871 ιγὶδιιιιιίιοὶοαηςιηδιαηε.
1088 5796 1389 5868 ίιΕιΙιίορίε,
1433 5797 1672 5865 tenebris,
1706 5796 1788 5852 vel
1817 5796 1964 5865 ignis.

2082 5583 2313 5637 Arabum
2339 5581 2587 5651 Agareni,
2614 5581 2842 5635 aduena.
2876 5583 3121 5651 Ammon,
3153 5579 3375 5646 populus
3400 5585 3649 5640 nias'oris.

2077 5656 2265 5717 Assur,
2314 5650 2557 5721 dirigens.
2611 5653 2859 5717 Aharon,
2910 5650 3069 5702 Pater
3106 5654 3353 5721 suscitans
3402 5653 3648 5710 dolorem.

2077 5729 2284 5787 Aaron,
2333 5719 2475 5775 mons
2530 5721 2863 5790 fortitudinis.
2911 5719 3380 5790 Amorrhaaorum,
3431 5739 3647 5777 antaro-

2078 5809 2211 5848 rum.
2271 5794 2471 5865 Aleptt,
2514 5789 2653 5846 utilia
2690 5794 2805 5847 sive
2846 5792 3096 5846 doctrina.
3154 5789 3465 5861 Benjantln,
3505 5794 3647 5865 ﬁlius
