4026 6200
372 298 379 325 ‘-
436 288 581 342 "r103

901 286 1102 340 Riihl}
1148 284 1588 338 VliNER-HHLIS
1626 282 1772 336 OPP.
1816 279 1989 335 PARS
2030 280 2092 333 ΙΙ.
2135 277 2325 334 SECT.
2371 278 2431 331 ll.
2475 307 2537 318 —-
2575 276 2771 331 Dl‘BIA
2818 276 2899 329 ET
2945 275 3205 331 SPURlA.

3532 278 3670 333 illi!

428 406 677 455 dexterce.
734 403 928 461 Busan,
970 401 1221 467 pinguedo
1260 400 1371 450 sive
1411 400 1634 457 brucus;
1691 412 1811 467 nam
1860 394 1997 467 quod
2026 399 2076 457 Α
2106 395 2256 467 risus,
2293 394 2403 467 sive
2422 392 2697 467 gaudium.
2735 390 2957 467 ls_mae_l,
2987 392 3179 467 auditio
3215 389 3329 444 Dei.
3380 392 3676 467 thin,_sa-

442 472 773 537 interpretari
804 471 938 522 solet
969 465 1246 537 ignominia
1267 508 1279 530 ,
1311 469 1432 519 busa
1461 466 1671 518 dicitur.
1694 465 1986 537 "Babylon,

438 533 688 609 confusio.
723 533 1043 609 Belphegnr,
1066 538 1253 609 habens
1278 554 1338 609 os
1360 537 1645 609 pellicium.
1681 534 1870 609 Gades,
1893 533 1994 609 ini—

438 605 648 670 mutata,
680 611 756 662 vel
787 605 977 660 sancta.
1009 608 1223 669 Cesion,
1254 608 1446 659 duriia
1476 621 1649 658 eorum
1682 606 1762 657 vel
1795 605 1994 655 (latitia.

436 678 562 735 Col.
608 678 821 739 vacatio,
854 681 930 727 vel
962 677 1089 735 avis.
1133 676 1225 728 scd
1271 677 1460 729 melius
1503 676 1753 728 excussio.
1801 672 1993 735 Cetlnr,

438 747 651 799 tenebrtv
699 748 777 798 vel
831 762 1028 799 mceror.
1087 746 1282 808 Chiisi,
1330 744 1571 813 zEt/tibps
1603 745 1684 796 vel
1717 741 1990 805 notabilis,

436 817 573 881 quod
604 819 665 867 :ul
695 816 910 871 Saulem
939 816 1186 882 pertinet,
1214 817 1332 879 quin
1364 820 1429 865 ah
1457 814 1675 865 humero
1704 823 1756 865 et
1782 826 1993 882 sursum

433 886 719 940 eminebat.
754 884 849 949 ἲν,
881 881 1080 937 omnem
1110 887 1376 952 populum.
1421 884 1608 943 (Iliam,
1641 883 1867 939 calidus:
1900 881 1993 933 sed

434 957 706 1009 sciendum
735 956 874 1023 quod
909 956 960 1006 in
995 954 1217 1006 llebraro
1245 955 1327 1006 chi
1351 995 1364 1013 ,
1414 955 1661 1023 scribitur
1693 960 1867 1023 autem
1903 965 1994 1016 per

432 1024 550 1076 both
571 1064 586 1086 ,
625 1022 959 1092 qttteduplici
988 1024 1316 1088 aspiratione
1347 1022 1631 1089 profertur.
1685 1022 1953 1092 Chanaan:
1976 1059 1991 1083 ,

430 1104 599 1146 motus
627 1089 797 1147 eorum
827 1096 909 1145 vel
943 1094 1247 1161 negotiator,
1295 1102 1384 1143 aut
1425 1091 1653 1143 Immitis.
1704 1089 1989 1161 Cherubin,

431 1163 655 1216 scientia:
682 1164 975 1223 ntu‘titudo,
1008 1159 1111 1213 'aut
1153 1162 1374 1215 scientia:
1404 1161 1703 1212 intellectus.
1755 1159 1989 1220 Clitireb,

432 1234 572 1297 quod
613 1234 662 1285 in
705 1234 927 1286 ηοωωο
957 1231 1094 1285 Oreb
1124 1232 1393 1290 scribitur,
1428 1241 1477 1281 et
1506 1231 1560 1282 in
1589 1239 1809 1296 tempore
1837 1228 1993 1279 ardor

430 1302 540 1354 sive
568 1304 767 1356 siccitas
788 1343 803 1364 ,
850 1311 941 1353 aut
975 1317 1153 1353 corvus
1186 1302 1265 1354 vel
1305 1299 1549 1354 solitudo.
1603 1299 1762 1350 David
1784 1338 1798 1362 ,
1847 1298 1993 1365 fortis

431 1387 605 1433 manu,
636 1375 752 1425 sive
781 1372 1060 1424 desiderati
1082 1371 1151 1425 is.
1172 1371 1392 1432 Dathan,
1424 1370 1630 1421 domum
1656 1382 1849 1429 eorum,
1879 1367 1992 1419 sive

430 1443 679 1508 stt/ﬁciens
707 1441 918 1493 donum.
966 1441 1223 1503 luzraites,
1255 1456 1417 1493 semen
1455 1439 1563 1508 Dei.
1611 1437 1990 1508 Erttmti,_ana-

432 1505 595 1564 thema
638 1514 769 1580 ejus.
830 1511 1036 1575 Endor,
1089 1511 1289 1570 oculus,
1318 1511 1428 1562 sive
1478 1507 1591 1580 fons
1635 1505 1987 1573 generationis.

433 1577 688 1649 lgphrcm',
740 1580 974 1649 frugifer.
1025 1583 1136 1633 sive
1176 1595 1419 1649 crescens.
1475 1577 1734 1649 Epitrata,
1768 1579 1987 1649 ubertas.

432 1645 650 1709 Gulaud.
682 1645 890 1704 acervus
914 1650 1205 1702 testimonii.
1256 1648 1418 1701 Gcbal
1440 1687 1455 1711 ,
1488 1647 1631 1700 vallis
1660 1656 1817 1699 vetus.
1870 1645 1990 1697 ldu-

432 1735 561 1772 mma
584 1762 596 1779 .
630 1732 857 1782 terrena,
898 1721 1010 1773 sive
1039 1719 1338 1788 sanguinea.
1391 1717 1550 1771 Israel
1573 1756 1587 1777 ,
1632 1717 1704 1788 vir
1736 1729 1822 1788 aut
1854 1731 1991 1768 mens

420 1790 599 1843 ridens
632 1790 810 1853 Deum,
858 1789 950 1843 sed
984 1783 1176 1841 melius
1217 1789 1450 1856 princeps
1481 1802 1594 1838 cum
1625 1783 1752 1837 Deo.
1808 1786 1955 1837 Isaac
1977 1826 1992 1851 ,

2104 465 2267 529 piens,
2302 464 2382 515 vel
2412 462 2718 530 intelligens.
2767 462 2952 522 Jacob,
2986 463 3363 527 supplantator.
3408 464 3679 527 Jnttadati,

2103 530 2307 583 Domini
2345 542 2669 598 spontancus.
2719 530 3000 592 Jordanis,
3050 531 3310 583 descensio
3340 547 3532 583 eorum.
3582 533 3683 586 ,Ιη-

2097 603 2259 663 seph,
2310 612 2675 668 augmentum._
2707 601 2874 670 Jnda,
2924 598 3190 663 laudatio,
3237 601 3352 670 sive
3396 602 3680 670 confessio.

2096 671 2299 736 Judzna,
2327 671 2593 736 conﬁtens,
2623 681 2713 723 aut
2740 668 2983 721 laudans.
3036 671 3192 732 Loth,
3224 668 3509 726 declinans.
3559 673 3678 725 Mtt-

2098 754 2302 804 nasses,
2335 742 2545 795 oblitus.
2590 740 2763 801 Moab,
2791 755 2854 792 ex
2883 748 3045 803 patre.
3091 740 3318 808 Moyses,
3352 752 3674 808 assumptus.

2097 810 2306 869 Manna.
2330 810 2451 877 quid
2474 820 2543 860 est
2569 810 2682 861 hoc.
2711 809 2899 870 Manio,
2921 809 3220 878 dcjudicio.
3256 810 3676 874 Melchisedech,

2095 894 2185 950 rex
2205 880 2439 950 justitice.
2462 878 2727 947 Nephtali,
2756 880 2995 941 latitudo,
3028 881 3140 933 sive
3170 883 3500 950 comparatio.
3531 881 3678 942 Non,

2095 949 2228 1017 fetus
2256 949 2335 1002 vel
2369 949 2553 1015 piscis,
2595 950 2708 1001 sive
2734 950 3118 1012 sempiternum.
3173 949 3429 1011 Phinees.
3469 951 3549 1002 ori
3574 968 3679 1017 pa-

2094 1034 2269 1078 scens,
2317 1020 2399 1070 vel
2451 1032 2539 1070 ore
2580 1020 2913 1086 requiescens.
2974 1018 3209 1085 Pharao,
3242 1019 3520 1086 dissipans,
3553 1022 3679 1075 sive

2094 1088 2464 1151 discooperiens
2492 1103 2629 1141 eum.
2658 1088 2818 1146 Ureh.
2851 1087 3069 1141 siccitas.
3100 1090 3196 1154 0g,
3226 1103 3527 1141 coacsrvans
3554 1091 3677 1144 sive

2091 1157 2439 1227 absconditus.
2470 1157 2619 1217 Sinti,
2639 1172 2732 1209 arx
2754 1161 2863 1209 sive
2884 1161 3106 1227 specula.
3141 1158 3382 1219 Sichem,
3404 1158 3677 1211 humerus.

2093 1226 2248 1281 Sina.
2282 1226 2575 1278 mandatum
2606 1228 2683 1278 vel
2716 1226 2975 1281 mensura.
3026 1229 3263 1292 Selmon,
3296 1228 3475 1280 umbra
3506 1228 3676 1295 offen-

2094 1297 2270 1359 diculi,
2301 1296 2410 1348 sive
2440 1296 2609 1363 imago
2638 1296 2971 1363 fortitudinis.
3029 1297 3165 1351 Saba
3186 1341 3200 1361 ,
3232 1300 3520 1364 captivitas.
3572 1299 3679 1351 Se-

2094 1366 2229 1424 lum.
2271 1367 2486 1425 avulsio,
2523 1368 2601 1419 vel
2634 1367 2885 1427 dimissio,
2934 1368 3044 1420 sive
3074 1370 3158 1419 ubi
3186 1378 3254 1421 est
3281 1369 3409 1428 ipse.
3464 1369 3674 1428 Sisara,

2092 1435 2263 1505 gaudii
2309 1436 2553 1507 exclusio.
2607 1437 2851 1497 Samuel,
2900 1453 3080 1489 nomen
3129 1441 3238 1507 ejus
3292 1437 3445 1507 Dens.
3497 1435 3672 1499 Seon,

2093 1520 2298 1577 germen
2342 1506 2564 1577 inutile,
2613 1507 2725 1558 sive
2771 1509 2975 1577 tentatio
3005 1506 3269 1561 lacessens.
3323 1506 3529 1577 Tyrus,
3577 1508 3673 1574 qui

2097 1575 2356 1627 Hebruire
2381 1574 2572 1626 dicitur
2598 1592 2727 1639 sors,
2758 1575 3034 1639 tnbulutio,
3066 1578 3177 1631 sive
3204 1574 3458 1644 angustia.
3484 1577 3670 1637 Tunis,

2092 1644 2345 1696 mandans
2383 1644 2617 1696 humilia.
2673 1645 2714 1696 Τ
2719 1645 2869 1706 :ibnr,
2919 1648 3117 1699 veniens
3146 1648 3341 1707 lumen,
3378 1648 3457 1699 vel
3501 1649 3673 1698 veniat

2098 1715 2203 1767 lux.
2246 1713 2373 1776 Zeii,
2406 1715 2576 1781 lupus.
2609 1713 2817 1777 Zebwe,
2846 1716 3068 1768 victima.
3112 1715 3370 1782 Zabulon,
3400 1715 3672 1769 habitacu-

2098 1783 2204 1835 lum
2235 1784 2569 1851 fortitudinis.

447 1904 3665 1931 W

1187 1990 1513 2067 VENER
1531 1988 1861 2065 ABILIS
1920 1989 2200 2065 BEDIE
2254 1988 2873 2066 PRESBYTERI

429 2128 638 2189 Sermo
670 2124 741 2185 de
790 2143 852 2184 co
892 2122 1059 2202 quod
1091 2122 1318 2199 legitur
1349 2123 1415 2181 in
1442 2122 1724 2199 psalmis,
1760 2119 2066 2181 Dominus
2121 2121 2196 2181 do
2239 2119 2411 2202 caelo
2434 2122 2760 2202 prospexit
2789 2139 2981 2201 super
3012 2121 3175 2185 ﬁlios
3212 2124 3567 2199 hominum,
3601 2138 3669 2189 at

1267 2202 1463 2263 videat
1498 2202 1548 2260 si
1579 2209 1672 2263 est
1703 2201 2060 2277 intelligens
2092 2207 2204 2259 aut
2236 2199 2565 2274 requirens
2596 2201 2823 2262 Deum.

628 2366 987 2424 PROLOGUS
1022 2364 1404 2431 SEQUENTIS
1440 2365 1793 2422 UPUSCULI.

496 2484 623 2540 Cum
645 2483 813 2552 plures
834 2481 1041 2552 clericos
1065 2480 1117 2533 in
1140 2479 1313 2533 schola
1334 2481 1631 2552 constitutos
1651 2496 1997 2552 agnoscerem,

429 2557 497 2608 ad
525 2556 618 2608 hoc
642 2550 790 2622 quam
820 2551 1037 2604 maxime
1065 2565 1261 2610 vacare,
1283 2558 1343 2622 ut
1365 2550 1650 2603 litterarum
1675 2551 1996 2603 strcularium

430 2625 660 2679 notitiam
701 2630 969 2691 caperent,
1016 2635 1129 2688 qua:
1167 2621 1430 2691 auditores
1472 2635 1590 2691 suos
1628 2621 1996 2691 studiosissime

427 2697 604 2749 docent
630 2689 859 2746 carnalia
888 2699 1150 2760 oppetere,
1196 2704 1289 2756 pro
1320 2690 1591 2741 obtinenda
1619 2689 1799 2742 mundi
1827 2691 1995 2759 gloria

427 2764 727 2818 contendere
751 2802 767 2827 ,
816 2761 1232 2830 syllogismorum
1270 2767 1317 2810 et
1356 2768 1769 2830 argumentorum
1795 2760 1996 2812 subtili-

430 2845 556 2888 tates
600 2832 789 2885 discere
817 2828 855 2897 ,V
882 2841 935 2882 ut
982 2828 1228 2897 quoslibet
1273 2829 1527 2897 simplices
1554 2845 1672 2881 cum
1700 2831 1997 2883 verbositate

412 2904 719 2973 Jtujusmodi
755 2902 1121 2973 circumventos
1161 2898 1352 2973 possint
1396 2898 1658 2973 irridere;
1701 2899 1910 2973 tractavi
1933 2909 1995 2973 _et_

422 2967 523 3043 ego
551 2973 738 3024 litteras
762 2971 880 3043 illas
913 2971 1075 3043 legere
1101 3007 1115 3029 ,
1160 2967 1339 3043 quibus
1354 2968 1563 3043 oliquos
1590 2970 1658 3019 ad
1687 2984 1844 3043 sacrte
1869 2969 1994 3043 ﬁdei

2099 2358 2274 2398 sorum
2302 2341 2469 2395 studia
2497 2340 2549 2393 in
2574 2340 2888 2395 contrarium
2917 2351 3158 2397 vertentes
3185 2359 3244 2398 ea
3271 2348 3587 2399 contentione
3616 2358 3664 2401 et

2100 2413 2422 2467 aemulatione
2462 2412 2735 2482 fecerimus
2780 2412 2940 2475 bona,
2983 2428 3097 2482 qua:
3130 2413 3208 2466 illi
3251 2416 3415 2482 facere
3457 2418 3665 2470 student

2099 2485 2250 2536 ntala.
2291 2482 2400 2547 Quo
2425 2478 2655 2533 videlicet
2680 2478 3281 2553 arguntento'Daminum
3305 2484 3357 2536 in
3384 2483 3660 2553 Evangelia

2098 2554 2310 2622 tegimus
2333 2553 2425 2613 uti,
2446 2565 2560 2622 cum
2582 2550 2878 2615 parabolam
2900 2551 3113 2622 protulit
3134 2554 3198 2603 de
3219 2551 3416 2606 homine
3432 2550 3661 2609 villicum

2097 2620 2338 2685 habente,
2383 2620 2468 2689 qui
2513 2635 2793 2688 agnoscens
2820 2635 2875 2673 se
2897 2620 2929 2674 a
2950 2620 3263 2689 villicatione
3293 2624 3661 2689 deiiciendum,

2098 2690 2315 2760 providit
2358 2687 2448 2759 per
2476 2687 2707 2763 [random
2745 2705 2858 2758 qua:
2893 2687 2988 2763 sibi
3034 2695 3505 2763 profuturaqforent
3544 2687 3660 2763 post

2098 2758 2444 2833 dejectionem.
2476 2758 2626 2810 lianc
2646 2760 2818 2833 itaque
2837 2758 3249 2833 parabolam‘non
3270 2758 3386 2815 ideo
3409 2758 3659 2818 Dominus

2097 2830 2290 2893 retulit,
2318 2838 2371 2881 ut
2396 2842 2691 2899 quemquam
2720 2830 2950 2882 incitaret
2980 2830 3046 2882 ad
3072 2832 3301 2899 fraudem
3329 2834 3616 2898 faciendam
3636 2851 3659 2889 :

2097 2902 2184 2954 sed
2227 2911 2282 2953 ut
2322 2914 2411 2951 nos
2452 2898 2682 2963 doceret,
2713 2899 2782 2949 ita
2812 2898 3081 2965 prudentes
3109 2916 3213 2953 esse
3241 2902 3295 2954 in
3324 2902 3496 2969 bouis,
3524 2905 3657 2957 sicut

2099 2972 2185 3024 ille
2226 2968 2424 3041 villicus
2466 2969 2569 3041 fuit
2605 2969 2659 3020 in
2700 2970 2886 3041 malis:
2918 2972 3037 3023 bene
3062 2971 3285 3023 videlicet
3313 2972 3656 3041 dispensanda

424 3037 677 3113 normam,
705 3040 769 3092 ad
798 3042 991 3113 timoris
1021 3037 1488 3113 amorisquedivini
1516 3053 1710 3113 curant,
1744 3040 1809 3113 ad
1837 3040 1992 3113 spiri-
2017 3052 2061 3113 ο
2096 3040 2265 3113 omnia
2302 3052 2414 3107 qua:
2456 3038 2596 3090 nobis
2636 3053 2667 3089 a
2713 3038 2815 3089 Deo
2857 3042 3198 3113 conceduntur
3222 3041 3276 3092 in
3309 3037 3406 3093 hoc
3440 3048 3655 3097 mundo.

433 3113 550 3166 talis
580 3111 696 3163 vita:
728 3110 1019 3175 puritatem,
1049 3107 1114 3159 ad
1143 3106 1444 3158 humilitatis
1472 3115 1518 3160 et
1548 3108 1812 3161 charitatis
1840 3112 1989 3161 devo-

428 3184 636 3244 tionem,
668 3182 735 3232 ad
757 3179 1103 3246 paenitentiam
1132 3179 1535 3246 malefactorum,
1560 3178 1992 3231 emendationem-

417 3268 526 3320 que
570 3244 772 3303 morum
808 3250 1093 3320 incitarem.
1146 3244 1406 3320 Intellexi_
1420 3263 1638 3315 namque
1676 3262 1847 3320 verum
1887 3263 1993 3302 esse

430 3316 566 3389 quod
596 3321 835 3387 scriptum
860 3326 971 3370 est.
1003 3316 1359 3389 Diligentihus
1378 3316 1543 3369 Deum
1577 3317 1754 3389 omnia
1788 3332 1992 3384 coope-

430 3386 616 3444 rantur
638 3390 696 3442 in
728 3389 922 3443 bonum
948 3405 959 3439 2
981 3386 1100 3453 quia
1129 3395 1230 3437 tam
1258 3386 1449 3455 malum
1474 3402 1626 3455 quam
1653 3388 1841 3440 bonum
1872 3404 1990 3453 pro-

412 3461 572 3513 desse
599 3466 778 3524 potest,
810 3457 887 3509 his
915 3460 999 3523 qui
1025 3456 1247 3525 diligunt
1282 3454 1443 3508 Deum
1471 3454 1521 3507 in
1551 3457 1775 3509 veritate.
1813 3454 1876 3508 Et
1902 3457 1990 3510 bo-

420 3546 548 3582 num
570 3532 792 3597 quidem,
810 3526 931 3593 quia
951 3530 1074 3579 satis
1096 3536 1228 3594 patet
1251 3525 1502 3597 quomodo
1524 3526 1702 3597 prosit,
1722 3536 1985 3597 prietereo.

428 3602 504 3652 De
538 3593 672 3651 malo
692 3598 794 3650 hoc
819 3596 985 3648 dicere
1015 3593 1145 3666 volo.
1184 3598 1301 3663 quia
1319 3594 1491 3666 tribus
1521 3593 1683 3666 modis
1712 3593 1843 3661 parit
1870 3613 1989 3666 pro-

430 3668 714 3738 fectumhis
734 3669 979 3738 duntaxat
1001 3666 1089 3732 qui
1110 3661 1283 3738 timent
1307 3661 1602 3738 Dominum.
1639 3663 1781 3738 Unus
1803 3661 1988 3735 quippe

425 3733 605 3791 modus
634 3747 735 3799 est,
765 3752 879 3788 cum
911 3736 1043 3786 Deus
1074 3735 1267 3800 aliquos
1298 3733 1600 3798 dissolutos,
1635 3743 1679 3785 et
1708 3736 1774 3786 ad
1802 3733 1986 3789 cuncta

426 3809 544 3861 boni
574 3807 737 3874 operis
769 3806 939 3858 studia
969 3806 1270 3872 negligentes
1312 3804 1483 3856 videns
1508 3844 1521 3866 ,
1571 3804 1857 3872 permiserit
1900 3821 1986 3859 eos

426 3881 604 3930 cadere
630 3879 679 3929 in
710 3875 914 3939 aliquod
940 3875 1149 3937 crimen,
1179 3874 1255 3927 vel
1286 3874 1569 3943 periculum
1596 3876 1808 3942 grande,
1842 3883 1894 3926 ut
1925 3891 1987 3928 ex

426 3950 518 3999 hoc
546 3946 801 3999 Itumitiati
843 3953 887 3996 et
926 3943 1093 4013 afﬂicti
1117 3955 1362 4011 saguntur
1393 3944 1540 3995 illum
1595 3960 1684 4010 pro
1712 3946 1986 3997 necessita-

425 4019 554 4069 tibus
603 4016 706 4068 suis
752 4014 1007 4067 invocare.
1044 4013 1177 4083 illoc
1222 4015 1376 4083 igitur
1415 4014 1563 4065 modo
1610 4014 1803 4081 talique
1846 4016 1983 4069 malo

425 4086 593 4151 plures
623 4083 891 4149 compulsi,
931 4082 1305 4153 adiDominum
1332 4093 1447 4136 sunt
1477 4085 1721 4136 conversi.
1778 4083 1854 4136 De
1881 4101 1985 4153 qua

426 4152 768 4221 Compulsione
810 4161 855 4203 et
895 4154 947 4204 in
978 4152 1251 4222 Evangelia
1283 4153 1462 4222 legitur
1486 4168 1504 4205 :
1544 4154 1805 4220 quia.cum
1835 4153 1982 4207 homo

423 4224 628 4291 quidam
664 4221 858 4278 fecisset
894 4236 1085 4274 caenam
1114 4221 1370 4290 magnum,
1419 4231 1461 4274 et
1510 4236 1729 4276 tocasset
1770 4228 1977 4290 multos,

424 4294 511 4363 qui
555 4292 784 4345 nolebant
829 4293 1034 4344 venire:
1080 4305 1351 4363 postremo
1359 4292 1566 4363 jusserit
1594 4308 1736 4345 servo
1764 4296 1935 4346 dicens
1960 4309 1979 4347 :

425 4360 525 4416 Exi
553 4364 603 4416 in
636 4362 746 4415 vias
774 4370 827 4414 et
856 4375 1031 4426 senes,
1064 4369 1118 4415 et
1148 4360 1407 4422 tontpelle
1434 4362 1653 4413 intrare.
1688 4364 1815 4426 Quae
1840 4378 1978 4416 com-

425 4434 591 4498 pulsis
626 4433 741 4501 talis
768 4441 863 4483 est.
911 4429 1053 4501 Cum
1082 4432 1215 4483 enim
1258 4430 1502 4501 Dominus
1552 4441 1739 4496 noster,
1768 4433 1853 4501 qui
1897 4449 1985 4501 per

425 4504 572 4555 illum
610 4500 861 4553 hominem
891 4500 1227 4571 signiﬁcatur,
1274 4499 1519 4569 plurimos
1558 4508 1660 4553 tam
1696 4514 1761 4552 ex
1788 4498 1985 4555 ludatis

422 4588 576 4639 quam
606 4584 666 4624 ex
694 4570 1012 4639 gentibus’et
1048 4573 1242 4623 cunctis
1270 4571 1425 4639 hujus
1464 4571 1642 4623 steculi
1671 4571 1983 4640 sapientibus

422 4650 641 4694 vocasset
666 4655 685 4694 .'
715 4640 801 4693 sed
830 4641 904 4691 illi
942 4656 1086 4693 suam
1126 4640 1343 4694 volentes
1375 4641 1628 4706 justitiam
1657 4642 1985 4706 constituere,

418 4712 635 4782 iustitia»
662 4708 769 4782 Dei
791 4725 894 4761 non
924 4711 1164 4778 subjecti,
1208 4713 1448 4782 convertit
1483 4725 1535 4761 se
1564 4709 1631 4760 ad
1664 4712 1893 4782 inﬁrmos
1938 4723 1987 4765 et

420 4779 689 4850 ignobiles,
718 4779 770 4830 id
795 4789 889 4850 est,
915 4784 1181 4831 sceleratos
1206 4779 1455 4850 quoslibet
1483 4781 1758 4841 vocandas,
1782 4784 1867 4846 qui
1894 4798 1987 4847 pro

422 4848 481 4904 eo
509 4849 655 4919 quod
676 4849 890 4915 peccatis
920 4850 1089 4901 nimiis
1119 4852 1278 4918 pressi
1305 4848 1547 4919 ﬁduciam
1576 4852 1772 4901 nullam
1800 4852 1854 4902 in
1880 4854 1985 4904 suis

422 4917 614 4972 riteritis
642 4918 914 4980 habebant,
948 4921 1095 4987 quasi
1121 4917 1365 4985 compulsi
1393 4919 1458 4970 ad
1484 4917 1574 4971 Dei
1602 4921 1821 4985 gratiam
1847 4923 1987 4986 fusti-

422 4991 631 5043 nabant.
683 4987 869 5041 Servus
911 4999 1078 5041 autem
1125 4990 1210 5052 qui
1254 4989 1378 5040 tales
1422 4990 1619 5040 vocavit
1657 4991 1725 5041 ad
1763 5006 1981 5053 cautam,

423 5059 728 5127 prcedicator
769 5057 976 5124 quilibet
1023 5058 1346 5127 intelligitur,
1396 5057 1566 5110 dicens
1605 5059 1673 5110 ad
1700 5073 1782 5111 eos
1807 5073 1826 5111 :
1865 5057 1985 5112 Nisi

419 5126 646 5183 conversi
673 5127 910 5247 (fueritis,
940 5143 1039 5179 non
1071 5127 1322 5180 intrabitis
1370 5126 1419 5178 in
1462 5142 1672 5196 regnum
1714 5132 1980 5183 caelorum.

419 5199 561 5247 Alter
590 5212 669 5247 mo
711 5212 769 5247 us
804 5204 910 5247 est.
957 5212 1070 5247 cum
1116 5198 1170 5247 in
1219 5196 1540 5247 tribulatione
1586 5197 1663 5247 vel
1711 5201 1980 5247 tentatione

418 5199 561 5252 Alter
590 5196 769 5250 modus
804 5204 910 5261 est,
957 5212 1070 5248 cum
1116 5198 1170 5248 in
1219 5196 1540 5249 tribulatione
1586 5197 1663 5249 vel
1711 5201 1985 5253 tentatione

416 5270 573 5337 aliqui
608 5277 842 5335 tanquam
872 5281 1053 5337 aurum
1082 5266 1133 5318 in
1161 5266 1366 5335 fornace
1397 5266 1625 5337 probati,
1644 5269 1825 5319 exinde
1851 5284 1983 5336 priv-

414 5335 576 5391 mium
612 5338 809 5390 mdeste
836 5335 1051 5403 adipisci
1077 5338 1369 5399 meruerint,
1406 5337 1559 5403 juxta
1590 5336 1717 5388 illud
1744 5351 1763 5388 :
1794 5335 1983 5389 Beatus

418 5411 499 5460 vir
532 5406 623 5473 qui
665 5405 1258 5475 sull‘ertlentationcm,
1298 5417 1424 5469 etc.;
1476 5407 1528 5475 in
1568 5407 1660 5458 hoc
1697 5416 1983 5475 persecutor

414 5479 581 5531 omnis
626 5476 755 5529 nolit
799 5473 917 5544 velit
958 5475 1205 5544 bonorum
1250 5474 1560 5544 profectibus
1607 5473 1779 5528 servit.
1833 5475 1982 5540 Quod

416 5548 655 5598 nimirum
699 5546 751 5615 in
795 5543 939 5598 beato
965 5542 1065 5597 Job
1101 5547 1226 5598 satis
1251 5542 1566 5599 declaratur.
1618 5544 1759 5599 Nam
1790 5558 1981 5615 quanto

413 5632 528 5667 eum
561 5614 897 5681 nequissimus
944 5615 1105 5666 hostis
1137 5615 1377 5667 tentando
1403 5616 1734 5681 supplantare
1764 5614 1979 5680 studuit,

416 5694 555 5738 tanto
585 5685 838 5738 meliorem
870 5684 982 5738 licet
1009 5685 1192 5737 invitus
1224 5685 1358 5753 fecit.
1395 5684 1597 5740 Tertius
1643 5700 1756 5740 cum
1782 5702 1978 5755 perver-

2093 3107 2299 3163 Constat
2326 3117 2496 3160 autem
2525 3117 2628 3160 tam
2656 3122 2839 3179 magna
2869 3109 3019 3178 hujus
3054 3113 3337 3179 argumenti
3367 3127 3552 3177 causa,
3596 3125 3653 3165 sit

2090 3196 2189 3232 non
2231 3182 2398 3249 solum
2439 3193 2501 3230 ex
2540 3178 2825 3231 hominibus
2876 3182 3064 3244 pravis,
3104 3178 3193 3249 sed
3239 3182 3390 3232 etiam
3434 3198 3499 3235 ex
3542 3190 3656 3249 ipso

2088 3248 2352 3321 parvitatis
2376 3259 2579 3300 auctore
2604 3257 2751 3321 queat
2779 3249 2988 3321 assumi,
3015 3250 3061 3302 si
3082 3248 3274 3321 scilicet
3307 3252 3400 3303 hac
3426 3255 3564 3321 quod
3592 3256 3659 3305 de

2088 3317 2147 3372 eo
2194 3319 2439 3384 scriptum
2482 3325 2594 3370 est:
2637 3317 2882 3371 Diabolus
2930 3318 3155 3384 circuit,
3204 3317 3452 3387 quaerens
3498 3337 3655 3387 quem

2088 3387 2345 3451 devoret,
2394 3388 2447 3439 in
2495 3388 2806 3439 contrarium
2856 3398 3094 3441 vertentes
3139 3390 3455 3443 dixerimus:
3505 3391 3656 3446 Sicut

2088 3458 2319 3511 diabolus
2355 3458 2534 3509 circuit
2561 3471 2788 3525 qutzrens
2817 3473 2962 3525 quem
2990 3460 3189 3511 devoret
3214 3496 3231 3521 ,
3274 3462 3345 3510 ita
3370 3472 3417 3513 εξ
3447 3476 3538 3513 nos
3564 3464 3655 3514 de-

2088 3529 2256 3581 bemus
2286 3526 2524 3590 circuire,
2569 3534 2846 3593 quwrentes
2875 3543 3020 3593 quem
3047 3529 3237 3595 eripere
3262 3529 3324 3581 de
3352 3531 3511 3596 ipsius
3541 3547 3657 3583 ma-

2087 3598 2198 3649 litia
2241 3600 2510 3661 possimus.
2563 3597 2721 3666 Cujus
2750 3599 2899 3649 etiant
2943 3599 3226 3667 argumenti
3268 3614 3420 3666 genus
3459 3599 3513 3652 in
3557 3601 3656 3655 hoc

2084 3668 2328 3720 sermonis
2358 3668 2605 3731 opusculo
2632 3668 2879 3732 imitatus,
2905 3668 3074 3720 studui
3101 3676 3152 3719 ut
3178 3671 3307 3721 sicut
3333 3670 3476 3721 multi
3502 3669 3653 3722 scho-

2086 3737 2217 3789 lares
2258 3738 2309 3789 in
2357 3736 2535 3789 litteris
2575 3737 2902 3790 stecularibus
2937 3754 2988 3790 se
3024 3748 3250 3790 exercent
3286 3738 3353 3788 ad
3389 3741 3655 3794 stecularis

2086 3808 2199 3861 vita:
2224 3822 2447 3859 amorem
2470 3807 2577 3859 :ita
2606 3816 2652 3859 ct
2680 3823 2757 3858 me
2784 3822 3063 3860 exercerem
3091 3809 3143 3858 in
3170 3808 3324 3860 sacris
3349 3807 3571 3872 Litteris,
3597 3814 3650 3864 in

2084 3878 2338 3929 elementis
2356 3886 2400 3929 et
2416 3877 2468 3928 in
2491 3878 2683 3928 cunctis
2703 3878 2846 3928 rebus
2863 3878 3153 3941 moralibus,
3169 3893 3275 3944 qum
3291 3880 3457 3931 animo
3473 3896 3649 3931 occur-

2083 3947 2276 4011 rebant,
2297 3947 2483 4016 eligens
2503 3946 2620 3998 inde
2640 3956 2786 4010 atque
2805 3948 3022 3999 scribens
3038 3962 3149 4014 quia
3166 3949 3436 4014 legentibus
3452 3953 3651 4015 profec-

2085 4024 2247 4084 tuosa,
2262 4025 2309 4070 et
2325 4018 2393 4069 ad
2404 4016 2785 4083 wdiﬁcatiottem
2798 4018 3080 4069 animarum
3095 4032 3316 4088 congrua
3332 4018 3648 4073 videbantur.

2577 4129 2638 4183 IN
2678 4128 2996 4184 l’SALMUM
3036 4129 3139 4184 LII.

2650 4236 3072 4275 COMMENTARIUS.

2153 4291 2541 4359 Omnipotentis
2582 4291 2673 4344 Dei
2716 4291 2880 4360 gratia
2910 4292 3128 4360 cupiens
3167 4307 3355 4346 omnes
3398 4292 3637 4347 homines

2088 4363 2313 4425 salvare,
2346 4361 2544 4414 indicat
2574 4359 2759 4432 nobis,
2780 4359 3328 4432 fratres'charissimi,
3366 4376 3460 4432 per
3488 4364 3635 4417 Psal-

2016 4418 2065 4478 D
2092 4418 2327 4495 mistam,
2355 4432 2579 4498 qualiter
2608 4446 2708 4484 nos
2739 4418 2944 4499 iugiter
2970 4431 3213 4497 inspiciat
3242 4418 3426 4486 diceris
3454 4450 3466 4483 :
3493 4433 3633 4486 Deus

2090 4501 2157 4554 de
2192 4501 2330 4553 cmlo
2367 4499 2636 4568 prospexit
2662 4517 2814 4569 super
2839 4501 2974 4566 ﬁlios
3001 4500 3286 4563 hominum,
3321 4513 3373 4554 ut
3402 4502 3562 4554 bidem
3590 4504 3636 4553 si

2088 4581 2161 4624 est
2191 4569 2477 4639 intelligens
2504 4578 2590 4621 aut
2621 4575 2875 4639 requirens
2909 4569 3086 4622 Deum.
3116 4571 3238 4623 tltec
3266 4573 3425 4640 igitur
3452 4576 3631 4633 verba,

2088 4641 2328 4707 quamvis
2356 4640 2462 4692 sint
2495 4653 2683 4705 pauca,
2726 4640 3042 4707 principnam
3077 4651 3251 4693 tamen
3282 4653 3335 4694 et
3363 4643 3632 4696 salubrem

2087 4710 2380 4764 doctrinam
2410 4712 2654 4762 omnibus
2682 4710 3083 4776 esquirentibus
3116 4712 3278 4763 Deum
3323 4710 3375 4763 in
3407 4713 3631 4765 veritate

2091 4782 2347 4847 prtcbent.
2398 4778 2597 4832 Doceat
2622 4794 2880 4846 namque,
2918 4780 3037 4849 quia
3068 4779 3208 4833 Deus
3232 4778 3431 4849 jugiter
3460 4780 3636 4848 reSpi-

2087 4850 2189 4903 ciat
2219 4862 2379 4914 super
2408 4863 2523 4910 nos,
2556 4857 2612 4901 ut
2649 4851 2747 4901 hoc
2777 4848 3052 4915 investiget
3076 4849 3120 4901 si
3150 4848 3385 4904 sitinter
3414 4865 3507 4903 vos
3536 4853 3636 4902 ali-

2086 4920 2205 4987 quis
2233 4916 2513 4988 intelligens
2541 4927 2627 4969 aut
2655 4918 2910 4985 requirens
2941 4918 3125 4970 Deum.
3155 4918 3213 4988 ilu
3241 4921 3435 4987 quibus
3459 4923 3639 4974 verbis

2088 4990 2188 5041 hoc
2219 4987 2458 5054 inprimis
2486 4999 2568 5040 est
2605 4990 2891 5040 notandum
2918 5025 2936 5055 ,
2980 4988 3119 5055 quod
3151 4987 3309 5051 Deus,
3340 4989 3428 5057 qui
3455 4992 3635 5042 Omnia

2088 5071 2369 5125 antequam
2393 5057 2519 5109 liam
2540 5058 2703 5121 novit,
2730 5072 2834 5109 non
2864 5060 2980 5111 ideo
3006 5070 3102 5126 nos
3127 5056 3388 5126 inspicere
3415 5058 3634 5121 dicitur,

2088 5137 2143 5181 ιιι
2170 5142 2235 5196 es
2268 5126 2446 5178 habitu
2471 5132 2551 5178 vel
2580 5135 2724 5179 motu
2751 5136 2933 5180 nostro
2956 5125 3082 5196 quid
3112 5128 3163 5180 in
3189 5125 3345 5180 nobis
3370 5130 3459 5192 sit,
3480 5131 3634 5196 quasi

2085 5195 2295 5250 nescius
2317 5196 2485 5249 discat
2510 5237 2522 5248 .
2559 5198 2651 5249 sed
2680 5206 2734 5248 ut
2762 5211 2857 5250 nos
2881 5195 3147 5249 discamus
3174 5208 3227 5249 et
3252 5195 3637 5252 admoneamur

2083 5266 2377 5327 attendere,
2403 5280 2559 5331 quam
2584 5265 2874 5319 clementer
2895 5276 3051 5334 atque
3075 5265 3340 5319 subtiliter
3366 5267 3465 5321 hoc
3490 5266 3636 5321 Deus

2078 5335 2274 5405 jugiter
2298 5336 2347 5386 in
2374 5336 2525 5389 nobis
2553 5338 2812 5401 esploret,
2833 5337 2955 5403 quid
2978 5339 3116 5405 circa
3140 5336 3364 5391 salutem
3392 5349 3633 5390 nostram

2083 5404 2178 5459 nos
2202 5416 2870 5473 traCteunts,quantamque
2892 5404 3301 5460 sollicitudinem
3327 5421 3433 5461 non
3457 5407 3631 5460 solum

2083 5489 2179 5545 pro
2208 5475 2489 5543 pra-sentis
2508 5480 2628 5545 vita
2661 5476 2913 5545 subsidiis
2943 5476 3323 5545 impetrandis,
3351 5475 3446 5531 sed
3468 5477 3631 5529 etiam

2084 5543 2177 5613 pro
2224 5554 2422 5618 aeterna
2469 5544 2574 5618 vita
2622 5543 3263 5618 obtinettda‘habeatnus.
3317 5547 3629 5618 llujusmodi

2081 5629 2274 5682 quippe
2298 5614 2541 5680 intentio,
2565 5614 2804 5681 primitus
2831 5624 2886 5667 ut
2907 5614 3038 5681 disi,
3065 5617 3115 5666 in
3141 5614 3435 5673 Psalmistie
3456 5616 3635 5674 verbis

2076 5686 2187 5756 jam
2220 5684 2439 5754 prolatis
2468 5692 2676 5739 constat
2706 5686 2993 5746 retinenda.
3035 5685 3232 5741 Deinde
3261 5688 3424 5744 altius
3450 5687 3631 5742 consi.
