4026 6200
382 407 513 461 ltus

1427 406 1486 460 IN
1531 400 1846 459 ινδλιλιιωι
1891 399 1975 453 Lll
2019 398 2569 453 COMMENTARIUS.

3483 391 3620 446 H03

376 513 700 581 derandum,
734 516 998 578 quomodo
1030 517 1079 568 id
1113 530 1204 579 pro
1234 530 1339 584 quo
1374 518 1512 572 Deus
1541 534 1638 572 nos
1669 515 1889 582 respicit
1915 562 1929 583 ,
1964 515 2010 571 Δ
2039 521 2389 584 strumeutum
2423 510 2655 584 patefiat.
2688 509 2899 565 Scimus
2929 510 3067 584 enim
3098 525 3303 584 omnes,
3334 510 3455 584 quia
3481 526 3603 563 cum

376 587 705 652 aliquatenus
736 586 957 649 implere
987 588 1269 653 p"ssimus,
1295 588 1343 639 id
1368 598 1471 651 est,
1498 600 1552 642 ut
1577 587 1932 653 intelligamus

378 669 426 705 ct
461 655 788 721 requiramus
825 655 1007 708 D-‘tttn.
1060 654 1326 720 Qudquid
1359 661 1495 709 cnim
1530 658 1932 721 intelligendum

377 734 432 776 et
463 724 777 787 requirendu
804 743 831 772 ιι
864 736 943 778 e~t
973 726 1039 775 de
1074 728 1198 788 Deo,
1234 726 1503 781 interioris
1546 729 1776 780 hominis
1823 737 1936 779 stn-

377 795 465 863 dio
494 802 702 846 constat
729 795 991 863 agendum
1020 812 1031 846 :
1077 796 1194 855 quia
1239 812 1356 849 cum
1400 810 1622 863 uterque
1653 802 1721 850 sit
1752 797 1937 850 iuvi<i~

379 862 515 926 bilis,
546 873 600 917 et
651 862 788 916 Deus
830 866 1032 917 srilieet
1079 877 1127 917 et
1163 875 1342 919 nonor
1374 862 1593 921 interior
1624 868 1805 929 homo,
1855 878 1939 920 ut-

379 942 503 1001 pote
532 932 617 999 qui
663 934 727 984 ad
773 933 864 987 Dei
904 935 1301 988 similitudinem
1337 938 1503 990 factus
1548 946 1650 991 est.
1704 937 1937 1003 Uterque

376 1003 537 1057 etiam
570 1003 905 1057 invisibiliter
930 1007 1094 1058 sentit
1122 1022 1239 1071 qua:
1268 1008 1333 1059 de
1361 1009 1530 1062 altero
1558 1008 1857 1066 sentiendo,
1884 1016 1940 1059 et

380 1071 697 1144 requirenda
748 1085 913 1137 sunt,
976 1076 1218 1139 quamvis
1269 1077 1407 1131 Deus
1456 1076 1941 1144 incomparabiliter

379 1142 623 1213 excedat.
678 1142 767 1197 Ille
815 1160 1043 1213 namque
1092 1161 1186 1208 per
1233 1162 1291 1200 se
1332 1148 1503 1212 ipsum
1545 1142 1722 1201 omnia
1766 1148 1936 1209 novit,

380 1212 541 1265 homo
571 1222 745 1265 autem
776 1229 871 1268 nec
902 1230 928 1266 a
961 1212 1271 1281 Scmetipso,
1310 1233 1408 1270 nec
1434 1220 1548 1270 sine
1575 1217 1941 1271 additamento

382 1281 559 1347 aliquo
606 1281 889 1346 quidquam
939 1285 1077 1339 scire
1128 1288 1287 1341 valet.
1346 1288 1771 1339 Ailditamcntum
1816 1300 1942 1347 vero

382 1352 525 1421 dico,
564 1353 740 1421 omnia
773 1355 993 1407 visibilia
1042 1370 1136 1421 per
1168 1372 1284 1417 qum
1315 1356 1628 1409 instruimur
1656 1356 1718 1407 ad
1752 1356 1937 1407 invisi-

385 1420 508 1491 bilia
558 1420 919 1491 intelligenda.
968 1420 1115 1478 Sicut
1162 1426 1415 1490 Scriptum
1466 1437 1596 1478 est:
1652 1425 1941 1477 Invisibiliu

387 1488 512 1563 poi,
561 1488 870 1563 pergea'qua:
899 1498 1031 1562 facta
1058 1506 1203 1560 sunt,
1249 1488 1503 1549 intel'ecta
1540 1496 1938 1563 conspiciuntur.

387 1558 515 1632 Item
567 1558 986 1618 additamentum
1041 1580 1160 1618 esse
1193 1558 1375 1630 'dieo,
1432 1568 1519 1618 illa
1576 1558 1941 1632 iiuelligentiae

385 1630 523 1701 dona
553 1672 566 1691 ,
614 1646 731 1699 qua:
780 1634 832 1686 in
885 1635 1283 1700 nobismetipsis
1329 1652 1388 1687 ev
1427 1638 1514 1689 Dei
1547 1638 1711 1701 gratia
1749 1630 1945 1700 jueiter

386 1699 698 1771 retinemus.
746 1704 894 1757 Sient
929 1715 1009 1758 est
1043 1706 1204 1757 illud:
1242 1705 1391 1768 Quod
1426 1708 1512 1757 tibi
1550 1699 1650 1759 non
1690 1708 1763 1758 vis
1800 1706 1939 1771 ﬁeri,

388 1769 476 1820 alii
520 1785 580 1821 ne
619 1771 815 1836 feceris.
872 1775 998 1826 Nam
1041 1774 1084 1826 si
1127 1776 1215 1826 alii
1259 1776 1387 1826 nihil
1432 1777 1615 1828 horum
1646 1790 1763 1839 qu'e
1794 1769 1944 1827 nobis

391 1838 502 1911 tieri
547 1842 814 1911 nolumus,
862 1857 1023 1911 agere
1071 1842 1346 1905 debemus,
1400 1847 1535 1896 mala
1584 1838 1757 1897 autem
1807 1846 1941 1896 nulla

391 1908 543 1960 nobis
570 1908 652 1975 agi
682 1908 989 1965 omnimodo
1018 1911 1294 1964 volumus:
1330 1914 1465 1966 mala
1499 1914 1659 1967 etiam
1689 1914 1828 1966 nulla
1860 1916 1944 1967 alii

388 1977 591 2049 agenda
622 1993 743 2049 esse
771 1982 1103 2047 apertissime
1133 1982 1355 2036 scimus.
1405 1984 1516 2049 Qua
1548 1984 1795 2036 nimirum
1828 1999 1950 2037 sen-

392 2046 553 2118 tentia
586 2048 725 2103 scire
754 2046 1138 2118 convincimnr,
1183 2054 1356 2105 omnia
1401 2046 1518 2114 quae
1547 2054 1664 2106 aliis
1694 2054 1950 2107 exhibere

390 2115 664 2190 debemus.
696 2119 768 2190 De
792 2122 977 2181 quibus
1005 2115 1333 2188 postmodum
1362 2123 1534 2189 aliqua
1559 2124 1801 2190 exempla
1833 2138 1950 2187 pro-

393 2186 637 2258 feremus.
694 2188 842 2242 Nunc
873 2186 1170 2258 vero'quod
1214 2192 1376 2245 instat
1406 2186 1621 2255 agamus
1649 2234 1663 2257 ,
1711 2186 1951 2248 dicentes

392 2254 637 2331 videlicet
676 2261 887 2331 tertium
940 2254 1281 2314 additamenti
1320 2254 1524 2328 genus,
1573 2254 1667 2331 per
1696 2264 1834 2330 quod
1868 2267 1947 2315 in-

392 2328 664 2389 struitnur,
697 2329 991 2396 intelligere
1021 2344 1083 2382 ac
1113 2334 1382 2387 requirere
1417 2328 1600 2385 Deum.
1638 2328 1745 2385 lloc
1772 2342 1951 2387 autem

392 2410 559 2456 genus
601 2397 654 2449 in
697 2399 941 2451 omnibus
982 2414 1150 2451 sacra:
1180 2399 1468 2464 Scriptum
1512 2402 1660 2455 libris
1704 2401 1947 2454 babetur.

396 2464 449 2515 In
482 2464 562 2517 bis
595 2466 749 2541 igitur
781 2468 1360 2541 tribusuadditamcntis
1390 2486 1547 2522 omne
1576 2486 1741 2541 genus
1770 2472 1949 2523 buma-

398 2549 546 2607 nutn,
570 2538 705 2601 quod
738 2537 802 2589 ad
832 2538 1215 2605 iutelligibilem
1242 2540 1495 2593 duntaxat
1518 2537 1728 2593 aetatem
1761 2556 1953 2607 pervc-

397 2605 535 2677 nerit
578 2607 830 2673 probatur
860 2608 982 2674 quid
1012 2608 1080 2663 de
1108 2608 1217 2662 Deo
1246 2609 1505 2677 intelligat
1530 2654 1542 2674 ,
1594 2621 1645 2662 et
1684 2605 1951 2674 quomodo

398 2674 837 2747 illumurequirat.
896 2678 998 2731 Sed
1046 2694 1138 2745 per
1169 2679 1276 2732 duo
1321 2674 1566 2747 superius
1596 2680 1732 2732 dicta
1765 2696 1949 2734 omnes

396 2744 485 2805 qui
528 2744 781 2815 librorum
813 2755 936 2800 sunt
966 2744 1172 2813 ignari,
1221 2744 1540 2802 libros'vero
1582 2748 1809 2802 scientes
1855 2764 1951 2815 per

396 2813 571 2864 omnia
614 2816 921 2887 probauitur.
974 2817 1122 2870 Nunc
1153 2834 1280 2887 ergo
1310 2820 1434 2887 quia
1464 2818 1801 2871 notissimum
1829 2813 1910 2871 est
1932 2859 1947 2881 ,

395 2889 661 2961 quomodo
719 2884 975 2961 in__libris
1027 2884 1339 2961 visibiliier_'
1360 2890 1600 2961 legatur,
1671 2888 1949 2956 qualisque

395 2953 615 3004 scientia
661 2969 723 3006 ex
777 2954 858 3008 bis
903 2956 1226 3021 acquiratur,
1276 2953 1558 3010 dicendum
1598 2953 1948 3010 esttantuin-

397 3021 578 3095 modo,
609 3022 912 3095 qualiterin
946 3024 1048 3077 illis
1074 3023 1284 3079 duobus
1311 3026 1688 3081 atld'tamentis
1717 3028 1864 3095 quasi
1896 3030 1946 3080 in

399 3088 550 3143 libris
596 3088 942 3164 spiritualiter
986 3094 1161 3160 legere
1211 3097 1493 3161 pessimus.
1547 3097 1704 3150 Liber
1736 3088 1944 3164 quippe

398 3168 504 3212 tam
535 3161 822 3232 spiritualis
853 3176 1007 3228 quam
1038 3165 1329 3232 corpmalis
1358 3168 1461 3219 dici
1494 3176 1699 3230 potest,
1729 3161 1863 3221 sicut
1882 3161 1943 3221 in

398 3244 546 3306 sacra
571 3231 1214 3306 Scriptura._maxitneqtte
1240 3236 1289 3287 in
1314 3236 1627 3306 Apocalypsi
1657 3237 1945 3292 invenitur.

400 3299 551 3374 Unde
572 3310 651 3353 est
677 3301 800 3374 illud
822 3316 835 3353 :
865 3300 978 3374 Yidi
1005 3304 1065 3374 in?
1083 3304 1288 3357 dextera
1314 3299 1530 3358 sedentis
1551 3299 1699 3374 super
1719 3307 1950 3359 thronum

397 3370 599 3422 librum.
642 3372 738 3435 Qui
769 3370 1007 3440 profecto
1038 3373 1171 3427 liber
1198 3374 1491 3441 spiritualis
1520 3370 1815 3429 credendus
1844 3386 1949 3441 est,

395 3441 909 3510 etquotiesctmque
962 3443 1254 3508 spiritualia
1311 3452 1637 3510 tractamus,
1692 3445 1849 3499 toties
1897 3448 1947 3499 in

395 3509 651 3581 spirituali
694 3508 836 3564 libro
863 3511 1104 3581 legimus.
1159 3512 1213 3567 In
1243 3528 1347 3581 quo
1374 3516 1536 3566 etiam
1568 3508 1713 3568 tanto
1744 3514 1950 3569 facilius

397 3578 571 3651 legere
601 3594 880 3648 possumus
904 3578 938 3647 ,⁷
970 3594 1168 3647 quanto
1196 3578 1311 3651 plus
1342 3599 1459 3635 eum
1496 3584 1549 3637 in
1581 3593 1823 3651 promptu
1853 3586 1949 3636 ha-

401 3648 628 3712 bemus,
682 3659 748 3720 et
786 3665 881 3703 nec
928 3652 1097 3705 noctis
1141 3648 1238 3705 nec
1268 3652 1497 3707 tenebris
1542 3648 1661 3707 ullis
1706 3648 1949 3720 impediri

400 3732 679 3794 possumus
707 3719 774 3794 ab
795 3720 1105 3794 lmjustnodi
1132 3722 1375 3776 lectiOne.
1407 3725 1537 3794 Cum
1563 3739 1691 3794 ergo
1717 3719 1950 3779 sciamus

398 3789 709 3859 qualitatem
744 3790 756 3841 l
792 3790 871 3843 bri
904 3790 1063 3853 illius,
1096 3793 1144 3843 in
1176 3808 1281 3859 quo
1311 3805 1415 3845 tam
1446 3793 1560 3846 laici
1588 3789 1742 3859 quam
1771 3796 1949 3848 clerici

403 3858 579 3932 legere
628 3868 893 3932 possunt,
928 3858 1235 3932 quaeramus
1268 3864 1425 3915 etiam
1465 3864 1553 3915 ubi
1598 3858 1648 3915 in
1679 3880 1742 3916 eo
1772 3865 1950 3932 legere

401 3928 710 4001 debeamus,
734 3938 786 4001 et
810 3929 896 3983 tibi
927 3929 1064 3982 Deus
1089 3934 1173 3997 qui
1202 3946 1360 3999 super
1384 3947 1480 3983 nos
1498 3932 1691 4001 jngitcr
1715 3928 1948 4000 respicit,

402 4008 457 4071 ut
486 3997 659 4051 videat
702 3998 819 4071 quis
864 4009 1101 4053 nostrum
1151 4003 1219 4054 sit
1266 3997 1649 4070 intelligens—ac
1697 3997 1951 4071 requirens

401 4066 583 4130 Deum,
616 4070 964 4135 requirendus
993 4071 1078 4124 sit.
1123 4071 1244 4123 llaec
1277 4066 1683 4139 igitur'ntraque
1713 4066 1770 4125 in"
1791 4074 1952 4129 corde

403 4144 589 4208 nostro
616 4140 817 4206 agenda
859 4150 1010 4200 sunt,
1061 4140 1180 4208 quia
1225 4152 1277 4195 ct
1310 4142 1446 4194 Dens
1476 4143 1596 4195 illuc
1625 4142 1760 4195 Solet
1790 4144 1950 4198 adie~

403 4207 579 4281 nire,“
604 4216 657 4261 ct
703 4210 982 4272 cujuslibet
1028 4207 1252 4279 legentis
1292 4212 1633 4266 intentionem
1666 4227 1952 4281 curamque

402 4278 669 4350 subtiliter
720 4294 949 4350 pensans
978 4320 993 4342 ν
1050 4278 1201 4338 urunt
1249 4282 1441 4334 viderit
1492 4298 1549 4336 se
1596 4282 1804 4348 amari.
1861 4278 1953 4350 lle"

404 4345 802 4412 inspirationem
861 4349 1167 4409 alloquitur.
1238 4350 1385 4403 llndc
1444 4352 1719 4403 l‘salznista
1777 4345 1949 4405 dicit:

402 4417 618 4469 Audiam
644 4418 764 4485 quid
792 4421 1027 4482 loquatur
1057 4419 1107 4469 iu
1136 4435 1211 4472 me
1245 4421 1483 4473 Dominus
1514 4420 1665 4473 Deus.
1717 4421 1955 4477 Audistis

401 4485 579 4553 itaque
604 4488 774 4553 qualis
805 4489 869 4539 sit
902 4489 1189 4553 spiritualis
1218 4492 1365 4551 liber,
1396 4503 1447 4544 et
1476 4491 1563 4543 ubi
1597 4494 1646 4543 in
1677 4507 1739 4543 co
1766 4493 1955 4546 debeat

2038 583 2291 650 quzelibet
2336 578 2609 636 excellens
2662 590 2925 634 structura
2960 579 3062 633 erit
3092 578 3403 633 :editlcanda
3432 620 3445 640 ,
3496 597 3602 633 non

2038 655 2182 721 prius
2235 653 2288 705 in
2336 654 2500 706 altum
2554 651 2789 720 potuerit
2834 650 3114 721 construi,
3170 664 3326 721 quam
3374 650 3505 721 p:tli~'
3549 661 3605 705 et

2039 718 2262 777 sudibus
2304 723 2355 776 in
2398 737 2532 788 opus
2555 718 2710 775 idem
2746 720 2976 787 undique
3009 718 3227 773 insertis
3258 719 3454 786 gradus
3482 720 3603 774 clli-

2038 794 2265 855 ciantur,
2304 794 2353 845 iu
2382 792 2573 859 quibus
2604 800 2658 845 et
2688 799 2971 855 operante;
3005 798 3146 841 stare
3180 789 3400 859 possint,
3430 800 3482 840 et
3511 804 3606 854 per

2040 877 2174 927 quos
2219 857 2439 914 inferius
2485 876 2547 913 ac
2595 862 2842 927 superius
2890 861 2987 912 iter
3029 859 3303 911 habeatur.
3361 857 3461 910 Per
3492 859 3605 913 luec

2042 932 2218 999 itaque
2239 930 2487 991 visibilis,
2511 946 2629 999 qu:e
2656 930 2902 981 omnibus
2931 938 3055 999 nota
3079 937 3223 999 sunt,
3249 928 3613 999 instrumenta.

2042 996 2381 1059 instruimur,
2428 1010 2483 1053 ut
2520 996 2570 1054 in
2616 999 2968 1053 invisibililms
3011 998 3149 1051 idem
3182 996 3461 1061 faciamus,
3494 1001 3606 1052 col-

2042 1071 2266 1140 ligentes
2305 1069 2512 1123 scilicet
2546 1070 2719 1122 varias
2765 1068 3194 1140 similitudincs‘,‘
3227 1067 3419 1133 quibus
3446 1084 3606 1140 opus

2042 1136 2264 1194 arduum
2295 1140 2529 1194 cmlestis
2576 1141 2749 1208 regni,
2799 1140 2938 1206 quod
2989 1154 3082 1202 per
3128 1136 3285 1192 lltlem
3318 1136 3603 1206 carpimus,

2043 1211 2108 1263 ad
2140 1209 2324 1263 altiora
2359 1207 2669 1263 construere
2693 1207 2986 1261 valeamus.
3022 1210 3076 1261 In
3104 1208 3186 1262 bis
3208 1208 3402 1276 quippe
3425 1208 3608 1261 edocti

2045 1280 2289 1333 stabilem
2335 1280 2555 1349 gradum
2605 1293 2803 1343 ponere
2852 1292 3174 1349 possumus,
3216 1288 3271 1329 ut
3304 1282 3605 1349 prooperis

2048 1351 2262 1415 increpti
2315 1347 2635 1413 perfectione
2667 1348 3051 1401 descendamus
3096 1348 3179 1400 vel
3228 1347 3603 1402 ascendamus.

2048 1418 2383 1473 Descendcrc
2414 1428 2587 1471 autem
2618 1418 2683 1470 ab
2715 1417 3012 1485 bujnsmodi
3053 1431 3214 1485 opere
3237 1458 3250 1476 ,
3298 1426 3381 1470 est
3424 1420 3603 1472 carnis

2046 1504 2227 1541 curam
2274 1497 2327 1541 et
2375 1503 2702 1555 quaecunque
2739 1490 2908 1540 activa
2942 1489 3041 1540 vita
3084 1486 3285 1553 exigit,
3334 1488 3599 1541 interdum

2050 1560 2362 1625 providere:
2395 1559 2687 1611 ascendere
2713 1572 2859 1621 vero,
2907 1568 2987 1611 est
3039 1557 3225 1609 iterum
3273 1560 3600 1621 contempla-

2050 1632 2168 1681 tiva:
2200 1630 2320 1681 vitze
2350 1629 2581 1682 Studium
2615 1627 2812 1680 viribus
2845 1628 2967 1681 totis
2997 1640 3267 1680 exercere.
3314 1627 3425 1679 Non
3455 1630 3600 1680 enim

2050 1699 2473 1763 contemplativae
2515 1699 2633 1751 vita:
2682 1697 2938 1763 perfectio
2988 1698 3105 1749 sine
3150 1697 3335 1749 activae
3386 1698 3606 1763 supple-

2050 1778 2230 1820 mento
2277 1768 2581 1828 obtinetur,
2632 1768 2750 1834 quia
2799 1781 2919 1833 quas
2970 1768 3021 1819 in
3070 1766 3433 1833 superioribus
3483 1776 3607 1819 sunt

1986 1855 2025 1911 Β
2055 1838 2314 1911 habenda,
2346 1852 2411 1891 ev
2444 1836 2938 1911 inferioribussunt
2968 1836 3284 1911 colligenda.
3338 1836 3473 1911 Ecce
3506 1853 3605 1890 una

2054 1907 2348 1960 similitudo
2375 1908 2504 1960 satis
2531 1914 2743 1970 aperta,
2790 1904 2842 1956 in
2872 1921 2970 1973 qua
3002 1906 3149 1974 quasi
3182 1905 3403 1973 legendo
3433 1916 3610 1970 potest

2054 1977 2289 2043 agnosci,
2314 1977 2539 2043 qualiter
2562 1975 2614 2027 in
2645 1973 2998 2027 aediﬁcatione
3021 1973 3286 2041 spirituali
3315 1974 3607 2030 debeamus

2055 2044 2284 2109 operari.
2340 2046 2431 2099 llis
2461 2045 2618 2111 igitur
2646 2043 2805 2097 dictis
2825 2045 2898 2115 _de
2926 2045 3219 2098 :edifieandi
3260 2044 3417 2115 modo
3447 2057 3607 2115 atque

2054 2115 2333 2181 qualitate,
2370 2116 2479 2184 jam
2529 2128 2787 2184 ponamus
2818 2112 3220 2184 fundamentum
3269 2114 3414 2179 tale,
3468 2112 3607 2180 quod

2056 2201 2153 2238 nec
2202 2183 2418 2239 ﬂumina
2468 2200 2565 2237 nec
2612 2183 2754 2237 venti
2809 2183 3011 2251 possint
3061 2198 3311 2245 movere,
3362 2186 3607 2251 quodque

2054 2254 2332 2310 aedilicium
2362 2269 2521 2308 omne
2551 2254 3016 2321 superponendum
3046 2255 3208 2320 possit
3237 2254 3459 2306 tiriniter
3480 2272 3606 2307 con-

2058 2326 2246 2379 tiuere.
2282 2324 2705 2378 Fundamentum
2737 2335 2912 2377 autem
2945 2323 3242 2392 ltujusmodi
3275 2324 3429 2376 tidem
3460 2339 3605 2376 sum-

2054 2410 2156 2448 ma:
2182 2395 2457 2449 Trinitatis
2504 2404 2558 2447 et
2603 2393 2819 2447 unitatis
2865 2408 2984 2447 esse
3012 2394 3321 2456 credentes,
3363 2394 3605 2459 inprimis

2054 2466 2249 2520 exinde
2272 2466 2514 2518 volumus
2540 2463 2717 2517 dicere
2739 2463 3138 2517 similitudinem
3166 2464 3341 2527 talem,
3368 2464 3434 2516 de
3459 2464 3608 2531 cujus

2054 2534 2239 2587 notizia
2268 2549 2423 2588 nemo
2451 2550 2509 2587 se
2536 2547 2792 2587 excusare
2820 2534 3030 2596 poterit,
3054 2542 3105 2585 et
3134 2548 3225 2599 per
3247 2548 3403 2601 quam
3430 2535 3610 2587 omnis

2055 2604 2143 2670 qui
2172 2604 2297 2657 velit
2326 2606 2600 2671 requirere
2644 2602 2840 2664 Deum,
2892 2603 3114 2657 noverit.
3171 2604 3376 2657 Scimus
3415 2602 3606 2673 quippe

2055 2683 2160 2726 tres
2192 2690 2444 2740 personas
2473 2686 2593 2727 esse
2622 2672 2673 2724 in
2706 2688 2809 2723 uno
2838 2688 2988 2739 aqua:
3018 2673 3313 2734 elemento,
3356 2674 3406 2726 in
3438 2672 3602 2726 uuam

2051 2743 2401 2798 siibstantiam
2429 2760 2442 2796 :
2474 2758 2594 2795 cum
2620 2742 2868 2803 dicimus,
2893 2742 2980 2795 ille
3008 2743 3144 2805 lous,
3169 2743 3257 2797 ille
3285 2743 3445 2808 rivus,
3476 2744 3602 2796 illud

2052 2822 2316 2881 stagnum.
2346 2814 2552 2866 Scimus
2576 2812 2731 2865 etiam
2760 2811 2874 2865 lucc
2898 2812 2996 2865 tria
3023 2821 3222 2865 tantam
3249 2815 3601 2881 teqiialitatent

2053 2883 2345 2947 continere,
2373 2895 2427 2936 ut
2454 2884 2497 2936 si
2528 2885 2594 2935 de
2616 2882 2851 2947 quolibet
2873 2896 3055 2935 eorum
3082 2882 3133 2935 in
3159 2883 3296 2936 aliud
3327 2883 3597 2946 infundas,

2053 2953 2248 3006 nullam
2280 2952 2764 3007 dissimilitudinem
2798 2953 2849 3003 in
2881 2952 2959 3006 eis
2990 2953 3227 3006 invenias
3248 2996 3262 3018 ,
3312 2954 3602 3007 dummodo

2052 3023 2328 3089 impuritas
2354 3024 2495 3077 nulla
2524 3023 2853 3077 extrinsecus
2879 3021 3102 3075 accidat.
3132 3022 3259 3088 Quis
3283 3038 3410 3092 ergo
3432 3026 3608 3077 sciens

2054 3094 2166 3145 lucc
2196 3094 2247 3147 in
2279 3104 2522 3147 creatura
2554 3092 2747 3145 visibili
2768 3133 2782 3155 ,
2831 3092 3109 3145 invisibilis
3147 3097 3399 3146 creatoris
3430 3093 3601 3146 'l‘riui»

2053 3173 2213 3216 tatem
2244 3175 2298 3217 et
2326 3166 2582 3217 unitatem
2601 3162 2725 3215 cred
2741 3175 2831 3215 ere
2855 3162 3062 3227 nequit?
3083 3162 3231 3223 Ouis,
3256 3177 3403 3229 rogo,
3428 3165 3604 3216 sciens

2054 3233 2214 3285 fontis
2246 3243 2299 3288 et
2326 3233 2421 3286 rivi
2449 3243 2504 3285 et
2533 3234 2701 3299 stagni
2735 3246 2895 3284 unam
2927 3231 3279 3297 eamdemque
3318 3246 3435 3285 esse
3476 3234 3601 3284 sub-

2054 3305 2326 3365 stantiam,
2358 3302 2408 3354 id
2440 3312 2522 3356 est
2550 3317 2764 3370 aquam,
2803 3300 3099 3368 intelligere
3130 3316 3233 3353 non
3274 3312 3445 3368 potest
3477 3302 3604 3354 illud

2054 3373 2193 3453 (λιιιιᾴ
2242 3371 2516 3453 Ιξριιιίιιιιῖ
2541 3380 2723 3453 noster
2770 3372 2822 3453 in
2872 3370 3154 3451 Evangelia
3184 3370 3361 3453 'dtcit:
3396 3372 3501 3453 Qui
3528 3388 3607 3453 me

2053 3439 2205 3505 uidet,
2235 3442 2363 3495 videt
2394 3450 2443 3494 et
2474 3441 2716 3505 Patrem;
2745 3451 2792 3493 et
2819 3441 2938 3507 quia
2967 3456 3058 3509 ego
3087 3440 3139 3492 in
3177 3439 3346 3503 Patre,
3378 3453 3424 3493 ct
3459 3440 3615 3493 Pater

2053 3512 2112 3565 in
2140 3528 2217 3564 me
2245 3522 2337 3565 est.
2392 3512 2635 3580 Nunquid
2682 3512 2875 3576 aliquis
2922 3510 3117 3576 aliquid
3160 3512 3379 3580 rationis
3412 3511 3610 3564 balteus

2055 3583 2296 3646 ignorat,
2347 3583 2468 3649 quia
2517 3579 2633 3634 fons
2662 3581 2713 3633 in
2745 3584 2858 3633 rivo
2886 3590 2961 3631 est
2988 3620 3002 3641 ,
3054 3590 3107 3631 et
3155 3581 3295 3631 rivus
3337 3579 3388 3633 in
3422 3581 3612 3633 fonte?

2057 3651 2206 3706 Unde
2249 3653 2440 3704 frustra
2488 3654 2731 3717 laborat,
2776 3652 2863 3718 qui
2916 3649 3295 3703 conscientiam
3344 3651 3608 3719 propriam

2054 3723 2234 3781 lugere
2265 3737 2418 3786 posse
2448 3723 2736 3776 existimat.
2791 3720 2898 3773 Nisi
2928 3719 3066 3773 enim
3103 3720 3238 3774 Deus
3269 3736 3297 3771 a
3329 3722 3481 3773 nobis
3530 3736 3613 3773 re-

2054 3793 2192 3857 quiri
2224 3803 2272 3844 et
2308 3792 2531 3860 intelligi
2564 3791 2947 3859 aliquantulum
2979 3804 3133 3857 posse
3169 3790 3361 3855 sciret,
3397 3806 3494 3843 nec
3526 3792 3609 3843 illa

2054 3862 2212 3913 verba
2246 3878 2361 3928 quae
2391 3863 2499 3927 jam
2547 3860 2740 3928 protuli
2785 3861 3115 3927 permitteret
3154 3860 3292 3925 dici,
3346 3861 3446 3912 hoc
3487 3871 3569 3912 est
3595 3899 3610 3922 ,

2056 3929 2193 3984 Deus
2222 3932 2284 3983 de
2311 3934 2436 3984 εωιο
2472 3930 2749 3998 prospexit,
2778 3940 2906 3995 etc.,
2940 3944 3039 3983 nec
3065 3945 3123 3983 ca
3154 3946 3271 3995 qua:
3299 3929 3424 3982 alibi
3459 3931 3614 3983 Psal-

2057 4002 2207 4053 niista
2257 4002 2383 4054 dicit
2430 4018 2493 4055 ex
2544 4001 2748 4053 Domini
2795 4013 3061 4067 persona:
3102 3998 3291 4054 Vacate
3333 4009 3381 4053 et
3428 4000 3608 4064 videte,

2054 4074 2294 4137 quoniam
2321 4088 2411 4143 ego
2437 4088 2549 4143 sum
2573 4070 2730 4143 Deus.
2762 4069 2815 4122 lu
2844 4070 3033 4143 quibus
3066 4069 3302 4143 profecto
3323 4071 3500 4125 verbis
3523 4070 3611 4125 de.

2056 4140 2401 4206 iuonstratu'r,
2434 4142 2555 4208 quia
2588 4142 2688 4192 nisi
2733 4153 2762 4191 a
2804 4142 3027 4194 tmnultu
3065 4140 3304 4193 saeculari
3338 4156 3619 4205 vacemus,

2059 4227 2155 4263 nec
2184 4210 2283 4265 hoc
2313 4212 2452 4280 quod
2485 4212 2621 4265 Deus
2649 4212 2774 4280 sit,
2813 4225 2940 4275 pura
2990 4212 3183 4264 mentis
3232 4213 3345 4280 acie
3390 4226 3621 4263 cernere»

2056 4276 2343 4335 valemusf
2376 4283 2619 4351 Dicamns
2650 4291 2700 4333 et
2732 4279 2887 4351 aliam
2918 4280 2989 4351 de
3015 4296 3149 4351 aqua
3176 4276 3613 4345 similitudinem,

2058 4354 2109 4404 in
2140 4366 2240 4418 qua
2276 4352 2487 4419 pietatis
2516 4350 2711 4403 divime
2754 4350 3080 4402 immensitas
3104 4390 3120 4414 ,
3173 4358 3225 4402 ct
3273 4351 3609 4419 negligentia:

2058 4431 2253 4473 nostrae
2284 4424 2550 4488 quantitas
2584 4421 2789 4485 pensari
2819 4421 2976 4471 valet.
3030 4420 3175 4487 Aqua
3219 4434 3407 4484 nempe
3437 4421 3629 4488 omnis

2057 4492 2257 4558 absque
2284 4486 2344 4543 ea
2373 4506 2489 4558 qua:
2517 4490 2691 4554 aliqua
2723 4488 3051 4540 immunditia
3081 4486 3157 4540 vel
3186 4489 3341 4541 sorde
3369 4486 3613 4542 corrutni

402 4554 541 4628 legi:
589 4557 769 4609 audite
810 4558 967 4628 etiam
1013 4559 1279 4619 quomodo
1325 4562 1374 4611 in
1421 4577 1485 4611 eo
1534 4561 1812 4627 legendum
1860 4562 1951 4614 sit.
1986 4571 2032 4628 υ
2062 4554 2222 4625 pitur,
2252 4554 2461 4613 cunctis
2490 4558 2555 4610 ad
2586 4573 2643 4610 se
2674 4558 2881 4609 lavandi
2912 4572 3068 4610 causa
3109 4559 3482 4612 accedentibus
3526 4570 3609 4611 est

402 4624 507 4678 Sed
540 4628 843 4693 priusquam
894 4626 1096 4695 aliquid
1148 4628 1419 4695 legamus,
1469 4624 1768 4693 exemplum
1814 4631 1952 4683 unde

403 4695 560 4747 talem
605 4695 812 4764 legendi
860 4694 1070 4746 tnodnm
1106 4694 1507 4763 sumpserimus,
1540 4699 1799 4752 dicamus.
1853 4700 1953 4749 Dn-

403 4764 575 4835 minus
600 4779 839 4835 namque
871 4774 924 4817 et
950 4764 1191 4818 Salvator
1222 4776 1424 4831 noster,
1456 4782 1573 4818 cum
1604 4769 1775 4834 aliqua
1807 4768 1952 4835 regni

402 4834 642 4888 cmleslis
671 4844 877 4887 secreta
910 4849 1153 4889 reserare
1185 4836 1371 4899 vellet,
1421 4836 1799 4889 similitudines
1830 4834 1952 4902 pro-

407 4905 522 4956 tulit
556 4902 717 4969 tales,
763 4919 879 4970 qure
910 4906 1144 4957 omnium
1175 4905 1538 4972 intelligentiae
1584 4906 1947 4959 convenirent.

410 4973 603 5026 l'aulus
634 4988 842 5039 quoque
873 4973 1109 5025 caelestia
1163 4990 1254 5040 per
1280 4976 1681 5028 similitudinem
1713 4984 1952 5028 contem-

407 5044 538 5108 plari
570 5058 723 5110 posse
752 5052 997 5101 testatur,
1028 5044 1212 5097 dii-ens
1240 5060 1252 5095 :
1295 5044 1536 5097 Videmus
1563 5061 1694 5096 nunc
1723 5060 1810 5113 per
1836 5061 1955 5111 spe-

405 5112 577 5165 culum
621 5123 665 5165 et
691 5114 741 5164 in
766 5113 1049 5179 amigmute.
1085 5114 1309 5180 Ideoque
1335 5114 1473 5167 sicut
1500 5114 1754 5166 Dominus
1781 5124 1960 5167 nuster

410 5197 503 5241 per
532 5182 905 5234 similitudines
953 5195 1156 5235 secreta
1211 5182 1427 5248 plurima
1475 5183 1722 5236 lidelibus
1751 5186 1959 5236 eunetis

407 5254 653 5317 aperuit,
694 5251 764 5303 ita
794 5260 848 5303 ct
870 5266 970 5315 ego
1003 5262 1153 5320 prout
1184 5255 1348 5318 gratia
1378 5253 1553 5305 divina
1585 5254 1858 5314 concedit,
1906 5256 1956 5305 in

408 5321 509 5374 hoc
538 5334 785 5375 sermone
811 5322 1031 5386 Cllpit‘lls
1062 5323 1234 5375 facere
1260 5362 1273 5381 ,
1324 5322 1424 5374 tale
1469 5322 1752 5375 locutionis
1792 5339 1958 5385 genus

407 5391 545 5456 quod
574 5391 877 5442 facillimum
909 5400 984 5441 est
1014 5391 1077 5443 ad
1110 5392 1527 5458 intelligendum,
1558 5400 1608 5443 et
1639 5392 1689 5445 itt
1720 5393 1952 5445 omnium

408 5462 670 5530 reperitur
694 5459 1013 5511 conscientia
1045 5464 1360 5527 sapientium
1386 5500 1401 5521 ,
1447 5462 1655 5513 decrevi
1687 5464 1954 5528 appellare

410 5532 599 5581 librum
622 5570 637 5593 ,
672 5530 721 5581 in
755 5544 859 5594 quo
886 5530 1111 5592 quilibet
1138 5530 1423 5597 ~piritnalis
1452 5535 1601 5598 quasi
1634 5532 1839 5598 legens,
1873 5546 1956 5584 se-

406 5611 563 5669 creta,
581 5601 755 5651 cordis
784 5601 861 5649 sui
896 5601 1060 5664 possit
1090 5616 1393 5669 agnoscere.
1431 5602 1562 5653 Cum
1597 5602 1749 5667 igitur
1777 5611 1947 5653 tem-a-

410 5685 527 5719 nius
555 5668 745 5720 librum
773 5707 787 5730 ,
842 5670 1078 5737 legamus
1110 5672 1232 5722 illud
1268 5671 1521 5734 pt‘illlllnt,
1577 5671 1717 5723 unde
1762 5680 1809 5721 et
1858 5670 1955 5722 boc

409 5738 583 5802 ipsum
633 5739 801 5789 valeat
850 5741 1063 5804 agnosci
1093 5780 1106 5799 ,
1163 5740 1298 5806 quod
1345 5744 1516 5791 omnis
1557 5741 1678 5792 vita:
1724 5742 1955 5794 ragle‘tis

413 5808 787 5878 contemplatio
818 5809 1025 5865 nonnisi
1075 5824 1168 5879 per
1208 5810 1433 5879 alicuius
1480 5810 1835 5866 similitudinis
1872 5815 1948 5865 iu-

2060 4639 2202 4691 apta,
2232 4643 2327 4682 nec
2355 4642 2673 4695 quemquam
2707 4628 2790 4679 vel
2822 4628 3044 4678 multum
3076 4628 3157 4680 vel
3207 4644 3390 4695 parum
3437 4628 3608 4680 sordi-

2058 4697 2182 4751 dum
2224 4711 2254 4749 a
2296 4713 2355 4751 se
2384 4698 2614 4765 repellit.
2671 4696 2778 4750 llac
2825 4699 2980 4763 igitur
3028 4696 3371 4752 similitudine
3425 4714 3611 4751 cuines

2057 4768 2257 4832 pariter
2281 4769 2649 4829 admonemur,
2697 4781 2764 4817 ne
2802 4770 2919 4833 quis
2965 4778 3203 4821 nostrmu
3250 4770 3497 4835 despeiet
3544 4772 3611 4823 de

2057 4850 2391 4904 peccatorum
2423 4852 2639 4891 suorum
2672 4836 3037 4902 puriﬁcatione
3063 4839 3375 4902 obtinenda,
3402 4839 3447 4891 si
3490 4851 3604 4891 tan-

2061 4906 2334 4957 tummodo
2359 4906 2668 4958 eorumdem
2703 4916 3038 4970 peccatorum
3071 4909 3257 4961 sordes
3285 4912 3497 4961 abluere
3524 4925 3609 4961 v0-

2059 4974 2193 5037 Iens,
2225 4975 2289 5026 ad
2322 4974 2518 5027 fontem
2549 4989 2697 5040 aquze
2726 4975 2879 5037 vivae,
2914 4976 2964 5027 id
2994 4985 3092 5037 est,
3119 4979 3183 5029 all
3218 4980 3377 5031 Deum
3408 4990 3609 5038 currat,

2060 5044 2237 5111 ibique
2259 5058 2315 5096 se
2336 5059 2456 5097 cum
2481 5044 2812 5110 poenitentia:
2835 5044 3078 5114 lacryutis
3102 5047 3261 5101 lavet.
3283 5048 3416 5100 Nibil
3443 5049 3606 5108 enim,

2062 5124 2119 5165 ut
2149 5114 2400 5177 scriptum
2433 5126 2545 5174 est,
2578 5114 2629 5165 in
2661 5122 2817 5165 terris
2844 5114 2899 5167 llt
2931 5118 3043 5167 sine
3072 5132 3252 5171 causa.
3303 5120 3404 5171 Sed
3436 5119 3609 5167 omnis

2060 5192 2303 5253 creatira
2335 5197 2595 5250 ouiueque
2637 5185 3045 5253 instrumentum
3077 5188 3236 5247 utile;
3286 5189 3378 5241 sed
3410 5197 3463 5239 et
3497 5192 3611 5253 ipsa

2061 5252 2198 5305 ratio
2228 5252 2346 5305 data
2373 5255 2436 5303 ad
2466 5268 2561 5303 nos
2590 5267 2680 5317 per
2705 5252 2935 5320 aliquam
2966 5256 3364 5310 sitnilittnlinetn
3393 5252 3613 5319 clamat,

2064 5333 2119 5375 ut
2151 5321 2313 5375 Deum
2346 5321 2696 5388 requiramus.
2750 5322 2876 5384 Sed,
2912 5334 2967 5375 ut
3013 5326 3079 5377 de
3127 5328 3369 5380 inchoata
3406 5327 3614 5378 lavandi

2063 5391 2418 5444 similitudine
2468 5392 2581 5457 plth‘
2634 5392 2925 5457 loquamur,
2992 5395 3090 5446 nisi
3138 5406 3276 5449 esset
3327 5396 3616 5461 spiritualis

2062 5462 2197 5514 sicut
2228 5462 2519 5527 corporalis
2550 5462 2758 5524 lavatio,
2795 5477 3121 5529 nequaquam
3158 5466 3433 5517 Psalmista
3462 5466 3606 5519 dice—

2064 5541 2143 5583 ret
2171 5552 2181 5584 :
2218 5531 2449 5597 Amplius
2480 5530 2593 5581 lava
2625 5545 2701 5581 uio
2730 5532 3083 5598 ab_iuiquitate
3109 5551 3238 5595 mea,
3273 5545 3362 5588 et:
3400 5534 3615 5587 Luvabis

2064 5617 2175 5665 me,
2218 5611 2263 5653 et
2292 5616 2441 5666 super
2471 5600 2631 5651 nivem
2665 5600 2952 5651 dealbabor.
3007 5603 3138 5655 lliuc
3166 5605 3325 5656 etiam
3360 5608 3613 5671 pr0plieta

2062 5671 2311 5723 admonet
2345 5686 2439 5724 nos
2470 5686 2535 5721 cx
2569 5684 2788 5734 persona
2825 5671 3026 5723 Domini
3060 5675 3279 5726 dicens:
3314 5672 3573 5727 Lavaiitiui
3596 5716 3611 5740 ,

2062 5742 2238 5792 mundi
2266 5750 2436 5793 estote.
2475 5741 2537 5791 Et
2567 5754 2615 5791 nt
2650 5740 2882 5803 apertius
2914 5742 3199 5795 insinuaret
3230 5745 3349 5811 quia
3381 5762 3469 5807 per
3500 5745 3610 5795 Inuc

2063 5811 2219 5866 Verba
2250 5812 2522 5880 spnituale
2549 5820 2715 5879 magis
2744 5826 2899 5879 quam
2930 5818 3202 5883 corporale
3228 5815 3495 5871 lavacrum
3519 5815 3612 5867 dc-
