4026 6200
417 368 549 436 ιιςη

877 366 1081 421 ΒΕΟᾸΞ
1126 361 1574 419 VENEliABlLlS
1613 360 1763 417 OPP.
1808 360 1984 417 PARS
2025 360 2086 416 ll.
2122 360 2311 417 SECT.
2354 358 2417 417 11.
2458 391 2527 403 -
2567 359 2772 416 DUBIA
2814 358 2899 415 ET
2941 358 3208 416 SPURIA.

3517 363 3661 421 i108

412 487 669 553 signaret,
699 483 948 535 continuo
977 479 1249 553 sulijunvit
1277 481 1457 553 dicens
1483 498 1497 533 :
1536 483 1750 553 Auferte
1777 481 1970 532 malum
2006 479 2051 533 Δ
2081 485 2155 553 rei
2185 491 2198 529 :
2231 473 2375 553 Sicut
2406 476 2457 553 iu
2491 485 2631 553 terra
2665 492 2852 546 magna
2881 477 3193 553 meritorum
3224 476 3510 553 diversitas
3539 493 3656 548 est,

408 550 770 622 cogitationum
802 561 1077 604 vestrarum
1106 550 1167 602 ab
1199 550 1359 603 oculis
1387 553 1534 613 meis,
1561 550 1801 621 quiescite
1828 567 1977 619 agere

413 638 656 694 perverse,
686 633 787 674 etc.

486 693 626 745 Inter
651 694 783 753 lucc,
807 689 1001 743 etillud
1024 690 1331 743 omnimodo
1351 691 1677 753 pensandum
1702 689 1972 755 existimo,

413 762 551 830 quod
584 762 701 813 ideo
734 760 1168 822 baptizandornm
1200 775 1425 823 corpora
1457 758 1733 813 visibiliter
1773 760 1913 812 ablui
1947 775 1976 813 a

420 829 641 885 Domino
672 830 1068 897 praecipiantur,
1100 840 1153 882 ut
1187 844 1279 895 per
1309 831 1410 883 hoc
1440 829 1827 882 admoneamur
1857 846 1978 883 cre-

411 902 539 955 dere
584 900 787 953 animas
835 899 907 952 ibi
954 902 1151 968 pariter
1191 898 1441 952 invisibili
1484 900 1746 964 baptismo
1794 901 1978 962 puriﬁ-

412 972 543 1026 cari.
581 971 718 1036 Ergo
761 971 885 1023 dum
919 980 1125 1032 tempus
1158 970 1433 1029 habemus,
1468 970 1518 1021 in
1548 971 1730 1036 gratiae
1780 970 1976 1023 divinae

412 1043 643 1103 lavacro,
698 1041 838 1109 quod
889 1040 1121 1106 undique
1163 1038 1505 1109 circumﬂuit,
1564 1054 1661 1092 nos
1712 1040 1971 1094 lavemus.

413 1110 590 1164 Tertia
621 1125 831 1176 quoque
853 1110 1147 1163 similitudo
1177 1108 1385 1161 videtur
1416 1108 1542 1162 uiibi
1577 1109 1627 1161 in
1660 1125 1791 1177 aqua
1818 1124 1976 1176 posse

412 1182 652 1241 reperiri.
686 1180 896 1233 Scimus
943 1193 1169 1243 namque
1200 1179 1321 1245 quia
1370 1178 1492 1231 dum
1526 1180 1762 1231 imtniSsa
1816 1194 1973 1233 mauu

413 1250 500 1306 vel
531 1251 630 1302 alia
662 1251 884 1303 materia
931 1249 1210 1314 dividitur,
1246 1249 1388 1301 nulla
1429 1248 1709 1302 divisionis
1752 1251 1972 1316 vestigia

414 1330 535 1389 post
564 1329 843 1373 retractatn
876 1334 1091 1372 manum
1123 1323 1170 1371 in
1216 1333 1311 1389 suo
1344 1318 1516 1372 reditu
1549 1320 1744 1372 habere
1773 1333 1974 1384 cogno-

410 1392 595 1446 scitur.
626 1390 808 1456 Quod,
840 1389 1063 1453 scilicet,
1093 1404 1195 1439 nou
1238 1388 1353 1440 sine
1381 1404 1537 1440 causa
1572 1389 1684 1442 fore
1724 1390 1972 1454 arbitror,

415 1461 506 1515 sed
558 1460 658 1513 hoc
705 1460 1025 1527 signiﬁcare,
1085 1457 1223 1525 quod
1266 1457 1457 1511 diviute
1505 1459 1756 1523 potentia:
1802 1460 1976 1512 omnis

413 1542 656 1584 creatura
689 1528 757 1583 sit
787 1530 856 1583 ita
906 1528 1265 1596 penetrabilis,
1318 1529 1540 1580 utnulla
1587 1529 1850 1581 accedens
1892 1528 1974 1582 vel

411 1602 667 1654 recedens
729 1609 877 1664 gerat
937 1597 1086 1665 signa
1140 1598 1531 1666 corruptionis,
1587 1599 1728 1651 sicut
1786 1600 1976 1653 accidit

412 1672 627 1734 quando
648 1669 825 1737 jauuis
854 1669 1049 1721 clausis
1082 1667 1335 1721 Dominus
1381 1676 1560 1721 noster
1588 1669 1653 1721 ad
1686 1667 1974 1731 discipulos

412 1740 684 1806 ingressus
706 1752 807 1791 est.
842 1737 914 1791 lbi
938 1740 1133 1805 quippe
1159 1752 1285 1806 caro
1315 1752 1438 1806 vera
1467 1747 1601 1797 erat,
1632 1738 1724 1790 sed
1750 1738 1969 1799 deitate,

414 1805 531 1890 qua:
558 1808 799 1890 eamdem
830 1822 1043 1890 carnem
1096 1805 1421 1890 possidebat,
1444 1806 1737 1890 efficiente,
1771 1809 1859 1890 ita.
1882 1822 1972 1888 ρει
2012 1833 2053 1890 Β

414 1875 656 1933 tietrahat
682 1880 930 1938 clauSIra,
966 1886 1023 1928 ut
1070 1875 1151 1929 sui
1185 1876 1328 1926 nulla
1381 1876 1706 1941 relinqueret
1731 1878 1971 1943 vestigia.

412 1947 506 2001 His
538 1948 695 2015 igitur
735 1948 904 2000 tribus
932 1946 999 2000 de
1028 1960 1179 2012 aqua:
1220 1945 1591 2015 Sacramentis,
1617 1946 1796 2010 dictis,
1828 1946 1975 2000 dica-

415 2032 533 2071 mus
555 2017 747 2071 deinde
777 2032 894 2083 qua!
923 2014 1215 2070 similitudo
1247 2014 1630 2069 consideranda
1663 2018 1731 2069 sit
1755 2017 1805 2069 in
1836 2018 1973 2071 sole.

482 2087 631 2141 Sicut
660 2087 800 2140 enim
852 2086 969 2152 ejus
1002 2083 1255 2155 rsplendor
1285 2084 1576 2139 immensus
1617 2087 1851 2155 undique
1883 2102 1977 2153 per

410 2159 596 2210 orbem
628 2165 888 2211 terrarum
913 2154 1245 2215 diffunditur,
1277 2155 1345 2206 ita
1380 2158 1631 2219 potentim
1661 2166 1713 2209 et
1747 2154 1980 2221 prasen-

414 2228 498 2281 tim
527 2226 719 2280 divina:
744 2226 1077 2280 immensitas
1103 2238 1261 2290 super
1293 2226 1470 2278 omnia
1511 2226 1838 2280 continetur.
1870 2225 1980 2279 Cu-

409 2297 496 2366 jus
527 2296 891 2351 similitudinis
917 2297 1116 2348 veritas
1144 2310 1207 2348 ex
1240 2295 1342 2366 lioc
1386 2310 1543 2361 quam
1576 2298 1805 2349 maxime
1834 2306 1980 2362 pote-

412 2365 483 2420 rit
521 2366 762 2435 agnosci,
794 2365 935 2436 quod
979 2365 1029 2417 in
1076 2365 1369 2435 quamlibet
1413 2374 1570 2436 terra!
1601 2376 1822 2436 partem
1852 2380 1977 2436 per-

414 2434 642 2499 rexeris,
682 2434 827 2490 unus
856 2437 1105 2498 idemque
1134 2436 1264 2487 solis
1309 2434 1561 2501 Splendor
1598 2435 1649 2487 in
1679 2434 1869 2489 eadem
1897 2441 1977 2490 vi-

416 2507 633 2560 cinitate
686 2507 776 2559 tibi
832 2506 1126 2574 apparebit.
1172 2506 1304 2557 Cutn
1350 2519 1484 2574 ergo
1522 2513 1664 2557 tanta
1711 2506 1842 2558 solis
1890 2508 1977 2573 qui

418 2578 599 2644 utique
628 2573 880 2629 creatura
896 2583 998 2638 est,
1035 2583 1211 2641 pateat
1242 2573 1545 2642 praesentia,
1582 2574 1709 2627 nulli
1734 2576 1859 2628 licet
1884 2579 1980 2628 du-

417 2646 586 2699 bitare
639 2647 705 2699 de
757 2644 851 2699 Dei
895 2645 1278 2710 omnipotentis
1324 2644 1688 2711 creatorisque
1742 2645 1980 2698 omnium

416 2716 672 2783 potentia.
704 2714 807 2768 Sed
852 2723 903 2768 et
952 2730 1013 2768 ex
1060 2715 1161 2767 hoc
1200 2727 1432 2780 prmsens
1463 2713 1660 2782 ubique
1689 2728 1808 2768 esse
1846 2716 1982 2768 tiens

416 2787 690 2853 probatur,
721 2787 843 2853 quia
878 2786 1136 2851 plurimos
1176 2799 1237 2839 se
1284 2784 1597 2837 invocantes
1642 2798 1764 2837 mox
1818 2798 1983 2837 exau-

414 2856 533 2907 dire
562 2858 811 2908 sentitur.
846 2853 1066 2907 Possem
1097 2853 1273 2906 adhuc
1312 2854 1377 2906 de
1404 2853 1516 2906 sole
1546 2853 1695 2921 plura
1727 2869 1894 2907 sacra:
1922 2856 1978 2906 li—

415 2926 502 2977 dei
556 2926 925 2977 convenientia
973 2923 1172 2988 dicere,
1220 2922 1314 2976 sed
1362 2922 1696 2977 auditoribus
1749 2923 1985 2979 tadiosis

413 2994 740 3059 cotnpaticns
777 3000 1053 3059 prtetereo.

485 3062 732 3115 Dicamus
759 3076 971 3128 quoque
999 3061 1126 3129 quid
1179 3075 1275 3115 nos
1320 3061 1513 3115 doceat
1542 3062 1685 3116 Deus
1713 3078 1806 3129 per
1841 3064 1983 3118 varia

416 3147 614 3200 genera
644 3130 966 3188 ofﬁciorum.
999 3146 1117 3199 qua:
1142 3130 1323 3184 haberi
1345 3131 1521 3184 solent
1544 3131 1597 3184 in
1630 3135 1981 3199 quorumdam

418 3202 566 3256 curia
601 3201 917 3270 principum.
949 3200 1025 3254 lbi
1054 3201 1246 3268 quippe
1276 3200 1538 3255 habentur
1569 3212 1673 3254 tam
1702 3202 1802 3256 viri
1827 3220 1983 3269 quam

418 3272 629 3326 femina:
676 3271 917 3340 qu:rdam
963 3272 1306 3339 splendidiori
1355 3271 1550 3324 vestitu
1594 3272 1792 3340 jugiter
1840 3275 1986 3329 ince-

416 3343 624 3403 dentes,
663 3354 717 3393 ιιι
741 3356 863 3395 cum
893 3341 1108 3394 domino
1133 3351 1292 3409 atque
1323 3340 1536 3394 domina
1568 3341 1983 3398 familiaritatem

417 3412 672 3478 majorem
706 3411 1021 3465 retinentes.
1054 3412 1156 3464 Sed
1187 3421 1239 3464 et
1267 3411 1369 3463 hoc
1395 3428 1422 3461 a
1463 3411 1701 3478 pluribus
1744 3413 1983 3469 studiose

416 3481 750 3549 providetur,
785 3496 851 3549 ne
874 3480 1050 3548 aliqua
1084 3481 1397 3533 feminarum
1428 3496 1614 3533 carum
1645 3497 1762 3546 qua:
1786 3489 1984 3536 manci-

416 3548 552 3618 pata:
578 3550 682 3603 sint
710 3549 778 3602 ibi
807 3548 1007 3618 jugiter
1054 3565 1269 3603 manere
1301 3551 1404 3601 ulla
1460 3550 1825 3604 fornicationis
1870 3569 1982 3605 ma-

413 3620 524 3674 cula
560 3620 864 3682 infametur,
898 3621 1031 3671 adeo
1062 3620 1186 3672 ut.si
1220 3620 1354 3673 forte
1385 3620 1435 3672 in
1478 3623 1648 3672 virum
1694 3621 1877 3674 oculos
1910 3624 1985 3673 la-

412 3691 558 3743 scivo
587 3700 806 3757 aspectu
853 3698 1150 3751 convertat,
1199 3704 1322 3742 mox
1379 3704 1582 3757 magna}
1630 3691 1983 3757 correptionis

414 3760 575 3814 verba
607 3758 808 3811 audiat.
866 3758 940 3811 lbi
996 3761 1155 3811 etiam
1192 3770 1315 3810 sunt
1367 3762 1579 3827 quidam
1615 3761 1978 3825 interioribus,

412 3827 625 3898 quidam
655 3843 779 3881 vero
809 3829 1165 3882 exterioribus
1194 3827 1358 3881 ofﬁcii
1383 3828 1641 3897 deputati.
1667 3828 1767 3896 Qui
1798 3844 1982 3885 omnes

413 3898 662 3965 quzebbet
693 3900 974 3951 conuuissa
1003 3898 1103 3952 sibi
1133 3909 1238 3951 tam
1269 3908 1422 3952 caute
1449 3898 1757 3963 observant,
1811 3911 1866 3951 ut
1899 3901 1979 3952 ni-

414 3966 483 4020 hil
532 3979 722 4032 praeter
749 3969 1093 4021 commissum
1124 3967 1226 4021 sibi
1268 3968 1559 4022 vindicent.
1594 3967 1762 4035 Hujus
1793 3970 1979 4022 simili—

415 4037 613 4089 tudinis
633 4048 1000 4104 argumentum
1028 4038 1153 4092 licet
1180 4052 1208 4089 a
1244 4037 1485 4105 plurimis
1514 4040 1695 4092 saeculi
1727 4039 1980 4106 piincipi-

414 4107 514 4159 bus
542 4116 849 4175 corruptum
879 4107 968 4171 sit,
1004 4108 1054 4159 iu
1090 4108 1270 4175 paucis
1293 4117 1493 4173 tamen,
1518 4108 1605 4175 qui
1631 4108 1682 4161 in
1712 4122 1897 4162 amore
1926 4120 1979 4162 et

418 4172 743 4246 titnoreDei
772 4172 1169 4246 permanentes
1215 4172 1723 4245 religiose’v'ivunt,
1782 4189 1885 4246 pot-
1907 4179 1979 4231 rit

412 4244 630 4314 agnosci
660 4243 784 4314 quid
814 4244 1098 4313 signiﬁcet.
1128 4243 1397 4313 Signiﬁcat
1422 4261 1651 4313 namque
1680 4243 1802 4315 quia
1839 4245 1978 4303 sicut

414 4314 690 4382 religiosus
725 4316 948 4382 quilibet
978 4315 1229 4381 princeps
1277 4317 1327 4368 itt
1359 4317 1600 4369 saeculari
1636 4314 1738 4368 vita
1774 4324 1976 4383 positus

412 4400 471 4438 se
500 4399 730 4451 suosque
759 4383 859 4437 sub
904 4386 1046 4437 varia
1076 4383 1423 4450 diSpusitione
1455 4388 1506 4437 iu
1538 4385 1697 4437 domo
1732 4400 1825 4438 sua
1878 4388 1977 4440 rite

413 4463 680 4520 procurat,
724 4454 794 4506 ita
826 4454 1084 4521 agendum
1114 4463 1197 4507 est
1226 4455 1278 4508 in
1324 4460 1507 4507 sancta
1558 4455 1818 4518 Ecclesia,
1851 4471 1971 4522 quae

411 4534 491 4602 est
522 4524 774 4602 principis
802 4527 991 4577 summi
1013 4524 1232 4602 domus.
1277 4524 1352 4602 lbi
1384 4524 1530 4602 enim
1556 4536 1840 4602 pastores,
1865 4535 1969 4602 tam
2002 4523 2052 4582 D

412 4596 466 4646 in
500 4594 757 4646 canonico
805 4609 958 4659 qiiam
1013 4594 1063 4646 in
1110 4596 1403 4647 monastico
1449 4594 1626 4649 habitu
1671 4595 1971 4659 constituti,

414 4661 544 4733 tales
572 4678 690 4717 esse
717 4663 931 4727 debent,
966 4673 1020 4716 ut
1046 4662 1359 4719 ﬁducialiter
1381 4673 1434 4717 et
1464 4663 1800 4717 familiariter
1832 4681 1976 4733 prin-

412 4732 513 4799 cipi
552 4748 650 4785 suo
691 4734 895 4801 possint
934 4734 1186 4786 decenter
1230 4735 1504 4787 adhaerere
1545 4749 1605 4785 ac
1650 4735 1879 4802 colloqui
1909 4735 1977 4788 de

414 4803 659 4856 omnibus
707 4817 824 4873 qua:
873 4803 926 4855 in
960 4802 1193 4855 Ecclesia
1237 4814 1418 4856 sancta
1462 4812 1708 4857 constant
1748 4804 1974 4873 agenda,

414 4886 631 4924 mouere
668 4872 828 4925 etiam
878 4888 944 4924 ne
983 4875 1100 4938 quis
1148 4876 1558 4926 commissorum
1594 4876 1767 4927 viliori
1794 4872 1972 4941 quam

412 4944 564 4994 decet
591 4942 785 4994 vestitu
817 4942 1047 5006 incedat,
1082 4943 1180 4995 hoc
1208 4953 1311 5005 est,
1344 4957 1409 4996 ne
1451 4944 1502 4995 in
1541 4944 1792 5009 Operibus
1819 4941 1973 4997 bonis

416 5011 684 5079 negligens
712 5014 927 5076 existat,
961 5010 1055 5064 sed
1096 5021 1151 5064 et
1178 5011 1306 5065 illud
1336 5013 1644 5066 omnimodo
1680 5013 1972 5078 custodire,

413 5081 654 5150 nequis,
688 5081 961 5150 castitatis
1018 5083 1464 5150 continenquue
1507 5082 1627 5148 jura
1676 5082 1972 5149 professus,

416 5148 716 5219 bujusmodi
759 5161 879 5202 vota
904 5152 1346 5219 transgrediatur.
1374 5148 1446 5206 lbi
1490 5153 1738 5205 monachi
1770 5162 1821 5204 et
1850 5167 1965 5205 sau-

414 5219 744 5273 ctimooiales
788 5230 932 5274 caste
980 5220 1217 5273 viventes
1265 5231 1391 5274 sunt
1433 5220 1487 5273 in
1530 5221 1971 5288 pedissequarum

416 5305 661 5356 persona.
707 5291 898 5343 Caneri
949 5305 1074 5343 vero
1103 5292 1193 5358 qui
1244 5291 1426 5343 intima
1453 5305 1675 5357 quaeque
1718 5302 1771 5343 et
1817 5292 1975 5351 spiri-

418 5361 574 5429 tualia
602 5359 775 5413 ofﬁcia
808 5370 1072 5428 nequeunt
1103 5363 1414 5421 observare,
1447 5369 1572 5413 sunt
1594 5361 1735 5412 velut
1760 5361 1970 5429 agricu-

412 5428 502 5496 lae,
538 5431 616 5483 vel
646 5432 787 5484 curis
838 5430 1181 5484 saecularibus
1231 5429 1454 5496 pratuli.
1488 5430 1591 5483 Sed
1646 5429 1727 5480 isti
1761 5445 1969 5495 omnes,

416 5510 521 5553 tam
548 5500 792 5566 agriColte
813 5514 970 5568 quam
997 5500 1345 5567 pedissequ.e,
1371 5501 1414 5550 si
1451 5500 1731 5552 commissa
1762 5499 1884 5562 sibi,
1918 5510 1973 5552 et

419 5570 483 5621 ad
507 5584 655 5623 suam
697 5585 876 5622 curam
911 5572 1226 5637 pertinentia
1270 5568 1493 5621 ﬁdeliter
1531 5583 1742 5633 gerunt,
1784 5569 1866 5636 ad.
1890 5585 1972 5621 re-

416 5651 516 5704 gna
551 5638 785 5693 etelestia
816 5643 1146 5707 perveniunt.
1183 5638 1293 5692 Hoc
1334 5640 1473 5693 enim
1504 5637 1711 5691 videtur
1742 5638 1970 5707 exprimi

418 5721 510 5777 per
537 5708 631 5777 illa,
653 5704 832 5773 verba,
868 5724 986 5776 qua
1015 5707 1266 5761 Dominus
1298 5708 1346 5759 iu
1375 5710 1660 5777 Evangelio
1700 5704 1827 5759 dicit
1861 5724 1872 5758 :
1909 5704 1973 5761 In

416 5776 562 5827 domo
595 5774 772 5828 Putris
797 5774 895 5829 mei
922 5778 1203 5832 mansiones
1234 5777 1406 5832 multa!
1454 5774 1586 5832 sunt.
1620 5778 1780 5844 Quasi
1827 5782 1970 5833 dice-

2082 544 2150 596 ita
2178 556 2231 597 et
2262 547 2311 597 in
2358 546 2560 599 caelesti
2612 544 2775 613 regno
2806 550 2985 599 multze
3018 547 3323 601 mansiones
3359 544 3644 606 habentur.

2084 614 2488 681 Progrediamur
2515 625 2568 668 et
2599 616 2735 668 ultra
2782 617 3021 670 dicentes
3051 616 3281 683 aliquam
3334 619 3648 672 similitudi-

2083 700 2226 750 nem,
2253 701 2354 752 qua
2401 686 2562 739 divini
2592 686 2769 752 operis
2799 686 3174 742 excellentiam
3200 685 3648 744 considerandam

2079 754 2369 809 ascendere
2396 756 2685 809 valeamus.

2154 825 2302 878 Sicut
2335 825 2534 892 peritus
2577 836 2628 879 et
2658 827 2806 880 dives
2847 825 3049 880 aurifex
3082 825 3267 879 volens
3301 827 3516 894 aliquod
3548 828 3652 881 mi-

2083 910 2201 948 rum
2228 909 2361 961 Opus
2388 895 2585 967 facere.
2614 896 2963 961 undecunque
2986 907 3161 966 potest
3181 897 3384 965 colligit
3414 900 3653 967 insignes

2081 974 2133 1018 et
2160 968 2415 1035 pretiosos
2447 966 2669 1030 lapides,
2705 968 2840 1020 inter
2867 982 3075 1027 aurum,
3105 968 3185 1019 vel
3216 966 3649 1035 argentum,po-

2083 1033 2309 1107 neudos,
2345 1049 2447 1107 tam
2474 1039 2559 1107 ad
2594 1038 2794 1100 peritia:
2822 1052 2929 1089 sua:
2992 1039 3348 1091 ostensimiem
3385 1033 3554 1107 quam
3578 1039 3651 1092 ad

2080 1106 2256 1175 operis
2287 1105 2404 1158 miri
2433 1105 2692 1172 nitorem;
2726 1107 2802 1160 sic
2828 1117 2883 1160 et
2916 1108 3050 1160 Deus
3079 1105 3436 1175 omnipotens,
3467 1118 3658 1162 osten-

2079 1174 2208 1227 dere
2237 1176 2457 1243 cupieus
2500 1176 2710 1230 divitias
2757 1178 3031 1240 sapientia:
3082 1174 3458 1239 siue,’tantam
3507 1177 3661 1244 peri-

2083 1245 2210 1297 tiam
2250 1254 2553 1309 tantamque
2602 1248 2972 1300 excellentiam
3026 1248 3157 1300 artis
3207 1247 3256 1300 in
3301 1247 3545 1301 humana:
3593 1259 3660 1303 el

2080 1314 2360 1367 mundana:
2392 1315 2603 1370 fabrica:
2634 1317 2808 1370 tabula
2831 1316 3112 1383 expressit,
3147 1326 3200 1368 ut
3226 1331 3410 1371 omnes
3432 1318 3657 1382 sapien—

2083 1391 2161 1435 tes
2187 1386 2414 1437 artilices
2442 1399 2651 1453 semper
2681 1387 2908 1439 habeant
2938 1386 3075 1453 quod
3116 1386 3379 1439 mirentur
3400 1397 3454 1441 et
3487 1403 3654 1441 vene—

2080 1464 2288 1507 rentur.
2349 1453 2497 1509 Unde
2556 1456 2830 1509 Psalmista
2890 1456 3019 1508 dicit
3058 1472 3071 1508 :
3104 1456 3269 1520 Quam
3319 1457 3650 1522 magnificam

2079 1536 2193 1576 sunt
2240 1539 2394 1592 Opera
2440 1526 2566 1578 tua!
2589 1524 2825 1586 Domine,
2860 1526 3030 1578 omnia
3075 1526 3127 1577 in
3174 1527 3423 1593 sapientia
3452 1528 3644 1593 fecisti.

2079 1593 2183 1647 Sed
2215 1595 2335 1661 quia
2361 1607 2679 1649 ιιιειιιςοιιθιῐι
2708 1593 2931 1649 fecimus
2956 1596 3068 1648 auri
3096 1605 3150 1649 et
3188 1597 3410 1662 argenti,
3444 1598 3645 1663 pretio-

2078 1676 2366 1734 sorumque
2395 1664 2650 1731 lapidum,
2683 1666 2871 1732 quibus
2910 1679 3067 1718 ouuie
3098 1680 3233 1730 opus
3263 1665 3476 1719 fabrica:
3515 1680 3652 1734 prae-

2078 1731 2229 1799 cipue
2258 1735 2567 1798 adornatur,
2596 1731 2750 1789 decet
2796 1745 2851 1787 ut
2880 1735 2962 1789 vel
2996 1734 3177 1799 paucis
3207 1736 3381 1788 verbis
3416 1731 3655 1799 expona-

2082 1818 2198 1855 mus
2253 1806 2480 1868 qualiter
2516 1809 2627 1859 haec
2659 1806 2755 1858 tria
2785 1804 2849 1858 ad
2881 1804 3207 1872 spiritualem
3240 1814 3434 1857 Sancus
3464 1804 3652 1860 Eccle-

2079 1874 2171 1924 sia:
2201 1882 2444 1926 ornatmn
2470 1879 2805 1928 conveniant.
2840 1876 3052 1940 Argenti
3085 1875 3150 1942 igi
3180 1890 3243 1927 ur
3272 1874 3483 1927 nomine
3508 1889 3647 1940 prae-

2078 1942 2373 2015 dicatorum
2441 1956 2763 2015 Sanctorum
2811 1945 2944 1997 Ordo
3011 1946 3306 2015 ﬁguratur,
3366 1953 3651 2015 attestaute

2078 2010 2357 2065 Psalmista
2402 2015 2490 2081 qui
2532 2015 2695 2069 dicit:
2725 2014 2941 2081 Eloquia
2987 2010 3189 2067 Do'un'm‘
3247 2013 3448 2082 eloquia
3487 2024 3653 2080 casta,

2079 2093 2342 2152 argentum
2365 2085 2479 2153 igne
2508 2086 2867 2137 examinatum.
2894 2084 3143 2137 Salomon
3172 2098 3382 2150 quoque
3411 2084 3488 2136 ait
3519 2101 3530 2135 :
3556 2084 3657 2136 An—

2078 2163 2282 2218 geutum
2316 2156 2525 2206 electum
2553 2156 2729 2222 lingua
2752 2153 2907 2224 jns'i.
2935 2154 3036 2206 Per
3062 2169 3245 2224 aurum
3276 2168 3405 2209 vero
3446 2154 3649 2219 signifi-

2078 2233 2268 2276 cantur
2297 2224 2347 2276 bi
2377 2226 2465 2291 qui
2498 2227 2654 2278 variis
2681 2223 3048 2291 diuturnisque
3079 2223 3345 2276 laboribus
3382 2224 3432 2277 in
3464 2238 3650 2277 mona-

2079 2293 2211 2345 stira
2244 2292 2373 2356 vita,
2407 2311 2500 2347 seu
2526 2296 2577 2347 in
2608 2295 2713 2347 alio
2747 2295 2865 2347 loco
2891 2304 3217 2360 opportuno,
3249 2294 3478 2362 probati,
3506 2303 3651 2346 tanta

2079 2366 2358 2416 sanctitate
2402 2364 2641 2429 rutilant,
2672 2375 2727 2417 ut
2757 2365 3001 2416 omnibus
3028 2376 3264 2417 sanctam
3295 2364 3656 2417 conversatio-

2082 2448 2204 2485 nem
2225 2433 2651 2488 desiderantibus
2677 2436 2784 2487 siut
2811 2450 2903 2499 pro
2927 2433 3185 2487 miraculo
3202 2443 3253 2487 et
3273 2449 3365 2500 pro
3388 2436 3652 2499 exemplo.

2152 2502 2413 2568 Lapidum
2446 2514 2621 2558 autem
2660 2506 2874 2557 nomine
2900 2506 3275 2571 Pretiosorunt,
3303 2504 3390 2571 qui
3418 2506 3651 2556 maxime

2082 2582 2174 2625 aut
2200 2573 2477 2627 rubicundi
2511 2584 2600 2627 aut
2629 2577 2755 2628 aerii
2787 2573 2985 2627 coloris
3015 2581 3161 2636 sunt,
3201 2572 3562 2641 signiﬁcantur
3597 2574 3653 2626 bi

2083 2644 2169 2715 qui
2204 2644 2284 2695 vel
2337 2658 2607 2711 purpureo
2652 2644 2889 2715 martyrii
2938 2641 3191 2711 sanguine
3243 2647 3451 2715 rubent,
3497 2644 3657 2715 vela

2087 2714 2334 2778 priii.:eva
2383 2723 2537 2767 aelate
2570 2729 2736 2780 usque
2770 2714 2820 2766 in
2855 2714 3011 2767 linem
3044 2715 3093 2765 in
3140 2714 3450 2765 castimonia
3501 2722 3555 2766 et
3602 2714 3657 2765 in

2085 2784 2228 2836 omni
2263 2781 2603 2848 perfectionis
2632 2784 2871 2836 claritate
2905 2785 3103 2837 lucent.
3137 2781 3449 2850 Hnjusmodi
3478 2782 3657 2847 itaque

2086 2852 2302 2905 tnetallo
2366 2851 2619 2905 fabricam
2686 2868 2798 2906 sum
2855 2854 3104 2907 Ecclesiae
3156 2852 3412 2905 Dominus
3472 2861 3657 2904 noster

2086 2923 2346 2976 aduruare
2378 2924 2532 2977 solet.
2566 2923 2662 2976 Cui
2704 2924 2838 2976 satis
2868 2923 3116 2977 convenit
3155 2922 3294 2987 quod
3336 2921 3388 2974 in
3420 2920 3653 2975 Canticis

2089 2993 2424 3045 canticorum
2457 2994 2672 3061 legitur,
2701 2992 2823 3062 quia
2845 2993 3104 3114 [creatum
3128 2992 3242 3058 fecit
3265 2992 3358 3044 sibi
3388 3007 3477 3043 rex
3498 2991 3653 3045 Sub-

2090 3080 2205 3114 mon
2238 3064 2303 3114 de
2340 3064 2491 3114 lianis
2524 3062 2737 3114 Libani:
2784 3079 2840 3114 co
2867 3081 3043 3114 umnas
3070 3064 3178 3114 eius
3209 3062 3318 3114 fecit
3364 3070 3651 3114 araenteas.

2090 3080 2205 3115 mon
2238 3064 2303 3115 de
2340 3064 2491 3132 lignis
2524 3062 2737 3126 Libani;
2784 3062 3043 3116 columnas
3070 3064 3178 3131 ejus
3207 3062 3318 3130 [erit
3364 3070 3651 3131 argenteas,

2090 3134 2469 3186 reclinatorium
2515 3149 2743 3196 aureum,
2793 3150 3053 3186 ascensum
3102 3147 3432 3201 purpureum,
3488 3134 3655 3201 media

2091 3205 2337 3256 charitute
2390 3205 2659 3256 constravit
2710 3214 2913 3272 prapter
2958 3203 3096 3271 [ilius
3139 3200 3444 3254 Jerusalem.
3494 3200 3655 3267 Quae,

2092 3274 2320 3336 scilicet,
2365 3274 2523 3326 verba
2575 3289 2754 3338 parum
2807 3273 3109 3340 discrepant
3158 3286 3186 3322 a
3234 3275 3431 3325 nostris
3474 3273 3653 3323 (ii-lis.

2090 3344 2239 3405 Quod
2279 3343 2419 3396 enim
2469 3356 2565 3395 nos
2593 3344 2820 3395 diximus
2845 3342 3115 3405 fabricam,
3150 3342 3217 3393 ibi
3246 3342 3440 3393 dicitur
3470 3340 3655 3393 fercu-

2090 3412 2213 3465 lum.
2268 3413 2392 3465 lllud
2418 3423 2593 3466 autem
2627 3412 2879 3466 ferculum
2914 3413 3031 3465 ideo
3056 3412 3122 3467 de
3168 3411 3318 3478 lignis
3344 3410 3526 3465 Libani
3563 3414 3646 3463 fa-

2088 3490 2229 3534 ctum
2260 3498 2378 3536 esse
2418 3485 2673 3545 creditur,
2707 3483 2828 3548 quia
2870 3483 3101 3535 Ecclesia
3133 3492 3310 3534 sancta
3352 3481 3417 3539 ad
3461 3484 3654 3548 epulas

2087 3566 2315 3639 :c'ternas
2360 3554 2574 3634 invitata
2624 3551 2690 3606 de
2744 3553 2897 3639 lignis
2949 3552 3383 3639 imputribilibtts.
3430 3550 3480 3603 iil
3536 3561 3645 3630 est,

2085 3621 2269 3675 electis
2301 3632 2385 3676 est
2412 3626 2739 3676 constructa.
2767 3621 2930 3689 Cujus
2975 3624 3238 3674 columnae
3266 3632 3529 3689 argentea:
3560 3622 3657 3671 si-

2085 3691 2338 3755 guit‘icaut
2388 3693 2632 3745 doctores
2690 3695 2883 3757 eloquii
2924 3694 3091 3745 sancti
3142 3691 3313 3744 nitore
3358 3689 3649 3757 fulgentes.

2083 3759 2501 3815 Reclinatorium
2537 3776 2662 3814 vero
2708 3777 2925 3815 aureum
2973 3762 3233 3830 signiﬁcat
3274 3775 3425 3830 spem
3459 3775 3654 3827 perpe-

2085 3839 2191 3883 tuat
2217 3832 2433 3901 quietis,
2460 3834 2513 3885 in
2535 3846 2634 3900 qua
2664 3834 2955 3885 electorum
2987 3828 3176 3884 anima:
3203 3829 3256 3884 in
3288 3828 3443 3897 hujus
3467 3829 3655 3901 mundi

2082 3902 2351 3965 ergastulo
2379 3902 2551 3954 adhuc
2575 3901 2876 3954 laborantes
2904 3904 3220 3954 recumbunt
3248 3903 3396 3963 quasi
3429 3900 3641 3965 requie-

2082 3982 2313 4024 sceutes.
2355 3975 2623 4024 Ascensus
2657 3987 2868 4039 quoque
2896 3985 3210 4039 purpureus,
3245 3972 3333 4037 qui
3362 3970 3413 4022 in
3459 3968 3655 4035 [medi-

2084 4051 2169 4092 cto
2196 4041 2397 4094 ferculo
2427 4041 2593 4095 factus
2621 4051 2724 4106 est,
2773 4042 3034 4107 significat
3061 4041 3299 4093 onmium
3346 4046 3652 4091 sanctorum

2081 4120 2370 4179 martyrum
2405 4114 2724 4178 passionem,
2775 4127 2895 4176 qu:a
2946 4124 3038 4175 per
3064 4111 3302 4179 eamdem
3350 4108 3653 4179 passionciit

2087 4177 2334 4247 purpurei
2364 4177 2634 4249 sanguinis
2682 4181 2862 4233 colore
2910 4181 3184 4233 rubentem
3233 4178 3298 4231 ad
3339 4177 3526 4245 gaudia
3555 4191 3650 4249 stt-

2080 4246 2242 4315 perua
2287 4246 2577 4304 ascendere
2626 4262 2949 4303 meruerunt.
2994 4249 3096 4303 Sed
3125 4249 3263 4316 quod
3305 4249 3539 4314 sequitur
3597 4246 3651 4298 in

2077 4320 2275 4372 ferculo
2304 4321 2590 4388 descripto,
2617 4323 2782 4373 media
2829 4318 2890 4371 cIt
2911 4321 3077 4371 tritate
3117 4318 3416 4380 constravit,
3445 4325 3653 4388 propter

2078 4387 2215 4454 ﬁlias
2238 4386 2544 4453 Jerusalem,
2578 4386 2833 4459 designat
2861 4398 3107 4441 caeteram
3153 4388 3382 4441 ﬁdelium
3417 4386 3650 4454 plebem,

2077 4472 2197 4524 qua:
2224 4474 2323 4513 nec
2369 4460 2759 4527 praedicationis
2809 4468 3006 4512 sancta:
3048 4459 3210 4511 verbo
3257 4459 3513 4527 congruit,
3551 4469 3652 4527 nec

2082 4525 2391 4597 sanguinem
2432 4544 2585 4582 suum
2612 4528 2804 4582 offerre
2848 4542 2941 4593 pro
2970 4527 3184 4582 Christo
3216 4526 3508 4597 praesumit.
3537 4525 3650 4575 sola

2084 4594 2333 4662 perfecta:
2380 4598 2652 4653 cbaritatis
2702 4601 2891 4650 virtute
2942 4612 3101 4665 posse
3141 4597 3357 4651 salvari.
3420 4594 3652 4660 Ideoque

2080 4682 2200 4732 nos,
2231 4672 2320 4735 qui
2354 4677 2543 4721 neutro
2571 4667 2892 4731 sufﬁcimus,
2930 4669 3095 4720 Deum
3122 4678 3176 4720 et
3215 4666 3515 4735 proximum
3541 4671 3652 4735 tota

2079 4731 2262 4805 mente
2300 4738 2601 4805 diligamus.
2654 4738 2776 4789 liceo
2822 4738 2889 4789 de
2919 4747 3115 4790 saneta
3148 4731 3405 4790 Ecclesia
3447 4731 3653 4805 fabrica

2079 4803 2728 4873 ferculoque'Salomonis
2759 4807 2960 4873 prolata
3000 4806 3152 4873 nulli,
3182 4819 3386 4874 quasso,
3414 4804 3516 4874 sint
3563 4803 3654 4874 in-

2078 4884 2244 4945 grata.
2301 4871 2723 4945 Unumquodque
2761 4871 2921 4928 enim
2970 4890 3107 4941 opus
3138 4871 3297 4927 tanto
3348 4871 3656 4945 praeclarius

2082 4939 2333 5009 efﬁcitur,
2367 4939 2563 5014 quanto
2592 4939 2913 4999 dissitniliori
2942 4939 3130 4997 ornatu
3164 4939 3522 5014 componitur.
3568 4939 3655 4991 lu-

2077 5027 2320 5067 seramus
2356 5009 2484 5083 ergo
2531 5015 2704 5068 adhuc
2742 5017 2888 5081 palos
2917 5023 2970 5066 et
3016 5014 3174 5067 sudes
3216 5009 3653 5083 similitudinum,

2082 5097 2176 5152 per
2204 5099 2335 5151 quos
2370 5082 2684 5137 aediﬁcando
2715 5083 3003 5136 ascendere
3047 5085 3311 5151 possimus
3351 5084 3414 5152 in,
3456 5082 3652 5152 altum.

2149 5148 2297 5207 Sicut
2322 5152 2601 5207 aediﬁcium
2631 5152 2905 5221 quodlibet
2929 5148 3175 5219 maguum
3209 5148 3420 5205 nonnisi
3448 5151 3658 5215 magnis

2077 5224 2375 5290 sumptibus
2404 5237 2434 5276 c
2458 5220 2661 5279 instrui,
2674 5232 2872 5291 potest,
2905 5224 2972 5275 ita
3001 5233 3055 5275 et
3100 5222 3325 5274 virtutes
3369 5220 3658 5291 praicipua:

2078 5287 2287 5345 nonnisi
2322 5306 2512 5360 magno
2540 5287 2719 5346 labore
2748 5292 2974 5345 obtineri
3005 5303 3244 5358 possunt.
3281 5291 3431 5344 Unde
3463 5287 3653 5360 Domi-

2080 5377 2176 5413 nus
2208 5370 2387 5414 noster
2414 5358 2657 5414 eamdem
2680 5361 3080 5414 similitudinem
3115 5361 3365 5427 proponit
3386 5362 3437 5409 in
3470 5358 3652 5408 Evan-

2076 5431 2212 5497 gelio
2243 5445 2335 5497 per
2364 5430 2830 5499 interrogationum
2872 5432 3057 5484 dicens
3083 5445 3099 5484 :
3129 5431 3254 5495 Quis
3294 5443 3359 5481 ea;
3394 5427 3531 5481 vobis
3558 5441 3651 5476 oo-

2080 5502 2188 5551 lens
2218 5501 2396 5552 turrim
2418 5501 2692 5565 (edi/icare,
2724 5517 2824 5552 non
2848 5501 2991 5569 prius
3014 5500 3194 5552 sedens
3222 5506 3479 5569 computat
3501 5511 3648 5569 sentt

2079 5579 2215 5634 plus,
2244 5571 2329 5637 qui
2358 5571 2623 5622 necessarii
2654 5580 2788 5633 sunt,
2843 5565 2887 5622 si
2927 5570 3108 5623 habent
3134 5569 3202 5620 ad
3234 5565 3601 5637 perﬁciendum
3624 5567 3649 5613 Ρ

2078 5637 2146 5691 Ut
2174 5636 2294 5706 quia
2325 5652 2511 5692 omnes
2538 5640 2811 5693 audientes
2843 5638 3249 5693 similitudinem
3292 5638 3452 5699 hanc,
3481 5645 3535 5689 et
3563 5636 3644 5706 [ao

2078 5703 2495 5775 cileintelligere
2525 5717 2770 5775 poterant
2791 5719 2846 5761 et
2875 5710 3199 5774 respondere
3228 5707 3435 5760 nullum
3469 5703 3649 5772 profe-

2083 5787 2168 5832 cto
2212 5792 2327 5833 esse
2357 5792 2443 5848 qui
2476 5780 2659 5834 turrim
2706 5779 2831 5836 velit
2858 5777 3140 5846 aediﬁcare,
3184 5779 3283 5833 nisi
3318 5779 3465 5847 prius
3505 5789 3655 5829 cuius
