4026 6200
352 342 490 395 ΠΗ

812 342 1016 397 BED/E
1056 341 1499 398 VENERABILIS
1536 343 1684 398 OPP.
1726 342 1903 398 PARS
1942 343 2004 398 ll.
2047 342 2241 400 SECT.
2284 345 2345 399 ll.
2376 374 2446 385 -
2476 342 2679 399 DUBIA
2724 343 2809 398 ET
2848 342 3117 399 SPURIA.

3456 346 3602 400 illi!

349 459 597 527 imponit,
642 458 979 527 permittens,
1041 456 1329 527 videlicet,
1353 525 1360 527 ξ
1385 469 1482 508 nos
1507 455 1920 527 Avariisumodis
1951 458 1997 516 Λ
2029 466 2253 524 agantur
2279 456 2552 525 obsequia.
2588 459 2679 511 Est
2707 464 2760 510 et
2790 456 3076 527 hocsnimis
3106 456 3393 511 dolendum
3414 500 3428 521 ,
3461 463 3592 526 quia

349 524 700 595 coaporaliter
733 526 915 593 afﬂigi,
942 536 995 577 ut
1039 525 1258 593 spiritus
1287 525 1467 577 salvus
1498 524 1585 577 fiat
1615 527 1664 595 in
1696 524 1783 579 die
1820 526 1921 578 Do-

352 593 500 651 mini.
536 597 843 666 Hujusmodi
877 596 1034 659 igitur
1071 593 1753 666 adustionemquibusdam
1794 610 1920 662 pro-

349 669 514 722 fuisse
556 664 827 721 Psaltnista
875 674 1097 719 testatur
1144 664 1513 717 dicens:Cum
1554 666 1798 717 occideret
1841 681 1924 717 eos

350 737 624 799 Dominus,
656 735 943 799 qttwrebant
964 751 1079 787 eum
1104 744 1153 786 et
1180 736 1571 787 revertebantur.
1598 734 1922 799 Quibusdam

351 822 478 860 vero
507 804 805 868 obdnratis,
832 807 888 859 et'
911 806 962 857 in
990 804 1247 872 profundo
1277 815 1611 868 peccatorum
1639 804 1920 869 demersis,

351 891 456 931 non
490 873 748 942 profuisse
778 874 1002 944 legimus
1032 874 1081 927 in
1110 874 1370 944 Propheta
1402 874 1489 941 qui
1515 872 1641 944 dicit
1667 890 1677 924 :
1706 872 1923 944 Percus-

347 947 463 998 sisti
486 961 590 1006 eos,
626 942 865 1009 Domine,
900 954 944 996 et
987 960 1087 995 non
1131 943 1437 1005 doluerunt;
1465 952 1519 996 et
1545 960 1557 994 :
1583 942 1925 1011 Castigatione

348 1015 544 1068 crudeli
572 1017 797 1083 percussi
826 1023 893 1076 te,
935 1014 1044 1079 filia
1083 1013 1234 1076 Sion,
1261 1013 1348 1065 sed
1360 1010 1688 1083 insanabilis
1720 1010 1789 1065 est
1814 1015 1923 1083 fru-

346 1095 495 1138 rtura
523 1082 641 1141 tua.
661 1084 796 1137 Sunt
821 1094 874 1137 et
916 1084 1017 1135 alia
1046 1084 1272 1151 plurima
1303 1082 1519 1134 vilitatis
1551 1096 1770 1148 genera,
1799 1082 1920 1147 qui-

349 1155 448 1207 ltus
486 1161 593 1207 tam
624 1153 967 1221 spiritualitcr
991 1168 1150 1220 quam
1178 1151 1523 1218 corporaliter
1553 1151 1787 1214 quotidie
1819 1152 1920 1203 im-

349 1225 627 1287 plicamur,
677 1232 734 1279 ut
781 1224 880 1275 hoc
929 1223 1087 1275 modo
1144 1221 1404 1275 humiliati
1465 1236 1606 1273 vera:
1651 1221 1923 1287 SOSpilalls

346 1294 570 1364 gratiam
601 1293 1182 1364 exquirerecogamur.

417 1363 568 1419 Sicut
588 1359 803 1430 pauper,
822 1361 902 1414 vel
924 1362 1142 1430 quilibet
1168 1361 1326 1415 rebus
1347 1360 1571 1428 propriis
1592 1359 1784 1426 injuste
1803 1375 1924 1424 spo-

348 1432 537 1497 liatus,
568 1432 704 1501 apud
742 1430 946 1497 judices
976 1443 1028 1485 et
1063 1440 1299 1484 rectores
1328 1431 1505 1483 saeculi
1537 1430 1922 1501 querimoniam

348 1502 544 1561 faciens
564 1544 578 1565 ,
606 1500 871 1569 raptorem
899 1509 1144 1565 accusat,
1177 1502 1381 1568 sibique
1409 1515 1499 1553 sua
1526 1500 1804 1553 restituere
1829 1516 1924 1568 po-

346 1574 507 1625 stulat
532 1588 551 1636 ;
575 1573 647 1625 ita
671 1585 855 1627 omnes
882 1572 1047 1623 sancti
1077 1586 1173 1638 pro
1199 1586 1411 1623 suorum
1440 1570 1799 1624 destructione
1821 1583 1923 1623 ccc-

350 1640 631 1696 nobiorum
670 1642 733 1693 ad
776 1641 939 1692 Deum
979 1641 1172 1708 jnaiter
1200 1642 1464 1703 clamant,
1498 1642 1836 1693 obsecrantes
1864 1650 1924 1692 ut

347 1720 438 1765 aut
463 1712 575 1765 suis
607 1710 793 1764 tradita
826 1712 1087 1764 canobiis
1112 1711 1358 1777 justeque
1390 1710 1647 1777 acquisita
1679 1710 1811 1762 bona
1845 1724 1923 1762 rc-

347 1781 532 1834 stituat
553 1821 567 1845 ,
597 1790 687 1834 aut
712 1781 763 1832 in
790 1793 883 1832 eos
910 1780 996 1847 qui
1028 1794 1214 1846 rapere
1242 1788 1694 1846 priesumpsernnt
1720 1779 1918 1845 justum

344 1849 601 1919 judicium
643 1849 825 1919 faciat.
860 1848 914 1901 Si
954 1850 1070 1915 quis
1101 1864 1225 1901 vero
1254 1850 1461 1901 dubitet
1490 1858 1758 1915 peccatum
1801 1860 1919 1919 esse

351 1916 615 1974 ctenobiis
638 1920 720 1971 vel
746 1918 990 1979 cuiquam
1021 1933 1111 1971 sua
1139 1932 1345 1984 rapere,
1376 1918 1659 1985 diligenter
1686 1916 1925 1971 attendat

350 2003 465 2057 quae
489 1989 554 2042 de
581 1989 740 2042 divite
767 1989 816 2041 in
844 1988 1129 2056 Evangelio
1155 1988 1419 2052 leguntur.
1448 1988 1537 2041 llle
1562 2001 1789 2054 namque
1816 2001 1920 2039 non

348 2072 447 2125 pro
485 2073 549 2113 eo
586 2059 724 2126 quod
765 2058 919 2114 alicui
962 2072 1057 2110 sua
1098 2058 1368 2120 auferret,
1400 2058 1494 2111 sed
1524 2057 1666 2125 quod
1710 2058 1919 2122 prepria

342 2129 473 2185 aliis.
501 2144 603 2181 non
644 2138 920 2194 erogaret,
962 2127 1026 2179 ad
1067 2127 1274 2181 inferna
1315 2128 1506 2181 ductus
1545 2142 1664 2181 esse
1705 2127 1917 2195 legitur.

344 2198 556 2251 Scimus
587 2205 763 2251 autem
794 2212 983 2252 omnes
1014 2197 1189 2250 minus
1233 2208 1506 2265 precatum
1547 2212 1665 2251 esse
1705 2196 1917 2263 propria

344 2283 450 2321 non
483 2268 641 2332 dare,
675 2282 831 2335 quam
863 2269 1035 2323 aliena
1064 2282 1272 2333 rapere.
1309 2267 1461 2321 Unde
1501 2267 1545 2319 si
1588 2281 1685 2335 pro
1727 2266 1918 2320 minori

342 2347 560 2403 peccato
588 2340 700 2407 ipse
725 2336 874 2394 dives
903 2338 1119 2407 punitus
1139 2347 1217 2391 est
1238 2377 1251 2400 ,
1281 2337 1447 2390 multo
1472 2338 1640 2405 magis
1668 2335 1917 2402 puniendi

342 2414 472 2461 sunt
499 2408 589 2476 qui
621 2418 837 2475 peccata
869 2409 1067 2475 majora
1104 2406 1332 2472 faciunt,
1368 2408 1416 2459 id
1461 2416 1579 2467 est,
1612 2406 1701 2472 qui
1743 2407 1916 2460 aliena

342 2476 579 2546 rapiunt.
613 2478 796 2531 Aliena
846 2479 1039 2546 quippe
1085 2477 1345 2535 dicimus,
1380 2491 1499 2545 quae
1544 2491 1647 2528 non
1695 2484 1914 2540 nostro,

340 2545 439 2600 sed
468 2548 691 2602 aliorum
727 2548 840 2601 usui
866 2545 993 2601 data
1023 2554 1148 2600 sunt
1169 2586 1183 2610 ,
1214 2546 1355 2599 sicut
1383 2546 1751 2599 ctenobiorum
1780 2559 1917 2612 prte-

339 2616 430 2668 dia
458 2615 771 2681 emnobitis,
805 2630 863 2675 ut
890 2626 945 2670 et
987 2616 1085 2679 ipsi
1116 2624 1172 2670 et
1208 2618 1494 2669 servitores
1524 2615 1635 2677 sui,
1667 2629 1765 2667 nec
1810 2628 1914 2666 non

340 2699 601 2756 pauperes
622 2701 687 2740 ac
711 2687 975 2756 peregrini
1001 2685 1442 2754 supervenientes
1465 2684 1913 2756 exinde‘alautur.

337 2753 655 2825 liujusmodi
685 2753 828 2811 enim
843 2753 977 2811 cura
1002 2753 1277 2809 ad’omnes
1306 2756 1537 2823 pertinet
1557 2754 1911 2825 Christianos.

340 2823 447 2879 Sed
476 2828 596 2894 quia
626 2837 730 2880 tam
759 2844 787 2880 a
817 2826 1027 2881 clericis
1051 2825 1365 2895 quibusdam
1393 2840 1549 2892 quam
1582 2823 1751 2889 laicis,
1780 2823 1913 2892 proh

341 2895 530 2950 dolor!
560 2897 688 2950 nihil
711 2896 980 2951 difﬁcilius
1007 2895 1240 2951 creditur
1267 2910 1426 2963 quam
1459 2902 1730 2961 peccatum
1760 2908 1911 2958 esse,

343 2964 710 3034 ctenobiorum
770 2967 966 3034 praedia
1023 2979 1213 3031 rapere
1268 2973 1322 3019 et
1378 2965 1729 3027 abalienare,
1783 2963 1914 3034 libet

344 3033 486 3091 aliud
530 3033 834 3103 exemplum
884 3035 1121 3102 proferre
1142 3074 1169 3101 ,
1210 3034 1348 3100 quod
1390 3044 1675 3102 assumpta:
1720 3033 1911 3087 rationi

343 3103 650 3172 specialiter
679 3107 938 3172 congruit.
973 3104 1101 3159 Nam
1134 3105 1273 3171 quod
1324 3106 1390 3156 de
1435 3104 1599 3157 divite
1643 3105 1904 3167 diximus,

342 3149 831 3230 Fété'riﬁitéiwﬁi
848 3149 1489 3242 ”όὶὲιὶιξέ”α’ὐῖ”ᾇιιιῖιῖιειῖιὶ
1504 3149 1513 3156 ⁷
1529 3149 1615 3228 'v'ét
1646 3149 1908 3242 ’Ξίἰίᾇίἆῖηἱ
1937 3149 1984 3210 C

340 3243 536 3315 injuste
585 3246 815 3312 rapiunt.
867 3244 1303 3315 Legituritaque
1349 3246 1399 3297 in
1446 3247 1614 3315 sancti
1664 3244 1911 3315 Gregorii

334 3312 470 3385 libro
514 3315 636 3385 quia
685 3312 979 3372 monachus
1025 3312 1237 3385 quidam
1286 3314 1602 3383 praepositus
1647 3313 1918 3385 coenobii,

332 3382 474 3449 quod
520 3384 633 3453 ipse
675 3387 970 3439 construxit
1017 3382 1069 3439 in
1117 3386 1246 3440 urbe
1292 3382 1559 3449 Romana,
1595 3384 1774 3436 multis
1818 3384 1911 3438 de-

332 3454 475 3525 ditus
516 3454 675 3509 fuerit
714 3454 878 3509 vitiis.
927 3456 1068 3511 Inter
1115 3471 1231 3525 qua:
1282 3457 1445 3508 etiam
1493 3454 1764 3525 chartulas
1815 3468 1918 3521 pro

334 3523 742 3595 confirmatione
785 3526 1059 3595 cujusdam
1093 3523 1275 3593 praedii
1308 3525 1359 3577 in
1395 3523 1723 3595 monasterio
1752 3538 1909 3595 repo-

335 3593 465 3651 Sitas
491 3595 738 3656 abstulit.
785 3592 1156 3663 exiraneisque
1202 3596 1437 3648 tradidit.
1483 3592 1721 3660 Cumque
1762 3593 1909 3659 ejus-

336 3662 459 3733 dem
490 3666 745 3719 monachi
769 3666 944 3720 obitus
973 3662 1486 3733 appropinquasset,
1519 3673 1702 3730 raptus
1743 3674 1826 3716 est
1854 3664 1907 3718 in

332 3731 522 3806 spiritu
565 3744 689 3806 ante
736 3737 896 3806 Deum
920 3777 933 3799 ,
982 3731 1175 3802 ubique
1205 3731 1384 3806 omnia
1414 3734 1749 3806 ejusdelicta
1770 3773 1785 3797 ,
1818 3748 1906 3787 ac.

333 3804 794 3873 cusantediabolo
817 3846 832 3870 ,
864 3816 985 3861 sunt
1016 3807 1222 3872 prolata
1249 3821 1263 3869 ;
1294 3805 1385 3858 sed
1409 3843 1426 3869 ,
1457 3804 1754 3873 opitulante
1783 3818 1905 3857 san-

332 3882 420 3930 clo
450 3871 664 3930 Andrca
694 3875 939 3944 apostolo
979 3871 1271 3944 sanctoque
1316 3871 1572 3943 Gregorio
1595 3913 1609 3935 ,
1641 3875 1863 3927 dimissa
1889 3917 1904 3940 ,

333 3955 560 4007 excepto
592 3960 697 3999 uno
723 3947 861 4012 quod
894 3946 944 3999 in
975 3944 1337 4001 chartularum
1372 3944 1657 3998 traditione
1687 3945 1907 3997 commi-

334 4012 426 4066 sit.
458 4011 516 4067 Si
563 4013 722 4082 igitur
763 4015 854 4069 ille
900 4030 996 4082 pro
1040 4015 1351 4070 monasterii
1394 4015 1650 4069 chartulis
1696 4013 1907 4069 incaute

335 4082 540 4143 traditis
565 4085 769 4138 veniam
798 4085 1020 4153 adipisci
1049 4101 1153 4143 non
1184 4085 1399 4150 meruit,
1427 4084 1580 4137 nimis
1609 4084 1903 4137 formidan-

332 4154 457 4215 dum
503 4161 585 4211 est
630 4153 712 4207 bis
757 4156 842 4220 qui
891 4157 1256 4210 ccenobiorum
1303 4156 1498 4221 prardia
1539 4164 1759 4207 eatenus
1785 4154 1906 4221 jure

333 4230 536 4301 retenta
566 4221 823 4301 tradendo
851 4223 936 4277 vel
966 4225 1222 4294 rapiendo
1248 4226 1544 4294 dissipant,
1577 4239 1643 4279 ne
1672 4224 1725 4278 in
1760 4224 1902 4279 idem

325 4292 584 4359 judicium
615 4294 870 4348 incidant.

406 4363 535 4416 llaec
560 4378 770 4431 precor,
800 4381 831 4419 ο
859 4374 1128 4431 rectores,
1163 4364 1441 4427 attendite,
1474 4374 1523 4417 ct
1554 4363 1904 4418 reminiscen-

330 4442 417 4513 tes
438 4436 579 4502 quod
609 4436 862 4513 scriptum
895 4446 1006 4513 est,
1050 4436 1314 4513 Judicium
1342 4436 1681 4513 durissimum
1726 4436 1776 4486 in
1823 4435 1902 4488 his

2027 541 2145 580 cum
2180 527 2371 594 pnedia
2401 543 2517 595 quae
2539 528 2664 581 olim
2689 542 2717 580 a
2750 525 3071 594 principibus
3100 527 3366 593 religiosis
3397 530 3598 583 tradita

2026 607 2149 647 sunt
2182 597 2519 650 monasteriis
2540 640 2554 662 ,
2605 611 2743 650 nunc
2772 611 2801 649 a
2836 598 3043 665 regibus
3089 611 3181 649 seu
3211 611 3241 648 a
3274 599 3595 662 praesulibus

2025 665 2201 737 ablata
2232 668 2367 737 sint,
2406 667 2544 720 nulla
2578 667 2645 719 ibi
2676 666 3008 733 eleemosyna
3038 665 3215 737 debita
3246 675 3421 733 potest
3464 669 3551 737 agi
3572 709 3595 733 ,

2033 736 2209 805 nullus
2239 736 2433 802 hospes
2464 750 2527 791 ac
2558 738 2866 802 peregrinus
2898 734 3161 805 recreari,
3191 734 3245 787 fit
3289 737 3357 788 ita
3386 777 3400 799 ,
3434 734 3589 805 quasi

2028 803 2095 856 ad
2142 803 2470 858 Christianos
2527 821 2630 858 non
2677 805 2939 871 pertineat
2981 818 3106 857 cura
3150 803 3488 871 huiusmodi,
3534 820 3597 863 et

2025 875 2171 943 quasi
2226 875 2449 927 minime
2499 875 2640 928 credi
2687 882 2960 943 oporteat,
3006 872 3144 941 quod
3192 874 3243 925 in
3293 878 3597 932 caoonibns

2028 942 2259 997 maxime
2314 944 2616 1011 praecipitur
2667 944 2968 1011 episcopis,
3028 954 3082 995 ut
3138 944 3468 999 xenodocbia
3518 950 3593 1001 ad

2029 1025 2322 1079 pauperum
2353 1029 2535 1067 curam
2572 1015 2720 1081 plura
2770 1014 3112 1067 c0tistitnant.
3162 1011 3368 1077 Quanta
3406 1027 3597 1071 autem

2026 1083 2245 1146 prtemia
2274 1094 2581 1137 mereantur
2611 1084 2660 1135 lii
2704 1083 2795 1149 qui
2840 1097 3096 1149 pauperes
3144 1082 3302 1134 modo
3348 1099 3593 1139 recreare

2026 1150 2273 1221 student,
2322 1168 2386 1207 ex
2438 1157 2536 1205 hoc
2576 1153 2751 1220 colligi
2800 1160 3002 1221 potest,
3049 1152 3187 1218 quod
3234 1152 3483 1207 Dominus
3526 1157 3588 1209 in

2028 1218 2318 1289 Evangelia
2347 1222 2620 1289 prmdicit.
2653 1218 2725 1275 se'
2751 1218 2814 1275 in‘
2840 1222 3040 1287 judicio
3080 1222 3340 1274 dicturum
3374 1240 3387 1274 :
3433 1225 3587 1288 Quod

2024 1290 2114 1353 uni
2142 1305 2214 1361 ea;
2246 1292 2466 1344 minimis
2509 1292 2632 1345 meis
2676 1292 2892 1361 fecistis,
2939 1290 3064 1343 mihi
3110 1291 3318 1359 fecistis.
3355 1292 3587 1361 Ideoque

2024 1359 2282 1422 prtesules
2324 1361 2620 1422 admoneo,
2653 1359 2707 1414 ut
2737 1376 2856 1415 cum
2904 1362 3140 1427 legentes
3184 1359 3586 1425 quaesierintin

2024 1429 2317 1499 canonibus
2348 1430 2488 1485 unde
2513 1431 2750 1485 decimas
2794 1428 3005 1499 exigere
3048 1430 3311 1493 debeant,
3345 1443 3589 1499 qurerant

2024 1497 2181 1568 simul
2212 1508 2266 1553 et
2290 1500 2416 1554 illud
2441 1541 2455 1565 ,
2486 1501 2609 1568 quid
2639 1497 2900 1553 statutum'
2924 1500 2991 1554 sit
3017 1514 3177 1565 super
3207 1497 3495 1568 pauperum
3526 1514 3586 1558 et

2026 1565 2297 1635 hospitum
2330 1565 2688 1633 recrea'tione,
2721 1585 2819 1624 nec
2866 1586 2972 1623 non
3018 1585 3179 1631 super
3207 1565 3587 1626 'cuznobiorum

2026 1638 2359 1703 provisione,
2393 1656 2459 1694 ne
2490 1640 2575 1693 illa
2608 1640 2858 1694 terribilis
2887 1639 3147 1693 sententia
3178 1638 3383 1694 Domini
3413 1647 3583 1697 nostri

2027 1706 2230 1762 dicatur
2268 1710 2332 1762 ad
2371 1725 2464 1764 eos
2495 1728 2505 1762 :
2552 1708 2637 1763 Vw
2675 1712 2764 1776 qui
2799 1710 3057 1762 decimatis
3097 1711 3348 1761 mentitam
3390 1720 3434 1765 et
3463 1730 3591 1765 ane-

2030 1785 2170 1850 tum,
2197 1788 2244 1830 rt
2272 1795 2385 1846 quae
2411 1782 2609 1850 majora
2638 1788 2756 1834 sunt
2789 1780 3090 1849 reliquistis,
3120 1779 3167 1833 id
3210 1790 3320 1845 εει,
3367 1782 3584 1837 miseri-

2027 1847 2257 1899 cordiam
2288 1858 2342 1901 et
2365 1847 2640 1914 judicium.

2099 1916 2254 1996 .Libet
2305 1918 3136 1996 adhuc‘similitudinemaliam
3186 1919 3429 1996 proferre
3483 1936 3587 1991 pro

2029 1988 2398 2059 episcoporum
2442 1988 2833 2059 admonitione.
2904 1990 3053 2044 Sicut
3107 1990 3255 2042 multi
3312 1988 3579 2059 agros'et

2025 2056 2220 2121 praedia
2252 2073 2344 2110 sua
2366 2100 2382 2123 ,
2413 2057 2453 2111 si
2484 2075 2641 2129 quam
2677 2060 3050 2129 negligentiam
3083 2056 3363 2126 antiquam
3399 2065 3448 2113 in
3497 2064 3581 2115 eis

2024 2129 2322 2194 repererint
2343 2168 2358 2192 ,
2391 2144 2495 2181 non
2528 2128 2772 2183 dubitant
2801 2129 2907 2183 sibi
2935 2131 3097 2183 licere
3127 2133 3178 2182 in
3211 2147 3357 2183 usum
3388 2131 3571 2184 melio-

2024 2211 2136 2249 rem
2169 2208 2517 2269 convertere,
2550 2198 2621 2252 ita
2655 2202 2850 2269 absque
2881 2199 3043 2253 dubio
3085 2200 3224 2252 scire
3267 2210 3471 2266 possunt
3516 2199 3566 2253 si

2020 2280 2179 2332 quant
2212 2266 2263 2320 in
2293 2269 2552 2322 coenobiis
2581 2266 2877 2323 commissis
2916 2269 3325 2322 destructionem
3354 2269 3566 2322 iuvene-

2022 2336 2157 2398 rint,
2192 2339 2357 2406 magis
2386 2340 2488 2391 sibi
2521 2338 2682 2392 licere
2729 2347 2787 2391 ut
2814 2339 2878 2392 ad
2926 2354 3078 2392 usum
3124 2339 3405 2405 spiritualis
3452 2340 3584 2392 vitae

2019 2409 2317 2474 corrigam,
2352 2423 2509 2476 quam
2543 2407 2960 2463 destructionem
2988 2411 3254 2462 inventam
3287 2417 3585 2476 sequantur

2022 2476 2104 2528 vel
2150 2488 2397 2545 augeant.
2440 2477 2585 2531 lianc
2625 2478 3027 2532 similitudinem
3071 2478 3345 2531 attendant
3392 2478 3444 2529 bi
3491 2480 3589 2545 qui

2018 2546 2084 2598 ad
2148 2547 2379 2615 ri-gitnen
2434 2550 2732 2602 animarum
2786 2561 2837 2601 et
2894 2547 3252 2604 ccenobiorum
3309 2559 3592 2614 utcunque

2018 2616 2290 2687 constituti
2312 2660 2327 2680 ,
2377 2618 2420 2671 si
2449 2633 2550 2687 qua
2584 2617 2887 2672 invenerint
2916 2618 3253 2687 monasteria
3279 2626 3389 2670 tam
3422 2619 3579 2685 spiri-

2020 2685 2236 2738 tualium
2266 2702 2421 2750 quam
2452 2685 2804 2757 corporalium
2863 2687 3214 2743 subsitliorum
3245 2686 3454 2741 incuria
3482 2688 3587 2757 de:

2017 2763 2216 2809 structa
2238 2797 2252 2819 ,
2288 2773 2391 2812 non
2423 2758 2593 2811 solum
2625 2756 2843 2812 minime
2886 2767 3075 2812 curant
3119 2757 3435 2819 meliorare,
3482 2756 3581 2808 sed

2018 2826 2188 2894 magis
2218 2842 2430 2897 quoque
2474 2828 2755 2881 destruunt
2797 2829 3075 2880 dicentes:
3120 2826 3573 2880 Consuetudinem

2016 2910 2174 2963 quam
2208 2896 2571 2953 antecessores
2603 2908 2815 2951 nosnos
2844 2900 2927 2950 hic
2958 2896 3210 2966 habuisse
3236 2898 3558 2966 agnovimus,

2018 2966 2071 3037 in
2099 2969 2367 3036 obsequiis
2395 2969 2631 3037 quolibet
2660 2969 2816 3021 modo
2841 2965 3138 3035 exquisitis,
3168 2980 3261 3032 per
3277 2965 3456 3019 omnia
3479 2979 3566 3018 re-

2018 3036 2186 3094 tinere
2216 3036 2458 3092 volumus
2481 3080 2495 3103 ,
2527 3039 2647 3106 quia
2679 3052 2776 3090 nos
2807 3046 2859 3090 et
2888 3038 3144 3103 dignitate
3173 3047 3227 3088 et
3255 3050 3448 3105 genere
3477 3050 3571 3085 ne—

2015 3119 2282 3173 quaquam
2315 3109 2420 3162 illis
2451 3110 2679 3176 itnpares
2710 3121 2913 3160 sumus.
2957 3107 3159 3173 Quibus
3188 3106 3569 3174 reSpondemus

2017 3178 2136 3243 quia
2167 3181 2210 3233 si
2242 3194 2404 3246 super
2446 3180 2765 3246 praidiorum
2814 3192 3030 3231 soorum
3076 3176 3430 3228 incommodis
3478 3192 3571 3228 Ite-

2012 3253 2187 3302 sciunt
2208 3248 2407 3317 aliquid
2434 3263 2740 3316 procurare,
2766 3247 2857 3317 sed
2891 3248 2943 3300 in
2973 3262 3034 3301 ea
3066 3260 3220 3317 quam
3240 3246 3575 3317 invenerunt

2016 3315 2341 3388 negligentia
2389 3320 2658 3383 patiuntur
2708 3316 3028 3384 perdurare,
3081 3315 3295 3388 veniale
3336 3315 3579 3388 est_illis

2013 3384 2189 3454 super
2206 3389 2489 3444 animabus
2521 3388 2602 3441 vel
2632 3388 2890 3442 C(Blltllllls
2918 3385 3219 3441 commissis
3249 3386 3388 3439 idem
3424 3384 3580 3437 face-

2013 3474 2090 3513 re.
2124 3461 2179 3513 Si
2209 3471 2385 3513 autem
2412 3460 2721 3512 substantia:
2765 3465 2993 3512 terrena:
3035 3455 3244 3508 utilitati
3288 3454 3579 3508 consulere

2010 3532 2182 3583 sciunt
2202 3570 2216 3591 .
2246 3539 2299 3584 et
2330 3544 2449 3599 qua:
2477 3530 2652 3599 divina
2683 3535 2808 3599 sunt
2833 3526 3140 3599 negligunt,
3172 3524 3573 3599 simulareqni-

2009 3599 2129 3655 dem
2160 3592 2381 3667 possunt
2406 3614 2587 3653 coram
2612 3592 3325 3667 hominibusignorantiam,
3342 3592 3434 3646 sed
3462 3595 3571 3667 lleo

2011 3670 2120 3725 sint
2151 3663 2271 3724 nota
2304 3678 2497 3724 cuncta
2528 3668 2705 3722 cordis
2733 3663 2979 3733 secreta;
3009 3666 3101 3733 qui
3132 3667 3249 3717 illos
3280 3665 3400 3716 ideo
3450 3663 3575 3716 aliis

2012 3740 2254 3807 permisit
2285 3738 2556 3807 praeponi,
2591 3747 2645 3791 ut
2674 3735 2904 3805 nequitia
2933 3737 3146 3807 propria
3193 3733 3407 3787 sibimet
3454 3747 3569 3807 ina-

2011 3803 2255 3864 nifestata
2281 3803 2427 3863 tanto
2450 3807 2739 3862 studiosius
2760 3803 2818 3859 se
2843 3805 3209 3869 emendarem,
3232 3811 3431 3871 quanto
3453 3803 3578 3871 plus

2009 3882 2217 3948 experti
2253 3880 2477 3934 fuissent
2506 3892 2565 3931 se
2595 3890 2713 3948 esse
2742 3876 2876 3930 tales
2923 3887 3194 3938 rectores,
3242 3874 3439 3948 quales
3472 3873 3565 3925 de-

2009 3944 2268 4011 buerunt,
2302 3960 2350 4003 et
2383 3949 2566 4019 quales
2595 3946 2818 4001 forsitan
2849 3955 2975 4000 ante
3018 3955 3292 4014 acceptum
3333 3944 3571 4011 regimen

2008 4020 2060 4072 in
2089 4020 2248 4074 corde
2277 4034 2374 4073 suo
2402 4019 2767 4073 decreverunt.

2080 4090 2332 4143 Dicamus
2377 4097 2433 4143 et
2479 4090 2710 4152 aliquam
2761 4084 3167 4141 similitudinem
3216 4084 3281 4140 de
3322 4099 3389 4139 eo
3432 4084 3580 4153 quod

2006 4158 2259 4227 scriptum
2293 4171 2370 4214 est
2402 4177 2413 4211 :
2449 4159 2597 4223 Quod
2627 4158 2714 4211 tibi
2759 4173 2860 4227 non
2890 4158 2960 4209 vis
2990 4157 3103 4223 fieri
3120 4196 3134 4220 ,
3164 4156 3252 4207 alii
3285 4172 3344 4208 ne
3375 4158 3570 4224 feceris.

2005 4225 2140 4283 Cum
2170 4230 2311 4282 enim
2364 4240 2542 4296 pateat
2594 4229 2695 4284 hoc
2723 4225 2862 4294 quod
2894 4242 3081 4279 omnes
3135 4227 3380 4296 homines
3412 4228 3572 4278 velint

2006 4301 2223 4353 sibimet
2252 4299 2321 4352 ab
2347 4295 2470 4353 aliis
2501 4297 2734 4367 impendi
2778 4296 2915 4367 bona
2938 4338 2951 4361 ,
2999 4307 3052 4349 et
3097 4295 3235 4362 quod
3270 4296 3362 4367 illi
3410 4297 3569 4367 etiam

2007 4369 2121 4423 aliis
2148 4369 2457 4437 impendere
2481 4365 2712 4423 debeant
2736 4366 2962 4437 similia.
2993 4367 3238 4433 quodque
3269 4365 3574 4433 bujusmodi

2006 4436 2313 4493 vicissitudo
2341 4441 2478 4492 inter
2511 4438 2756 4491 homines
2786 4436 3037 4503 quosdam
3089 4437 3403 4503 impleatur;
3450 4451 3573 4488 nam

330 4502 417 4567 qui
447 4495 670 4571 prmum
700 4495 820 4573 fiet,
849 4495 1203 4561 exhortamini
1247 4507 1470 4559 invicem
1503 4521 1600 4574 pro
1632 4507 1896 4576 instaura-
1931 4495 1981 4555 Ι)
2009 4510 2244 4576 plerique
2290 4508 2477 4562 amicis
2522 4508 2632 4560 suis.
2676 4495 2814 4559 haud
2845 4495 3398 4576 impendere'solem;
3425 4506 3570 4556 (lica-

338 4575 479 4627 tione
507 4576 879 4629 cmnobiorum
911 4584 1306 4630 destructornm
1328 4614 1344 4640 ,
1378 4579 1547 4643 primo
1587 4575 1800 4642 quidem
1845 4585 1901 4627 ut

332 4643 529 4709 praedia
573 4644 768 4699 exinde
811 4648 981 4703 ablata
1029 4645 1309 4701 cwnobitis
1350 4646 1659 4707 reddantur,
1708 4646 1901 4699 deinde

332 4722 389 4765 ut
414 4713 466 4767 lii
497 4713 590 4782 qui
624 4715 813 4769 timent
845 4717 1121 4771 Dominum
1145 4758 1160 4782 ,
1191 4726 1244 4770 et
1273 4717 1361 4783 qui
1392 4715 1665 4767 ambulant
1706 4715 1759 4769 in
1803 4716 1901 4769 viis

330 4784 482 4849 ejus,
513 4786 723 4853 caeteris
755 4796 1152 4853 prteponantur.
1185 4787 1314 4839 Nam
1347 4786 1397 4837 in
1444 4786 1543 4837 hoc
1586 4800 1741 4852 quam
1788 4800 1901 4836 ma-

327 4858 471 4933 xime
518 4852 768 4933 olfensus
813 4867 894 4908 est
954 4856 1127 4933 Deus,
1175 4860 1311 4923 quod
1359 4871 1418 4909 ea
1473 4856 1587 4908 loca
1633 4871 1752 4924 qua:
1796 4854 1899 4908 sibi

327 4927 543 4995 suisque
571 4928 767 4977 sanctis
814 4927 1114 4992 mancipata
1159 4937 1316 4995 atque
1356 4935 1663 4995 consecrata
1708 4933 1896 4995 erant,

328 4993 599 5049 destructa
631 5004 755 5046 sunt
784 5009 849 5047 ex
882 5006 1144 5048 rectorum
1178 4993 1399 5049 incuria.
1424 4996 1481 5049 Si
1513 4994 1652 5047 enim
1687 4995 1794 5047 Deo
1823 4993 1901 5047 fa-

327 5066 593 5125 mulantes
644 5065 694 5115 in
740 5065 1079 5120 monasteriis
1127 5072 1423 5119 necessaria
1471 5079 1695 5131 quaeque
1739 5062 1901 5116 habe-

327 5144 479 5194 rent,
531 5145 745 5201 possent
796 5136 975 5202 utique
1021 5135 1248 5189 alacrius
1300 5134 1610 5203 obsequium
1660 5136 1896 5186 divinum

327 5218 518 5271 agere,
553 5211 767 5270 possent
796 5204 1042 5259 devmius
1076 5221 1168 5269 pro
1200 5206 1337 5273 regis
1357 5246 1371 5267 ,
1403 5222 1494 5270 pro
1521 5204 1805 5269 pra‘sulutn
1837 5218 1900 5256 ac

327 5273 621 5341 principum
655 5287 870 5333 suorum
899 5277 1100 5336 salute,
1150 5290 1245 5328 nec
1289 5291 1393 5327 non
1443 5288 1541 5340 pro
1588 5275 1749 5324 totius
1800 5273 1899 5324 Ec-

325 5344 504 5412 clesiae
532 5354 675 5397 statu
704 5344 1035 5399 intercedere
1054 5386 1068 5410 ,
1104 5354 1320 5412 possent
1348 5344 1553 5399 etiamsi
1597 5342 1721 5409 quid
1768 5355 1898 5409 pro-

326 5410 575 5482 fessionis
604 5428 714 5470 sua:
748 5415 981 5482 regulam
1015 5410 1339 5469 excederent
1375 5429 1403 5466 a
1448 5414 1746 5479 pastoribus
1778 5413 1896 5465 suis

325 5478 576 5536 licentius
600 5478 832 5552 corripi:
850 5486 953 5538 Sed
988 5488 1101 5537 haec
1130 5485 1304 5538 omnia
1336 5485 1389 5537 in
1424 5478 1567 5535 tanta
1588 5525 1604 5547 ,
1635 5482 1767 5549 proli
1801 5483 1899 5552 dos

328 5552 439 5623 lori
471 5550 791 5623 negligentia
823 5569 850 5606 a
884 5555 1122 5622 plurimis
1153 5554 1419 5623 episcopis
1450 5553 1729 5617 habentur,
1762 5562 1816 5605 ut
1850 5550 1896 5603 si

326 5621 408 5699 vel
454 5620 631 5674 oraiio
655 5638 799 5699 pura
833 5620 911 5678 vel
944 5620 1214 5699 correptio
1242 5636 1293 5677 et
1322 5620 1617 5699 admonitio
1662 5636 1898 5699 congrua

324 5692 572 5757 cuiquam
620 5696 691 5761 psit
730 5695 1067 5758 necessaria,
1102 5706 1329 5748 tramare
1375 5693 1749 5761 dedignentur,
1799 5692 1901 5753 hoc

326 5760 664 5824 solummodo
723 5771 1013 5820 tractantes
1067 5776 1120 5819 ut
1177 5766 1277 5821 sibi
1334 5760 1529 5834 placita
1580 5762 1898 5832 assiduoque

2004 4574 2123 4633 inus
2151 4574 2421 4646 quomodo
2452 4576 2803 4644 impendenda
2838 4576 2905 4627 sit
2936 4575 3064 4628 Deo.
3091 4574 3239 4628 Sicut
3272 4578 3428 4642 igitur
3480 4590 3581 4627 nos

2000 4651 2240 4702 volumus
2268 4659 2324 4701 ttt
2352 4647 2497 4702 fraus
2530 4649 2609 4701 vel
2645 4646 3001 4700 inobedientia
3047 4660 3139 4698 seu
3188 4646 3383 4696 malitia
3429 4646 3575 4697 nulla

2001 4733 2029 4770 a
2060 4719 2288 4772 subditis
2317 4727 2373 4773 et
2403 4717 2616 4771 famulis
2648 4717 2841 4769 nostris
2874 4716 3027 4767 nobis
3056 4724 3263 4783 agatur,
3300 4715 3366 4765 ita
3394 4724 3445 4765 et
3473 4729 3574 4768 nos

2000 4790 2085 4853 qtti
2132 4790 2329 4843 scimus
2376 4788 2538 4841 Deum
2578 4802 2698 4840 eSse
2744 4785 3022 4838 Dominum
3071 4786 3409 4836 dominorum
3452 4798 3574 4838 0m-

2000 4858 2183 4922 nium,
2229 4869 2283 4912 et
2332 4872 2493 4924 super
2542 4856 2716 4910 omnia
2765 4855 3231 4922 potentissimum,
3272 4856 3319 4905 ei
3368 4855 3568 4905 nullam

2002 4927 2269 4993 fraudem,
2315 4930 2512 4981 nullam
2566 4924 3009 4986 inobedientiam,
3060 4925 3361 4993 nullamque
3411 4925 3571 4976 mali-

2001 4996 2126 5050 tiam
2158 4999 2208 5049 in
2240 4999 2539 5051 commissis
2568 4994 2892 5063 quibuslibet
2917 5008 3073 5061 agere
3098 4992 3371 5047 debemus.
3404 4995 3571 5045 (Iom-

2001 5072 2160 5120 m':ssa
2195 5072 2389 5135 quippe
2416 5066 2565 5120 nobis
2593 5076 2716 5117 sunt
2743 5078 2770 5114 a
2804 5064 2911 5116 Deo
2952 5071 3091 5135 tanta
3138 5071 3255 5135 tam
3288 5064 3339 5114 in
3382 5064 3575 5115 nobis-

2001 5132 2271 5204 metipsis,
2292 5132 2300 5134 ⁷
2322 5152 2479 5204 quam
2511 5136 2561 5187 in
2593 5136 2745 5194 aliis,
2780 5143 2836 5184 ut
2866 5134 3069 5204 ratione
3115 5132 3260 5185 brevi
3302 5146 3574 5198 nequeant

2003 5208 2111 5258 ullo
2137 5203 2303 5259 modo
2332 5203 2455 5259 dici.
2487 5206 2590 5258 Sed
2626 5204 2707 5256 vel
2740 5218 2900 5265 pauca
2948 5203 3183 5255 dicamus
3206 5244 3221 5264 ,
3271 5212 3327 5254 ut
3370 5214 3575 5256 cartera

2002 5278 2209 5343 possint
2239 5275 2454 5344 intelligi
2484 5272 2709 5326 facilius.
2742 5273 2994 5344 inprimis
3037 5272 3246 5339 quidem
3273 5273 3575 5344 commissa

1999 5342 2082 5399 est
2113 5346 2268 5399 nobis
2300 5342 2470 5397 anima
2509 5354 2686 5396 nostra
2732 5344 2795 5393 ad
2844 5342 3126 5408 imaginem
3170 5351 3225 5394 et
3268 5342 3582 5396 similitudi—

2002 5431 2123 5468 nem
2158 5415 2247 5467 Dei
2296 5414 2469 5481 facta,
2516 5425 2572 5466 ut
2614 5429 2729 5465 eam
2770 5413 2834 5463 ad
2864 5408 3121 5481 eamdem
3168 5411 3579 5466 similitudinem

2003 5485 2094 5538 Dei
2128 5485 2424 5538 nutrientes
2442 5480 2461 5548 ,
2485 5498 2642 5536 omne
2670 5482 2809 5548 quod
2858 5480 2967 5533 Deo
3016 5481 3265 5549 placitutn
3309 5496 3429 5534 esse
3470 5484 3589 5536 sci-

2004 5570 2150 5618 mus,
2184 5555 2235 5606 in
2271 5555 2425 5606 nobis
2457 5565 2795 5619 summopere
2826 5550 3155 5617 impleamus.
3194 5550 3391 5603 Deinde
3422 5567 3584 5605 cum-

2006 5624 2227 5676 missum
2260 5633 2343 5676 est
2374 5622 2527 5676 nobis
2556 5633 2614 5675 ut
2644 5635 2833 5675 omnes
2863 5619 3018 5674 dictis
3059 5633 3111 5673 et
3156 5621 3307 5673 factis
3352 5621 3416 5673 ad
3466 5637 3588 5675 tne-

2006 5694 2135 5746 liora
2166 5693 2459 5746 trahamus.
2493 5693 2547 5746 Si
2576 5707 2705 5759 ergo
2735 5692 2785 5743 in
2813 5691 3110 5758 ltujnsniodi
3140 5690 3439 5744 commissis
3471 5692 3595 5745 [ten

2008 5763 2191 5821 tideles
2223 5776 2442 5829 sumus,
2474 5761 2759 5832 impletnus
2787 5762 2927 5831 quod
2960 5760 3211 5830 scriptum
3245 5772 3327 5816 est
3360 5779 3372 5814 ;
3424 5763 3589 5829 ρηοΔ
