4026 6200
404 363 537 419 HIS

1464 363 1527 418 IN
1570 363 1889 420 PSALMUM
1931 363 2016 418 LII
2057 362 2614 420 COMMENTARIUS.

3531 369 3669 425 NH

401 480 487 563 tibi
510 496 616 562 non
646 478 726 563 itis
750 478 911 563 fieri,
943 478 1051 563 alii.
1079 494 1141 533 ne
1184 482 1385 563 feceris:
1436 480 1696 536 Nolumus
1743 498 1970 563 namque
2000 485 2049 543 Α
2081 480 2217 535 hanc
2236 483 2485 563 profecto
2515 482 2889 563 negligentiam
2921 485 3223 563 spirituales
3251 485 3434 540 hostes
3462 486 3663 563 intrare

402 551 552 604 nobis
580 551 948 620 inﬁdelitatem
983 549 1139 602 ullam
1170 550 1275 616 agi.
1328 552 1572 605 Dicamus
1618 564 1671 605 et
1716 549 1966 620 amplius.

400 622 547 675 Sicut
574 619 749 688 itaque
777 620 1018 671 volumus
1050 630 1105 671 ut
1137 619 1315 671 famuli
1348 622 1429 673 vel
1462 621 1655 674 subditi
1688 619 1854 674 nostri
1878 664 1892 681 ,
1926 623 1971 675 si

400 691 524 757 quid
549 703 647 744 nos
674 688 1020 746 odenderiut.
1046 689 1355 742 onmimoda
1384 692 1681 744 lmmilitate
1710 693 1970 756 placatio-

402 775 522 813 nem
554 768 789 813 nostram
822 760 1135 824 exquirant,
1172 762 1239 812 ita
1270 769 1322 812 et
1354 776 1452 813 nos
1484 762 1661 815 facere
1691 762 1967 825 debemus,

402 830 824 898 quotiescunque
880 827 1156 880 Dominum
1214 831 1445 896 peccatis
1500 830 1696 884 nostris
1746 831 1974 883 offendi-

403 913 539 952 mus.
570 898 697 952 Item
728 900 864 950 sicut
910 900 1152 951 volumus
1197 908 1254 952 ut
1296 902 1450 953 amici
1495 911 1549 953 et
1592 901 1774 954 fideles
1806 902 1972 955 nostri

400 969 446 1022 si
476 984 635 1034 quam
670 968 805 1038 forte
834 967 1215 1021 detractionem
1244 970 1329 1022 vel
1366 970 1612 1038 iujnriam
1645 982 1829 1023 contra
1875 982 1973 1024 nos

402 1040 595 1093 factam
624 1036 921 1099 audierint,
956 1052 1077 1091 mox
1110 1038 1245 1091 hanc
1290 1036 1492 1092 ratione
1540 1041 1677 1092 fideli
1728 1054 1976 1100 compes-

401 1119 558 1172 cant,
591 1117 684 1160 aut
711 1107 753 1179 si
786 1108 882 1160 hoc
916 1109 1277 1179 neqtlriviirint,
1329 1111 1563 1179 fugiant,
1610 1126 1675 1163 ne
1723 1109 1971 1177 injuriam

406 1187 641 1233 nostram
692 1178 919 1231 libenter
959 1178 1140 1231 audire
1186 1178 1499 1243 videantur;
1536 1182 1610 1231 sic
1652 1189 1705 1232 et
1752 1181 1974 1232 Domino

406 1256 594 1301 nostro
636 1248 809 1300 facere
849 1246 1142 1308 debemus,
1187 1249 1231 1300 si
1274 1249 1500 1315 aliquem
1544 1250 1688 1302 illum
1730 1249 1971 1302 dehone-

405 1326 633 1372 stantt-m
687 1318 843 1370 dictis
899 1318 977 1369 vel
1036 1318 1185 1371 factis
1240 1319 1516 1383 videntes,
1579 1320 1973 1372 inhonestatem

406 1398 604 1441 tantam
638 1388 919 1453 prohibere
950 1402 1053 1439 non
1086 1388 1343 1441 valemus.
1400 1388 1605 1443 Fideles
1654 1404 1881 1454 namque
1925 1388 1975 1441 ci

405 1473 524 1511 esse
547 1458 805 1511 debemus
828 1497 842 1518 ,
874 1468 921 1510 et
953 1458 1016 1508 ad
1044 1458 1474 1510 collaborandum
1504 1469 1557 1512 et
1585 1459 1649 1512 ad
1679 1458 1977 1512 condolen-

405 1528 530 1581 dum
554 1567 569 1591 ,
601 1526 722 1593 quia
754 1527 841 1579 ille
872 1527 1023 1580 nobis
1056 1528 1226 1581 ﬁdelis
1270 1538 1351 1581 est
1373 1569 1386 1590 ,
1418 1531 1554 1582 sicut
1597 1530 1664 1581 de
1710 1544 1775 1580 eo
1824 1530 1974 1581 Psal-

407 1596 558 1650 mista
590 1597 715 1649 dicit
744 1613 755 1647 :
788 1595 981 1649 Fidelis
1013 1595 1263 1650 Dominus
1290 1600 1340 1650 in
1372 1601 1601 1652 omnibus
1634 1600 1794 1651 verbis
1841 1600 1968 1654 suis.

408 1667 517 1719 Ilac
548 1667 706 1734 igitur
735 1666 1083 1719 similitudine
1116 1668 1167 1719 in
1198 1669 1433 1721 omnium
1466 1670 1782 1736 sapientium
1815 1668 1977 1723 cotde

404 1736 598 1802 scripta
632 1736 916 1801 requiritur
946 1746 1000 1788 et
1029 1735 1345 1805 intelligitur
1375 1739 1535 1804 Deus,
1573 1755 1670 1793 nec
1697 1741 1813 1805 quis
1836 1755 1974 1799 utam

2080 553 2326 623 permisit
2371 554 2420 605 in
2471 568 2529 606 se
2552 596 2566 619 ,
2615 556 2705 622 qui
2751 554 2911 606 etiam
2941 568 3031 607 eas
3058 556 3283 610 virtutes
3314 571 3445 623 quas
3477 556 3663 608 habuit

2078 620 2422 687 auferentes,
2473 620 2645 686 ipsum
2698 623 3025 692 reliquerunt
3072 626 3294 679 nudum.
3330 620 3440 678 'Cni
3490 626 3661 677 simile

2076 699 2155 743 est
2184 701 2237 742 rt
2260 692 2409 753 illud,
2432 692 2573 759 quod
2604 692 2831 745 Iacobus
2853 695 3123 755 apostolus
3152 695 3281 748 dicit
3308 711 3322 747 ε
3360 695 3662 759 Quicunque

2074 761 2407 813 observaverit
2430 772 2586 814 totum
2618 764 2799 832 legem.
2819 762 3046 827 olfendat
3077 774 3246 818 autem
3267 765 3320 817 in
3345 780 3469 830 uno,
3496 764 3661 831 factus

2075 838 2148 883 est
2178 832 2402 882 omnium
2431 848 2564 885 reus.
2591 832 2743 885 Unde
2771 834 3043 899 Scriptura
3093 849 3241 888 saera
3262 874 3277 896 ,
3310 848 3657 900 unumquem-

2075 915 2179 968 que
2211 901 2525 964 admonens,
2559 902 2684 954 dicit
2718 919 2730 954 :
2760 902 2912 954 Omni
2942 905 3172 955 custodia
3202 920 3344 955 serva
3375 911 3519 954 tuum
3549 918 3653 955 cor.

2147 969 2572 1041 Sicutrusticum
2604 972 2685 1024 vel
2715 988 2999 1039 pauperem
3030 976 3318 1041 quemlibet
3346 973 3434 1025 vili
3466 973 3659 1028 vestitu

2075 1039 2458 1094 circumdatum
2502 1042 2678 1094 nullus
2721 1042 2868 1096 dives
2900 1039 3147 1110 pretiosis
3180 1044 3415 1097 vestibus
3446 1044 3653 1106 nitens,

2078 1110 2273 1162 merito
2298 1111 2517 1176 culpare
2546 1121 2748 1176 potest,
2777 1126 2872 1165 cur
2903 1115 2971 1167 ita
3018 1114 3241 1166 vestitus
3287 1112 3495 1165 incedat
3533 1126 3652 1165 cum

2078 1179 2385 1233 indumenta
2436 1181 2655 1234 meliora
2708 1197 2810 1234 non
2864 1182 3091 1248 habeat,
3148 1194 3237 1235 aut
3286 1181 3511 1234 forsitan
3563 1197 3659 1249 pro

2078 1248 2171 1301 Dei
2197 1263 2380 1303 amore
2407 1250 2808 1317 pretiosioribus
2836 1255 3055 1306 minime
3092 1254 3165 1307 uti
3198 1254 3355 1306 libeat
3385 1269 3397 1304 :
3437 1255 3503 1303 ita
3535 1248 3654 1303 nqu

2075 1316 2158 1371 Ius
2185 1334 2368 1371 eorum
2395 1320 2484 1387 qui
2517 1335 2768 1388 pomposa
2798 1322 3091 1375 litterarmn
3121 1323 3454 1376 sarcularium
3483 1322 3657 1375 scien-

2080 1389 2149 1440 tia
2179 1389 2344 1441 afﬁuit
2365 1430 2381 1455 ,
2413 1398 2464 1442 el
2494 1392 2665 1443 varias
2693 1392 2817 1445 culti
2848 1394 3109 1446 sermonis
3139 1392 3458 1447 subtilitates
3490 1391 3653 1452 nevit,

2077 1459 2338 1530 simplicia
2375 1461 2561 1524 verba,
2598 1476 2715 1529 qua:
2749 1464 2797 1513 in
2831 1463 3099 1530 Scriptura
3131 1478 3278 1516 saera
3312 1462 3469 1514 aliter
3500 1477 3653 1527 quam

2078 1528 2353 1582 dialic'ica
2378 1540 2427 1582 et
2465 1528 2803 1597 grammatica
2835 1528 3028 1586 doceat
3074 1533 3336 1587 interdum
3385 1534 3659 1597 reperiun-

2081 1606 2183 1660 tur,
2211 1600 2603 1665 reprehendere
2630 1602 2813 1665 debet,
2840 1601 2880 1654 si
2912 1612 3084 1656 tamen
3117 1604 3166 1654 in
3192 1602 3458 1656 veteribUS
3482 1616 3660 1652 emen-

2079 1668 2323 1735 datisqne
2354 1670 2502 1722 libris
2532 1672 2802 1738 :eqnaliter
2834 1673 3150 1726 habeantur.
3197 1676 3347 1737 Quod
3393 1671 3435 1722 si
3478 1671 3651 1721 disso-

2083 1749 2210 1789 nant
2242 1740 2396 1809 libri,
2430 1749 2533 1791 tam
2578 1743 2935 1809 grammatice
2982 1744 3161 1807 regula
3208 1756 3363 1807 quam
3415 1739 3657 1792 lectionis

403 1819 549 1882 sana:
574 1806 771 1882 ineptis
799 1807 865 1882 ab
894 1807 991 1882 hac
1016 1807 1366 1882 intelligentia
1400 1809 1591 1874 poterit
1616 1823 1673 1862 se
1698 1822 1974 1882 excusare.
2014 1827 2055 1882 Β
2083 1808 2348 1882 sententia
2398 1818 2522 1882 sunt
2569 1806 2890 1882 corrigendi.
2940 1806 3245 1878 Ilujusmodi
3297 1811 3436 1863 enim
3486 1810 3657 1882 disso-

406 1875 527 1945 lltrae
558 1874 785 1943 denique
814 1877 879 1929 de
910 1875 997 1927 illo
1027 1876 1167 1945 quod
1203 1879 1339 1930 intra
1374 1894 1469 1930 nos
1496 1892 1562 1931 ex
1592 1877 1757 1945 gratia
1791 1879 1972 1929 divina

406 1944 663 1997 collatum
719 1945 1006 2009 habemus,
1060 1944 1426 2013 intelligentia:
1470 1944 1832 2000 additamento
1871 1949 1977 1999 sint

407 2015 569 2067 dicta.
602 2014 751 2067 Nunc
784 2030 908 2069 vero
938 2015 1004 2067 ad
1038 2031 1097 2067 ra
1127 2032 1243 2083 qua:
1291 2026 1438 2069 extra
1470 2033 1567 2072 nos
1613 2025 1738 2070 sunt
1785 2016 1981 2070 simili-

409 2083 646 2136 tudinum
677 2084 1035 2138 additamen'a
1073 2095 1424 2139 revertamur.

484 2152 635 2208 SiCnt
684 2155 841 2223 igitur
872 2167 1147 2208 ventorum
1194 2156 1489 2209 substantia
1540 2156 1840 2210 nullatenus
1871 2170 1983 2209 cer-

409 2224 571 2288 nitur,
606 2226 699 2278 sed
733 2235 909 2277 tamen
958 2224 1175 2279 eosdem
1217 2236 1405 2279 ventos
1457 2227 1635 2295 aliquo
1687 2226 1844 2279 modo
1877 2228 1986 2280 exi-

407 2305 551 2347 stere
600 2308 694 2363 per
730 2294 1017 2349 immensos
1062 2296 1214 2348 flatus
1261 2306 1312 2349 et
1360 2297 1746 2350 commotiOues
1798 2311 1981 2349 eorum

410 2364 739 2432 intelligitur,
771 2365 847 2417 sic
876 2375 929 2418 et
960 2366 1139 2418 divina
1170 2366 1488 2431 subsmntia,
1533 2367 1657 2420 licet
1703 2365 1985 2418 invisibilis

409 2435 515 2501 sit,
548 2444 726 2488 tamen
776 2449 840 2488 ex
890 2436 1149 2488 immensa
1184 2437 1376 2490 virtute
1408 2448 1459 2490 et
1495 2445 1756 2503 potestate
1778 2476 1791 2500 ,
1826 2451 1983 2504 quam

411 2504 719 2576 inmunem
765 2513 1063 2559 creaturam
1109 2517 1349 2571 exercet,
1409 2509 1745 2576 maximeque
1794 2506 1845 2559 in
1892 2520 1987 2559 eos

410 2574 499 2635 qui
528 2574 627 2627 sibi
658 2575 912 2631 resistere
943 2586 1225 2643 conantur,
1251 2574 1682 2630 constantissimo
1714 2577 1815 2630 ﬁde
1846 2576 1987 2628 valet

410 2644 647 2711 agnosci.
682 2646 890 2709 Quanto
919 2646 1058 2699 enim
1090 2645 1209 2713 quis
1237 2645 1289 2698 in
1325 2646 1628 2714 hujusmodi
1660 2647 1762 2701 ﬁde
1792 2648 1986 2699 tituba-

415 2714 579 2775 verit,
615 2723 759 2766 tauto
792 2715 910 2779 plus
963 2716 1166 2769 cunctis
1214 2716 1412 2770 inimici
1452 2718 1832 2771 teutationibus
1859 2721 1989 2768 suin-

410 2783 627 2849 jaeebit.
660 2784 810 2854 Quod
841 2785 1089 2839 nimirum
1124 2787 1193 2838 ita
1223 2803 1342 2840 esse
1374 2803 1435 2840 ex
1464 2787 1745 2854 gentilibus
1774 2785 1985 2850 probari

417 2862 617 2925 potest,
670 2853 789 2923 qui,
842 2855 1038 2909 nullam
1090 2856 1283 2909 divina:
1337 2853 1582 2925 potentiae
1631 2858 1987 2925 cognitionem

416 2923 696 2990 habentes,
730 2924 1077 2990 dicentesqne
1110 2928 1160 2980 in
1192 2923 1355 2980 corde
1386 2942 1523 2979 suo:
1561 2926 1681 2979 Non
1703 2923 1784 2979 ‘m
1819 2924 1990 2987 Deus,

413 2992 739 3065 omnimodis
791 2992 1086 3065 sceleribus
1140 2997 1303 3047 dediti
1354 3011 1474 3065 esse
1524 2998 1784 3065 leguntur.
1843 2994 1992 3048 Unde

411 3062 572 3114 etiam
606 3061 813 3115 illorum
845 3064 1057 3130 quidam
1089 3079 1356 3119 summum
1387 3061 1597 3119 honuni
1634 3066 1989 3121 decreverunt

412 3145 537 3204 esse
566 3132 816 3198 voluptati
849 3147 1068 3199 prorsus
1098 3135 1391 3193 deservire.
1421 3136 1676 3190 Similiter
1705 3138 1792 3204 qui
1824 3135 1986 3189 Deum

413 3201 629 3275 quidem
658 3216 776 3275 esse
806 3213 1113 3275 constanter
1142 3205 1392 3269 fatentur,
1426 3210 1519 3261 sed
1566 3201 1734 3259 factis
1762 3218 1953 3275 negant
1973 3247 1986 3269 ,

419 3269 606 3346 haeresi
640 3272 815 3346 aliqua
845 3274 1063 3346 involuti
1110 3290 1202 3329 seu
1250 3277 1394 3334 vitiis
1436 3278 1752 3346 capitalibus
1798 3269 1992 3343 11811111,

418 3341 985 3417 111111181811111111111111118
1020 3347 1269 3401 resistere
1316 3341 1555 3417 possunt.
1607 3350 1658 3400 111
1706 3347 1818 3399 sola
1868 3341 1997 3415 ergo

420 3409 561 3484 tideli
595 3412 927 3468 invocatione
954 3416 1114 3469 divini
1149 3409 1377 3471 neminis
1413 3420 1705 3484 eripiemur
1748 3433 1775 3469 a
1825 3409 1996 3469 tenta-

419 3482 620 3536 tionum
654 3486 919 3552 periculis.
956 3486 1107 3540 Unde
1136 3484 1411 3542 Psalmisla
1443 3482 1571 3541 dicit
1600 3505 1611 3539 :
1647 3486 1713 3539 In
1760 3498 1837 3549 te,
1891 3486 1995 3538 Do-

418 3554 586 3619 mine,
615 3556 802 3625 eripior
824 3574 855 3608 a
886 3559 1179 3610 tralatione.
1209 3558 1271 3611 Et
1301 3560 1492 3613 iterum
1519 3577 1531 3612 :
1560 3557 1639 3609 Tu
1665 3575 1718 3612 es
1745 3557 1998 3625 refugium

414 3641 583 3684 meum
613 3643 645 3679 a
677 3627 1002 3681 tribulatione
1023 3671 1038 3693 ,
1070 3643 1180 3695 quis
1210 3631 1545 3684 circumdedit
1576 3644 1675 3681 me.
1726 3626 1876 3681 Sicut
1923 3628 1998 3681 le—

418 3707 569 3768 gntus
599 3698 681 3751 vel
715 3713 900 3752 sc-rvus
930 3700 1159 3766 quilibet
1202 3699 1374 3753 ﬁdelis
1397 3742 1411 3763 ,
1443 3716 1563 3753 enm
1604 3701 1655 3753 81
1703 3715 1731 3753 a
1778 3698 1996 3751 domino

418 3785 516 3822 suo
546 3767 682 3820 bona
712 3769 885 3837 aliqua
931 3768 1283 3838 diSpeusanda
1332 3774 1757 3835 committuntur,
1803 3769 1875 3822 nil
1924 3770 2000 3822 fa-

422 3841 564 3894 voris
612 3846 702 3891 aut
750 3839 953 3910 111-1811111
1000 3843 1049 3894 111
1099 3855 1283 3894 80111111
1337 3842 1738 3910 dispensatione
1784 3842 2000 3894 sibimet

420 3911 690 3963 vindicare
716 3909 883 3981 solet,
918 3911 987 3962 ita
1018 3911 1193 3965 omnis
1235 3912 1317 3965 cui
1349 3909 1641 3981 expietate
1687 3911 1861 3965 divina
1903 3912 1999 3963 ali-

418 3981 571 4048 cujus
603 3980 878 4047 111-1881111118
911 3981 1118 4034 virtutis
1162 3981 1298 4035 dona
1345 3980 1539 4036 collata
1586 3991 1749 4046 sunt,
1799 3983 1997 4034 nuilnm

420 4051 657 4105 favorem
688 4050 837 4116 quasi
871 4050 991 4103 talia
1040 4050 1356 4117 meruisset,
1409 4054 1531 4107 inde
1574 4054 1673 4107 sibi
1724 4055 2003 4120 acquirere

422 4121 601 4174 debet.
635 4121 785 4185 Quod
808 4160 823 4183 ,
854 4120 1089 4184 scilicet,
1124 4121 1194 4175 ita
1227 4123 1489 4191 agendum
1522 4140 1641 4178 esse
1685 4126 1851 4176 saneti
1904 4122 2002 4176 Pa-

424 4200 534 4245 tres
557 4190 614 4263 111
647 4190 827 4263 multis
860 4194 1062 4257 experti
1089 4232 1102 4256 ,
1136 4190 1275 4263 nihil
1298 4209 1484 4247 eorum
1517 4210 1635 4263 qua:
1668 4195 1746 4247 vel
1797 4195 1847 4246 in
1895 4192 2001 4247 mi-

425 4260 620 4333 raculis
649 4274 742 4333 seu
773 4262 823 4333 in
856 4262 974 4314 aliis
1005 4262 1282 4328 praecipuis
1311 4260 1561 4331 operibus
1583 4264 1958 4333 perpetrabant
1983 4304 1998 4327 ,

422 4330 532 4384 suis
558 4331 757 4403 meritis
778 4330 1033 4403 deputare
1057 4330 1446 4403 prmsumebant
1469 4351 1483 4398 ;
1507 4330 1839 4388 attendentes
1859 4334 2000 4403 jugl-

425 4410 508 4457 ter
533 4400 673 4473 quod
689 4402 987 4473 _Apostoltts
1015 4402 1144 4455 dicit
1174 4420 1187 4455 :
1221 4404 1357 4468 Quid
1388 4407 1519 4456 enim
1553 4406 1703 4458 habes
1731 4400 1871 4473 quod
1899 4420 2000 4457 non

423 4470 660 4544 accepisti
683 4470 805 4544 ?_S_i_
824 4484 991 4525 autem
1024 4473 1283 4539 accepisti,
1315 4476 1437 4542 quid
1467 4476 1701 4542 gloriaris
1728 4470 1875 4544 quasi
1901 4492 2001 4527 non

424 4541 728 4607 acceperis?
768 4540 892 4592 11188
932 4544 1108 4607 itaque
1149 4540 1333 4595 beatus
1366 4540 1553 4598 Petrus
1584 4548 1715 4598 satis
1740 4540 1999 4606 attendit,

425 4610 639 4678 quando
678 4610 880 4681 Iudicis
921 4611 1240 4681 mirantibus
1278 4627 1436 4678 super
1468 4616 1722 4668 miraculo
1751 4615 1889 4681 quod
1925 4616 2005 4666 fa-

425 4688 571 4734 ctum
613 4688 694 4751 est
725 4680 774 4731 in
808 4679 995 4731 claudo
1027 4680 1158 4733 dixit
1189 4698 1201 4732 :
1241 4682 1375 4747 Quid
1408 4699 1498 4734 nos
1529 4679 1827 4749 intuemini,
1859 4686 2008 4751 quasi

428 4760 602 4819 nostra
645 4749 827 4819 virtute
869 4756 976 4819 aut
1003 4752 1187 4815 pietate
1230 4753 1494 4819 fecerimus
1540 4753 1672 4803 hunc
1702 4749 2011 4807 ambulare?

428 4818 568 4872 Deus
600 4818 897 4887 gloriﬁcavit
929 4816 1128 4872 Filium
1157 4816 1343 4885 suum,
1386 4833 1490 4874 etc.
1536 4822 1808 4875 Psalmista
1848 4826 2009 4877 etiam

432 4890 653 4942 lirtniter
684 4889 908 4943 credens
939 4890 1099 4943 Detnn
1151 4891 1202 4944 in
1249 4894 1401 4945 nobis
1450 4896 1583 4945 bona
1629 4896 1871 4959 operari,
1918 4894 2011 4945 tle-

433 4970 678 5031 precatiir
705 4959 852 5011 illum
886 4959 1072 5031 eadem
1120 4962 1437 5016 conﬁrmare
1484 4963 1664 5015 dicens
1695 4979 1708 5015 :
1744 4963 2012 5031 Con/irrita

432 5037 563 5099 nec,
599 5026 735 5081 Deus
755 5069 769 5092 ,
803 5029 942 5095 quod
968 5042 1202 5099 operatus
1233 5049 1283 5083 es
1311 5034 1360 5083 in
1395 5033 1555 5085 nobis.

503 5096 655 5169 Sicut
687 5102 736 5150 111
768 5100 910 5151 urbis
943 5096 1269 5162 munitione,
1302 5105 1345 5154 si
1382 5104 1707 5169 re'iuquatnr
1757 5101 1839 5153 vel
1889 5115 2011 5167 par-

436 5181 529 5238 vus
561 5168 788 5221 intrandi
822 5172 997 5231 locus,
1032 5172 1098 5223 ibi
1149 5173 1329 5224 11118188
1376 5168 1595 5238 possunt
1642 5171 1877 5236 intrare,
1926 5187 2014 5223 ur-

437 5237 663 5309 bemque
694 5247 854 5291 tutam
884 5239 1191 5309 devasmre,
1225 5243 1302 5293 sic
1346 5237 1399 5294 et
1446 5242 1525 5293 his
1572 5241 1858 5309 contingit,
1891 5241 2011 5307 qui-

436 5307 533 5360 bus
565 5308 774 5362 videtur
795 5308 1049 5378 sufficere
1081 5313 1299 5363 virtutes
1343 5312 1598 5378 quasdam
1646 5307 1778 5362 sine'
1804 5311 2015 5362 caeteris

429 5390 709 5435 exercere.
760 5377 861 5433 Ubi
912 5383 1051 5433 enim
1098 5380 1250 5434 deest
1290 5377 1497 5433 virtutis
1528 5379 1816 5446 cujuslibet
1844 5396 1969 5431 cura
1994 5419 2010 5444 ,

436 5449 549 5502 illic
576 5448 865 5515 spiritualis
898 5452 1143 5516 nequitiae
1187 5453 1347 5503 intrat
1392 5452 1578 5515 turba,
1626 5449 1889 5515 dissipans
1936 5449 2014 5501 in-

441 5518 648 5571 1811111111
682 5519 930 5572 virtutum
980 5521 1299 5573 munitiones
1331 5521 1633 5572 multarum.
1670 5522 1817 5573 Stetit
1855 5527 1908 5571 et
1949 5519 2015 5571 de

443 5586 710 5659 Pharisaeo
740 5588 931 5656 legitur
962 5592 1015 5659 in
1064 5589 1344 5659 Evangelia
1366 5630 1380 5654 ,
1411 5592 1499 5658 qui
1543 5605 1699 5653 cum,
1733 5590 2015 5641 virtutibus

441 5657 622 5709 multis
672 5672 848 5710 arcem
896 5658 1073 5711 cordis
1122 5657 1509 5725 priemuniens,
1565 5659 1879 5711 humilitatis
1927 5674 2017 5710 cn-

440 5727 667 5787 stodiam
700 5727 895 5779 habere
926 5730 1277 5794 neglexisset,
1309 5730 1492 5781 dicens
1521 5746 1534 5781 :
1582 5730 1715 5791 Quia
1758 5745 1858 5780 nou
1906 5743 2017 5781 sunt

438 5807 567 5854 mut
615 5795 783 5852 atteri
833 5795 1125 5867 luminum,
1176 5808 1443 5869 raptores,
1483 5800 1688 5868 iniusti,
1742 5811 1866 5863 811’.,
1927 5815 2019 5866 per

2084 1876 2266 1947 nantia
2296 1878 2435 1929 sient
2466 1876 2728 1944 imperitia
2765 1883 2844 1932 vel
2880 1876 3080 1932 incuria
3128 1883 3443 1947 scriptormn
3493 1879 3661 1931 conti-

2080 1946 2150 2015 git
2176 1985 2192 2009 ,
2224 1945 2293 1997 ita
2324 1948 2509 2013 peritia
2538 1948 2908 2014 magistrorum
2939 1945 3253 2015 corrigenda
3281 1950 3400 2002 8111.
3430 1948 3537 2001 Sed
3568 1962 3664 2001 nec

2084 2013 2156 2086 illi
2187 2025 2314 2086 sunt
2346 2013 2808 2083 reprehendendi,
2844 2020 2929 2086 qui
2965 2013 3275 2073 humilitatis
3306 2032 3463 2070 causa
3497 2019 3662 2085 magis

2082 2082 2370 2154 Scriptura:
2401 2082 2567 2139 saera:
2596 2082 2986 2154 simplicitatem
3021 2105 3175 2153 quam
3206 2088 3456 2142 eximiam
3499 2082 3665 2139 81³811-

2085 2153 2210 2228 laris
2260 2155 2570 2228 litteratura:
2614 2153 2969 2228 eloquentiam
3002 2160 3205 2228 eligunt
3233 2158 3414 2227 sequi,
3448 2158 3665 2228 cupien-

2086 2232 2167 2276 tes
2198 2225 2337 2277 iuter
2367 2224 2487 2279 illos
2521 2224 2771 2293 parvulas
2799 2224 3207 2291 conutnnerari,
3239 2224 3529 2295 aequum
3560 2226 3662 2278 Do-

2086 2295 2262 2347 minus
2303 2297 2352 2348 in
2399 2296 2684 2360 Evangelii»
2724 2297 2890 2350 dicit:
2925 2297 3180 2362 Conﬁteor
3210 2300 3329 2362 tibi,
3367 2297 3518 2349 l’ater
3548 2296 3660 2349 εωίί

2085 2372 2135 2416 et
2162 2376 2329 2427 terra,
2347 2367 2477 2436 quia
2502 2367 2807 2419 abscondisti
2835 2368 2942 2419 lucc
2966 2384 2997 2419 a
3018 2369 3326 2436 sapientibus
3357 2376 3401 2420 et
3433 2364 3668 2419 rerelnsti

2087 2451 2147 2507 et!
2174 2435 2420 2507 parvulis.
2456 2436 2764 2503 Pariterqne
2796 2435 3137 2490 formidantes
3188 2438 3325 2507 quod
3381 2437 3667 2502 Apostolus

2087 2504 2211 2577 dicit
2238 2523 2249 2556 :
2284 2502 2566 2577 Prudentia
2593 2502 2760 2558 carnis
2791 2523 2923 2559 mors
2950 2518 3041 2563 est.
3076 2502 3219 2560 Nam'
3234 2508 3518 2577 prudentia
3548 2520 3667 2558 ear-

2090 2576 2243 2639 nalis,
2279 2575 2402 2627 dum
2435 2578 2507 2629 nil
2538 2577 2715 2631 studet
2747 2577 2845 2629 nisi
2880 2579 3179 2643 superbire,
3214 2575 3516 2630 hominibus
3551 2577 3661 2641 pli-

2088 2657 2210 2714 cere
2232 2685 2246 2709 ,
2276 2646 2497 2713 gloriam
2545 2647 2723 2699 mundi
2754 2647 3060 2701 omnimodo
3088 2647 3365 2714 amplecti,
3401 2647 3569 2700 tendit
3599 2644 3661 2697 ad

2090 2712 2233 2766 illam
2267 2724 2491 2767 mortem
2525 2732 2641 2784 qua:
2673 2716 2874 2769 nullum
2912 2718 3068 2770 habet
3101 2712 3279 2771 linem.

2163 2784 2309 2838 Sicut
2340 2786 2527 2837 mulier
2551 2786 2763 2852 gravida
2788 2786 3140 2841 sollicitudine
3169 2787 3371 2853 indiget
3402 2785 3581 2848 nimia,
3608 2795 3665 2837 nt

2094 2853 2144 2907 in
2180 2853 2309 2905 111818
2340 2857 2588 2908 omnibus
2614 2868 2767 2909 caute
2795 2870 2854 2909 se
2884 2871 3075 2923 agens,
3110 2858 3313 2926 prolem
3353 2866 3660 2926 conceptam

2093 2932 2297 2985 servet,
2327 2926 2404 2977 sie
2433 2940 2619 2978 omnes
2652 2928 2701 2977 in
2733 2926 3079 2980 ecclesiastici
3106 2925 3375 2995 regiminis
3396 2927 3512 2993 jura
3538 2925 3663 2978 reti-

2095 3001 2280 3047 nentes
2320 3008 2441 3046 esse
2471 2995 2668 3047 debent
2703 2995 2950 3061 solliciti,
2996 3011 3061 3049 ne
3090 3013 3196 3066 qtto
3225 2999 3469 3064 exemplo
3500 3010 3665 3061 pravo

2094 3072 2438 3132 corrumpant
2466 3066 2730 3129 subditos,
2764 3081 2897 3133 quos
2936 3066 2999 3119 ad
3028 3068 3374 3120 erudiendum
3406 3066 3553 3133 quasi
3602 3067 3667 3117 ad

2135 3135 2453 3188 recreandos
2486 3134 2578 3187 Dei
2611 3135 2748 3188 ﬁlios
2778 3136 2828 3187 in
2876 3149 3026 3188 suam
3073 3152 3253 3189 curam
3301 3147 3667 3201 susceperunt.

2149 3203 2249 3255 nde
2278 3205 2468 3274 Paulus
2497 3206 2767 3271 apostolus
2797 3205 2923 3258 dicit
2947 3224 2960 3259 :
2990 3202 3170 3258 Filioli
3196 3211 3309 3269 mei,
3340 3222 3463 3274 quos
3490 3206 3670 3255 iterum

2100 3273 2355 3340 parturio,
2386 3273 2543 3324 donec
2573 3274 2816 3342 formetur
2847 3275 3072 3326 Christus
3100 3277 3153 3327 iu
3180 3276 3335 3328 vobis.
3382 3274 3663 3340 Quomodo

2097 3352 2273 3394 autem
2305 3356 2397 3395 eos
2429 3344 2744 3408 partui-iret,
2776 3354 2830 3396 nt
2859 3345 2908 3397 in
2937 3344 3038 3397 illis
3063 3346 3302 3398 Chrisms
3331 3344 3668 3406 fortnaretur,

2097 3412 2223 3464 alibi
2257 3413 2453 3484 profert
2482 3411 2664 3465 dicens
2691 3430 2702 3464 :
2734 3413 2936 3484 Custigo
2964 3431 3141 3482 corpus
3171 3431 3331 3467 meu-u
3355 3456 3371 3482 ,
3403 3423 3445 3466 et
3480 3415 3528 3465 in
3558 3430 3668 3466 ser—

2099 3484 2310 3534 vitutem
2336 3483 2531 3549 redigo,
2566 3499 2628 3534 ne
2655 3484 2809 3551 forte,
2839 3483 2953 3537 cum
2980 3484 3095 3537 aliis
3126 3485 3536 3551 prazdicarerim,
3568 3484 3674 3549 ipse

2099 3551 2341 3621 reprobus
2386 3552 2591 3621 rﬁiciar.
2621 3553 2674 3607 Si
2706 3557 2845 3607 enim
2876 3556 2995 3609 aliis
3041 3555 3332 3621 praedicans
3376 3555 3443 3606 de
3486 3557 3673 3606 obser-

2102 3622 2277 3674 vantia
2310 3633 2693 3690 prmeeptornm
2726 3624 3025 3678 divinorum
3059 3626 3169 3692 ipse
3200 3628 3382 3678 eadem
3434 3638 3536 3675 non
3568 3625 3665 3675 ob-

2102 3702 2373 3776 servaret,
2406 3703 2777 3776 corrumperet
2796 3696 2988 3776 inique
3017 3710 3109 3747 eos
3140 3711 3269 3776 quos
3298 3694 3529 3776 suscepit
3558 3694 3667 3776 spi-

2102 3763 2362 3833 ritualiter
2390 3768 2744 3832 generandos.
2794 3765 2868 3818 Ex
2901 3779 3004 3833 qua
3050 3763 3285 3832 profecto
3323 3763 3672 3818 similitudine

2104 3831 2158 3885 hi
2186 3833 2273 3899 qui
2300 3831 2414 3901 jam
2446 3834 2601 3899 positi
2633 3845 2753 3888 sunt
2786 3834 2837 3889 in
2883 3831 3169 3902 regimine,
3201 3835 3556 3887 admouentur
3584 3842 3669 3885 at-

2111 3903 2329 3956 tendere
2357 3920 2452 3957 cur
2480 3905 2598 3957 aliis
2626 3905 2731 3957 sint
2777 3907 2998 3973 przelati.
3048 3906 3148 3959 Per
3196 3906 3333 3957 hanc
3363 3918 3486 3957 vero
3514 3917 3671 3969 quam

2102 3973 2499 4042 subjungimus,
2534 3975 2603 4027 illi
2636 3976 2723 4044 qui
2754 3979 2867 4029 sine
2896 3977 3156 4029 electione
3203 3984 3255 4027 et
3294 3983 3475 4026 contra
3500 3987 3669 4044 cauo-

2106 4060 2230 4097 num
2265 4044 2499 4097 instituta
2532 4041 2666 4097 aliis
2684 4046 2915 4111 praeponi
2943 4048 3190 4113 cupiunt,
3238 4041 3512 4097 admoneri
3546 4057 3670 4108 pos-

2106 4126 2250 4168 sunt.
2285 4115 2448 4184 Igitur
2487 4114 2622 4168 sicut
2661 4116 3003 4183 incongruum
3047 4126 3101 4169 et
3142 4116 3477 4169 inhOnestutn
3507 4123 3585 4166 est
3619 4123 3675 4164 ut

2108 4187 2297 4238 mulier
2328 4201 2423 4253 pro
2450 4185 2749 4251 appetendo
2780 4190 2893 4238 viro
2926 4200 3142 4254 usquam
3178 4185 3367 4247 vadat,
3401 4184 3671 4254 magisque

2106 4255 2258 4309 decet
2288 4264 2345 4308 ut
2376 4255 2454 4308 vir
2480 4256 2756 4310 mulierem
2798 4257 2896 4310 sibi
2939 4253 3246 4310 sociandam
3292 4253 3569 4320 exquirat,
3604 4254 3671 4303 ita

2107 4327 2264 4379 etiam
2296 4325 2511 4378 minime
2542 4328 2787 4379 convenit
2816 4338 2871 4380 ut
2898 4326 3086 4380 doctor
3111 4327 3327 4392 quilibet
3356 4323 3670 4386 pastoralem

2108 4412 2288 4452 curam
2320 4396 2595 4463 exquirat,
2630 4399 2719 4450 sed
2758 4399 2867 4464 ipse
2898 4397 3202 4464 exquiratur
3231 4394 3296 4445 ad
3332 4393 3474 4444 illam
3507 4394 3675 4464 susci-

2112 4469 2373 4534 piendam.
2412 4462 2496 4519 Ibi
2528 4469 2667 4519 enim
2714 4462 2954 4520 Christus
2985 4462 3427 4531 unumquemque
3472 4462 3673 4527 eligens

2111 4540 2174 4590 ad
2215 4537 2633 4590 ecclesiasticum
2668 4536 2925 4603 regimen,
2957 4536 3107 4601 quasi
3155 4535 3219 4585 ad
3272 4534 3672 4585 matrimonium

2110 4608 2505 4671 suscipiendum
2537 4607 2586 4657 in
2620 4621 2841 4672 persona
2873 4607 2965 4656 viri
2998 4616 3116 4671 est;
3150 4604 3194 4656 is
3243 4613 3417 4656 autem
3451 4603 3538 4670 qui
3586 4618 3673 4655 re-

2110 4679 2284 4745 gimen
2316 4676 2569 4741 suscipit,
2608 4690 2700 4741 pro
2731 4690 2795 4728 eo
2826 4676 2963 4742 quod
3003 4675 3096 4728 Dei
3139 4674 3272 4726 filios
3311 4672 3459 4725 factis
3487 4682 3551 4745 et
3590 4673 3679 4725 di-

2110 4742 2210 4803 clis
2252 4760 2532 4815 procreare
2561 4746 2749 4811 debet,
2784 4745 2834 4797 in
2867 4746 3102 4799 mulieris
3135 4758 3357 4815 persona
3390 4742 3668 4815 accipitur.

2110 4820 2211 4875 Sed
2253 4811 2319 4872 ne
2350 4816 2466 4884 quis
2508 4816 2641 4867 hanc
2682 4817 2998 4868 sententiam
3032 4814 3314 4883 reprobate
3344 4811 3679 4884 possit,_qua

2112 4882 2647 4952 diximus‘pastorem
2689 4885 3012 4952 spiritualem
3065 4888 3115 4937 in
3167 4898 3387 4946 persona
3438 4882 3679 4936 mulieris

2113 4958 2505 5025 accipiendum,
2542 4955 2847 5007 testimonio
2880 4956 3043 5019 ipsius
3076 4955 3278 5025 Domini
3323 4952 3483 5025 nostri
3520 4952 3677 5004 robo-

2112 5021 2289 5083 retniis
2322 5028 2482 5079 illam.
2520 5024 2657 5076 Dicit
2686 5040 2912 5093 namque
2944 5028 2992 5077 in
3024 5023 3308 5087 Evangelia
3335 5041 3345 5073 :
3378 5021 3683 5087 Quicunque

2116 5100 2286 5166 fecerit
2316 5097 2624 5149 voluntatem
2656 5093 2828 5148 Patris
2866 5096 3003 5158 mei,
3042 5096 3125 5163 qui
3165 5094 3390 5166 intretis
3427 5102 3531 5166 est,
3574 5093 3677 5166 ipse

2114 5160 2253 5219 ineas
2282 5167 2468 5233 [11111111-
2495 5173 2541 5217 ct
2570 5179 2713 5216 soror
2742 5177 2785 5216 et
2818 5175 2976 5219 mater
3002 5160 3091 5217 est.
3134 5164 3332 5229 Quibus
3362 5162 3538 5233 verbis
3568 5160 3677 5209 col-

2117 5232 2294 5304 ligitur
2315 5236 2434 5303 quia
2462 5239 2502 5287 si
2530 5235 2698 5286 ﬁdelis
2730 5238 2867 5301 quis,
2894 5237 3215 5287 voluntatem
3247 5232 3414 5284 Patris
3444 5232 3677 5281 caelestis

2118 5306 2335 5365 faciens,
2351 5321 2499 5357 soror
2527 5322 2575 5358 et
2598 5315 2767 5356 mater
2787 5304 3310 5372 sp.ritnalisdicitttr;
3333 5315 3481 5352 ~oror
3501 5310 3681 5372 autem

2116 5386 2167 5430 et
2198 5386 2367 5429 mater
2398 5376 2631 5427 mulieris
2662 5369 2899 5438 pet-sonte
2929 5386 3085 5440 sunt,
3119 5372 3309 5425 mulier
3339 5369 3680 5440 quoqtterdici

2116 5448 2251 5499 valet
2272 5446 2509 5514 quisquis
2527 5444 2590 5495 ad
2614 5447 2915 5510 spirituales
2933 5439 3416 5514 liliosgenerandos
3448 5439 3682 5514 eligitur.

2192 5510 2341 5568 Sicut
2380 5510 2635 5567 Dominus
2668 5526 2844 5566 noster
2874 5517 3058 5567 videns
3087 5515 3352 5566 civitatem
3383 5510 3678 5563 Jerusalem

2120 5586 2264 5639 ﬂevit
2302 5599 2461 5653 super
2500 5583 2673 5645 illam,
2713 5585 2851 5649 quod
2896 5586 3215 5637 habitatores
3254 5584 3331 5635 sui
3375 5585 3685 5633 innumera-

2122 5657 2257 5709 biles
2287 5669 2468 5720 poenas
2498 5662 2602 5704 tam
2635 5654 2684 5706 in
2718 5653 2815 5704 hoc
2845 5658 3038 5706 stt-culo
3067 5669 3221 5721 quam
3263 5653 3313 5722 in
3347 5654 3524 5703 futuro
3557 5666 3680 5717 pas-

2128 5727 2235 5779 snri
2269 5734 2443 5777 essent
2479 5739 2571 5787 pro
2601 5724 2814 5788 perfidia
2856 5738 2982 5785 sua,
3027 5725 3093 5774 ita
3134 5724 3367 5790 quotidie
3405 5723 3543 5773 dolet
3586 5738 3677 5771 su-

2125 5811 2215 5865 per
2245 5809 2429 5849 omnes
2459 5794 2543 5862 qui
2576 5794 2714 5847 nulla
2743 5796 3078 5864 correptione
3111 5794 3190 5848 vel
3219 5792 3576 5848 adut-mittens
3607 5796 3681 5840 111)
