4026 6200
465 321 603 380 HIS

951 321 1152 379 DEDXE
1194 312 1641 378 VENERABILIS
1679 319 1829 377 OPP.
1873 319 2048 377 PARS
2087 319 2150 375 ll.
2192 320 2383 379 SECT.
2425 320 2490 376 ll.
2523 351 2592 363 —-
2631 319 2834 378 DUBIA
2880 320 2966 376 ET
3007 321 3277 380 SPURIA.

3586 328 3698 385 ll26

463 432 738 500 impietate
762 445 853 486 sua
883 431 1023 503 flecti
1048 433 1228 486 volunt
1252 433 1316 487 ad
1344 435 1730 503 paenitentiam.
1760 433 1912 490 Unde
1937 444 2042 501 per
2063 436 2111 492 Α
2142 445 2394 500 paramur
2433 435 2498 489 ad
2528 434 2860 503 superandos
2909 435 3124 490 eosdem
3154 434 3361 501 hostes.
3426 437 3547 492 Nam
3575 439 3689 498 Deus

465 503 754 569 prophetas
780 517 923 570 saepe
953 502 1143 555 clamat
1170 503 1357 557 dicens
1387 522 1400 559 :
1433 502 1793 558 Converlimini
1820 505 1890 557 ad
1918 522 2029 569 me,

465 580 512 642 et
541 571 670 625 salvi
695 572 853 642 eritis.
906 572 1004 625 Per
1052 572 1386 642 Psalmistam
1419 590 1627 642 quoque
1657 575 1905 628 admonet
1936 590 2035 628 nos

462 641 648 711 dicens
674 658 686 693 :
713 640 1034 706 Con/itemini
1064 639 1304 709 Domino,
1332 639 1570 707 quoniam
1593 646 1775 709 bonus,
1799 645 2034 711 quoniam

463 710 517 763 in
561 711 802 762 sarculum
848 711 1192 765 misericordia
1244 715 1374 780 ejus.
1423 714 1487 766 Et
1536 716 1724 768 iterum
1754 731 1768 768 :
1800 716 2034 768 Accedite

463 780 532 831 ad
558 795 699 852 eum,
731 781 1186 852 etilluminamini.
1220 782 1345 836 Haec
1371 786 1567 852 quippe
1597 783 1788 837 divina:
1822 785 2030 849 pietatis

467 847 660 900 monita
709 850 1009 921 quicunque
1055 862 1143 904 aut
1173 847 1403 907 credere
1425 847 1516 907 vel
1534 854 1684 921 sequi
1716 855 1767 908 in
1800 847 1897 906 hac
1928 856 2032 909 vita

463 920 752 971 contemnit
781 959 794 981 .
829 920 950 973 licet
977 936 1200 987 corpore
1232 923 1404 984 vivat,
1439 924 1491 976 in
1537 920 1710 977 anima
1758 934 1841 979 est
1884 940 2031 978 mor-

464 998 613 1060 tuus,
645 998 963 1057 atternacqoe
993 990 1317 1044 damnationi
1351 992 1658 1060 deputatus.

535 1057 679 1113 Sicut
714 1072 880 1112 mater
910 1074 1068 1124 super
1098 1061 1354 1116 molestiis
1388 1057 1547 1116 variis
1591 1075 1642 1117 et
1688 1063 2032 1119 immunditiis

464 1126 704 1200 infantuli
731 1139 784 1200 et
810 1133 1064 1195 sugcntis,
1098 1147 1229 1197 quas
1253 1132 1449 1200 iugiter
1477 1135 1728 1197 suetinet,
1760 1148 1865 1186 non
1900 1136 2032 1188 iras-

460 1197 617 1259 citur,
648 1199 741 1250 sed
774 1214 865 1264 pro
892 1200 1072 1253 debito
1106 1197 1336 1267 patitur}
1370 1204 1437 1256 ita
1465 1214 1519 1256 et
1550 1204 1803 1257 Dominus
1848 1212 2032 1258 noster

460 1282 659 1343 omnes
677 1267 975 1343 fragilitatis
1002 1283 1194 1343 nostra:
1225 1274 1590 1338 negligentias,
1618 1274 1809 1341 quibus
1831 1272 2031 1343 iugiter

461 1336 661 1391 sordidi
693 1340 972 1404 efﬁcimur,
1005 1351 1059 1393 et
1086 1336 1652 1405 clementer-sustinet,
1682 1356 1735 1397 et
1757 1344 1800 1395 si
1831 1336 2029 1409 dignos

459 1408 789 1481 pmnitentiae
820 1409 1021 1481 fructos
1051 1413 1402 1477 gesserimus,
1435 1415 1583 1481 quasi
1616 1429 1709 1479 pro
1739 1415 1917 1468 debito
1948 1414 2029 1467 di-

463 1478 713 1553 mittens,
744 1494 834 1532 eas
866 1480 1241 1553 misericordia:
1272 1497 1385 1535 suae
1418 1478 1627 1535 lavacro
1678 1499 1773 1536 nos
1818 1494 2024 1553 purgat.

461 1545 610 1617 Unde
641 1549 751 1614 ipse
799 1565 890 1615 per
917 1549 1232 1617 l’ropltetam
1265 1552 1391 1606 dicit
1420 1571 1432 1606 :
1468 1553 1652 1607 Audite
1692 1545 2028 1614 me,'doirtus

456 1612 765 1687 J_acob,‘qui
793 1612 1064 1683 portarrtini
1092 1637 1123 1672 a
1151 1637 1261 1673 meo
1292 1633 1431 1675 utero
1464 1640 1618 1687 usque
1644 1625 1712 1675 ad
1752 1612 2025 1677 senectam.

457 1683 579 1760 E‘go
602 1683 840 1760 vos-feci,
869 1700 914 1760 et
941 1705 1032 1755 ego
1059 1693 1250 1757 feram,
1279 1709 1370 1760 ego
1399 1683 1607 1760 portabo
1636 1707 1680 1747 et
1711 1695 1931 1746 salvabo.
1962 1692 2027 1747 Et

2139 505 2315 557 sciens
2344 514 2398 558 et
2428 516 2662 557 nostram
2692 503 3030 572 fragilitatem
3053 544 3070 568 ,
3101 517 3153 559 et
3183 505 3423 561 hostium
3460 511 3684 566 fortitudi-

2141 589 2284 640 nem,
2313 590 2638 642 nequaquam
2670 590 2767 627 nos
2809 575 2979 630 victos
3009 586 3115 629 cito
3142 575 3397 643 despicit,
3430 582 3679 637 dummodo

2139 658 2387 715 curemus
2414 654 2468 696 ut
2497 659 2593 697 nos
2622 645 2819 715 iterum
2867 660 3199 711 reparemus.
3248 644 3558 715 Huiusmodi
3585 654 3674 706 hel.

2138 713 2243 766 lunt
2276 729 2336 768 se
2368 730 2526 781 agere
2554 724 2773 767 noverat
2804 714 3099 779 Psalmista,
3132 730 3251 769 cum
3281 713 3474 784 sumius
3496 721 3671 777 invoca-

2136 792 2217 836 ret
2251 784 2549 837 Dominum.
2610 784 2700 851 Ut,
2731 784 2940 847 Judica,
2970 786 3201 847 Domine,
3236 797 3458 841 nocentes
3483 808 3559 854 ore,
3590 809 3664 846 e1:-

2135 870 2303 925 pugna
2322 857 2675 925 impugnantes
2703 871 2781 907 me
2804 872 2817 911 :
2840 868 2920 910 et:
2950 854 3107 923 Eripe
3136 872 3213 907 me
3236 857 3298 908 de
3322 858 3508 910 inimicis
3528 866 3640 925 mers,

2135 921 2273 975 Deus
2303 921 2479 986 meus;
2494 937 2537 977 et
2570 927 2632 977 ab
2660 926 3032 990 insurgentibus
3047 921 3108 978 in
3124 942 3202 978 me
3224 927 3419 990 libera;
3442 921 3628 993 culleus,

2132 992 2185 1045 in
2212 995 2537 1068 adjutoriuni
2566 1012 2734 1068 meant
2758 996 2977 1060 intende,
3029 996 3189 1058 Deus,
3237 996 3306 1047 ad
3357 992 3637 1068 adjuvandus

2134 1062 2446 1138 mefestina.
2497 1062 2890 1138 Confitndantur
2918 1075 2963 1117 et
2992 1062 3435 1138 revereanturiqui
3477 1082 3649 1137 quarunt

2133 1134 2360 1186 animam
2398 1151 2579 1188 meam.
2632 1134 2705 1188 De
2733 1136 2920 1189 eodem
2963 1150 3178 1203 quoque
3223 1134 3369 1190 bello
3414 1134 3656 1203 Apostolus

2132 1203 2287 1257 dicit:
2322 1204 2373 1257 Ν
2379 1221 2443 1258 οη
2459 1216 2531 1258 est
2563 1204 2705 1257 nobis
2727 1206 3012 1258 colluctatio
3033 1211 3276 1258 adversus
3297 1223 3504 1261 carnem
3524 1220 3665 1261 etstat-

2131 1273 2352 1343 guinem.
2382 1275 2470 1328 sed
2506 1274 2745 1327 adversus
2792 1276 3040 1346 principes
3070 1274 3418 1331 tenebrarum.
3465 1279 3518 1333 Si
3546 1279 3671 1346 igitur

2132 1346 2438 1397 certaminis
2471 1346 2597 1397 tanti
2626 1359 2912 1405 memores.
2936 1345 3063 1397 dum
3096 1346 3229 1398 bene
3263 1348 3541 1412 possimus,
3570 1345 3675 1402 vita

2132 1423 2328 1467 nostrae
2359 1414 2514 1487 ﬁnem
2546 1430 2663 1467 cum
2695 1414 2996 1487 poenitentia
3046 1425 3100 1468 et
3139 1416 3479 1487 confessione
3510 1434 3680 1487 pecca-

2133 1490 2306 1555 tot'nm
2333 1485 2704 1552 anticipemus,
2738 1493 2863 1538 tunc
2891 1484 3072 1537 hostes
3096 1485 3332 1552 maligni,
3363 1488 3479 1541 licet
3512 1484 3682 1555 sapis-

2131 1553 2265 1628 sime
2298 1569 2394 1608 nos
2423 1565 2575 1628 antea
2609 1554 2854 1628 vicerint,
2912 1564 3183 1623 postremo
3214 1565 3390 1610 tamen
3440 1560 3537 1628 ipsi
3564 1553 3683 1628 dcit.

2130 1624 2338 1676 cientur
2363 1640 2391 1676 a
2428 1626 2582 1677 nobis
2610 1624 2760 1677 victi.

2203 1692 2349 1747 Sicut
2396 1693 2484 1747 lilii
2537 1694 2698 1747 Israel
2746 1691 3011 1762 quondam
3062 1706 3125 1746 ex
3186 1693 3414 1764 [Egypto
3463 1696 3687 1763 profecti

456 1755 581 1808 alibi
613 1774 624 1809 :
660 1756 922 1838 fuitquid
942 1755 1165 1838 obliuisci
1195 1755 1353 1838 potest
1382 1755 1586 1838 mulier,
1616 1773 1684 1838 ‘ut
1724 1780 1825 1838 itan
1871 1764 2023 1815 mise-
2058 1780 2103 1838 Β
2132 1761 2410 1838 {Egypt-ias
2461 1763 2512 1816 in
2542 1778 2673 1816 auro
2724 1755 2778 1816 ei
2806 1772 3043 1838 argento.
3069 1755 3396 1838 vestibuvs'q'ue
3424 1755 3687 1838 pretiosis

453 1835 627 1879 reatur
653 1826 922 1900 ﬁlr'outeri
948 1831 1027 1881 sui
1048 1830 1072 1881 ?
1095 1828 1252 1900 Etsi
1278 1830 1373 1900 illa
1411 1831 1567 1883 oblita
1605 1832 1788 1898 fuerit,
1821 1847 1911 1900 ego
1941 1842 2022 1882 ta-

455 1910 569 1969 men
600 1913 700 1969 non
731 1896 998 1949 obliviscar
1030 1898 1123 1951 tui.
1173 1898 1370 1963 Quibus
1402 1900 1579 1953 verbis
1606 1896 1874 1969 colligitur
1903 1900 2022 1967 quia

457 1964 623 2030 pietas
670 1967 841 2019 divina
888 1982 1098 2022 omnem
1144 1968 1353 2020 excedit
1398 1969 1643 2022 affectum
1692 1964 2023 2035 pictatisltu-

459 2049 651 2107 tuante.
701 2036 881 2107 Potest
927 2046 980 2090 et
1024 2037 1167 2090 aliud
1197 2038 1371 2106 colligi
1409 2039 1459 2091 in
1492 2055 1555 2091 eo
1586 2041 1725 2107 quod
1755 2041 1882 2093 dicit
1911 2056 1923 2091 :
1958 2038 2024 2092 Et

452 2105 497 2154 si
545 2105 636 2157 illa
670 2106 839 2175 robtita
879 2108 1064 2173 fuerit,
1118 2123 1210 2175 ego
1256 2105 1420 2161 tamen
1469 2126 1569 2161 non
1606 2105 1882 2161 obliviscar
1927 2111 2020 2162 tui.

460 2174 709 2245 Quamvis
738 2177 878 2228 enim
914 2176 961 2228 in
998 2174 1224 2229 humana
1274 2178 1469 2245 pietate
1515 2179 1653 2231 nulla
1700 2180 1768 2231 sit
1811 2180 2025 2232 devotio

458 2242 628 2313 major
654 2261 714 2297 ea
744 2260 862 2312 quat
892 2246 1034 2300 circa
1062 2246 1197 2299 ﬁlios
1225 2242 1534 2302 nutriendos
1562 2250 1865 2312 exhibetur,
1892 2250 2024 2303 deli-

454 2316 530 2365 cit
560 2323 734 2369 tamen
766 2315 819 2388 in
853 2315 934 2368 bis
966 2317 1221 2370 matribus
1251 2333 1370 2382 qua:
1402 2317 1540 2371 ﬁlios
1570 2334 1696 2372 suos
1723 2328 1815 2371 aut
1855 2320 2024 2388 negli-

455 2392 645 2456 genter
674 2386 943 2456 nutriunt,
975 2398 1065 2438 aut
1093 2402 1213 2439 mox
1245 2396 1363 2454 post
1390 2398 1596 2456 partum
1626 2398 1835 2444 net-ant.
1871 2386 2015 2443 lianc

453 2451 779 2524 impietatem
814 2455 951 2509 Deus
980 2456 1031 2509 in
1064 2451 1369 2511 mulieribus
1393 2451 1711 2524 praevidens,
1742 2469 1859 2521 post
1892 2475 2025 2523 prae-

454 2524 615 2593 missa
646 2523 803 2576 verba
835 2526 1012 2578 statim
1046 2528 1319 2593 subiunxit
1350 2528 1534 2581 dicens
1566 2545 1578 2581 :
1612 2527 1720 2581 Etsi
1749 2528 1838 2581 illa
1867 2529 2026 2583 oblita

454 2592 636 2662 fuerit,
668 2608 760 2662 ego
791 2602 958 2647 tamen
987 2611 1087 2648 non
1116 2592 1383 2648 obliviscar
1410 2597 1505 2649 tui.

529 2661 678 2716 Sicut
702 2664 946 2718 dominus
981 2665 1203 2733 quilibet
1250 2666 1314 2717 ad
1347 2666 1479 2718 iram
1514 2667 1786 2731 incitatur,
1832 2667 1875 2721 si
1907 2682 2019 2722 ser-

464 2746 561 2805 vus
591 2746 718 2805 suus
748 2735 831 2787 cui
861 2750 991 2800 aqua
1022 2744 1105 2789 est
1129 2735 1194 2788 ad
1245 2735 1522 2789 lavandum
1552 2739 1788 2805 proxima
1820 2747 1873 2791 et
1901 2754 2022 2791 ont-

454 2802 536 2873 nis
564 2804 788 2857 vcsﬁunt
837 2805 1215 2872 praecipuarum
1264 2808 1438 2873 capia,
1467 2802 1591 2861 ante
1635 2823 1756 2861 eum
1802 2808 2021 2863 sordido

460 2871 847 2939 inhonestoqne
880 2876 1060 2930 habitu
1098 2871 1421 2929 accesserit:
1478 2876 1547 2929 ita
1594 2886 1647 2930 et
1679 2878 1815 2931 Deus
1844 2879 2020 2931 omni-

465 2948 1041 3014 potensqexaterbatur,
1093 2960 1211 2998 cum
1244 2946 1431 3014 aliquis
1462 2961 1555 3014 pro
1589 2948 1821 3014 peccatis
1846 2958 1899 3001 et
1931 2963 2024 3003 ne-
2053 2952 2058 2961 '

458 3008 723 3076 gligentiis
751 3011 860 3064 suis
905 3013 1099 3065 nullam
1129 3008 1490 3087 pretiitentiatit
1522 3008 1701 3082 agens,
1733 3017 1799 3069 ab
1840 3033 1904 3073 eo
1931 3019 2019 3087 qui

461 3095 672 3146 semper
720 3090 934 3155 paratus
961 3090 1043 3134 est
1092 3084 1155 3135 ad
1190 3084 1589 3155 ignoscendum,
1623 3087 1829 3155 veniam
1872 3084 2017 3155 quie-

456 3165 575 3204 rere
612 3150 844 3220 negligit.
895 3155 1057 3219 Aqua:
1087 3155 1225 3206 enim
1260 3154 1499 3209 vicinitas
1526 3150 1902 3211 certitudinem'
1927 3158 2007 3211 di-

461 3224 599 3293 vinae
628 3222 831 3285 gratim,
881 3222 1030 3293 c0pia
1064 3238 1186 3276 vero
1216 3225 1441 3278 vestium
1474 3225 1604 3279 bene
1634 3227 1887 3293 operandi
1939 3226 2013 3281 fa-

458 3290 1016 3364 _Ctlll:tl€tll_sigttilical.
1070 3296 1259 3348 Anima
1289 3296 1482 3364 quippe
1506 3290 1750 3364 operibus
1779 3297 2012 3351 induitur

464 3361 635 3434 bonis,
683 3360 817 3434 sicut
847 3377 1040 3434 corpus
1067 3360 1636 3434 vesti_bus'prtecipuis.
1688 3365 1839 3420 Unde
1866 3370 2009 3434 Apo-

453 3432 619 3502 stolus
652 3430 904 3502 admonet
929 3432 1149 3487 dicens:
1184 3430 1388 3487 Induite
1424 3430 1531 3502 vos,
1560 3438 1687 3489 situt
1718 3438 1859 3489 electi
1888 3430 2008 3501 Dei,

451 3499 642 3573 viscera
671 3500 1062 3573 misericordiw,
1111 3499 1865 3573 benignitatem{modestiam
1916 3499 2012 3573 paé

454 3570 1029 3643 ticutiant._ljsarlntista
1055 3570 1340 3643 etiampro
1372 3573 1669 3643 huiusmodi
1701 3570 2013 3632 indumento

451 3653 679 3710 exorans
712 3630 990 3695 Dominum
1017 3643 1179 3697 dicit:
1211 3630 1513 3698 S'acerdo'tes
1537 3646 1633 3709 tui,
1659 3644 1891 3710 Domine,
1926 3630 2010 3699 in;

453 3709 679 3780 duqntur
695 3712 916 3780 justitia.

2045 3121 2092 3184 C

2129 1830 2580 1900 despoliaverunt,
2611 1848 2777 1900 eaque
2805 1847 2985 1886 secum
3014 1832 3295 1887 deferentes
3314 1830 3386 1886 ad
3417 1830 3676 1888 honorem

2130 1898 2222 1952 Dei
2251 1913 2535 1967 posuerunt
2562 1920 2572 1953 :
2611 1901 2680 1953 ita
2696 1898 3073 1970 unusquisque
3102 1918 3131 1954 a
3162 1902 3325 1955 seculi
3349 1905 3575 1956 vanitate
3603 1906 3671 1957 ad

2126 1970 2419 2032 spiritualis
2449 1972 2570 2024 vita:
2605 1971 2884 2036 puritatem
2913 1986 3201 2027 conversus
3238 1987 3387 2040 agere
3413 1972 3586 2026 debet.
3615 1976 3673 2027 Si

2126 2053 2283 2112 quam
2316 2042 2365 2092 in
2398 2041 2743 2112 saecularibus
2792 2041 2981 2112 litteris
3006 2042 3246 2112 notitiam
3277 2044 3475 2105 habuit,
3523 2043 3684 2112 eligat

2128 2124 2190 2180 ex
2221 2111 2296 2162 eis
2328 2110 2553 2177 pretiosa
2578 2125 2824 2180 quicque.
2876 2109 2926 2163 id
2954 2120 3055 2174 est,
3089 2110 3326 2166 honestat
3354 2122 3408 2166 et
3426 2109 3681 2179 spirituaii

2127 2179 2247 2248 vice
2283 2194 2513 2248 congrua
2551 2179 2726 2245 dicta,
2761 2180 2951 2247 illaque
2981 2194 3160 2235 secum
3188 2182 3337 2235 tollat
3364 2191 3469 2235 tam
3494 2183 3555 2234 ad
3579 2184 3682 2234 lau-

2127 2247 2248 2300 dem
2280 2247 2575 2319 Dei,’qoam
2602 2251 2665 2301 ad
2691 2249 3093 2303 mdiﬁcationem
3136 2251 3394 2305 ﬁdelium.
3427 2250 3523 2306 Sic
3549 2253 3681 2305 enim

2128 2319 2279 2371 multi
2314 2320 2639 2374 venerabiles
2667 2321 2942 2387 sanctique
2974 2332 3149 2385 patres
3180 2321 3371 2374 fecisse
3417 2321 3685 2388 leguntur,

2129 2400 2387 2455 ponentes
2420 2391 2469 2442 in
2498 2390 2606 2442 suis
2645 2390 2863 2457 scriptis
2910 2388 3157 2459 plurimas
3186 2391 3526 2455 sententias,
3585 2407 3700 2459 qua:

2126 2459 2272 2512 velut
2301 2473 2488 2514 aurum
2532 2459 2584 2512 in
2610 2460 2730 2526 jure
2764 2460 2986 2527 positum
3021 2458 3073 2512 in
3107 2460 3256 2512 libris
3302 2458 3698 2527 gentilium’re-

2126 2528 2422 2600 periuntur.
2451 2529 2646 2600 Eadem
2698 2530 2852 2582 faciat
2879 2527 2930 2600 in
2955 2530 3162 2600 caeteris
3190 2529 3435 2583 artiﬁciis
3454 2570 3472 2595 ,
3504 2530 3703 2600 quibus

2128 2597 2291 2652 utitur
2341 2598 2618 2665 prodentia
2664 2598 2955 2661 saecularis,
3001 2598 3202 2665 eligens
3250 2614 3314 2651 ex
3346 2599 3426 2651 eis
3455 2597 3592 2667 qua:
3638 2602 3703 2653 ad

2124 2669 2415 2734 spiritualis
2458 2671 2582 2723 vita:
2608 2683 2760 2722 usum
2789 2670 2965 2736 aliquo
3014 2669 3175 2721 modo
3221 2670 3463 2736 exerceri
3502 2683 3712 2724 conve-

2125 2736 2298 2792 niunt.
2348 2740 2447 2805 Qui
2474 2754 2598 2792 vero
2640 2735 2929 2790 conversus
2979 2738 3177 2789 nullam
3205 2735 3327 2788 facit
3377 2738 3717 2793 distantiam

2126 2806 2267 2861 inter
2291 2810 2519 2875 pretiosa
2549 2816 2601 2860 et
2629 2806 2770 2875 vilia,
2822 2805 2915 2875 sed
2950 2805 3119 2857 lutunt
3162 2806 3307 2875 velut
3328 2819 3535 2875 aurum
3578 2823 3717 2875 peu-

2123 2885 2226 2939 sat,
2261 2873 2351 2933 ille
2372 2879 2576 2932 videtur
2602 2874 2766 2943 magis
2795 2873 2963 2943 adhuc
2983 2887 3106 2943 cum
3136 2873 3393 2940 Aigyptxis
3422 2873 3594 2928 velle
3624 2879 3724 2931 lia-

2124 2944 2324 3018 bitare,
2376 2964 2533 3018 quam
2585 2941 2773 3018 exiti—de
2818 2941 3160 3018 proﬁciscens
3211 2942 3720 3018 eos‘despoliare.

2126 3014 2277 3073 Unde
2308 3009 2562 3071 Dominus
2593 3032 2683 3086 per
2714 3009 3028 3086 Prophetam
3060 3011 3222 3086 dicit:
3260 3009 3329 3086 βξ
3368 3017 3719 3086 separaveris

2124 3088 2394 3151 pretiosum
2422 3104 2451 3138 a
2480 3080 2605 3148 vili,
2631 3084 2779 3152 quasi
2808 3099 2862 3134 os
2908 3097 3078 3135 meum
3098 3082 3223 3136 eris.
3252 3080 3409 3146 Quasi
3442 3081 3712 3140 diceret:

2124 3155 2179 3209 Si
2210 3160 2324 3224 quis
2353 3169 2645 3208 conversus
2674 3169 2702 3204 a
2723 3152 3067 3206 srecularibus
3090 3165 3153 3224 ea
3176 3164 3296 3217 qua:
3317 3160 3434 3219 post
3455 3165 3571 3206 con
3585 3171 3714 3208 ver-

2118 3221 2320 3279 sionem
2352 3225 2567 3277 minime
2617 3224 2773 3275 licent
2814 3234 3031 3289 prorsus
3070 3221 3290 3282 devitat,
3342 3233 3463 3287 qua:
3517 3237 3709 3278 autem

2121 3309 2353 3363 congrua
2397 3304 2450 3347 et
2481 3292 2778 3363 necessaria
2818 3288 2947 3363 sunt
2974 3288 3260 3363 diligenter
3289 3303 3446 3355 agere
3478 3302 3714 3360 tractat,

2118 3360 2396 3432 praeceptis
2428 3364 2561 3417 meis
2588 3361 2950 3414 testimonium
2984 3360 3206 3427 priebet,
3249 3372 3518 3432 separans
3549 3364 3696 3415 licita

2115 3431 2183 3488 ab
2217 3436 2432 3490 illicitis.
2466 3433 2779 3500 Huiusmodi
2807 3438 3068 3495 praecepta
3092 3431 3257 3483 secuti
3283 3438 3408 3481 sunt
3435 3432 3697 3496 apostoli,

2116 3518 2236 3556 cum
2270 3520 2407 3558 unus
2427 3519 2611 3558 eorum
2641 3501 2728 3569 qui
2754 3508 2877 3553 ante
2900 3500 3303 3553 conversionem
3323 3501 3540 3553 teloneo
3567 3517 3707 3565 pra:-

2119 3573 2238 3635 fuit,
2285 3576 2351 3627 ad
2402 3576 2501 3626 hoc
2552 3572 2819 3648 negotium
2864 3578 2983 3637 post
3025 3570 3431 3648 conversionem
3476 3571 3701 3648 minime

2118 3644 2271 3697 rediit
2300 3663 2311 3697 :
2337 3644 2423 3697 alii
2449 3658 2575 3696 vero
2597 3642 2685 3711 qui
2714 3643 3002 3708 piscatores
3030 3648 3203 3711 erant,
3235 3642 3698 3711 postconversio-

2124 3728 2244 3766 nem
2300 3728 2511 3781 quoque
2563 3708 2907 3781 piscationem
2959 3708 3304 3781 exercebant.
3364 3709 3493 3781 lteiu
3552 3709 3693 3781 sicut

2115 3785 2381 3851 quondatn
2412 3778 2663 3837 Israel—itis
2688 3781 2928 3834 nationes
2963 3778 3354 3851 plurima:_sunt
3376 3792 3405 3829 a
3436 3778 3548 3829 Deo
3571 3780 3697 3831 sub-

2124 3846 2276 3914 actae,
2309 3868 2490 3920 paucae
2521 3867 2647 3906 vero
2690 3851 2810 3904 ideo
2853 3865 2955 3903 non
2986 3846 3436 3920 subijciebaittur,
3486 3857 3685 3899 utcum

2115 3923 2194 3974 eis
2235 3918 2487 3977 habentes
2533 3920 2971 3977 consuetudinem
3017 3918 3290 3985 prailiandi
3344 3930 3680 3984 nequaquam

2122 4003 2488 4060 turpescerent
2511 4006 2640 4061 pace
2677 3991 2888 4066 inutili;
2922 3990 2991 4042 ita
3012 3987 3203 4066 _etiant_
3221 3985 3483 4066 Dominus
3505 3994 3691 4066 noster

2114 4055 2234 4115 cum
2291 4064 2473 4117 electis
2513 4055 2629 4115 suis
2658 4060 2893 4132 quotidie
2943 4059 3072 4124 agit,
3124 4055 3413 4132 subiiciens
3440 4055 3684 4132 videlicet

2115 4133 2194 4185 eis
2245 4132 2530 4185 maximam
2579 4124 3340 4202 Spiritualiu_m_nequitiarutn
3389 4124 3678 4202 multitudi-

2115 4216 2259 4266 nem,
2292 4202 2385 4255 sed
2409 4190 2620 4269 aliquos
2643 4216 2747 4253 non
2772 4190 3081 4269 subiiciens,
3116 4204 3172 4247 ut
3192 4210 3285 4262 per
3309 4208 3399 4247 eas
3420 4190 3664 4269 spirituali

2116 4272 2255 4324 bello
2284 4266 2560 4326 exercitati
2595 4280 2648 4323 et
2679 4266 2962 4327 humiliati,
2996 4266 3205 4317 discant
3230 4276 3477 4329 nunquam
3508 4266 3555 4310 in
3584 4274 3667 4323 se,

2116 4341 2207 4393 sed
2234 4340 2286 4392 in
2317 4342 2541 4394 Domino
2576 4339 2775 4393 debere
2826 4338 3072 4390 ﬁduciam
3106 4335 3320 4387 habere.
3366 4330 3507 4385 Unde
3532 4331 3675 4396 Apo-

525 3778 671 3832 Sicut
696 3778 890 3846 tegulae
919 3784 968 3834 in
998 3782 1149 3836 unius
1175 3781 1364 3836 domus
1394 3791 1530 3837 tecto
1562 3783 1662 3837 rite
1690 3792 2003 3852 compactae,

452 3858 875 3918 quantocunque
921 3852 1271 3907 multitudinis
1320 3852 1404 3906 vel
1448 3853 1718 3908 varietatis
1761 3858 1901 3921 sint,
1954 3857 2005 3909 in

454 3934 617 3994 unum
650 3921 992 3986 conveniunt,
1045 3921 1219 3990 ibique
1253 3931 1357 3994 tam
1409 3925 1584 3977 minor
1631 3940 1787 3990 quam
1836 3924 2004 3994 maior

455 3989 633 4056 regula
663 3998 870 4063 constat
902 3989 1204 4063 necessaria
1237 4009 1250 4045 :
1300 3993 1378 4047 sic
1405 4008 1591 4049 omnes
1620 3989 1863 4058 virtutes,
1892 3989 2009 4063 qua:

461 4072 553 4136 per
580 4060 748 4140 sancti
774 4060 1002 4140 §piritu§
1029 4063 1252 4140 gratiam
1283 4064 1562 4140 unicuique
1600 4060 2007 4140 distribuuntur,

459 4128 512 4178 in
544 4126 836 4190 spiritualis
867 4126 1074 4182 aediﬁcii
1104 4130 1430 4196 perfectione
1476 4126 1637 4186 unum
1687 4126 2007 4189 elﬁciunturi

458 4196 713 4273 Quamvis
749 4199 1262 4273 enitunmartyriunt
1310 4212 1363 4273 et
1412 4203 1682 4267 virginitas
1729 4205 2012 4273 multaque

458 4266 682 4320 virtutes
713 4266 829 4319 alite
862 4266 967 4320 illic
999 4267 1273 4333 principum
1304 4271 1427 4333 sint,
1461 4266 1802 4325 nihilominus
1834 4266 2009 4327 tanien

460 4335 567 4409 illa:
592 4352 710 4402 quae
739 4338 969 4409 minores
997 4347 1115 4409 sunt
1147 4340 1455 4409 necessariae
1481 4343 1732 4393 existunt.
1780 4341 2011 4409 Ideoque

461 4407 548 4473 qui
599 4406 886 4472 quemlibet
929 4407 1185 4473 spirituali
1234 4409 1313 4462 vel
1342 4409 1605 4474 corporali
1648 4413 1765 4462 cibo
1813 4406 2005 4470 relic—it,

2116 4410 2287 4462 stolus
2311 4410 2439 4462 dicit
2467 4427 2479 4461 :
2513 4407 2709 4461 Fidelis
2738 4409 2873 4460 Deus
2896 4407 2981 4473 qui
3008 4420 3111 4456 non
3139 4406 3354 4471 palielttr
3385 4416 3465 4473 vos
3484 4399 3677 4451 tentari

460 4467 663 4543 aliaque
692 4475 754 4528 ad
786 4467 1009 4529 activain
1040 4478 1194 4531 vitam
1225 4467 1541 4546 pertinentia
1560 4479 1714 4545 gerit,
1740 4480 1790 4532 in
1821 4467 2009 4533 eodem
2045 4467 2092 4526 Ι)
2118 4494 2270 4543 supra
2299 4479 2353 4528 id
2376 4477 2510 4545 quod
2557 4478 2784 4546 potestis,
2813 4467 2918 4526 sed'
2936 4475 3089 4546 faciet
3112 4467 3232 4546 cum
3256 4470 3515 4546 tentatione
3544 4483 3660 4535 pra-

462 4554 602 4617 tecto
632 4546 862 4617 partitur,
892 4562 995 4614 quo
1024 4560 1075 4600 et
1101 4547 1190 4601 ille
1216 4551 1305 4617 qui
1328 4549 1503 4601 omnia
1533 4563 1646 4611 sua,
1681 4564 1773 4615 pro
1799 4548 2012 4603 nomine

458 4613 657 4686 Ultristi
688 4613 1013 4682 relinquens,
1048 4632 1106 4670 se
1128 4613 1277 4686 iuxta
1301 4613 1727 4685 contemplativa:
1756 4618 1875 4672 vitae
1901 4633 2011 4685 per-

460 4684 740 4757 fectionem
772 4686 1066 4739 arctissima
1103 4684 1278 4756 regula
1310 4684 1640 4757 constringit.
1673 4689 1802 4754 Quis
1833 4684 2009 4743 autem

459 4755 751 4829 tegularum
783 4757 962 4809 talium
994 4755 1186 4829 artifes
1230 4767 1284 4811 et
1315 4755 1629 4829 moderator
1646 4760 1757 4829 sit,
1786 4763 2010 4829 Aposto-

462 4822 545 4876 lus
576 4827 918 4883 demonstrat.
948 4826 1037 4892 qui
1069 4828 1389 4881 enumeratis
1411 4822 1884 4881 cmlestibnsdmos
1911 4829 2012 4879 ait:

459 4892 600 4967 liceo
617 4907 784 4947 autem
811 4897 981 4967 omnia
1009 4906 1245 4964 aperatur
1276 4912 1408 4950 unus
1435 4909 1584 4965 atque
1611 4899 1743 4949 idem
1768 4897 2013 4967 Spiritus,

455 4964 685 5018 dividens
709 4966 921 5032 singulis
950 4974 1096 5033 prout
1125 4968 1249 5020 vult.

532 5034 685 5106 Sicut
712 5034 762 5086 hi
788 5034 877 5101 qui
907 5036 1176 5106 singulare
1204 5043 1472 5089 certamen
1501 5045 1683 5106 agunt,
1733 5049 1872 5106 nunc
1900 5038 2016 5105 qu'-

460 5105 579 5157 dem
613 5103 735 5167 iste,
784 5117 923 5157 nunc
955 5118 1082 5158 vero
1110 5104 1197 5159 ille
1227 5106 1387 5158 alium
1418 5103 1675 5159 certando
1706 5105 1886 5168 vincit,
1918 5103 2014 5159 sed

459 5190 583 5227 mox
620 5174 757 5227 idem
802 5172 891 5241 qui
919 5173 983 5226 ad
1034 5176 1214 5227 horam
1246 5177 1415 5228 victus
1445 5184 1581 5237 erat,
1629 5175 1900 5238 respirans
1928 5191 2017 5229 re-

462 5258 757 5312 paransque
784 5247 926 5297 vires
959 5244 1209 5297 victorem
1239 5260 1392 5298 suum
1420 5245 1619 5310 deiicit,
1648 5244 1829 5312 sicque
1859 5246 2018 5299 alter-

460 5323 648 5367 nantes
676 5322 903 5377 certant,
933 5328 1205 5383 quousque
1226 5316 1476 5368 alteruter
1500 5316 1659 5366 alium
1686 5329 1900 5378 prorsus
1928 5330 2017 5365 suo

464 5383 694 5451 perando
720 5385 873 5435 linem
904 5382 1205 5436 certaminis
1234 5383 1427 5437 faciat:
1462 5385 1530 5435 ita
1581 5382 1818 5450 quotidie
1843 5384 2016 5451 agitor

463 5449 603 5504 inter
631 5468 727 5504 nos
755 5462 807 5504 et
839 5453 1127 5507 invisibiles
1174 5453 1355 5507 hostes
1402 5449 1676 5507 nobiscum
1724 5449 2008 5506 certantes.

462 5518 563 5587 Ipsi
595 5522 733 5575 enim
765 5521 1025 5577 interdum
1058 5537 1153 5576 nos
1185 5523 1235 5576 in
1264 5523 1475 5591 aliquod
1505 5530 1773 5590 peccatum
1801 5522 2017 5575 illicien-

464 5599 546 5641 tes
573 5592 806 5650 vincunt.
850 5592 941 5644 sed
972 5592 1013 5644 si
1068 5603 1276 5647 nosmet
1320 5609 1440 5646 mox
1474 5592 1780 5645 certaminis
1833 5592 2011 5653 ritum,

464 5658 551 5729 ubi
593 5660 683 5726 qtti
715 5675 850 5712 nunc
883 5663 1063 5724 vincit,
1114 5675 1258 5729 sape
1304 5663 1497 5717 dehinc
1551 5664 1794 5725 vincitur,
1844 5670 2013 5712 atten-

463 5722 669 5791 dentes,
697 5729 945 5783 auxilium
967 5722 1207 5784 divinum
1230 5732 1558 5798 invocemus,
1585 5734 1722 5787 vires
1753 5722 1905 5785 nobis
1937 5745 2013 5785 re-

2118 4542 2339 4613 ventum,
2380 4542 2434 4599 ut
2464 4545 2666 4618 possitis
2692 4542 2959 4618 sustinere.
3016 4542 3425 4618 Illud__videl_icet
3448 4550 3679 4618 provent-

2121 4625 2229 4668 tunt
2264 4607 2480 4681 vocans,
2530 4616 2669 4684 quod
2695 4614 2853 4667 variis
2885 4613 3268 4684 mutationibus
3313 4609 3533 4684 fatigati,
3583 4607 3678 4661 sed

2119 4688 2182 4739 ad
2217 4686 2379 4739 Deum
2402 4681 2692 4755 clamantes
2710 4684 2936 4755 liberati.
2970 4681 3070 4735 Per
3092 4683 3193 4755 hoc
3219 4681 3469 4736 discimus
3489 4688 3681 4755 quanta

2122 4758 2348 4823 nequitia
2380 4757 2447 4809 sit
2474 4754 2670 4808 diaboli
2728 4770 2824 4808 nos
2856 4752 3238 4823 impugnantis,
3264 4746 3566 4818 quantaque
3592 4746 3679 4800 Dei

2122 4822 2285 4894 gratia
2320 4841 2417 4880 nos
2444 4824 2639 4894 exinde
2671 4823 2961 4877 liberaittis.
2986 4822 3228 4890 Dunique
3255 4822 3544 4894 liocmodo
3569 4831 3685 4887 gra-

2124 4889 2423 4949 ttittdivina’.
2450 4893 2709 4949 ca-rtiores
2757 4894 2878 4947 facti
2912 4889 3198 4953 fuerimus,
3248 4889 3452 4943 facilius
3498 4902 3688 4942 omnes

2121 4964 2399 5019 diabolica:
2445 4963 2645 5016 fraudis
2676 4966 2995 5038 tentationes
3020 4961 3420 5038 sustinebimus.
3469 4959 3689 5027 Magnus

2122 5049 2331 5110 quoque
2359 5042 2647 5110 proventus
2690 5034 2792 5085 dici
2827 5038 3017 5102 potest,
3050 5031 3217 5110 quod
3263 5031 3690 5110 quotiescunque

2127 5099 2307 5157 tentati
2340 5099 2660 5167 resistimus,
2694 5110 2772 5155 tot
2798 5099 3024 5156 coronas
3049 5102 3098 5152 in
3124 5114 3290 5166 regno
3315 5099 3527 5153 caelesti
3554 5099 3691 5167 obti-

2125 5188 2248 5225 nere
2279 5173 2624 5227 merebimur.
2648 5166 2823 5225 iJuxta
2855 5169 3018 5226 illud:
3064 5167 3254 5223 Beatus
3283 5169 3358 5220 vir
3385 5169 3475 5236 qui
3516 5166 3694 5237 suffert

2123 5244 2464 5303 tentationem,
2495 5250 2597 5296 etc.

2194 5312 2344 5366 Sicut
2388 5313 2731 5379 incongruum
2779 5319 2881 5373 est,
2933 5317 2989 5363 ut
3018 5316 3361 5379 numerantes
3412 5307 3562 5375 prius
3589 5309 3693 5364 duo

2124 5384 2205 5431 vel
2234 5382 2330 5435 tria
2361 5396 2452 5434 seu
2482 5378 2775 5446 quemlibet
2804 5394 3076 5433 numerum
3104 5378 3368 5444 dicamus,
3402 5392 3565 5445 quam
3590 5380 3693 5446 pri-

2126 5466 2269 5503 munt
2305 5453 2383 5503 vel
2415 5467 2610 5502 unum:
2645 5450 2715 5503 ita
2746 5450 3120 5503 inconveniens
3148 5457 3252 5510 est,
3295 5456 3352 5498 ut
3377 5448 3513 5499 ordo
3543 5450 3695 5501 ullius

2127 5522 2200 5571 rei
2230 5520 2603 5583 confundatur,
2636 5520 2733 5572 hoc
2764 5520 3011 5573 videlicet
3040 5515 3347 5585 pril‘posito,
3374 5518 3519 5584 quod
3552 5531 3694 5587 post-

2127 5591 2423 5654 p0oendum
2455 5598 2538 5643 est
2566 5608 2577 5641 :
2620 5590 2698 5643 vel
2730 5589 2829 5642 hoc
2860 5588 3169 5657 postposito,
3202 5588 3347 5651 quod
3380 5603 3694 5655 praeponen-

2125 5659 2249 5711 dum
2269 5668 2369 5712 est.
2404 5659 2532 5712 Nam
2557 5658 2692 5712 sicut
2722 5660 2895 5730 unitas
2917 5660 3059 5730 omni
3091 5670 3313 5730 numero
3339 5660 3694 5730 praeponenda

2122 5737 2223 5793 est,
2257 5737 2314 5783 ut
2342 5731 2409 5786 ab
2428 5744 2489 5783 ea
2519 5742 2803 5784 numerare
2830 5728 3160 5799 incipientes,
3212 5728 3291 5776 sic
3321 5729 3697 5792 perveniamus
