4026 6200
413 383 545 437 1117

1473 372 1535 429 ΙΝ
1578 370 1905 429 PSALMUM
1945 366 2034 425 ιιι
2071 367 2628 426 COMMENTARIUS.

3539 372 3707 430 illB.

411 497 475 549 ad
506 508 626 547 eum
660 505 961 551 numerum,
1005 503 1164 558 quem
1192 486 1534 556 designamus
1560 505 1573 541 :
1608 487 1676 539 ita
1723 493 1775 538 et
1798 484 1973 558 divina
2004 484 2049 539 A
2087 479 2347 536 Similiter
2367 482 2411 535 si
2444 481 2588 558 nulla
2620 488 2765 558 esset
2785 480 3002 544 malitia,
3032 496 3133 558 nec
3154 482 3317 548 Deus,
3343 498 3372 538 a
3392 498 3506 558 quo
3524 486 3659 543 bona

364 608 367 617 .
413 565 589 617 omnia
636 560 986 629 praeponenda
1026 556 1154 613 sunt
1197 558 1444 629 humanis
1473 558 1655 629 rebus,
1706 564 1762 609 ut
1787 556 1977 629 deinde

412 625 798 700 consequenter
835 630 1110 700 pervenire
1159 628 1421 700 possimus
1465 628 1528 680 ad
1583 625 1852 700 tractanda
1894 626 1974 680 vel

412 695 678 770 diligenda
718 695 965 770 humana.
1011 699 1162 753 Unde
1204 698 1458 770 Dominus
1501 708 1680 750 noster
1714 695 1764 748 in
1799 696 1974 749 Evan-

414 768 549 838 gelio
578 768 739 823 dicit:
768 768 869 836 Qui
902 780 1036 823 amat
1067 769 1233 835 ﬁlium
1257 776 1343 820 aut
1373 769 1533 829 lilium
1550 783 1710 834 super
1728 781 1833 838 me,
1876 782 1976 819 non

410 836 484 893 est
506 856 582 891 me
602 841 804 908 dignus.
834 838 945 891 Non
974 838 1384 899 dixitabsulute,
1423 838 1523 902 Qui
1545 847 1679 889 amat
1701 836 1866 908 ﬁlium
1890 845 1976 888 aut

409 906 710 979 ﬁliam:si-tl
740 909 958 963 addidit.
982 908 1149 974 Super
1170 924 1267 961 me.
1288 908 1355 962 Ut
1375 909 1662 979 discamus,
1678 908 1801 974 quia
1836 906 1976 979 Deus

409 977 712 1042 diligendus
727 989 806 1031 est
823 994 929 1043 prie
950 981 1171 1040 cunctis,
1190 988 1241 1030 et
1264 978 1459 1031 deinde
1478 977 1720 1029 homines
1740 977 1973 1029 amandi.

481 1051 627 1103 Sicut
652 1049 912 1115 principes
940 1045 1146 1112 pl'irimi
1179 1048 1345 1101 servis
1374 1048 1485 1100 suis
1509 1045 1763 1100 beneficia
1782 1048 1980 1110 quaeli-

416 1120 505 1174 bet
531 1134 685 1186 parva
715 1118 1002 1173 concedunt
1031 1117 1337 1171 conditione
1365 1118 1473 1181 tali,
1498 1125 1555 1169 ut
1580 1117 1625 1168 si
1676 1120 1726 1169 in
1756 1119 1834 1186 eis
1858 1116 1980 1170 tide-

414 1188 493 1243 les
518 1185 853 1253 exstiterint,
898 1188 1313 1256 obsequiumque
1362 1198 1661 1254 promptum
1713 1185 1975 1240 exhibue-

416 1261 543 1322 rint,
574 1257 773 1326 majora
796 1258 1111 1325 quandoque
1142 1258 1394 1310 beneficia
1423 1258 1522 1311 sibi
1559 1256 1857 1309 tribuantur
1884 1273 1898 1309 :
1934 1256 1980 1312 si

417 1344 548 1383 vero
568 1329 719 1380 aliter
751 1329 998 1395 fecerint,
1042 1343 1139 1381 nec
1170 1328 1280 1392 ipsa
1312 1342 1469 1395 parva
1498 1328 1728 1380 retinere
1757 1326 1978 1393 permit.-

414 1409 613 1458 tantur,
648 1398 715 1450 ita
748 1406 801 1450 et
830 1398 965 1451 Deus
995 1399 1333 1465 omnipOIens
1358 1399 1478 1450 facit
1507 1397 1587 1450 bis
1617 1396 1811 1463 quibus
1845 1406 1979 1450 tem-

414 1468 615 1534 poralia
646 1467 891 1519 concedit
920 1467 1077 1520 bona.
1107 1467 1163 1521 Si
1203 1469 1345 1521 enim
1386 1467 1436 1521 in
1468 1467 1668 1521 ei~dem
1700 1475 1982 1531 tempora-

414 1538 555 1590 libus
602 1538 755 1590 bonis
800 1552 918 1603 quae
970 1538 1055 1591 vel
1110 1538 1161 1591 in
1212 1536 1637 1603 posseSsionibus
1666 1536 1750 1590 vel
1798 1536 1849 1589 in
1884 1552 1981 1604 po-

416 1608 577 1660 ti-ntia
631 1606 869 1660 sacrilari
917 1608 999 1660 vel
1049 1606 1273 1661 scientia
1323 1606 1620 1672 Spit'ituali,
1674 1620 1769 1660 seu
1820 1608 1979 1661 etiam

414 1678 637 1730 sanitate
662 1677 924 1742 corporali
969 1677 1295 1741 tribuuntur,
1335 1677 1519 1730 fideles
1546 1676 1759 1740 fuerint,
1797 1691 1982 1744 paupeo

415 1761 504 1801 res
533 1745 653 1798 cibo
683 1754 914 1812 potaque
942 1746 1262 1809 reﬁcientes,
1295 1760 1582 1813 oppressos
1609 1761 1640 1799 a
1668 1758 1984 1813 perseeuto-

2081 561 2276 606 cuncta
2310 551 2630 620 procedunt,
2681 550 2898 605 haberet
2940 552 3081 606 unde
3110 568 3139 606 a
3170 550 3419 608 creatura
3456 555 3660 613 discer-

2083 633 2319 687 neretur,
2350 637 2448 677 nec
2480 622 2640 676 homo
2670 622 2812 676 unde
2842 623 3121 687 proliceret
3140 632 3229 677 aut
3254 626 3588 691 probaretur.

2156 695 2298 746 Sicut
2344 694 2394 745 in
2456 694 2599 745 omni
2640 692 2820 746 schola
2870 694 3083 757 virgula:
3112 694 3288 748 solent
3338 695 3519 750 haberi
3550 714 3656 754 non

2080 761 2144 813 ad
2179 763 2533 829 perditionem
2564 763 2897 830 cujusquam,
2929 764 3025 817 sed
3052 764 3118 817 ad
3150 765 3391 818 timorem
3420 766 3659 822 salutife-

2082 848 2196 885 rum
2220 850 2234 897 ;
2267 835 2336 885 ita
2368 843 2419 885 et
2445 832 2582 888 Deus
2609 835 2946 897 omnipotens
2970 835 3020 887 in
3047 836 3292 899 praesenti
3321 836 3518 889 szeculo
3544 852 3664 890 orn-

2082 904 2164 953 nia
2198 903 2501 956 severitatis
2544 918 2652 956 suae
2701 903 2918 971 judicia,
2970 920 3089 973 quae
3130 906 3211 959 vel
3260 906 3524 973 leguntur,
3576 909 3657 961 vel

2080 973 2189 1025 ullo
2216 974 2376 1025 modo
2404 975 2732 1027 sentiuntur:
2759 973 2877 1026 ideo
2903 973 3203 1028 hominibus
3225 977 3576 1040 demonstrat,
3604 987 3662 1031 ut

2078 1057 2171 1094 eos
2202 1058 2229 1094 a
2262 1043 2403 1095 vitiis
2432 1057 2777 1109 compescens
2805 1045 2855 1096 in
2886 1044 3067 1097 futuro
3092 1046 3269 1098 salvos
3297 1044 3475 1100 faciat.
3511 1045 3660 1104 Unde

2081 1111 2193 1185 ipse
2221 1112 2473 1185 Dominus
2501 1114 2627 1185 dicit
2655 1131 2666 1166 :
2704 1112 2813 1185 Ego
2840 1130 2964 1178 quos
3001 1131 3149 1185 ante:
3164 1132 3323 1185 arguo
3367 1124 3410 1168 et
3442 1119 3660 1184 castigo.

2082 1182 2213 1235 llinc
2235 1192 2289 1256 et
2302 1182 2555 1256 Salomon
2581 1184 2709 1256 dicit
2732 1184 3099 1256 :Disciplinam
3124 1182 3324 1237 Doniiui
3341 1201 3405 1239 ne
3425 1182 3656 1256 abjicias,

2079 1268 2170 1326 nec
2190 1254 2397 1318 deﬁcias
2418 1270 2533 1326 cum
2568 1253 2630 1306 ab
2656 1270 2712 1306 eo
2734 1254 2980 1322 argueris.
3018 1255 3179 1320 Quem
3202 1258 3334 1309 enim
3362 1253 3527 1326 diligit
3555 1258 3662 1311 Du-

2079 1324 2266 1394 minus,
2306 1324 2535 1393 corripit,
2560 1334 2605 1377 et
2625 1326 2773 1394 quasi
2792 1335 2933 1392 pater
2953 1327 3004 1377 in
3031 1326 3141 1392 ﬁlio
3162 1327 3442 1394 complacet
3459 1324 3588 1381 sibi.

2151 1393 2300 1446 Sicut
2326 1408 2429 1446 non
2458 1405 2537 1447 est
2562 1394 2612 1448 in
2640 1393 2906 1461 potestate
2938 1393 3283 1461 virgularum,
3326 1397 3540 1464 quando
3572 1397 3657 1452 vel

2079 1474 2335 1536 quantum
2366 1478 2486 1517 cum
2511 1464 2591 1517 eis
2619 1464 2980 1536 unusquisque
3002 1464 3315 1532 ﬂagelletur,
3347 1467 3439 1520 sed
3467 1467 3515 1519 iu
3540 1467 3658 1536 ejus

2080 1532 2169 1600 qui
2203 1535 2416 1588 easdem
2462 1535 2692 1602 virgulas
2722 1532 2785 1588 in
2824 1550 2981 1588 manu
3013 1542 3195 1597 tenet;
3245 1536 3315 1588 ita
3350 1550 3457 1589 non
3488 1532 3585 1590 est'
3609 1539 3660 1592 in

2084 1612 2344 1670 potestate
2392 1603 2588 1658 diaboli
2621 1606 2701 1658 vel
2751 1618 3188 1673 quorumcunque
3221 1621 3499 1672 pravorum
3527 1608 3663 1662 alios

2082 1674 2543 1743 persequentium,
2584 1687 2641 1743 ut
2664 1689 2758 1729 eos
2779 1674 2932 1743 juxta
2970 1674 3293 1743 voluptatem
3320 1691 3471 1728 suam
3502 1679 3660 1731 casti-

2081 1753 2227 1808 gent,
2268 1744 2362 1798 sed
2418 1745 2471 1798 in
2515 1742 2603 1798 Dei
2655 1743 3022 1810 permissione,
3064 1742 3151 1811 qui
3197 1745 3372 1798 omnia
3417 1744 3468 1797 in
3500 1763 3657 1800 manu

415 1820 560 1869 ribus
590 1815 701 1867 sive
729 1828 758 1866 a
798 1814 1064 1881 judicihns
1096 1816 1287 1883 iniquis
1329 1825 1602 1878 eruentes,
1634 1824 1875 1868 errantes
1912 1817 1978 1869 ad
2013 1825 2059 1884 Β
2085 1814 2386 1875 continens,
2433 1829 2566 1884 quos
2612 1816 2725 1867 vult
2763 1814 3007 1882 castigari
3058 1814 3352 1880 permittit:
3404 1819 3663 1883 quoslam

419 1885 560 1939 viam
586 1884 803 1951 justitia:
827 1886 1189 1949 retrahentes,
1221 1886 1475 1952 operibus
1520 1885 1681 1937 variis
1711 1893 1764 1937 et
1794 1900 1980 1939 neces-

417 1956 573 2009 sariis
601 1963 769 2007 semet
796 1963 1139 2021 occupantes.
1192 1954 1247 2009 Si
1275 1970 1405 2024 ergo
1457 1954 1758 2020 hujnsmodi
1807 1956 1981 2008 studia

418 2024 645 2077 ﬁdeliter
673 2024 1028 2087 exercuerim,
1059 2035 1257 2077 aeterna
1290 2024 1425 2077 bona
1456 2040 1577 2091 qua:
1604 2034 1729 2077 sunt
1758 2025 1985 2076 maxima

419 2094 697 2161 recipient.
748 2092 892 2146 Multi
921 2094 1080 2145 etiam
1131 2104 1235 2146 tam
1262 2094 1411 2161 pueri
1441 2110 1595 2161 quam
1629 2094 1868 2147 seniores
1899 2108 1986 2146 re-

419 2164 603 2231 ligiose
632 2161 888 2225 viventes,
923 2162 973 2215 in
999 2162 1222 2216 hac'vita
1253 2172 1575 2229 przegustant
1602 2162 1798 2215 divina:
1829 2164 1985 2215 retri-

419 2232 651 2286 bntionis
691 2234 926 2298 praemia.
978 2233 1110 2286 Nam
1138 2248 1258 2287 cum
1291 2248 1350 2286 se
1379 2233 1445 2284 ab
1475 2232 1673 2286 illicitis
1701 2234 1984 2286 continen-

423 2315 501 2355 tes
529 2302 695 2355 Deum
724 2304 913 2354 timere
938 2313 990 2355 et
1021 2318 1201 2355 amare
1248 2303 1544 2355 studuerint
1565 2344 1579 2363 ,
1617 2302 1886 2355 miraculis
1933 2313 1986 2356 et

420 2372 702 2425 virtutibus
733 2372 892 2425 tantis
934 2373 1001 2424 ab
1026 2387 1093 2426 eo
1121 2373 1494 2432 sublimanlur,
1524 2380 1582 2425 ut
1608 2372 1770 2435 etrlo,
1804 2384 1982 2436 terrae,

420 2443 513 2495 sed
545 2450 600 2493 et
628 2440 770 2494 omni
801 2451 1062 2496 treaturae
1110 2442 1376 2510 imperare
1406 2443 1704 2495 videantur.
1763 2442 1836 2494 De
1868 2446 1985 2509 qui-

420 2514 515 2567 bus
545 2511 802 2564 Dominus
844 2512 1006 2565 dicit:
1043 2510 1196 2565 Omni
1235 2513 1439 2566 habenti
1481 2512 1705 2564 dabitur.
1760 2512 1985 2567 Habenti

422 2582 625 2636 scilicet
656 2582 899 2635 timorem
930 2596 1279 2650 amoremque
1326 2583 1441 2643 Dei,
1487 2583 1698 2635 dabitur
1728 2592 1783 2635 ut
1811 2585 1862 2635 in
1890 2599 1985 2635 uo-

419 2652 562 2703 mine
584 2651 699 2720 ejus
713 2660 900 2704 cuncta
924 2652 1022 2705 sibi
1054 2652 1368 2707 subdantur.
1401 2652 1631 2718 Moxque
1648 2652 1714 2705 de
1741 2652 1982 2719 reprobis

417 2720 686 2791 subjungit
714 2721 898 2774 dicens
924 2739 935 2773 :
971 2722 1042 2774 Ab
1073 2737 1129 2773 eo
1159 2723 1247 2791 qui
1272 2739 1372 2775 non
1403 2722 1574 2785 habet,
1600 2734 1647 2774 et
1676 2722 1873 2775 videtur
1901 2722 1986 2775 Im-

413 2789 549 2850 bere,
582 2792 834 2856 auferetur
863 2792 923 2843 ab
943 2807 1019 2845 eo.
1053 2789 1213 2856 Quasi
1244 2792 1443 2847 diceret
1470 2810 1482 2845 :
1507 2794 1606 2859 Qui
1633 2792 1739 2846 Deo
1767 2793 1863 2845 soli
1898 2808 1955 2847 re

421 2863 628 2913 nuntiat
656 2862 830 2918 subdi,
864 2877 960 2912 nec
987 2876 1048 2915 ea
1081 2876 1197 2924 qua)
1226 2877 1354 2916 vere
1385 2872 1527 2923 sunt,
1562 2863 1612 2913 id
1638 2872 1741 2926 est,
1792 2863 1981 2931 gaudia

418 2941 613 2983 acterna
655 2939 1012 2993 consequetur
1042 2946 1186 3000 :ﬂnec
1216 2931 1304 2984 illa
1336 2947 1453 2999 qua:
1502 2932 1747 2984 videnlur
1782 2932 1982 3000 aliquLd

417 3013 557 3060 esse,
589 3000 640 3052 id
668 3009 769 3062 est,
806 2999 1114 3066 temporalia
1148 3000 1281 3053 bona
1308 3000 1503 3055 habere
1533 3001 1872 3068 permittitur.

489 3069 637 3122 Sicut
668 3069 868 3133 parvuli
920 3085 947 3120 a
994 3069 1329 3122 cultellorum
1379 3082 1431 3124 et
1481 3071 1776 3137 gladiorum
1829 3080 1970 3125 tactu

418 3139 785 3204 prohibentur,
838 3154 902 3190 ne
929 3153 1021 3191 eos
1054 3140 1259 3193 incaute
1293 3148 1563 3207 tangentes
1591 3141 1968 3195 vulnerentur:

422 3209 491 3263 ita
524 3207 701 3259 lascivi
735 3208 1068 3277 puerilesque
1095 3223 1283 3262 sensus
1309 3209 1621 3277 prohibendi
1654 3220 1776 3265 sunt
1808 3220 1912 3264 tam
1943 3228 1973 3265 a

423 3277 780 3343 spiritualibus
817 3293 972 3341 quam
1021 3280 1364 3333 stecularihus
1392 3281 1554 3341 curis,
1598 3296 1663 3333 ne
1712 3296 1802 3333 eas
1849 3281 1978 3332 insi-

424 3350 629 3414 pienter
660 3356 964 3409 tractantes,
1007 3358 1059 3400 et
1087 3363 1145 3401 se
1169 3361 1223 3403 et
1270 3351 1587 3402 commissos
1631 3349 1977 3417 spiritualitet‘

420 3417 724 3469 vulneratos
757 3426 1021 3481 perpetuae.
1064 3418 1220 3471 morti
1253 3418 1481 3473 tradant.
1533 3418 1683 3472 Unde
1716 3418 1971 3483 scriptum

416 3495 533 3539 est:
573 3485 655 3568 ita:
690 3485 877 3568 ciuitati
906 3490 1052 3568 cujus
1092 3503 1181 3539 rex
1212 3489 1415 3557 juvenis
1444 3497 1534 3540 est.
1578 3488 1979 3568 Quasi.diceret

423 3566 544 3609 tur:
581 3555 670 3607 Va:
701 3555 806 3609 illis
834 3555 1137 3609 hominibus
1178 3555 1400 3624 quorum
1430 3568 1607 3611 rector
1637 3557 1863 3612 lascivos
1892 3559 1976 3614 vel

404 3625 695 3693 .negligens
724 3634 775 3677 et
824 3626 1147 3694 irreligiosus
1178 3636 1259 3679 est
1286 3644 1299 3679 :
1329 3628 1473 3695 quia,
1498 3635 1782 3681 attestante
1826 3643 1978 3683 sacra

423 3694 714 3760 Scriptura,
748 3696 1087 3763 regnantibus
1130 3695 1305 3763 impiis
1332 3694 1481 3751 ruina
1530 3698 1633 3752 erit
1682 3698 1974 3754 hominum.

423 3763 591 3817 Ruina
620 3766 812 3831 quippe
840 3780 1027 3833 magna
1056 3766 1276 3819 dicenda
1316 3779 1425 3833 est,
1450 3781 1572 3820 cum
1616 3768 1976 3834 subjectorum

421 3834 700 3887 multitudo
751 3834 802 3887 in
857 3838 1045 3889 eadem
1098 3836 1222 3889 vitia
1267 3841 1500 3901 corruit,
1548 3852 1660 3905 quae
1712 3848 1973 3893 rectorem

411 3918 569 3973 agere
593 3905 781 3958 cernit.

481 3972 627 4028 Sicut
680 3975 950 4041 sapientes
999 3974 1242 4040 discipuli
1291 3975 1564 4030 anrilieum
1616 3976 1695 4030 vel
1743 3977 1966 4032 aliorum

410 4042 669 4115 artificum
711 4059 849 4115 opus
897 4060 1073 4107 somn,
1129 4047 1253 4100 licet
1278 4048 1347 4098 sit
1395 4047 1741 4115 praecipuum,
1787 4062 1968 4102 coram

412 4113 681 4186 magistris
710 4113 929 4169 laudare
969 4129 1071 4166 non
1116 4124 1390 4186 appetunt,
1444 4113 1773 4170 sed‘eurnm
1805 4121 1973 4186 magi-

411 4183 574 4251 sterio
602 4197 718 4251 quae
751 4185 1009 4236 laudanda
1039 4194 1163 4238 sunt
1196 4185 1533 4250 relinquunt:
1566 4187 1643 4240 sic
1672 4183 1975 4241 etiamtam-

413 4262 507 4324 nes
533 4250 729 4324 Christi
751 4252 993 4321 discipuli
1040 4254 1247 4307 laudem
1282 4257 1474 4309 nullius
1506 4267 1701 4324 printer
1729 4257 1842 4323 ejus
1871 4273 1978 4310 ex-

411 4321 622 4395 quirere
648 4323 863 4395 debent.
896 4324 1044 4395 Unde
1071 4324 1322 4395 Dominus
1346 4321 1528 4381 noster
1558 4321 1834 4395 discipulis
1861 4329 1973 4382 suis

412 4389 670 4465 referens,
709 4393 937 4460 qualiter
972 4392 1171 4447 Scriba:
1200 4404 1253 4448 et
1304 4395 1555 4449 Pharisaei
1590 4389 1725 4448 bona
1756 4412 1977 4465 quaeque

413 4459 582 4531 palam
609 4459 844 4531 agerent,
892 4472 944 4515 nt
975 4465 1041 4514 ab
1070 4466 1314 4518 omnibus
1344 4466 1681 4519 laudarentur
1723 4482 1735 4518 :
1774 4459 1979 4531 adjecit

409 4527 614 4601 dicens,
647 4527 804 4601 Amen
829 4533 939 4601 dico
968 4533 1124 4598 vobis,
1177 4545 1474 4601 receperunt
1498 4536 1775 4589 mercedem
1803 4527 1971 4591 suam.

409 4599 611 4670 Quibus
640 4599 811 4670 verbis
836 4600 1130 4670 intimatur,
1179 4599 1303 4670 quia
1340 4606 1383 4656 si
1430 4606 1496 4655 ab
1527 4605 1831 4657 hominibus
1873 4622 1968 4668 pro

412 4665 701 4749 benefactis
732 4667 930 4721 laudari
960 4665 1283 4737 appetimus,
1326 4672 1457 4725 nihil
1499 4675 1762 4728 mercedis
1796 4689 1825 4726 a
1868 4665 1976 4728 Deo

408 4750 749 4801 acetptemus.

480 4809 629 4861 Sicut
658 4808 825 4874 pictor
858 4809 1124 4863 coloribus
1150 4811 1308 4863 variis
1339 4811 1526 4875 utitur,
1558 4812 1767 4873 quando
1796 4813 1968 4876 pietu-

409 4892 521 4932 ram
552 4880 848 4944 elegantem
878 4879 1092 4946 pingere
1123 4880 1338 4934 nititur:
1372 4882 1442 4934 ita
1473 4892 1529 4934 et
1560 4882 1698 4935 Deus
1728 4884 1971 4950 omnipo-

410 4955 526 4999 tens
553 4950 788 5013 speciem
816 4950 1131 5001 mundanam
1162 4959 1214 5003 et
1259 4950 1539 5004 humanam
1588 4950 1968 5006 innumerabili

410 5026 617 5079 ornatu,
651 5019 969 5083 optimaque
999 5018 1267 5086 qualitatis
1296 5022 1564 5074 coloribus
1597 5021 1785 5086 pinxit.
1827 5022 1975 5077 Unde

409 5090 659 5160 scriptum
687 5094 770 5140 est
790 5104 827 5160 3_
858 5086 1011 5160 Vidit,
1042 5087 1178 5160 Deus
1208 5099 1388 5143 cuncta
1427 5106 1539 5158 qua:
1564 5090 1700 5160 fecit,
1734 5101 1781 5143 et
1829 5102 1975 5145 erant

411 5154 554 5229 valde
590 5154 741 5229 bona.
788 5156 901 5229 Non
931 5158 1070 5210 enim
1102 5158 1298 5211 ferrum
1327 5154 1449 5213 ideo
1474 5154 1805 5223 est'malum,
1852 5164 1975 5229 quia

412 5225 579 5299 multo
607 5225 886 5299 pretiosius
914 5236 1120 5299 constat
1148 5242 1335 5281 aurum
1362 5246 1375 5293 ;
1423 5230 1515 5283 sed
1547 5234 1666 5297 quia
1694 5225 1977 5299 utrumque

410 5296 515 5367 erit
563 5296 967 5367 necessarium,
1017 5296 1136 5350 ideo
1185 5305 1468 5367 utrmnque
1518 5296 1737 5351 bonum.
1788 5296 1973 5352 Omnia

410 5365 604 5436 goippe
635 5365 832 5436 pariter
877 5368 1201 5433 necessaria,
1254 5365 1449 5436 pariter
1476 5368 1709 5422 existunt
1736 5376 1790 5421 et
1814 5370 1973 5423 bona.

410 5431 564 5501 Sicuti
585 5433 737 5503 color
763 5434 915 5488 albus
945 5437 1152 5488 nonnisi
1190 5431 1298 5503 per
1338 5439 1568 5491 colorem
1617 5436 1720 5490 sibi
1758 5447 1973 5491 cootra-

409 5503 543 5553 rium
578 5502 917 5575 declaratur,
950 5507 1028 5558 sic
1055 5502 1216 5560 omne
1244 5508 1438 5562 bonum
1473 5508 1683 5561 nonnisi
1730 5523 1824 5575 per
1850 5508 1974 5562 mali

405 5570 791 5642 oppositioneni
821 5571 950 5627 satis
975 5575 1294 5642 agnoscitur.
1319 5578 1582 5641 Quantum
1605 5570 1746 5631 enim
1776 5577 1972 5631 bonum

407 5639 476 5715 sit
531 5640 745 5715 lumen,
773 5639 1065 5715 ostendunt
1102 5639 1377 5700 tenebrae}
1428 5648 1672 5701 similiter
1718 5656 1970 5715 quantum

405 5710 599 5762 lmnntn
626 5712 695 5763 sit
723 5714 938 5773 sanitas,
990 5715 1222 5768 ostendit
1253 5716 1547 5770 infirmitas.
1598 5710 1797 5770 Nam—si
1827 5718 1973 5771 nulla

403 5789 542 5834 Caeci
583 5782 895 5849 infirmitas,
939 5798 1032 5851 pro
1081 5785 1245 5841 nihilo
1294 5796 1685 5856 computantur
1746 5787 1965 5842 sanitas.

2087 1884 2300 1948 quidem
2323 1884 2389 1935 ad
2420 1883 2806 1950 probationem,
2835 1884 3089 1951 quosdam
3122 1899 3248 1938 vero
3276 1885 3343 1938 ad
3372 1889 3666 1952 correptiu-

2088 1967 2248 2016 nem,
2295 1953 2553 2020 quosdam
2604 1961 2779 2006 autem
2829 1954 2895 2005 ad
2944 1953 3356 2007 damnationem.
3415 1954 3667 2011 Diabolus

2089 2035 2208 2073 nam
2252 2037 2317 2075 ue
2354 2031 2409 2075 et
2438 2036 2625 2075 omnes
2656 2021 2835 2088 pravi,
2886 2037 2982 2090 per
3003 2038 3137 2091 quos
3166 2024 3254 2077 alii
3303 2025 3660 2093 flagellautur,

2089 2037 2354 2142 ﬂaae‘ilum
2406 2092 2484 2142 vel
2540 2092 2679 2142 virga
2721 2090 2813 2142 Dei
2853 2100 3131 2142 vocantur.
3174 2092 3325 2142 llnde
3375 2095 3486 2142 inse
3533 2095 3660 2142 dicit

2086 2089 2354 2161 flagellum
2406 2092 2484 2142 vel
2540 2092 2679 2157 virga
2721 2089 3131 2161 Deiiv0cantur.
3174 2092 3325 2148 Unde
3374 2089 3486 2161 ipse
3533 2095 3664 2149 dicit

2087 2174 2182 2231 per
2213 2160 2398 2213 Isaiam
2431 2161 2743 2231 Prophetam
2770 2177 2782 2212 :
2821 2160 2910 2213 Va:
2938 2162 3117 2227 Assur,
3148 2164 3288 2231 virga
3309 2164 3497 2231 furoris
3525 2167 3667 2220 mei!

2087 2229 2289 2293 Quibus
2310 2232 2487 2283 verbis
2516 2242 2569 2284 et
2592 2230 2716 2300 illud
2737 2230 3023 2293 colligitur,
3056 2232 3177 2300 quia
3200 2229 3317 2286 cuni
3344 2249 3446 2287 non
3476 2235 3541 2287 ad
3564 2250 3659 2290 eos

2086 2300 2174 2366 qui
2208 2301 2561 2366 ﬂagellantur,
2592 2299 2683 2354 sed
2715 2300 2803 2365 qui
2837 2299 3124 2368 ﬂagellant,
3178 2317 3256 2355 va:
3284 2303 3510 2365 dicatur,
3544 2322 3657 2357 ma—

2083 2368 2286 2436 joribus
2310 2369 2624 2441 quandoque
2655 2370 2839 2441 poenis
2867 2369 3218 2437 subjiciuntur
3246 2374 3334 2437 qui
3366 2373 3657 2441 ﬂagellant,

2085 2455 2244 2505 quam
2263 2441 2348 2505 qui
2374 2440 2723 2508 flagellantur.
2740 2439 2804 2495 Ut
2824 2440 3329 2508 Nabuchodonosor,
3346 2439 3657 2508 Antiochus,

2090 2510 2342 2580 Herodes,
2367 2510 2647 2579 pluresque
2674 2510 2782 2570 alii,
2810 2512 2896 2578 qui
2928 2521 3202 2579 postquam
3227 2513 3360 2565 alios
3383 2515 3546 2580 plagis
3570 2530 3661 2568 va-

2086 2579 2175 2630 riis
2198 2581 2562 2639 contriverint.
2587 2580 2684 2648 ipsi
2708 2580 2902 2648 duplici
2924 2581 3241 2635 c0utritiune
3270 2579 3488 2637 contriti
3510 2594 3655 2640 sunt.

2154 2649 2302 2704 Sicut
2335 2650 2385 2703 in
2416 2660 2600 2703 aestate
2625 2664 2784 2717 opera
2818 2651 3040 2714 plurima
3070 2652 3153 2719 agi
3186 2663 3423 2719 possunt,
3455 2669 3572 2721 qua:
3601 2657 3653 2708 in

2086 2719 2274 2788 hyeme
2305 2729 2606 2787 nequeunt:
2637 2721 2706 2773 ita
2734 2730 2787 2773 et
2816 2720 2865 2775 in
2894 2722 3189 2787 juventute,
3211 2737 3327 2788 qua:
3359 2719 3543 2776 non—in
3573 2739 3659 2779 se-

2086 2797 2333 2843 nectute:
2381 2790 2513 2842 etin
2543 2789 2643 2844 hac
2688 2790 2816 2851 vita,
2868 2807 2985 2853 qua:
3031 2806 3135 2842 non
3182 2791 3232 2845 in
3259 2792 3449 2844 futura.
3506 2793 3662 2849 Unde

2084 2858 2338 2930 Dominus
2357 2857 2495 2930 dicit
2524 2862 2575 2913 in
2601 2860 2883 2927 Evangelio
2908 2878 2919 2912 :
2958 2859 3133 2930 Videte
3174 2877 3235 2913 ne
3258 2862 3382 2930 fuga
3404 2870 3565 2916 vestra
3589 2866 3660 2919 sit

2085 2929 2261 2999 hyeme
2289 2928 2364 2981 vel
2390 2928 2637 2984 Sabbato.
2673 2930 2771 2984 Per
2800 2930 3045 2999 hyemem
3078 2928 3331 2985 videlicet
3354 2934 3659 2998 s'gnificans

2086 2998 2218 3052 illud
2252 3000 2409 3052 futuri
2438 3000 2623 3065 judicii
2657 2998 2888 3067 tempus,
2937 3000 2989 3051 in
3039 3016 3145 3068 quo
3184 3002 3322 3053 nulla
3372 3001 3659 3058 fructuosa:

2085 3068 2410 3142 pmnitentia:
2432 3071 2548 3136 iuga
2572 3070 2890 3142 invenietur.
2925 3069 3234 3142 llujusmodi
3267 3071 3509 3142 byeniem
3533 3090 3660 3127 eva-

2083 3141 2211 3193 dere
2260 3141 2507 3192 Salouion
2537 3154 2748 3205 quoque
2797 3139 3066 3202 admonet,
3119 3139 3348 3194 dicens:
3399 3141 3667 3198 Memento

2084 3208 2336 3279 Creatoris
2364 3209 2438 3261 tui
2466 3209 2517 3260 in
2544 3209 2723 3261 diebus
2738 3211 3020 3279 juventutis
3042 3219 3162 3271 tute,
3197 3223 3302 3263 etc.

2150 3278 2298 3350 Sicut
2332 3278 2841 3350 pauperbconscisisis
2873 3289 2926 3350 et
2949 3281 3079 3350 varii
3112 3279 3309 3350 coloris
3336 3289 3495 3349 atque
3523 3298 3665 3350 qua-

2079 3346 2244 3399 litatis
2290 3346 2589 3413 panniculis
2641 3347 2855 3400 indutus
2906 3348 3142 3412 incedit;
3179 3348 3247 3400 ita
3279 3360 3332 3402 et
3365 3346 3657 3407 humanum

2079 3431 2246 3489 genus
2276 3431 2368 3483 per
2414 3417 2569 3483 primi
2617 3417 2846 3489 hominis
2893 3420 3181 3489 culpamoa
3214 3421 3439 3489 paradisi
3488 3424 3659 3489 patria

2079 3488 2374 3551 expulsum,
2420 3496 2474 3539 et
2503 3489 2552 3538 in
2588 3486 2742 3554 hujus
2772 3489 2952 3539 mundi
2983 3487 3171 3542 exsilio
3204 3486 3520 3556 projectum,
3554 3494 3657 3545 mi-

2078 3556 2217 3609 seria
2251 3558 2393 3609 varia
2426 3558 2577 3625 quasi
2604 3557 2900 3624 panniculis
2926 3558 3153 3611 diversae
3182 3561 3455 3627 qualitatis
3484 3561 3657 3616 indui-

2081 3635 2185 3689 tur,
2220 3627 2403 3694 sicque
2433 3628 2579 3694 quasi
2612 3627 2885 3680 mendicus
2916 3643 3010 3694 pro
3060 3630 3338 3696 praisentis
3380 3630 3503 3683 vitae
3533 3647 3655 3684 sus-

2081 3697 2370 3749 tentatione
2393 3696 2444 3749 in
2484 3700 2623 3750 varia
2645 3698 2941 3750 divertitur.
2961 3698 3104 3751 lianc
3127 3707 3484 3765 paupertatem
3512 3701 3663 3755 Psal-

2081 3766 2236 3837 niista
2259 3776 2627 3837 conspexerat,
2650 3782 2769 3820 cum
2793 3768 2927 3821 dixit
2946 3784 2960 3819 :
2978 3767 3089 3821 Cito
3109 3769 3382 3837 anticipant
3400 3786 3490 3824 nos
3509 3775 3656 3824 mise-

2078 3836 2316 3907 ricordiae
2336 3846 2457 3899 tute,
2475 3836 2706 3902 Domine,
2730 3838 2846 3907 quia
2870 3853 3115 3905 pauperes
3141 3838 3262 3907 facti
3290 3856 3462 3892 sumus
3484 3843 3653 3895 nimis.

2151 3904 2297 3960 Sicut
2320 3921 2505 3978 servus
2534 3921 2626 3974 pro
2670 3904 2843 3977 aliqua
2877 3904 3296 3978 transgressione
3325 3913 3585 3978 prxcipua
3624 3929 3657 3965 a

2084 3974 2302 4029 domino
2343 3990 2438 4029 suo
2470 3977 2519 4029 in
2546 3992 2649 4029 uno
2676 3974 2806 4049 pede
2837 3977 3237 4046 truncatus,nil-
3257 3974 3431 4045 operis
3465 3974 3666 4049 postem

2077 4060 2262 4111 gressu
2315 4060 2447 4100 sano
2505 4062 2662 4115 agere
2712 4048 2889 4110 valet;
2944 4049 3012 4100 ita
3051 4063 3208 4101 Omne
3253 4064 3431 4117 genus
3463 4048 3665 4104 huina-.

2079 4130 2206 4186 num
2232 4132 2325 4181 per
2354 4117 2512 4184 primi
2547 4118 2773 4171 hominis
2814 4119 3302 4186 praevaricationem
3332 4134 3501 4174 asme
3523 4137 3662 4175 con-1

2079 4185 2298 4260 ditionis
2329 4187 2584 4254 dignitate
2607 4185 2891 4256 deiectum,
2924 4200 2975 4241 et
2995 4189 3664 4260 instartruncaticorporis

2078 4254 2439 4321 debilitatum,
2482 4260 2533 4311 in
2559 4254 2700 4311 omni
2726 4273 2888 4326 opere
2912 4273 3010 4311 suo
3037 4259 3320 4322 claud.cat,
3373 4275 3470 4312 nec
3498 4254 3671 4328 quid.»

2083 4341 2242 4397 quam
2279 4328 2399 4397 boni
2432 4329 2546 4382 sine
2574 4330 2757 4397 gratite
2786 4330 2981 4382 divinae
3011 4330 3172 4382 ductu
3199 4344 3358 4391 apere
3389 4340 3580 4393 potest.

2153 4396 2301 4467 Sicut
2340 4396 2393 4449 in
2426 4400 2505 4452 via
2539 4396 2744 4464 publica
2770 4409 2824 4452 et
2850 4399 3180 4467 frequentata
3209 4414 3327 4466 quae
3369 4400 3547 4466 plures
3574 4401 3665 4459 lus

2086 4466 2325 4519 tulentas
2368 4478 2421 4521 et
2480 4470 2806 4535 periculosas
2858 4466 3018 4520 habet
3069 4469 3264 4531 foveas,
3319 4478 3672 4524 transeuntes.

2084 4535 2234 4589 facile
2260 4536 2563 4590 efficiuntur
2610 4539 2848 4598 sordidi;
2898 4539 2967 4589 ita
3016 4548 3068 4592 et
3111 4540 3198 4606 qui
3233 4538 3283 4591 in
3314 4541 3658 4592 smculariuni

2078 4619 2325 4675 ouraruui
2355 4609 2624 4659 communi
2658 4608 2738 4659 via
2768 4607 3097 4675 gradiuntur,
3135 4606 3442 4660 criminibus
3492 4610 3671 4663 variis.

2078 4673 2364 4728 foedantur.
2419 4675 2568 4748 Unde
2596 4673 2813 4731 sanctus
2843 4674 3127 4748 Gregorius
3166 4678 3294 4730 dicit
3321 4695 3331 4728 :
3363 4676 3498 4732 Sunt
3542 4681 3657 4748 ple-

2079 4758 2243 4814 raque
2272 4747 2479 4812 negotia
2512 4762 2629 4814 qua:
2655 4749 2772 4800 sine
2802 4747 3031 4814 peccatis
3058 4748 3297 4800 exhiberi
3329 4761 3421 4799 aut
3447 4747 3650 4804 vix/aut

2081 4812 2384 4867 nullatenus
2415 4812 2660 4879 possunt.
2695 4812 2817 4870 Haec
2846 4819 3023 4883 itaque
3063 4817 3272 4885 plurimi
3302 4818 3371 4870 ita
3402 4834 3521 4872 esse
3552 4831 3667 4872 tra—

2078 4892 2284 4957 _ctantes
2311 4896 2469 4957 atque
2502 4888 2807 4952 probantes,
2851 4887 3059 4957 negotia
3085 4890 3355 4941 saecularia
3387 4890 3659 4957 relinque-

2081 4950 2229 5023 bant,
2258 4961 2311 5008 et
2337 4955 2402 5007 ad
2439 4950 2899 5023 monasteria,ubi
2925 4950 3107 5010 animo
3134 4957 3366 5012 liberiori
3398 4959 3506 5014 Deo
3532 4950 3656 5014 ser-

2080 5022 2271 5087 virent,
2303 5024 2699 5089 confugiebant.

2153 5092 2298 5146 Sicut
2320 5094 2541 5161 quilibet
2570 5095 2761 5149 infirmi
2788 5110 3013 5163 corpore
3041 5097 3355 5152 medicinam
3385 5096 3657 5151 carnalem

2078 5170 2323 5233 quaerunt
2352 5174 2404 5216 et
2430 5174 2687 5231 expetunt
2734 5166 2992 5233 undique,
3040 5169 3109 5221 ita
3156 5178 3209 5221 et
3235 5169 3426 5221 infirmi
3476 5177 3661 5220 mente

2078 5231 2406 5302 spiritualetn
2440 5235 2728 5298 medicum,
2776 5235 2827 5288 id
2859 5231 2966 5302 est,
3018 5238 3439 5301 omnipotentem
3490 5236 3654 5289 Deum

2078 5300 2272 5374 debent
2323 5303 2631 5374 omnimodo
2679 5300 2959 5374 quarere,
2995 5300 3234 5374 petentes
3283 5307 3350 5359 ab
3379 5320 3444 5359 eo
3486 5308 3658 5359 sancti

2078 5369 2307 5436 Spiritus
2347 5373 2591 5440 gratiam,
2643 5369 2737 5441 per
2764 5390 2922 5443 quam
2954 5369 3150 5430 mentis
3199 5379 3342 5430 acies
3390 5375 3658 5429 illumina-

2080 5447 2185 5512 tur,
2236 5455 2329 5506 per
2355 5456 2510 5507 quam
2544 5445 2701 5497 totius
2749 5446 2869 5498 boni
2918 5447 3099 5512 operis
3148 5446 3371 5499 facultas
3414 5445 3571 5498 simul
3600 5456 3656 5498 et

2078 5510 2323 5583 voluntas
2373 5511 2795 5583 administratur.
2849 5516 2906 5567 ln
2958 5510 3060 5581 qua
3112 5518 3360 5568 nimirum
3393 5515 3654 5583 petitione

2080 5588 2225 5631 tanto
2277 5579 2668 5648 frequentiores
2726 5592 2781 5637 et
2831 5579 3225 5638 constantiores
3266 5579 3407 5638 esse'
3433 5584 3649 5648 debent,

2078 5656 2276 5723 quanto
2321 5650 2508 5723 majori
2538 5653 2756 5718 spiritus
2802 5652 3111 5708 infirmitate
3139 5669 3199 5709 se
3244 5665 3489 5723 gravatos
3532 5670 3655 5709 sen-

2081 5720 2236 5794 tinot,
2283 5721 2617 5794 attendentes
2670 5724 2908 5777 mulieris
2952 5720 3275 5794 Cbananeai,
3326 5724 3655 5794 aliorntnqte

2077 5788 2390 5847 multorum.
2411 5788 2476 5845 de
2496 5790 2686 5859 quibus
2705 5794 2756 5847 in
2781 5808 2929 5850 sacra
2945 5793 3173 5864 Scriptor
3189 5815 3216 5852 a
3236 5794 3438 5865 legitur,
3463 5788 3651 5853 lidcin:
