4026 6200
374 367 509 424 lll9

835 364 1038 420 ΒΕῡιιΕ
1078 362 1528 419 VENERABILIS
1567 364 1714 418 OPP.
1755 363 1930 419 PARS
1971 364 2032 417 ll.
2075 364 2267 419 SECT.
2310 363 2369 419 ll.
2416 392 2482 402 -—
2524 361 2722 416 UUlllA
2770 359 2855 414 ET
2898 359 3164 417 SPURIA.

3489 361 3625 415 uso

369 478 461 533 sed
496 484 553 531 et
574 474 769 545 iugiter
795 475 973 528 animo
1003 475 1317 543 replicantes
1361 475 1489 527 illud
1519 474 1805 545 maximum
1837 476 1936 527 im-
1972 481 2013 532 Α
2047 473 2219 545 etille
2242 473 2410 545 homo
2448 473 2555 545 agit
2580 473 2691 541 qui,
2736 488 2829 541 per
2857 472 3051 545 diaboli
3108 474 3510 545 suggesdouem
3566 477 3618 531 in

372 544 611 615 portunae
652 547 822 614 precis
861 555 1229 615 argumentum
1255 588 1269 606 ,
1320 547 1456 612 quod
1485 544 1739 598 Dominus
1781 545 1936 597 disci-

374 613 510 684 pulis
538 613 913 669 suis'referens
941 613 1104 684 dixit:
1160 616 1285 679 Quis
1314 626 1529 668 vestrum
1574 615 1771 668 habebit
1807 616 1939 666 ami-

368 682 532 740 cum?
559 695 689 747 etc.,
720 698 910 749 usque,
942 682 1001 737 Si
1028 699 1146 751 ergo
1174 702 1278 748 vos,
1306 703 1417 737 cum
1448 686 1555 737 sitis
1587 684 1732 747 mali,
1782 687 1941 735 nostis

374 760 502 809 bona
524 758 643 806 data
673 754 795 805 dare
824 753 943 819 ﬁliis
970 755 1165 815 vestris,
1194 766 1382 823 quanto
1410 756 1570 823 magis
1603 755 1759 807 Pater
1782 764 1941 807 vester

374 828 435 879 de
453 826 576 879 calo
602 824 741 875 dabit
760 824 994 889 spiritum
1016 823 1199 876 bonum
1222 826 1499 891 petentibus
1526 842 1577 877 se
1600 828 1622 877 ?

446 893 595 949 Sicut
626 896 676 946 in
720 894 849 945 mari
884 894 961 945 vel
1010 894 1060 945 in
1107 896 1339 960 quolibet
1383 909 1596 963 a-quore
1646 894 1942 961 procelioso

374 963 683 1031 navigantes
708 963 902 1015 nullam
934 963 1030 1015 sibi
1054 964 1391 1017 securitatem
1417 964 1749 1032 promittunt,
1774 967 1945 1029 prius-

372 1048 530 1101 quam
589 1034 654 1085 ad
707 1034 852 1085 littus
914 1035 1254 1101 perveniant;
1320 1035 1387 1086 ita
1448 1051 1632 1088 omnes
1686 1038 1734 1087 in
1792 1036 1944 1097 hujt-s

376 1102 559 1158 mundi
591 1110 906 1167 tempestate
939 1103 1377 1171 periculosis~ima
1423 1121 1517 1171 pro
1542 1105 1736 1158 Christi
1763 1120 1945 1159 amore

375 1174 740 1238 decertantes,
769 1174 968 1226 nullam
1000 1174 1298 1226 sectnitatis
1346 1175 1588 1228 fiduriam
1623 1176 1817 1227 habere
1847 1174 1944 1228 de-

375 1241 546 1306 bent,
596 1254 875 1309 antequam
923 1258 1181 1309 corporeo
1227 1248 1497 1301 ergastulo
1538 1245 1680 1297 exuti
1730 1255 1945 1296 aiternze

375 1313 567 1380 quietis
599 1312 743 1365 littus
771 1312 1049 1380 attingant.
1104 1314 1252 1367 Unle
1280 1314 1529 1369 Salomon
1559 1315 1686 1367 dicit
1711 1332 1722 1367 :
1758 1312 1944 1366 Beatus

375 1380 527 1434 homo
566 1384 652 1450 qui
678 1398 875 1448 semper
898 1394 970 1435 cst
999 1384 1225 1447 pavidus.
1278 1384 1408 1437 Ilinc
1440 1388 1627 1437 iterum
1672 1386 1945 1449 Scriptura

376 1450 540 1506 dicit:
596 1452 660 1503 In
690 1453 920 1504 omnibus
948 1455 1182 1516 oneribus
1219 1456 1317 1507 tuis
1356 1471 1633 1508 memorare
1673 1456 1947 1509 novissima

376 1531 483 1585 tua,
509 1530 552 1573 et
580 1522 631 1573 in
657 1531 899 1574 wternunt
920 1539 1019 1574 non
1045 1524 1284 1590 peccabis.

446 1590 590 1647 Sicut
613 1591 779 1643 fidelis
798 1592 1013 1658 quilibet
1036 1594 1224 1646 sedens
1247 1597 1310 1647 ad
1335 1611 1567 1648 mensam
1593 1610 1695 1650 non
1716 1598 1859 1660 prius
1880 1597 1948 1650 de

378 1661 518 1713 escis
541 1663 793 1733 appositis
825 1661 1110 1730 quidquam
1141 1675 1352 1727 gustare
1381 1668 1705 1733 solet,quam
1737 1668 1952 1721 benedi-

377 1740 591 1804 cuntur;
619 1732 688 1784 ita
706 1741 755 1785 et
780 1732 1030 1804 Dominus
1058 1746 1255 1798 noster,
1272 1735 1421 1804 cujus
1440 1745 1520 1789 est
1540 1732 1689 1790 cibus
1711 1738 1944 1791 omnium

2048 543 2257 609 aliquod
2283 544 2509 610 capitale
2531 548 2728 596 crimen
2778 558 2870 597 seu
2920 544 2972 596 in
3018 544 3306 609 quamlibet
3348 544 3613 609 negligen-

2049 612 2173 664 tiam
2204 614 2461 676 incidens,
2506 614 2577 665 uil
2611 612 2831 667 ulterius
2859 622 3008 665 curat
3034 614 3265 680 qualiter
3306 629 3369 666 ex
3422 616 3611 681 hujus-

2051 684 2189 735 modi
2234 697 2360 736 casu
2396 698 2487 741 per
2535 684 2902 750 ptenitentiam
2936 683 3475 745 emendationemque
3524 702 3606 737 re-

2047 761 2249 819 surgat.
2281 753 2430 806 Unde
2458 754 2728 804 I'salmista
2766 762 3029 819 precatur,
3061 752 3244 804 dicens
3275 771 3286 803 :
3326 752 3484 820 Eripe
3534 773 3608 807 me

2047 822 2109 874 de
2131 824 2256 887 luto,
2290 833 2466 876 utnon
2490 824 2695 889 inﬁgar.
2720 822 2817 888 Qui
2862 823 3048 875 iterum
3094 837 3280 887 preces
3306 838 3429 874 suas
3448 840 3599 890 super

2052 893 2146 944 bac
2181 909 2236 946 te
2264 894 2427 946 factas
2456 908 2484 945 a
2517 894 2739 945 Domino
2779 892 3053 946 exauditas
3080 906 3199 945 esse
3229 892 3463 944 referens
3485 935 3497 953 ,
3536 904 3588 946 et

2048 963 2199 1030 quasi
2249 965 2380 1015 alios
2419 962 2593 1023 lapsos
2625 964 2687 1014 ad
2732 962 2943 1015 easdem
2979 977 3163 1028 preces
3194 962 3463 1015 faciendas
3489 979 3582 1029 pro-

2053 1048 2251 1085 vocans
2276 1032 2404 1085 dicit
2433 1050 2447 1085 :
2480 1031 2749 1085 Exaudivit
2772 1047 2941 1100 preces
2971 1047 3129 1096 meas,
3161 1040 3208 1083 et
3237 1032 3421 1085 eduxit
3447 1036 3588 1086 mede

2050 1104 2165 1154 lacu
2195 1104 2408 1155 miseria:
2435 1110 2481 1155 et
2511 1103 2572 1155 de
2597 1105 2704 1155 luto
2735 1103 2894 1168 fa'cis.

2121 1173 2271 1226 Sicut
2314 1172 2542 1239 agricola
2599 1184 2806 1226 stercus
2857 1172 3259 1235 spurcissimutn
3292 1170 3533 1225 deferens
3556 1175 3599 1226 in

2051 1257 2257 1308 agrum,
2307 1258 2372 1293 eo
2404 1242 2565 1294 utitur
2605 1257 2632 1296 a
2720 1242 3131 1309 tnultiplicandre
3159 1242 3354 1310 segetis
3388 1244 3603 1303 bonum,

2053 1313 2121 1365 ita
2152 1323 2204 1365 et
2240 1314 2377 1365 Deus
2408 1311 2743 1378 omnipotens
2775 1326 2876 1364 neu
2910 1312 3225 1378 dedignatur
3274 1311 3341 1364 de
3380 1313 3610 1365 Sordidis

2054 1392 2108 1436 et
2138 1383 2288 1435 malis
2316 1381 2523 1435 actibus
2554 1382 2747 1452 nostris
2770 1381 3024 1448 quaslibet
3067 1382 3202 1434 bona
3230 1382 3462 1444 operari,
3493 1397 3611 1452 qua:

2052 1462 2201 1505 tanto
2242 1453 2417 1504 minus
2476 1453 2627 1505 nobis
2678 1451 2978 1515 deputanda
3030 1462 3173 1513 sunt,
3211 1461 3411 1517 quanto
3441 1451 3612 1503 minor

2054 1523 2155 1576 erit
2186 1521 2413 1575 intentio
2440 1532 2619 1575 nostra
2646 1522 2710 1573 ad
2736 1521 2821 1574 illa
2854 1537 2947 1587 pro
2978 1522 3167 1573 timore
3195 1523 3276 1575 vel
3305 1535 3486 1573 amore
3515 1520 3612 1574 Dei

2054 1593 2433 1660 perpetranda.
2480 1592 2587 1645 lloc
2618 1601 2791 1645 autem
2820 1590 3140 1643 credendum
3172 1600 3247 1643 est
3280 1588 3401 1643 ideo
3429 1590 3610 1655 dispo-

2053 1662 2246 1717 sitione
2265 1660 2440 1716 divina
2467 1663 2547 1728 agi
2573 1702 2588 1725 ,
2620 1677 2685 1713 ne
2715 1660 2854 1727 quis,
2883 1676 2947 1712 ex
2975 1660 3177 1713 meritis
3206 1660 3431 1725 prnpriis
3478 1675 3611 1725 pne-

2054 1746 2297 1799 sumens,
2325 1736 2533 1786 studeat
2560 1733 2610 1784 in
2634 1745 2693 1784 se
2715 1732 2951 1797 gloriari,
2985 1731 3075 1799 sed
3123 1731 3172 1781 in
3205 1730 3445 1790 Domino,
3472 1730 3611 1785 sicut

383 1800 611 1877 tideliunt
631 1801 874 1877 Salus,de
895 1802 1039 1853 nullo
1060 1805 1255 1877 aliquid
1274 1798 1485 1871 gustare
1502 1808 1757 1877 decernit,
1778 1809 1950 1871 pritts-
1976 1819 2024 1877 Β
2055 1798 2311 1877 scriptum
2342 1813 2425 1877 est
2454 1819 2465 1853 :
2501 1804 2600 1865 Qui
2619 1802 2893 1877 ﬂigi-itum,
2918 1798 3496 1877 inuDontittoqforielur.

378 1885 535 1936 quam
570 1870 897 1936 baptismatis
924 1870 1340 1926 sanctificatione
1367 1876 1675 1929 benedictus
1708 1870 1879 1929 fuerit.

450 1939 576 1992 Item
607 1941 740 1991 sicut
766 1956 880 1992 mos
917 1952 1019 2002 est,
1070 1953 1124 1992 ut
1169 1959 1355 1996 carnes
1404 1945 1615 1996 nonnisi
1657 1956 1822 1999 cocta:
1868 1948 1948 1999 vel

379 2022 513 2079 assa;
535 2011 898 2079 comeduntur,
927 2011 996 2062 ita
1026 2019 1079 2063 et
1108 2013 1243 2063 lit-us
1275 2014 1612 2079 omnipotens
1643 2016 1741 2067 nisi
1774 2019 1948 2068 omnia

377 2076 560 2150 cruda,
587 2078 683 2129 hoc
705 2086 786 2131 est
804 2079 1009 2143 vitiosa,
1032 2081 1081 2133 in
1108 2082 1257 2135 nobis
1283 2076 1477 2135 fuerint
1504 2086 1617 2150 igne
1642 2086 1807 2138 sancti
1832 2086 1949 2147 Spi-

379 2149 511 2222 rittts
532 2158 769 2222 excocta,
801 2164 1129 2222 nequaquam
1157 2167 1259 2222 Vnus
1291 2153 1339 2203 in
1365 2167 1540 2205 escam
1568 2169 1715 2206 suam
1749 2154 1911 2222 eligit.

448 2218 593 2288 Sicut
621 2217 867 2288 dominus
908 2219 985 2273 vel
1030 2221 1281 2285 magister
1314 2222 1532 2288 quilibet
1571 2238 1691 2275 cum
1738 2217 1952 2279 sibimet

370 2285 569 2344 καὶ)ᾶὶιί
598 2287 935 2354 deliquerint,
986 2299 1140 2355 prout
1185 2292 1311 2352 \tlll,
1332 2285 1436 2343 aut
1463 2293 1702 2343 (ilSlrlCll'.
1733 2296 1812 2347 vel
1844 2296 1951 2348 cle-

380 2373 584 2411 menter
614 2359 664 2410 in
692 2373 783 2411 eos
815 2360 1085 2420 emendat,
1128 2375 1220 2412 seu
1252 2375 1465 2424 prorsus
1492 2362 1708 2414 dimittit
1736 2381 1747 2415 :
1801 2365 1866 2416 ita
1897 2373 1954 2417 et

384 2427 521 2496 Deus
552 2431 885 2494 omnipotens
928 2426 981 2481 in
1036 2440 1341 2491 peccatores
1387 2432 1810 2496 qualemcunque
1845 2436 1953 2487 vult

381 2495 663 2551 vindictam
681 2506 914 2551 exercet.
935 2497 1310 2553 Verumtamen
1332 2500 1381 2553 in
1404 2495 1500 2553 hoc
1520 2501 1845 2555 dissimiliter
1864 2506 1953 2556 lla-

380 2567 559 2637 gv-llat,
580 2567 697 2633 quia
723 2568 962 2620 voluntas
979 2569 1091 2634 ejus
1109 2583 1320 2634 Semper
1336 2579 1414 2623 est
1431 2571 1570 2637 justa
1591 2588 1603 2622 :
1628 2583 1806 2625 nos‘ra
1826 2590 1955 2627 vero

382 2636 675 2707 saepissime
696 2650 780 2690 aut
808 2639 857 2688 in
878 2639 1008 2689 iram
1024 2653 1116 2690 seu
1136 2639 1355 2707 gratiam
1379 2641 1624 2707 injustam
1640 2641 1951 2697 declinatur.

446 2706 591 2776 Sicut
622 2707 666 2759 is
694 2709 780 2770 qui
807 2710 999 2776 jugiter
1032 2706 1240 2761 veretur
1269 2725 1326 2762 se
1356 2706 1689 2763 ah’hostibus
1722 2712 1952 2766 circum-

378 2774 513 2837 dari,
548 2774 599 2828 in
628 2776 770 2829 omni
805 2774 921 2828 loco
950 2777 1179 2844 gladium
1214 2778 1412 2832 habens
1442 2795 1648 2842 secum,
1696 2791 1853 2835 caute
1897 2798 1955 2838 se

378 2845 660 2918 observat:
698 2847 764 2918 ita
806 2856 860 2898 et
887 2848 974 2918 ille
998 2851 1086 2915 qui
1115 2846 1313 2918 jugiter
1340 2866 1369 2902 a
1399 2849 1677 2904 desideriis
1722 2853 1955 2907 carnali-

382 2916 479 2966 bus
508 2929 602 2983 per
630 2916 850 2968 insidias
879 2916 1076 2969 diaboli
1120 2916 1391 2985 'tatigatur,
1445 2935 1657 2982 semper
1684 2922 1842 2975 debet
1893 2938 1953 2976 se

381 2987 696 3056 praemunire
724 2985 883 3039 armis
897 2987 1281 3053 spiritualibus,
1312 2990 1359 3043 id
1385 3003 1486 3053 est,
1522 2991 1733 3056 vigiliis,
1767 2993 1957 3046 oratio-

383 3055 558 3125 nibus,
587 3053 823 3125 jejunus,
869 3071 1017 3109 sacra
1046 3058 1271 3111 lectione
1300 3053 1611 3125 czeterisque
1641 3063 1949 3117 virtutibus.

387 3123 538 3177 Unde
561 3123 844 3191 modum
865 3125 1111 3179 admonet
1138 3142 1233 3182 nos
1255 3130 1437 3184 dicens
1470 3149 1482 3183 :
1517 3123 1722 3184 Induite
1748 3147 1832 3183 vos
1858 3147 1957 3186 ar-

378 3204 629 3265 maturam
652 3193 763 3259 Dei,
779 3204 833 3247 ut
853 3198 1054 3265 possitis
1082 3206 1216 3250 stare
1234 3199 1476 3253 adversus
1503 3201 1717 3253 insidias
1739 3202 1952 3258 diaboli.

450 3264 1092 3338 Sicutgranmuseminis
1120 3267 1173 3321 in
1215 3277 1353 3321 terra
1404 3270 1698 3338 projectum
1753 3273 1955 3326 nullum

383 3332 579 3453 profert
608 3332 853 3397 ﬂuctum,
881 3336 980 3388 nisi
1012 3340 1154 3402 prius
1178 3332 1431 3394 moriatur
1458 3332 1554 3405 ita;
1580 3351 1630 3392 et
1660 3342 1818 3392 homo
1842 3342 1958 3394 nul-

404 3417 465 3453 (ll
490 3403 791 3453 snirittiales
822 3406 1020 3453 fructus
1053 3408 1287 3453 nmferre
1315 3410 1469 3453 valet,
1506 3410 1604 3453 nisi
1634 3411 1778 3453 nrine
1808 3412 1952 3453 vitii:

404 3417 465 3455 os
490 3403 791 3467 spirituales
822 3406 1020 3459 fructus
1052 3408 1287 3474 proferre
1315 3410 1474 3476 valet,
1506 3403 1605 3464 nisi
1634 3411 1778 3476 prius
1808 3412 1952 3465 vitiis

382 3484 433 3547 et
466 3476 1231 3547 concupiSrentiiscarnalibus
1256 3479 1532 3533 moriatur.
1565 3479 1711 3533 Unde
1738 3480 1954 3547 Aposto-

383 3541 465 3595 lus
494 3543 746 3597 admouet
774 3560 870 3598 nos
898 3546 1081 3599 dicens
1108 3563 1119 3598 :
1172 3546 1480 3615 Mortiﬁcate
1522 3566 1570 3601 m
1592 3550 1743 3602 'mbra
1788 3541 1955 3604 vestra

380 3626 492 3675 quc
532 3622 651 3685 sunt
694 3630 843 3685 super
887 3624 1102 3678 terram,
1148 3617 1199 3669 id
1238 3628 1343 3685 est,
1394 3620 1815 3680 loruicaliOuem,
1859 3620 1956 3673 im-

384 3682 717 3747 munditiam,
751 3684 1041 3738 libidinem.
1070 3682 1390 3751 Quibusdam
1422 3704 1550 3741 vero
1576 3689 1703 3742 dixit
1727 3689 1953 3745 :Mortui

379 3752 520 3816 estis,
545 3764 592 3805 rt
623 3754 727 3805 vita
751 3765 916 3808 vestra
948 3754 1242 3809 abscondita
1267 3767 1338 3810 est
1367 3774 1481 3810 cum
1504 3758 1704 3811 Christo
1742 3762 1793 3812 in
1824 3760 1951 3815 Deo.

454 3820 605 3894 Sicut
635 3834 826 3887 nautae,
852 3840 970 3877 cum
995 3826 1313 3894 remigantes
1337 3830 1596 3893 laborant,
1616 3844 1803 3882 manus
1831 3845 1951 3884 cum

383 3892 546 3945 remis
565 3894 723 3967 prius
750 3910 957 3967 sursum
989 3892 1189 3967 levant,
1218 3906 1271 3950 et
1293 3897 1484 3952 deinde
1510 3900 1560 3951 in
1586 3892 1781 3967 aquam
1833 3903 1953 3953 tuit-

386 3969 529 4025 tnut;
560 3962 851 4035 itaromnes
884 3964 1067 4019 fideles
1104 3968 1407 4033 priusquam
1442 3962 1708 4021 terrenum
1733 3969 1951 4035 aliquod

384 4044 522 4102 opus
554 4031 771 4093 faciant,
795 4037 979 4101 gratia:
1009 4031 1254 4102 superum
1285 4037 1479 4090 debent
1507 4053 1564 4091 se
1585 4031 1946 4094 committere.

386 4101 580 4177 Remos
605 4102 747 4177 enim
771 4108 848 4177 _i_n
894 4107 1055 4177 altum
1083 4101 1283 4158 levare
1311 4146 1324 4167 ,
1358 4116 1411 4160 et
1449 4108 1642 4160 deinde
1674 4109 1724 4161 in
1754 4124 1946 4177 aquam

383 4169 912 4248 utittet‘e,_signiﬁcat
945 4176 1255 4248 Aspiritualia
1286 4187 1338 4230 et
1382 4191 1610 4244 superna
1642 4169 1950 4248 prius-esse

383 4243 697 4315 quaerenda,
724 4254 925 4315 et_post
944 4243 1056 4295 haec
1085 4259 1226 4315 cura:
1251 4243 1472 4299 terrenze
1502 4243 1947 4315 opus-providen-

379 4311 527 4363 dum.
583 4309 731 4365 Unde
778 4311 1037 4365 Dominus
1093 4313 1143 4366 in
1188 4314 1477 4379 Evangelii)
1507 4309 1627 4369 dicit
1664 4309 1677 4368 Ξ
1721 4318 1948 4380 Qua’rite

384 4380 605 4454 primum
636 4397 846 4454 regnum
899 4381 994 4435 Dei
1018 4425 1032 4449 ,
1059 4391 1102 4433 et
1120 4383 1385 4452 justitiam
1410 4386 1540 4454 ejus,
1572 4395 1619 4438 et
1639 4386 1747 4439 hac
1777 4390 1947 4441 omnia

380 4450 871 4518 adjicientur’vobis.

2127 1867 2275 1925 Sicut
2299 1873 2587 1939 sculpturze
2619 1870 2830 1922 inllicue
2860 1870 3086 1935 qualitas
3118 1870 3163 1921 in
3190 1868 3359 1934 sigillo
3386 1867 3605 1939 nonnisi

2053 1956 2148 2003 per
2174 1956 2310 1993 cera:
2340 1936 2740 2010 impressionem
2791 1941 2918 1993 satis
2966 1939 3176 2009 agnosci
3215 1940 3383 1998 valet,
3437 1936 3503 1989 ita
3546 1950 3606 1989 et

2052 2011 2394 2063 iuvisibilium
2441 2012 2847 2077 cmlesuuniqne
2900 2025 3077 2061 rerum
3124 2018 3324 2059 secreta
3372 2010 3603 2074 consltiet

2052 2088 2363 2148 nequeunt,
2409 2081 2507 2135 nisi
2557 2095 2652 2148 per
2713 2080 2967 2146 impressa
3018 2078 3300 2148 visibilium
3342 2079 3598 2138 exetnpla.

2054 2147 2206 2204 Unde
2246 2150 2498 2204 Dominus
2548 2147 2727 2203 uoster
2774 2151 2840 2202 de
2886 2149 3123 2202 caelestis
3152 2147 3297 2217 regni
3339 2148 3590 2215 mysteriis

2052 2221 2294 2288 loquens,
2328 2221 2523 2289 saepius
2549 2219 2750 2272 addidit
2798 2219 3024 2285 aliquam
3075 2218 3346 2289 praesentis
3386 2217 3495 2289 vita;
3521 2217 3591 2268 si-

2052 2285 2443 2355 militudinem",
2467 2306 2561 2358 per
2589 2290 2752 2350 hanc,
2808 2289 3015 2341 scilicet
3037 2333 3050 2350 ,
3108 2288 3370 2358 incognita
3391 2285 3600 2358 iaciens

2055 2372 2195 2420 nota.
2228 2370 2286 2412 ut
2314 2375 2329 2414 :
2358 2356 2541 2414 Simile
2569 2369 2640 2412 est
2671 2375 2882 2417 rc,num
2912 2360 3153 2412 caelorum
3208 2356 3400 2410 homini
3443 2357 3603 2424 patri-

2055 2429 2299 2500 familias,
2334 2432 2603 2497 tnultaque
2631 2429 2711 2482 bis
2743 2429 2954 2500 similia.

2134 2501 2278 2555 Sicut
2307 2511 2486 2554 tenera
2515 2495 2777 2565 parVaque
2803 2497 3024 2568 virgulta
3056 2495 3119 2550 ad
3147 2496 3400 2562 quaslibet
3430 2508 3615 2568 neces-

2054 2570 2191 2623 saria
2225 2572 2391 2636 magis
2436 2571 2570 2623 ﬂecti
2618 2577 2820 2633 queunt
2848 2566 3004 2638 quam
3042 2582 3242 2638 magum
3284 2576 3339 2619 et
3382 2566 3617 2631 antiquas

2054 2634 2405 2700 arhores,ita
2427 2651 2478 2694 et
2503 2638 2743 2693 h0miues
2773 2640 2823 2692 iu
2854 2634 3075 2705 pueritia
3108 2634 3495 2704 veljuventute
3524 2649 3625 2701 po-

2054 2711 2144 2764 siti
2187 2710 2391 2765 f.icilius
2418 2713 2653 2763 converti
2682 2720 2897 2777 possunt
2937 2708 3000 2760 ad
3025 2706 3256 2759 debitam
3297 2707 3626 2777 Christiane

2056 2780 2327 2847 religionis
2356 2775 2709 2845 disciplinam,
2742 2795 2896 2846 quam
2928 2778 2978 2829 in
3010 2785 3325 2847 senectute,
3358 2775 3624 2847 quia_se-

2059 2842 2245 2903 necius
2278 2842 2557 2918 impatiens
2578 2860 2657 2903 est
2689 2842 2973 2916 all—quaevis
3000 2846 3243 2918 inusitata
3269 2846 3433 2895 flecti.
3464 2842 3633 2897 Unde

2057 2919 2309 2986 scriptum
2352 2914 2435 2973 est
2467 2937 2478 2972 :
2510 2922 2637 2985 Qut?
2668 2936 2767 2972 non
2799 2914 3065 2986 congregas
3089 2914 3143 2986 in
3165 2916 3453 2984 juventutc,
3482 2930 3633 2979 quo-

2058 2985 2207 3061 modo
2232 3008 2288 3042 ea
2314 2991 2497 3061 habere
2528 2991 2710 3061 poteris
2734 2992 2785 3043 in
2816 2985 3103 3041 senectute?
3185 3052 3200 3061 _
3277 3051 3310 3061 η

2133 3060 2284 3114 Sicut
2314 3060 2363 3114 in
2396 3051 2537 3113 mari
2552 3059 2866 3132 navigantes
2896 3067 2997 3132 tam
3023 3052 3205 3132 procul
3229 3051 3458 3132 alittore
3491 3067 3630 3119 pos-

2060 3141 2183 3183 Sunt
2215 3145 2410 3192 meare,
2446 3140 2500 3183 ut
2550 3123 2702 3183 illud'
2725 3143 2829 3180 non
2863 3127 3115 3189 videant,
3148 3123 3215 3176 ita
3248 3123 3297 3173 hi
3327 3123 3414 3187 qui
3447 3137 3629 3175 stPCII-

2066 3200 2260 3253 laribus
2290 3201 2431 3253 curis
2475 3199 2553 3253 vel
2602 3197 2902 3250 carnalibus
2956 3194 3051 3247 des
3072 3193 3235 3247 deriis
3263 3192 3577 3244 deserviunt
3606 3234 3625 3256 ,

2062 3270 2113 3323 in
2152 3281 2349 3322 tantam
2375 3266 2705 3338 negligentia:
2727 3264 3152 3338 profunditatem
3169 3262 3349 3315 venire
3373 3276 3623 3325 possum,

2063 3348 2119 3393 ut
2147 3355 2243 3393 nee
2271 3333 2470 3408 judieii'
2485 3336 2644 3391 divini
2676 3336 3063 3410 recolai_tt,_nec
3083 3333 3316 3410 aliquam
3346 3342 3626 3410 perpetua:

2065 3425 2236 3476 piens:
2266 3399 2550 3462 vindictam
2581 3407 2818 3479 credant.
2843 3404 2995 3461 Unde
3016 3402 3267 3469 scriptmu
3288 3399 3624 3479 est:lntpius

2058 3496 2173 3531 cum
2205 3481 2387 3532 venerit
2418 3480 2469 3531 in
2499 3477 3196 3549 profunduntpeccatorum,
3220 3477 3511 3549 contemnit.

2128 3550 2279 3603 Sicut
2310 3550 2392 3604 leo
2419 3561 2472 3603 et
2499 3542 2657 3618 lupus
2714 3546 2994 3618 visibiliter
3046 3542 3359 3595 insidiantur
3410 3542 3620 3618 anima-

2062 3619 2186 3672 linm
2232 3620 2476 3691 gregibus
2509 3657 2523 3681 ,
2560 3612 2644 3691 ita
2694 3627 2745 3669 et
2780 3616 3064 3691 ‘diabolus,
3119 3626 3375 3691 quaerens
3414 3612 3617 3691 iugiter

2056 3705 2210 3756 quem
2235 3683 2460 3743 devoret
2487 3698 2537 3743 et
2569 3686 2632 3756 ad
2666 3687 3015 3756 perditionem
3047 3683 3237 3756 trahat,
3274 3683 3621 3756 invisibiliter

2057 3749 2333 3813 insidiatur
2357 3757 2563 3813 cunctis
2594 3749 2859 3829 fidelibus.
2896 3754 3045 3829 Unde
3073 3753 3329 3829 scriptum
3353 3759 3434 3829 est
3473 3770 3484 3829 ξ
3513 3749 3615 3829 So-

2056 3829 2150 3881 ln'ii
2180 3838 2334 3882 estote
2360 3838 2407 3881 et
2444 3828 2664 3895 vigilate,
2693 3827 2813 3895 quia
2843 3824 3158 3877 adversarius
3189 3830 3348 3895 vester
3376 3821 3429 3871 di
3448 3820 3613 3871 .botus

2055 3909 2297 3969 tanquam
2325 3901 2402 3952 leo
2433 3890 2634 3970 rugiens
2661 3890 2863 3970 circuit,
2894 3907 3121 3970 quaerens
3145 3906 3288 3958 quem
3314 3890 3535 3970 devoret.

2125 3962 2275 4023 Sicut
2300 3962 2661 4035 regina'Saba
2694 3966 2917 4019 audiens
2970 3978 3036 4035 es
3100 3962 3235 4035 fatua
3292 3962 3609 4035 sapientiam

2052 4029 2388 4102 Salomonis,
2407 4039 2551 4091 venit
2579 4035 2643 4090 ad
2668 4050 2812 4108 eum,
2836 4043 2889 4087 et
2912 4030 3263 4108 [aliquandiu-
3288 4031 3425 4108 apud
3446 4029 3608 4108 illum

2055 4124 2273 4161 manens
2299 4151 2313 4171 ,
2365 4099 2545 4160 'multo
2590 4103 2807 4174 majoris
2836 4104 3107 4171 sapientia:
3133 4101 3353 4177 gloriam
3388 4102 3459 4151 ibi
3487 4099 3613 4178 vidit

2053 4194 2206 4245 quam
2233 4180 2417 4232 auditu
2448 4179 2601 4231 fama:
2653 4186 2807 4227 antea
2860 4180 3184 4247 percepisset
3210 4187 3225 4234 ;
3254 4184 3331 4222 Sic
3356 4182 3410 4247 et
3435 4183 3603 4247 annua

2050 4242 2273 4316 qua-que
2303 4247 2495 4310 ﬁdelis,
2523 4260 2643 4300 cum
2670 4257 2923 4316 erroneus
2962 4244 3183 4316 allectus
3230 4242 3495 4316 corrigere
3521 4242 3602 4289 iu-

2050 4308 2273 4384 cipieits,
2302 4328 2407 4370 tota
2428 4308 2621 4369 virtute
2643 4313 2937 4384 confugerit
2960 4315 3023 4363 ad
3048 4326 3227 4384 verum
3247 4308 3601 4384 S_a|0tuonetn,

2054 4379 2210 4439 id'cst
2235 4379 2530 4448 Christum,
2585 4388 2755 4437 tnulto
2786 4379 3038 4448 majorem
3071 4381 3381 4447 sapientiam
3414 4390 3463 4431 et
3483 4393 3601 4445 gra-

2054 4460 2176 4508 tiam
2210 4457 2279 4509 ibi
2318 4458 2512 4510 sentiet
2537 4470 2695 4523 qnam
2732 4453 2849 4504 ullis
2884 4456 3205 4520 scriptorum
3240 4453 3317 4502 vel
3345 4449 3598 4500 diuorum

452 4512 600 4573 Sicut
628 4520 788 4588 frigus
835 4524 1145 4575 immensum
1178 4538 1362 4577 omnes.
1396 4533 1552 4577 terra:
1578 4526 1778 4578 fructus
1809 4540 1907 4579 cor
1970 4512 2021 4569 D
2054 4526 2268 4579 iudiciis
2297 4526 2365 4579 de
2390 4542 2453 4578 eo
2478 4512 2722 4576 audierit.

385 4589 600 4658 rumpit,
628 4591 695 4642 ita
720 4592 920 4644 malitia
948 4602 1000 4645 et
1030 4592 1309 4647 infidelitas
1344 4594 1569 4646 humana
1617 4610 1829 4649 omnetn
1861 4596 1941 4649 tli-

384 4662 518 4710 viuae
547 4660 754 4725 pietatis
784 4662 1105 4728 agnitionem
1131 4704 1143 4723 ,
1176 4666 1240 4713 de
1273 4679 1371 4729 qua
1405 4666 1707 4727 spirituales
1738 4664 1943 4719 fructus

384 4731 648 4803 oriuntur,
680 4731 895 4803 claudit.
926 4732 1073 4785 Unde
1103 4735 1168 4784 de
1202 4732 1424 4784 Dumth
1454 4745 1636 4787 nostro
1676 4738 1867 4803 legitur
1892 4736 1945 4790 in

388 4799 670 4865 Evangelio
724 4802 845 4867 quia
894 4815 997 4853 non
1061 4812 1265 4868 poterat
1316 4804 1447 4855 ullas
1500 4799 1751 4857 virtutes'
1773 4806 1946 4859 facere

386 4877 600 4933 propter
627 4868 1043 4938 incredulitatem
1084 4872 1453 4938 quorumdam.
1492 4873 1622 4925 Hinc
1658 4872 1782 4926 alibi
1812 4876 1942 4927 scri-

384 4947 527 5002 ptum
556 4947 637 4990 est
669 4956 680 4989 :
716 4936 780 4989 lu
810 4936 1114 4993 mala-olant
1150 4942 1372 4992 animum
1426 4958 1525 4993 non
1579 4944 1804 4996 introibit
1859 4960 1945 4997 sa-

378 5007 593 5079 pientia,
628 5023 716 5079 nec
745 5010 985 5079 habitabit
1012 5012 1063 5061 in
1091 5026 1302 5076 corpore
1323 5012 1528 5064 subdito
1558 5015 1793 5079 peccatis.

452 5075 795 5150 Sicut‘bestia
827 5089 975 5143 capta
1008 5079 1068 5150 iu
1125 5075 1223 5150 reti
1279 5075 1581 5147 implicatur
1617 5097 1683 5136 ne
1712 5081 1945 5150 etingere

385 5145 579 5219 possit,
606 5147 675 5200 ita
700 5155 752 5199 et
783 5150 941 5200 homo
982 5148 1179 5219 divitiis
1209 5159 1260 5201 et
1289 5145 1644 5217 voluptatibus
1670 5154 1788 5203 vitae
1816 5145 1946 5219 prte-

386 5216 556 5288 sentis
582 5231 792 5282 captus,
826 5228 916 5288 aut
945 5218 1027 5288 vix
1056 5229 1147 5269 aut
1179 5219 1485 5271 nullatenus
1516 5220 1707 5273 exinde
1735 5216 1941 5288 ellitg'u.

386 5285 511 5339 Ideo
533 5298 710 5340 autem
744 5289 825 5339 vix
855 5286 1002 5353 fugit,
1031 5288 1382 5357 quianonuisi
1406 5302 1524 5341 cum
1546 5304 1737 5357 magno
1762 5285 1947 5345 labore

385 5357 682 5423 voluptates
706 5360 889 5410 solitas
920 5359 1100 5409 vincit.
1141 5354 1288 5410 Unde
1338 5356 1594 5410 Dominus
1638 5354 1777 5412 dicit
1806 5380 1817 5411 ;
1849 5360 1946 5413 lie-

380 5442 534 5491 gnum
563 5430 797 5480 caelorum
822 5429 921 5478 vim
950 5429 1162 5493 patitur,
1194 5435 1240 5479 et
1272 5427 1478 5479 violenti
1530 5430 1741 5494 rapiunt
1790 5431 1943 5484 illud.

386 5494 611 5549 Masitue
653 5510 881 5565 naque
926 5496 1140 5547 violenti
1184 5505 1346 5559 sunt,
1401 5498 1489 5563 qui
1533 5498 1945 5552 inntnnerahiles

382 5565 579 5616 diaboli
607 5567 823 5618 insid.as
845 5575 949 5616 tam
972 5567 1021 5617 in
1041 5568 1281 5617 adversis
1303 5581 1456 5631 quam
1484 5572 1753 5634 proSperis
1787 5570 1944 5622 rebus

391 5635 588 5701 positas
615 5650 960 5701 perrumpere
990 5646 1042 5687 et
1071 5638 1298 5689 evadere
1327 5645 1565 5701 possunt.

452 5700 596 5753 Sicut
622 5700 819 5757 animal
844 5704 1129 5771 quoddam,
1160 5706 1210 5757 itt
1244 5706 1410 5757 lacum
1442 5707 1523 5759 vel
1558 5706 1723 5760 lutum
1751 5723 1816 5761 ex
1860 5709 1940 5760 iu-

378 5784 527 5827 curta
559 5774 775 5841 cadens,
812 5775 1114 5828 nullatenus
1139 5774 1334 5831 exinde
1360 5776 1603 5847 progredi
1636 5778 1838 5844 nititur,
1875 5781 1941 5833 ita

2122 4596 2273 4649 Sicut
2303 4610 2459 4650 nemo
2503 4603 2817 4647 construere
2863 4590 2960 4645 sibi
2994 4598 3170 4659 potest
3200 4584 3551 4641 habitaculum
3590 4625 3604 4644 ,

2050 4666 2149 4718 nisi
2185 4666 2331 4734 prius
2360 4666 2551 4719 habeat
2583 4664 2756 4734 locum
2787 4661 3017 4734 aliquem
3050 4661 3114 4711 ad
3153 4659 3563 4734 cottstruendum
3592 4697 3606 4718 ,

2054 4738 2125 4787 ita
2170 4728 2326 4788 nemo
2351 4735 2549 4799 aliquid
2583 4732 2704 4784 boni
2732 4732 2907 4784 facere
2932 4732 3089 4792 valet,
3124 4729 3223 4781 nisi
3260 4728 3610 4799 priusvolnu-

2051 4815 2209 4857 tatem
2262 4797 2454 4858 bonam
2495 4800 2802 4856 obtinuerit.
2840 4800 2986 4854 L‘nde
3025 4798 3221 4867 jugiter
3248 4797 3501 4849 orandqu
3534 4805 3617 4847 est

2050 4884 2101 4926 et
2128 4874 2408 4926 dicendum
2442 4889 2457 4927 :
2488 4872 2588 4926 Cor
2632 4870 2875 4923 mundum
2908 4884 3021 4921 crea
3049 4872 3098 4920 in
3125 4885 3225 4939 me,
3260 4867 3413 4939 Deus,
3442 4876 3488 4917 et
3514 4867 3617 4939 spi-

2047 4946 2201 4995 ritum
2230 4955 2419 4995 rectum
2447 4944 2631 4996 innova
2656 4942 2705 4993 in
2728 4939 2995 4992 visceribus
3026 4940 3167 4991 meis.
3196 4936 3281 5000 Et,
3303 4937 3348 4989 0
3374 4936 3613 4997 Domine,

2047 5014 2270 5085 (fallit/tt-
2306 5011 2432 5066 vclle
2462 5012 2668 5073 bonum,
2701 5011 2830 5062 vires
2855 5012 2921 5061 ad
2948 5009 3331 5085 perﬁciendum.
3372 5078 3381 5085 _
3572 5075 3581 5082 .

2117 5082 2268 5137 Sicut
2300 5084 2471 5149 pisces
2498 5094 2766 5148 nunquam
2796 5088 2989 5145 Sponte
3020 5092 3113 5131 sua
3144 5119 3159 5141 ,
3193 5080 3285 5129 sed
3336 5080 3619 5149 piscatoris

2054 5144 2391 5205 solummodo
2418 5162 2534 5204 arte
2562 5144 2735 5219 aliqua
2768 5144 3000 5215 decepti,
3027 5149 3093 5199 ab
3144 5149 3295 5214 aquis
3340 5144 3479 5211 capti
3508 5156 3621 5194 tra-

2050 5224 2244 5294 huntur
2271 5260 2294 5294 ,Δ
2339 5224 2409 5274 ita
2461 5222 2619 5294 etiam
2642 5218 2929 5294 _inn_nes_ad
2962 5222 3121 5294 vitam
3147 5226 3426 5294 _a,-tertiattt
3473 5230 3620 5294 praef

2049 5290 2320 5357 destinati,
2349 5306 2375 5341 a
2406 5289 2686 5344 mundanis
2726 5288 2972 5343 ﬂuctibus
3004 5289 3113 5341 Sola
3145 5287 3234 5340 Dei
3264 5288 3430 5357 gratia
3462 5287 3619 5349 quasi

2048 5362 2280 5427 quodam
2305 5371 2418 5415 rete
2446 5362 2583 5425 capti
2618 5362 2928 5431 liberantur.
2948 5359 3001 5410 In
3028 5356 3625 5431 hujusmodienimrete

2051 5426 2453 5503 nullusspOnte
2473 5446 2575 5503 sua
2602 5430 2929 5503 ingreditur,
2962 5428 3053 5480 sed
3086 5426 3259 5495 aliqua
3285 5426 3475 5503 divina:
3503 5426 3622 5487 pie-

2050 5502 2171 5553 talis
2196 5502 2443 5565 dispeusa
2472 5501 2593 5553 ioue
2620 5516 2758 5553 nunc
2782 5500 2991 5567 quidem
3018 5513 3110 5564 per
3141 5510 3414 5562 prospera,
3447 5500 3622 5567 inter-

2046 5570 2170 5621 dum
2204 5562 2333 5623 vero
2381 5585 2474 5637 per
2503 5570 2727 5624 adversa
2755 5562 2996 5628 vocatus,
3019 5562 3418 5637 illue__traltitur.
3459 5562 3621 5617 Unde

2051 5640 2302 5693 Dominus
2332 5634 2513 5692 noster
2540 5641 2589 5691 iu
2618 5639 2905 5703 Evangelia
2927 5638 3055 5690 dlCll
3087 5653 3100 5687 :
3134 5634 3297 5689 Nemo
3326 5644 3489 5701 potest
3522 5647 3619 5684 ve-

2048 5726 2157 5781 ntre
2176 5711 2243 5761 ad
2266 5726 2362 5769 mc.
2379 5710 2476 5761 nisi
2498 5708 2653 5761 Pater
2677 5724 2832 5770 meus,
2852 5709 3098 5781 qui_ntisit
3120 5722 3217 5768 me,
3243 5716 3453 5781 trusus-tt
3476 5717 3622 5781 eum.

2118 5780 2267 5835 Sit’tll
2325 5782 2655 5835 immensitas
2705 5789 2755 5833 et
2834 5775 3163 5846 profunditas
3222 5777 3385 5830 tuaris
3430 5775 3620 5842 nequit
