4026 6200
440 324 564 382 Mill

1466 322 1527 380 IN
1575 323 1893 382 l‘SAMlUM
1937 327 2019 381 l.ll
2062 324 2615 383 COMMENTARIUS.

3538 334 3671 388 ΜΗ

436 440 711 521 exhauriri
742 455 801 493 ac
830 438 1270 521 perscru‘tarini‘ta
1290 439 1692 521 judicia-divina
1726 450 1994 521 nequeunt
2024 445 2069 501 Α
2101 441 2231 495 festa
2262 442 2569 521 suajudicja
2597 442 2864 521 sapienter
2890 453 2937 521 et
2961 442 3380 521 ju_ste_d_i_spunit,
3416 450 3659 503 eamne...

437 525 655 580 prorsus
674 511 995 579 invi-stigari.
1016 510 1167 580 Unde
1189 509 1463 580 Psaltnista
1483 510 1609 580 dicit
1633 508 1865 562 :Judicia
1884 522 1991 576 tua,

440 578 675 636 Domine.
701 578 912 648 abyssns
940 582 1120 630 multa.
1160 579 1289 631 llinc
1314 588 1367 629 et
1398 578 1585 629 Paulus
1608 582 1878 648 apostolus
1908 582 1991 632 .Ij-

439 651 538 705 cit:
561 648 603 702 Ο
622 647 834 701 altitudo
852 650 1145 701 divitiarum
1168 649 1428 714 sapientia!
1448 658 1496 698 et
1517 649 1599 699 scit
1617 650 1734 700 ntiw
1757 647 1988 703 Deﬂete.

512 720 657 774 Sient
691 720 739 770 in
774 729 1012 783 tempore
1053 718 1172 770 belli
1210 718 1374 769 multo
1415 717 1601 782 majori
1646 718 1867 768 militqu
1898 735 1992 769 tui-

447 807 477 841 ιι
501 804 594 842 ero
642 804 797 855 quam
846 789 894 837 in
929 802 1055 852 pace
1082 802 1214 851 opus
1239 797 1314 839 est
1346 787 1409 837 ad
1444 786 1793 838 resistendum
1825 785 1990 839 ho-ti-

438 859 557 918 bus.
585 859 652 910 ita
680 858 1026 921 amplioribus
1057 858 1308 908 virtutum
1334 855 1525 906 studiis
1549 856 1857 907 certandum
1887 871 1987 919 cSt,

435 928 648 994 quando
679 928 755 977 vel
782 925 1097 989 generaliter
1128 927 1359 978 Eccleia
1390 933 1571 975 sant-ta
1617 924 1863 991 nequitiis
1886 928 1991 991 Spi-

439 996 718 1050 ritualibus
751 999 867 1062 plus
916 998 1198 1062 fatigatur,
1249 997 1330 1048 vel
1384 995 1683 1061 specialiter
1731 994 1989 1061 quispiam

436 1066 729 1119 acrioribus
760 1069 1002 1118 vitiorum
1036 1067 1315 1117 iucentivis
1348 1070 1703 1128 itnpuguatur.

504 1136 653 1189 Sicut
683 1152 774 1202 per
800 1135 1065 1187 stillicidia
1099 1146 1353 1188 lectorum
1381 1134 1687 1198 pravissima
1716 1142 1850 1187 tecta
1884 1136 1987 1190 nisi

434 1204 761 1269 reﬁciantur,
795 1206 1043 1272 paulatim
1075 1219 1292 1270 prorsus
1330 1203 1631 1255 dilabuntur
1652 1241 1667 1267 ,
1699 1202 1767 1255 ita
1797 1206 1988 1259 anima:

432 1277 716 1343 negligeuti
746 1276 946 1329 evenit.
978 1276 1031 1327 lu
1059 1275 1244 1340 primis
1267 1276 1405 1325 enim
1434 1273 1576 1325 velut
1608 1274 1805 1325 minuta
1837 1291 1989 1342 qure-

432 1345 553 1399 dam
584 1345 851 1399 stillicidia
885 1345 1216 1410 negligentia:
1250 1357 1309 1394 ea
1351 1356 1690 1408 corrumpunt
1724 1383 1738 1405 ,
1795 1343 1990 1398 deinde

436 1418 675 1481 magisac
693 1417 859 1482 magis
882 1415 1116 1467 moribus
1141 1429 1233 1475 per
1265 1413 1517 1482 incuriam
1546 1413 1763 1476 dilapsis
1791 1413 1988 1467 imbres

438 1484 720 1554 largissimi
785 1481 1033 1537 vitiorum
1085 1484 1326 1554 inlinunt.
1365 1481 1513 1554 Unde
1564 1483 1817 1550 scriptum
1858 1493 1985 1537 est:

441 1552 542 1620 Qui
572 1556 771 1607 modica
807 1555 1017 1621 spernit,
1075 1552 1322 1622 pautatim
1350 1552 1566 1622 decidet.

509 1624 656 1679 Sicut
707 1640 926 1690 granum
972 1621 1244 1689 quodlibet
1289 1622 1432 1673 varia
1492 1621 1677 1674 tritura
1728 1621 1991 1677 excutitur

436 1707 465 1745 a
498 1695 683 1762 paleis,
718 1694 786 1746 ita
813 1702 867 1747 et
897 1692 1064 1746 fidelis
1091 1692 1289 1748 anima.
1316 1706 1435 1759 qua:
1464 1692 1598 1744 intra
1624 1706 1819 1762 corpus
1848 1694 1989 1762 velut

2097 525 2308 577 quoque
2356 512 2613 574 justitiam
2647 514 2695 563 in
2730 514 2951 565 secretis
3004 512 3219 579 judiciis
3262 528 3515 568 exercere
3547 533 3663 571 cre-

2093 581 2252 651 ditur,
2286 581 2353 633 ita
2383 591 2435 633 et
2470 582 2607 633 Deus
2636 582 2973 645 omnipotens
3023 598 3114 645 per
3162 584 3491 637 tnanil’eStam
3520 585 3662 651 judi-

2091 649 2297 725 ciorum
2349 666 2567 725 suorum
2595 652 2929 725 _a2quitatetit
2966 662 3153 725 cuncta
3184 666 3303 718 qtue
3331 649 3536 708 occulte
3570 655 3661 725 jtt-

2091 719 2248 780 dicat,
2276 720 2566 783 justissima
2588 720 2827 785 judicare
2854 721 3149 772 credendus
3176 731 3276 771 est.

2166 787 2314 859 Sicut
2348 790 2534 842 melius
2563 790 2790 841 dulcedo
2819 792 3071 848 ite-citur,
3128 789 3225 842 nisi
3258 790 3452 856 aliquid
3478 802 3659 859 guste.

2093 867 2198 918 tttr,
2248 858 2315 909 ita
2366 859 2755 912 iiimstmabilis
2797 860 2989 911 divinae
3023 860 3229 923 pietatis
3274 858 3501 913 suavitas
3530 866 3655 916 sciri

2094 929 2176 979 vel
2231 929 2373 980 credi
2426 929 2629 995 nequit,
2680 928 2777 980 nisi
2837 944 2927 993 per
2982 930 3402 988 exiterimentnm
3444 931 3661 993 aliquod

2090 1006 2347 1063 gustetnr.
2387 997 2537 1052 Unde
2591 998 2868 1068 Psalmista
2920 998 3086 1052 dicit:
3117 996 3329 1050 Gustata
3357 1008 3405 1051 et
3451 1000 3649 1068 videte,

2089 1083 2169 1133 qu-
2197 1069 2333 1118 nium
2365 1069 2533 1120 suavis
2564 1077 2634 1118 est
2670 1065 2942 1121 Dominus.

2160 1136 2306 1189 Sicut
2355 1152 2447 1189 vas
2522 1138 2790 1196 quodlibet
2843 1139 3048 1200 plenum
3117 1152 3451 1205 nequaquam
3508 1138 3651 1192 aliud

2090 1210 2210 1275 quid
2242 1220 2431 1269 capere
2462 1209 2618 1269 valet,
2673 1206 2771 1257 nisi
2817 1207 2959 1271 prius
2997 1208 3273 1260 emittatur
3311 1208 3451 1275 quod
3495 1210 3545 1261 in
3595 1224 3653 1264 se

2092 1274 2339 1341 habebat,
2371 1276 2438 1327 ita
2468 1281 2640 1329 anima
2674 1276 2812 1327 vitiis
2853 1277 3025 1341 plena,
3072 1279 3168 1328 nisi
3214 1293 3305 1341 per
3332 1274 3647 1330 confessio-

2091 1362 2208 1397 nent
2237 1356 2286 1398 et
2313 1348 2675 1409 pteuitentiatn
2704 1345 2887 1397 eadem
2912 1349 3131 1410 eiecerit
3157 1350 3301 1410 vitia,
3331 1347 3640 1402 nullatenus

2091 1418 2140 1466 itt
2172 1430 2288 1467 eam
2322 1415 2537 1467 intrabit
2563 1418 2730 1468 sancti
2772 1415 3002 1480 Spiritus
3034 1416 3221 1482 gratia.

2161 1484 2308 1538 Sicut
2337 1486 2388 1537 in
2420 1488 2545 1538 solis
2577 1487 2722 1537 radio
2755 1500 2847 1551 per
2879 1485 3165 1537 feneStrain
3201 1485 3435 1539 iuunisso
3486 1489 3643 1542 innu-

2090 1556 2377 1609 merabiles
2417 1558 2573 1606 atomi
2637 1554 2922 1617 videntur,
2976 1554 3063 1621 qui
3113 1554 3267 1607 aliter
3315 1557 3481 1609 videri
3551 1574 3650 1612 ne-

2091 1635 2310 1690 queunt,
2345 1625 2414 1677 ita
2463 1636 2516 1677 et
2569 1626 2726 1677 homo
2763 1623 2853 1677 Dei
2892 1623 3059 1689 gratia
3094 1624 3384 1678 illustratus
3416 1628 3657 1681 innume-

2088 1694 2273 1748 rabilia
2316 1696 2368 1747 in
2420 1710 2477 1748 se
2526 1702 2741 1763 peccata
2769 1694 3029 1761 agnoscit,
3063 1710 3180 1763 qua!
3212 1705 3365 1749 antea
3398 1696 3652 1752 latebant.

436 1761 657 1841 granum
686 1765 819 1841 intra
851 1763 1029 1841 paleas
1061 1761 1361 1841 contegitur
1387 1763 1598 1841 ,Jvariis
1628 1761 1979 1841 tribulationi-
2018 1782 2064 1841 Β
2092 1764 2250 1841 Nam”
2281 1765 2403 1817 licet
2451 1779 2479 1815 a
2526 1761 2840 1841 capitalibus
2876 1778 2948 1841 _se
2999 1762 3284 1841 abstineat,
3315 1766 3453 1841 (ιιιρά
3491 1768 3650 1820 etiam

435 1833 533 1885 bus
572 1847 601 1885 a
639 1833 801 1900 paleis
844 1829 1087 1885 vitiorum
1138 1838 1218 1883 est
1256 1830 1597 1900 excutienda.
1653 1829 1801 1883 Unde
1855 1832 1987 1885 scri-

435 1913 577 1968 ptum
608 1899 688 1955 est
720 1920 730 1954 :
768 1901 869 1954 Per
894 1902 1080 1953 multas
1111 1899 1459 1953 tribulationes
1481 1907 1675 1967 Oportet
1693 1916 1781 1952 nos
1798 1900 1989 1956 intrare

432 1972 482 2023 in
504 1989 714 2040 regnum
741 1971 852 2024 Dei.

506 2036 651 2095 Sicut
676 2042 837 2093 lutum
862 2040 912 2094 in
941 2055 1099 2093 manu
1125 2037 1267 2107 ﬁguli
1295 2046 1396 2103 est,
1422 2046 1480 2090 ut
1510 2036 1664 2090 faciat
1683 2036 1805 2092 inde
1831 2039 1990 2108 quale

434 2125 525 2164 vas
567 2110 796 2166 voluerit
830 2149 845 2173 ,
897 2111 976 2164 sic
1017 2120 1070 2163 ct
1113 2123 1301 2161 omnes
1333 2108 1573 2161 homines
1622 2111 1671 2160 in
1706 2126 1861 2162 manu
1893 2108 1988 2163 Dei

434 2191 577 2234 sunt.
607 2181 988 2249 Quemcunque
1013 2179 1120 2232 vult
1146 2178 1304 2249 eligit_
1320 2178 1384 2230 ad
1416 2178 1661 2249 gratiam,
1695 2194 1850 2249 quem
1880 2180 1989 2233 vult

431 2246 643 2304 dimittit
672 2253 734 2303 ad
761 2246 914 2305 iram;
942 2250 1092 2305 Unde
1121 2250 1235 2313 ipse
1256 2246 1383 2317 dicit
1408 2247 1475 2299 ad
1500 2247 1712 2317 Moysen
1736 2266 1746 2299 :
1777 2247 1987 2301 Misere-

432 2320 521 2373 bor
541 2325 622 2372 cui
650 2321 875 2383 voluero,
898 2332 941 2373 et
963 2322 1178 2373 clemens
1200 2332 1284 2369 ero
1312 2316 1364 2369 in
1393 2333 1539 2382 quem
1572 2316 1693 2369 mihi
1716 2319 1984 2384 placuerit.

502 2390 650 2445 Sicut
679 2391 731 2444 in
763 2392 935 2455 capite
975 2398 1217 2442 constant
1266 2386 1403 2439 oculi
1434 2387 1697 2449 omnium,
1726 2391 1797 2441 ita
1822 2390 1984 2442 etiam

430 2460 481 2513 in
513 2460 748 2523 Christo,
795 2460 886 2527 qui
942 2468 1025 2513 est
1075 2467 1231 2524 caput
1279 2456 1517 2527 corporis
1552 2456 1826 2527 Ecclesia,
1858 2472 1987 2511 con-

431 2532 620 2583 sistere
642 2530 800 2583 debet
816 2525 993 2583 omnis
1020 2527 1242 2580 intentio
1270 2525 1525 2578 ﬁdelium.
1561 2525 1709 2579 Unde
1732 2530 1982 2582 Salomon

426 2600 554 2652 dicit
596 2618 607 2651 :
644 2598 901 2665 Sapientis
932 2597 1066 2650 oculi
1097 2598 1147 2647 in
1179 2596 1345 2667 capite
1374 2598 1505 2667 ejus.
1540 2596 1700 2659 Quasi
1732 2597 1933 2652 diceret
1968 2617 1981 2651 :

430 2667 626 2721 Fidelis
656 2665 1327 2739 cujuslibet_in_tentiodebet
1356 2665 1462 2739 esse
1482 2668 1541 2739 in
1571 2667 1733 2739 rapite
1764 2684 1857 2720 suo
1884 2710 1899 2731 ,
1934 2670 1982 2721 id

429 2747 533 2803 est,
567 2739 619 2791 in
650 2736 883 2792 Clirism.
917 2736 1132 2791 Talibus
1169 2738 1324 2802 igitur
1355 2736 1791 2789 similitudinibus
1818 2753 1984 2790 unus-

424 2809 645 2878 quisque
697 2810 1000 2873 intelligens
1048 2821 1109 2878 ac
1157 2806 1433 2878 requirens
1466 2806 1669 2878 Deum,
1706 2807 1772 2878 ita
1809 2815 1983 2874 potest

424 2876 639 2941 instrui,
669 2888 724 2931 ut
752 2893 871 2930 cum
904 2878 952 2929 in
987 2876 1141 2929 terris
1173 2876 1243 2926 sit
1265 2890 1508 2941 Corpore,
1571 2876 1809 2927 cmlestia
1854 2890 1983 2928 con-

425 2948 710 3013 templetur
736 2949 924 3015 spiritu
956 2957 1007 2998 et
1039 2955 1237 3015 mente,
1274 2952 1328 2993 ut
1356 2954 1529 3015 autem
1553 2945 1617 3015 ad
1652 2945 1751 3015 huc
1777 2948 1979 3000 fat-ilius

434 3012 725 3069 instruatur
757 3012 928 3077 ,vlibct
956 3015 1129 3065 adhuc
1173 3014 1380 3077 aliquas
1432 3012 1806 3065 similitudines
1855 3032 1981 3067 sen-

424 3088 599 3139 tentia:
625 3086 1072 3150 breviori3,qnam
1090 3081 1338 3152 superius
1365 3081 1593 3152 prolatas
1620 3082 1834 3147 addere,
1854 3084 1976 3152 quia

422 3164 475 3207 et
535 3158 633 3208 hoc
683 3156 793 3222 ipse
830 3151 1120 3222 tediticandi
1150 3150 1281 3222 ordo
1327 3151 1509 3219 exigit,
1539 3159 1594 3202 ut
1623 3151 1674 3205 in
1704 3150 1978 3209 altitudine

424 3224 657 3277 minores
686 3220 838 3291 quam
869 3224 919 3275 in
948 3223 1054 3275 itno
1081 3220 1278 3287 lapides
1305 3230 1591 3287 ponantur.

493 3293 641 3347 Sicut
662 3294 712 3345 in
733 3307 884 3345 muro
911 3292 1222 3343 mdilicando
1244 3300 1295 3342 et
1324 3293 1463 3353 parv‘
1494 3300 1547 3343 et
1572 3291 1744 3358 magni
1779 3291 1979 3355 lapides

426 3370 711 3429 ponuntur,
730 3364 797 3414 ita
821 3362 870 3413 in
895 3360 1365 3429 sanctaelﬂeelesiae
1388 3359 1664 3429 :edilicium
1687 3370 1791 3429 tam
1811 3376 1979 3414 mmo-

420 3427 495 3485 ris
511 3447 666 3499 quam
684 3431 895 3500 majoris
913 3428 1087 3500 meriti
1103 3428 1382 3500 hominesa
1400 3427 1621 3500 Domino
1634 3427 1973 3497 colliguntur.

491 3496 641 3558 Sicut
669 3496 808 3555 seala
839 3497 1286 3564 duobusquidem
1322 3497 1474 3565 lignis
1502 3496 1552 3549 in
1586 3498 1823 3566 longum,
1859 3500 1980 3565 plu-

420 3572 569 3625 ribus
615 3586 739 3624 vero
790 3573 839 3622 in
890 3582 1247 3622 transversum
1295 3576 1565 3632 compacta
1610 3568 1883 3621 scanditur
1925 3571 1975 3621 in

420 3643 601 3705 altum,
655 3645 723 3692 ita
768 3641 903 3709 genti
946 3655 977 3692 a
1022 3638 1301 3690 dilectione
1352 3638 1442 3709 Dei
1488 3645 1543 3690 et
1601 3636 1870 3702 proximi,
1922 3640 1973 3692 in

420 3725 578 3777 quam
630 3726 707 3764 ca:
734 3706 839 3763 erle
882 3711 1105 3761 virtutes
1160 3706 1454 3762 inserendas
1503 3716 1647 3771 sunt,
1684 3709 1977 3762 ascendere

422 3795 698 3846 possumus
730 3782 780 3831 lit
803 3780 1019 3833 cmlum.

497 3852 641 3903 Sicut
690 3850 937 3919 splemlur
982 3849 1110 3901 Slllls
1156 3860 1368 3919 omnem
1400 3846 1465 3898 ad
1499 3847 1629 3919 lucis
1657 3862 1766 3919 sure
1798 3846 1974 3919 radios

423 3916 852 3973 venienteninon
882 3920 1112 3985 repellit,
1134 3917 1227 3970 sed
1257 3918 1506 3981 illustrat,
1542 3918 1611 3969 ita
1640 3927 1690 3969 et
1727 3916 1975 3972 Salvator

427 3998 605 4042 noster
631 4003 817 4041 omnes
860 3988 923 4041 ad
974 4003 1031 4040 se
1083 3986 1352 4040 venientes
1395 3986 1684 4039 clementer
1728 3988 1970 4052 suscipit,

422 4058 601 4112 dicens
631 4076 645 4113 :
687 4058 858 4111 Venite
884 4060 949 4108 ad
980 4074 1076 4120 me,
1124 4072 1292 4109 omnes
1313 4057 1397 4123 qui
1434 4057 1680 4108 laboratis
1710 4064 1754 4109 et
1782 4059 1975 4111 onerati

420 4132 555 4199 estis,
587 4139 632 4182 et
662 4146 750 4199 ego
774 4129 995 4195 reﬁciam
1021 4144 1124 4179 vos.

490 4197 640 4252 Sicut
666 4196 783 4265 equi
815 4199 1013 4265 absque
1046 4204 1249 4249 rectore
1273 4208 1570 4260 currentes,
1600 4197 1649 4248 in
1684 4196 1970 4265 praecipitia

422 4279 599 4331 ruunt,
622 4272 688 4320 ita
713 4267 1083 4333 etcorpurales
1104 4280 1295 4318 sensus
1319 4266 1433 4318 sine
1458 4268 1661 4318 ratione
1680 4275 1731 4318 et
1752 4268 1973 4334 imperio

420 4336 606 4390 anima:
635 4340 683 4389 in
712 4352 864 4391 suum
894 4336 1131 4389 feruntur
1172 4336 1462 4391 interitum.
1491 4336 1638 4388 Unde
1692 4335 1969 4391 l’salmista

418 4407 669 4460 admouet
693 4422 787 4459 nos
812 4406 991 4460 dicens
1011 4422 1025 4458 :
1048 4404 1219 4457 Nolite
1241 4406 1351 4469 ﬁeri
1376 4407 1502 4457 sicut
1523 4422 1676 4473 equus
1696 4414 1740 4458 et
1773 4408 1965 4460 malus.

488 4477 615 4530 ltem
641 4478 775 4531 sicut
808 4478 925 4545 equi
957 4478 1103 4529 freno
1125 4477 1581 4544 constringuntur,
1609 4476 1840 4543 uejuxta
1871 4494 1960 4527 VH-

420 4545 634 4599 luntatis
659 4561 769 4598 suae
801 4544 1051 4607 impetum
1086 4547 1383 4612 prwcipilcs
1408 4544 1726 4609 discurrant,
1756 4549 1826 4599 ita
1863 4547 1963 4598 ho-

419 4616 590 4669 mines
635 4613 840 4681 plurimi
873 4614 1079 4681 ﬂagello
1122 4614 1210 4665 Dei
1251 4614 1605 4676 refrenantur,
1634 4630 1698 4667 ne
1728 4616 1968 4669 stultitia:

424 4694 478 4738 ct
507 4686 720 4737 malitiae
744 4698 851 4735 sua:
875 4694 991 4733 vota
1016 4681 1233 4749 implere
1264 4684 1484 4747 possint.
1517 4683 1661 4737 Unde
1688 4683 1961 4737 Psaltnista

422 4756 586 4808 Deum
619 4753 824 4807 invocat
845 4756 1026 4806 dicens
1054 4768 1069 4806 :
1094 4753 1159 4803 ln
1189 4767 1329 4804 came
1365 4764 1412 4804 et
1441 4756 1585 4820 freno
1609 4752 1845 4805 maxillas
1874 4770 1962 4807 eo-

418 4841 529 4876 rum
556 4824 861 4892 constringe.

492 4897 638 4947 Sicut
694 4890 887 4945 lunaris
933 4890 1184 4957 Splendor
1233 4892 1283 4944 in
1333 4890 1729 4957 comparatione
1774 4891 1968 4945 solaris

425 4964 553 5016 nihil
585 4962 708 5027 erit,
738 4964 812 5015 sic
840 4964 1011 5014 omnis
1041 4961 1290 5015 Ecclesia:
1332 4962 1582 5013 sanctitas
1622 4959 1813 5013 divina:
1842 4976 1968 5014 san-

418 5034 588 5087 ctitati
635 5042 957 5096 comparata,
992 5036 1275 5083 evanescit.
1311 5029 1458 5084 Unde
1512 5030 1760 5081 Dominus
1783 5030 1910 5083 dicit
1948 5048 1961 5081 :

422 5101 588 5157 Nemo
614 5102 768 5153 bonus
794 5102 889 5153 nisi
918 5102 1056 5153 solus
1092 5099 1247 5152 Deus.
1288 5101 1445 5165 Quasi
1477 5098 1674 5151 diceret
1706 5116 1718 5150 :
1745 5098 1967 5153 Conver-

421 5174 583 5225 timini
607 5173 672 5221 ad
708 5170 868 5221 Deam
907 5173 959 5221 in
983 5179 1087 5221 toto
1112 5171 1263 5221 corde
1291 5179 1474 5233 vestro,
1504 5176 1562 5219 ut
1588 5170 1811 5232 probare
1836 5185 1965 5237 pos-

419 5242 538 5298 sitis
575 5256 731 5307 quam
766 5242 879 5306 pius
901 5243 970 5293 sit
996 5239 1238 5291 omnibus
1266 5243 1331 5289 ad
1359 5253 1416 5291 se
1441 5240 1729 5307 conversis.

492 5305 637 5366 Sicut
667 5305 805 5362 melli
835 5311 1058 5377 plurimo
1084 5323 1262 5375 parum
1294 5308 1540 5360 absinthii
1587 5305 1841 5373 injectum
1874 5322 1969 5361 ve-

420 5380 588 5435 locem
616 5380 1017 5433 amaritudinem
1050 5378 1205 5430 tradit
1231 5418 1245 5440 ,
1280 5378 1452 5430 mellis
1482 5393 1603 5427 vero
1632 5378 1838 5429 etiamsi
1869 5378 1971 5430 du-

421 5453 561 5518 plum
602 5449 860 5516 injiciatur
886 5448 1150 5518 absinthio
1171 5485 1186 5510 ,
1235 5463 1337 5518 non
1373 5447 1564 5518 poterit
1591 5446 1819 5518 obtineri
1852 5448 1970 5514 ejus

419 5521 661 5579 dulcedo,
698 5522 763 5570 ita
796 5534 952 5583 parva
986 5517 1196 5569 malitia:
1247 5517 1473 5568 scintilla
1524 5517 1743 5567 multum
1785 5518 1971 5579 polluit

422 5592 637 5642 bonum.
691 5588 839 5641 Unde
890 5588 1145 5655 scriptum
1186 5598 1264 5638 est
1310 5602 1325 5638 :
1379 5585 1481 5651 Qui
1521 5586 1705 5637 inuno
1733 5585 1968 5653 offendit,

421 5660 577 5710 multa
612 5661 737 5709 bona
759 5659 941 5725 perdit.
1030 5716 1042 5725 δ

493 5732 641 5784 Sicut
668 5724 841 5783 rector
870 5724 1090 5797 quilibet
1118 5725 1323 5793 sapiens
1351 5765 1363 5789 ,
1392 5739 1483 5794 per
1514 5726 1613 5779 hoc
1641 5724 1779 5796 quod
1804 5727 1965 5781 mani-

2077 4419 2273 4471 preteit
2301 4419 2501 4459 trucms
2527 4419 2737 4457 animae.

2003 4450 2050 4507 Ῑ)
2146 4474 2291 4527 Sicut
2319 4490 2491 4527 cervus
2521 4474 2773 4527 desiderat
2802 4474 2868 4524 ad

2093 1832 2336 1886 lidelibus
2386 1834 2588 1885 cunctis
2639 1832 2982 1886 annitendum
3029 1842 3151 1895 est,
3211 1834 3425 1888 minuitis
3473 1845 3651 1890 tamen

2102 1903 2573 1971 innumerabilibus
2602 1916 2783 1955 carere
2810 1902 3007 1969 nequit.
3043 1901 3192 1956 Unde
3240 1906 3493 1971 scriptum
3520 1914 3604 1960 est
3633 1923 3649 1959 :

2100 1970 2167 2024 In
2197 1972 2370 2023 multis
2399 1971 2701 2036 o/fendiutus
2732 1988 2921 2023 omnes.

2159 2042 2304 2095 Sicut
2349 2056 2475 2095 esca
2514 2040 2662 2107 juxta
2710 2041 3015 2111 qualitatem
3058 2040 3387 2095 inﬁrmorum
3433 2059 3642 2111 praepa-

2091 2111 2252 2163 randa
2282 2121 2382 2174 est,
2406 2112 2476 2163 ita
2500 2120 2553 2162 et
2573 2110 2983 2163 consuetudines
3007 2111 3236 2163 fidelium
3271 2122 3413 2165 tanta
3438 2110 3643 2168 discre-

2095 2182 2240 2232 tione
2270 2179 2564 2234 statuenda:
2591 2190 2734 2244 sunt,
2764 2189 2822 2232 ut
2850 2182 3151 2233 nullatenus
3195 2180 3246 2233 Ιιί
3276 2183 3361 2248 qui
3396 2183 3533 2235 inter
3554 2200 3585 2237 e
3607 2199 3651 2237 is

2096 2248 2405 2304 inﬁrmitate
2441 2250 2699 2317 Spirituali
2749 2250 3071 2309 detinentur,
3104 2251 3181 2301 vel
3212 2259 3426 2316 propter
3458 2252 3649 2305 lenita-

2090 2327 2197 2373 tvm
2247 2328 2547 2388 terpcscant
2572 2360 2586 2383 ,
2627 2320 2707 2371 vel
2738 2328 2950 2385 propter
2977 2320 3334 2371 austeritatem
3379 2320 3653 2381 deficiant.

2089 2389 2344 2456 Super-bis
2372 2390 2512 2443 enim
2536 2399 2591 2442 et
2615 2388 3001 2457 negligentibus
3028 2402 3160 2455 opus
3188 2399 3271 2442 est
3298 2394 3610 2446 austeritate
3630 2434 3645 2456 ,

2093 2460 2312 2525 pusillan
2338 2460 2436 2511 mis
2467 2474 2592 2511 vero
2616 2468 2669 2511 et
2695 2457 3025 2522 simplicibus
3055 2458 3290 2512 leuitate.

2163 2531 2308 2581 Sicut
2334 2528 2541 2593 plurimi
2565 2530 2667 2581 cibi
2703 2527 2831 2580 nihil
2883 2536 3106 2594 prosunt
3147 2528 3347 2595 absque
3393 2528 3526 2592 sale,
3576 2531 3649 2584 ita

2088 2613 2274 2652 omnes
2322 2599 2541 2651 virtutes
2580 2597 2777 2664 absque
2828 2598 3107 2650 cliaritate.
3162 2598 3310 2651 Unde
3350 2600 3642 2665 Aptstolus

2086 2668 2211 2721 dicit
2239 2686 2251 2719 :
2278 2669 2334 2720 Si
2364 2668 2623 2719 tradidero
2651 2668 2703 2718 iu
2726 2666 2859 2718 cibos
2886 2683 3163 2736 pauperum
3181 2683 3350 2720 omnes
3372 2670 3647 2736 facultates

2088 2753 2242 2799 meas,
2277 2748 2322 2788 et
2349 2738 2390 2790 si
2411 2737 2667 2789 tradidero
2693 2752 2878 2802 corpus
2906 2753 3071 2788 nteant
3098 2747 3150 2788 ut
3179 2739 3386 2804 ardeat,
3411 2739 3639 2793 charito-

2086 2816 2183 2860 tem
2211 2815 2380 2859 autem
2407 2823 2506 2859 non
2528 2807 2767 2863 habuero,
2800 2805 2931 2875 nihil
2960 2804 3082 2857 mihi
3108 2809 3335 2875 prodest.

2155 2875 2303 2929 Sicut
2328 2890 2524 2938 corpus
2550 2874 2810 2941 corporali
2841 2875 2981 2939 cibo,
3031 2874 3348 2944 ita'spiritus
3379 2877 3641 2944 spirituali

2086 2946 2403 2998 reficiendas
2424 2955 2528 3008 est,
2558 2946 2608 2997 id
2630 2952 2730 3014 est,
2756 2944 3217 3012 jejuniis.vigiliis,
3251 2946 3643 3014 virtutibusque

2087 3016 2313 3083 caneris.
2353 3015 2501 3068 Unde
2529 3012 2782 3067 Dominus
2832 3024 3013 3067 noster
3054 3016 3103 3066 in
3154 3015 3441 3083 Evangelia
3470 3012 3593 3071 dicit
3626 3035 3642 3071 :

2089 3081 2212 3137 Non
2239 3085 2290 3136 in
2317 3085 2424 3156 solo
2450 3100 2578 3156 pane
2606 3084 2717 3156 vivit
2748 3084 2919 3148 homo,
2954 3083 3041 3137 sed
3071 3084 3120 3136 in
3148 3086 3285 3137 omni
3308 3081 3461 3139 uerbo
3508 3092 3644 3156 quod

2082 3155 2303 3220 procedit
2335 3155 2394 3205 de
2423 3170 2507 3205 ore
2541 3151 2652 3205 Dei.

2151 3223 2299 3276 Sicut
2342 3223 2552 3287 mulier,
2601 3238 2718 3275 cum
2750 3221 2903 3286 parit,
2936 3222 3199 3274 tristitiam
3229 3224 3380 3277 habet
3411 3264 3427 3288 ,
3458 3236 3638 3287 postei

2086 3305 2213 3344 vero
2242 3292 2309 3345 de
2349 3293 2492 3359 prole
2541 3305 2658 3343 nata
2690 3292 2900 3357 gaudet,
2956 3291 3023 3341 ita
3078 3308 3261 3346 υιιιιιθς
3310 3308 3404 3359 pro
3440 3306 3639 3349 aeterna

2083 3359 2331 3414 lelicitate
2377 3361 2660 3413 obtinenda
2688 3362 3010 3420 laborantes,
3044 3360 3092 3411 in
3141 3362 3239 3415 hac
3271 3362 3371 3414 vita
3415 3366 3645 3417 centris-

2084 3437 2260 3483 tantur
2286 3440 2339 3483 et
2368 3439 2611 3499 gemunt,
2666 3427 2999 3499 postmodum
3034 3444 3160 3482 vero
3193 3446 3401 3495 semper
3446 3434 3645 3499 gaude-

2084 3500 2229 3571 bunt.
2264 3498 2693 3571 UndeDomiuus
2721 3498 2874 3551 dicit:
2896 3496 3042 3549 Beati
3071 3501 3155 3566 qui
3184 3501 3372 3569 lugeat,
3404 3496 3642 3571 quoniam

2081 3568 2179 3635 ipsi
2210 3568 2620 3623 coasolabuntur.

2153 3639 2299 3692 Sicut
2348 3639 2538 3706 gallina
2581 3644 2865 3703 congregat
2910 3637 3077 3702 pullos
3129 3653 3254 3692 suos
3298 3642 3397 3693 sub
3428 3642 3559 3706 alas,
3586 3654 3643 3696 ut

2088 3720 2180 3759 eos
2207 3718 2464 3780 protegat,
2491 3708 2561 3759 ita
2586 3706 2672 3780 Dei
2692 3708 2855 3780 gratia
2883 3722 3072 3780 otiines
3101 3710 3163 3759 ad
3192 3724 3249 3780 se
3273 3713 3639 3780 confugientes

2080 3778 2253 3848 operit
2294 3778 2642 3848 etprotegit.
2690 3776 2839 3848 Unde
2882 3775 3158 3829 Psaltnista
3206 3778 3313 3833 Deo
3342 3775 3641 3848 supplicans

2077 3846 2203 3899 dicit
2237 3846 2390 3922 :_Sub
2417 3846 2617 3922 aut-bra
2645 3846 2842 3896 alarum
2872 3856 3072 3899 tuarum
3097 3886 3113 3912 ,
3158 3846 3420 3916 Domine,‘
3442 3846 3644 3922 protegi:

2079 3932 2167 3968 nos
2194 3933 2224 3968 a
2254 3917 2383 3985 [acie
2412 3916 2697 3984 impiorum.

2154 3982 2301 4041 Sicut
2332 3982 2533 4054 palmes
2564 4001 2665 4037 non
2718 3991 2888 4049 potest
2916 3985 3054 4039 lerre
3085 3982 3331 4049 fructum,
3362 3989 3458 4042 nisi
3492 4006 3639 4043 mane

2087 4057 2219 4109 serit
2248 4057 2298 4109 in
2329 4056 2457 4119 vite,
2489 4058 2564 4107 sic
2592 4063 2645 4108 et
2686 4070 2779 4106 nos
2807 4054 3006 4107 nullum
3054 4056 3175 4108 boni
3209 4059 3384 4122 aperis
3410 4059 3640 4116 fructum

2078 4125 2219 4179 ferre
2245 4139 2540 4193 possumus,
2571 4125 2668 4177 nisi
2700 4139 3003 4177 maneamus
3034 4126 3083 4178 in
3114 4126 3345 4182 Christo.

2149 4196 2294 4250 Sicut
2347 4196 2539 4263 lignum
2578 4194 2713 4262 quod
2766 4193 3047 4260 plantatum
3090 4205 3162 4248 est
3212 4214 3354 4252 secus
3396 4199 3637 4253 decursus

2078 4280 2345 4332 aquarum,
2377 4264 2515 4316 dabit
2559 4264 2780 4331 fructum
2832 4265 2881 4313 in
2930 4273 3153 4333 tempore
3206 4284 3320 4330 suo,
3363 4270 3439 4322 sic
3467 4274 3637 4322 beatas

2075 4337 2150 4386 vir
2182 4335 2271 4404 qui
2299 4337 2347 4404 i_n
2380 4335 2486 4404 lege
2518 4334 2719 4386 Domini
2751 4334 3021 4387 meditatur
3050 4335 3133 4390 die
3170 4353 3229 4389 ac
3271 4348 3414 4390 nocte
3466 4355 3637 4393 varius

2139 4401 2273 4457 ofert
2301 4401 2501 4459 fructus
2527 4404 2737 4457 animae.

2918 4476 3080 4543 fontes
3108 4490 3392 4543 aquarum,
3426 4476 3493 4529 ita
3539 4478 3637 4531 de-

2072 4544 2307 4597 siderare
2336 4545 2491 4597 debet
2526 4548 2696 4595 anima
2730 4542 2901 4595 fidelis
2922 4542 3205 4607 pervenire
3232 4546 3296 4598 ad
3323 4547 3509 4600 Deum.
3692 4608 3695 4611 _

2145 4615 2432 4683 Sicut/luit
2463 4628 2578 4665 cera
2609 4628 2641 4664 a
2680 4612 2811 4679 facie
2837 4613 2989 4681 ignis,
3009 4616 3081 4667 sic
3110 4626 3318 4683 p.reunt
3345 4627 3636 4683 peccatores

2071 4699 2101 4734 α
2131 4683 2261 4750 [acie
2293 4681 2407 4735 Dei.

2142 4754 2288 4805 Sicut
2326 4752 2376 4805 in
2426 4766 2531 4804 uno
2574 4766 2798 4818 corpore
2829 4752 2988 4804 multa
3040 4752 3275 4806 membra
3334 4753 3588 4807 habemus
3618 4798 3635 4819 ,

2072 4822 2252 4875 omnia
2279 4833 2455 4875 autem
2484 4822 2717 4874 membra
2747 4835 2850 4873 non
2879 4822 3123 4875 eumdem
3167 4830 3339 4875 actum
3389 4823 3583 4878 habent
3616 4868 3630 4887 ,

2074 4892 2144 4944 ita
2176 4902 2229 4945 et
2271 4907 2362 4966 nos
2396 4905 3003 4966 un_um_corpus‘sumus
3059 4891 3111 4943 in
3162 4890 3401 4959 Christo,
3443 4895 3631 4966 singuli

2072 4969 2241 5013 autem
2272 4962 2400 5013 alter
2429 4960 2635 5011 alterius
2666 4958 2905 5011 membra.

2141 5031 2289 5083 Sicut
2315 5029 2644 5082 abscondere
2691 5045 2793 5080 non
2840 5038 3006 5095 poteSt
3037 5027 3196 5081 homo
3227 5030 3398 5098 ignem
3430 5033 3481 5086 in
3512 5035 3628 5086 sinu

2072 5112 2195 5161 suo,
2228 5107 2287 5151 ut
2315 5099 2625 5151 vestimenta
2653 5098 2768 5165 ejus
2798 5114 2899 5151 non
2926 5100 3178 5162 ardeant,
3229 5112 3321 5154 aut
3363 5104 3632 5155 ambulate

2078 5183 2239 5232 super
2274 5184 2489 5236 prunas,
2522 5178 2709 5239 utnon
2740 5169 3115 5239 comburantur
3158 5169 3347 5235 planta:
3376 5171 3509 5239 ejus,
3550 5188 3629 5225 se

2072 5239 2159 5307 qui
2208 5239 2495 5307 ingreditur
2538 5236 2603 5289 ad
2661 5238 2938 5290 mulierem
2993 5242 3215 5307 proxzmi
3264 5236 3516 5304 sui,iion
3548 5254 3629 5296 est

2074 5308 2320 5371 mundus,
2352 5324 2470 5360 cum
2499 5307 2725 5373 tetigerit
2757 5322 2894 5361 eam.

2147 5378 2297 5449 Sicut
2321 5378 2438 5449 igne
2463 5378 2711 5442 probatur
2732 5386 3006 5449 argentum
3028 5385 3079 5431 et
3097 5392 3281 5432 aurum
3313 5378 3362 5431 in
3390 5381 3627 5449 camino,

2073 5446 2145 5500 ita
2174 5447 2331 5499 corda
2364 5448 2631 5498 hominum
2668 5448 2851 5510 probat
2884 5445 3040 5497 Deus.

2142 5518 2289 5570 Sicut
2320 5516 2465 5568 favus
2493 5515 2829 5569 dulcissimus
2874 5524 2954 5567 est
3008 5518 3225 5585 gutturi,
3281 5519 3358 5573 sic
3386 5518 3626 5575 doctrina

2071 5586 2342 5655 sapientia:
2364 5586 2444 5639 his
2472 5587 2559 5653 qui
2587 5595 2764 5655 amant
2784 5600 2920 5637 eam.

2151 5656 2451 5729 Siculaque
2486 5654 2770 5723 exstinguit
2801 5656 2992 5725 ignem,
3043 5655 3114 5711 ita
3162 5659 3496 5729 eterniusyua
3526 5675 3621 5714 cx-

2073 5726 2289 5795 stiuguit
2313 5735 2600 5795 peccatum.
