4026 6200
444 296 582 350 H23

905 294 1106 352 BEDIE
1150 294 1594 351 VENERABlLlS
1625 296 1775 353 OPP.
1810 296 1985 354 PARS
2021 296 2082 351 ll.
2126 297 2321 354 SECT.
2360 297 2424 353 ll.
2458 329 2527 341 —-
2559 298 2755 354 DUDIA
2803 297 2889 353 ET
2926 298 3190 357 SPURIA.

3560 306 3692 361 illi

506 415 652 489 Sicut
700 418 848 472 canis
899 416 1187 489 revertitur
1215 415 1280 469 ad
1311 416 1562 470 vomitum
1595 432 1770 483 suum,
1797 417 1873 470 sic
1901 417 2001 468 im-
2036 419 2080 475 Α
2112 415 2356 489 lassescit
2388 416 2437 489 in
2472 415 2684 473 itinere.
2716 415 2785 489 ita
2815 425 2868 470 et
2894 416 3174 489 impatiens
3200 418 3250 471 in
3279 423 3689 489 congregatione

442 488 675 555 prudens
705 489 862 540 itcrat
891 486 1168 540 stultitiam
1200 501 1371 541 suam.

510 557 765 625 Sicutqui
801 559 903 609 mel
932 556 1154 608 multum
1181 556 1435 617 comedit,
1466 570 1569 609 non
1601 563 1684 609 est
1712 557 1758 609 ei
1789 557 2004 620 bonum,

444 626 524 682 sic
547 628 632 694 qui
656 624 920 679 scrutator
946 634 1029 678 est
1054 626 1368 691 maiestatis,
1394 624 1715 691 opprimitur
1746 626 1932 691 gloria.

512 697 661 750 Sicut
688 697 812 750 urbs
843 707 1028 759 patens
1053 704 1104 748 et
1125 696 1325 762 absque
1370 711 1639 749 murorum
1681 697 1904 757 ambitu,
1936 697 2006 748 ita

443 770 524 821 vir
540 768 625 827 qui
648 782 748 819 non
768 775 942 833 potest
958 767 1008 818 in
1027 767 1289 824 loquendo
1305 766 1557 819 cohibere
1570 767 1810 834 Spiritum
1830 781 2009 821 suum.

512 837 664 890 Sicut
685 849 819 902 opus
842 844 922 889 est
953 835 1217 905 ilagellum
1250 852 1409 905 equo,
1442 837 1519 891 sic
1550 836 1695 905 virga
1723 836 1883 889 dorso
1910 836 2009 889 im-

444 906 799 975 prudentium.

512 977 661 1033 Sicut
707 976 1082 1031 deficientibus
1127 976 1283 1044 lignis
1331 973 1685 1045 exstinguitur
1731 974 1893 1045 ignis,
1937 973 2008 1029 ita

440 1061 729 1102 Susurrone
754 1049 1027 1100 subtracto
1051 1047 1219 1115 jiugia
1252 1046 1655 1111 conquiescunt.

510 1116 657 1171 Sicut
681 1117 731 1170 in
761 1118 912 1184 aquis
959 1114 1302 1183 resplendrnt
1349 1117 1522 1167 vultus
1565 1114 1960 1180 reSpicientium
1990 1152 2007 1178 ,

441 1188 520 1240 sic
546 1185 706 1241 corda
735 1189 1005 1240 hominum
1035 1185 1313 1239 manili-sta
1343 1196 1463 1239 sunt
1496 1186 1864 1252 prudentibus.

510 1257 662 1310 Sicut
693 1256 863 1325 pisces
894 1257 1176 1323 capiuntur
1226 1256 1403 1315 hamo,
1451 1266 1501 1308 et
1536 1257 1672 1310 sicut
1702 1270 1827 1307 aves
1857 1272 2009 1312 com—

444 1327 843 1395 prehenduntur
871 1328 1081 1396 laqueo,
1113 1328 1189 1380 sic.
1211 1327 1488 1395 capiuntur
1510 1326 1752 1381 ιιοιιιίιιθε
1776 1325 2010 1395 perversi

441 1397 635 1450 lltalilia
664 1411 782 1451 sua.

509 1468 657 1521 Sicut
689 1468 901 1535 ignoras
931 1481 1049 1533 qua!
1079 1467 1149 1519 sit
1183 1468 1264 1520 via
1318 1467 1595 1535 spiritibus
1621 1506 1636 1527 ,
1687 1474 1741 1519 et
1785 1482 1886 1535 qua
1927 1483 2010 1521 ra-

442 1537 588 1590 tione
615 1538 1279 1603 compinganturmembra
1314 1538 1365 1591 in
1398 1547 1581 1591 ventre
1604 1538 2007 1604 praegnantium,

441 1609 520 1662 sic
549 1608 729 1677 nescis,
750 1622 910 1674 opera
943 1606 1060 1674 Dei,
1094 1610 1180 1677 qui
1211 1606 1496 1661 fabricator
1516 1618 1599 1661 est
1621 1608 1877 1660 omnium.

516 1677 664 1731 Sicut
714 1676 888 1731 fumus
928 1693 957 1730 a
1008 1690 1170 1732 vento
1202 1677 1527 1747 dispergitur
1552 1718 1567 1742 ,
1612 1677 1682 1731 ita
1714 1692 1836 1747 spes
1865 1676 2009 1746 impii

439 1748 730 1801 evanescit.

512 1818 658 1872 Sicut
684 1818 923 1884 jumenta
950 1816 1240 1872 domestica
1280 1818 1679 1885 possessoribus
1701 1820 1813 1870 suis
1834 1820 2009 1871 omni-

441 1888 602 1941 modo
630 1897 754 1941 suut
788 1888 1050 1956 subjecta,
1082 1887 1151 1939 ita
1183 1897 1236 1940 et
1268 1902 1364 1940 nos
1394 1888 1502 1939 Deo
1530 1887 1752 1955 subjecti
1774 1904 1892 1941 esse
1918 1888 2012 1943 de.

442 1959 645 2010 bemus.
700 1956 849 2010 Unde
898 1957 1174 2011 Psalmista
1216 1957 1385 2013 dicit:
1421 1957 1488 2011 Ut
1532 1959 1815 2025 iumentum
1847 1959 2014 2029 factus

439 2043 555 2081 sum
581 2029 718 2093 apud
748 2037 813 2080 te.

508 2096 653 2151 Sicut
683 2108 823 2151 terra
856 2096 1003 2150 arida
1037 2097 1239 2150 nullum
1290 2096 1461 2151 reddit
1514 2098 1766 2159 fructum,
1811 2100 1878 2154 ita
1913 2115 2009 2153 cor

442 2166 675 2219 hominis
707 2167 758 2221 iu
790 2167 991 2222 malitia
1031 2167 1348 2221 obduratum
1378 2170 1446 2220 nil
1481 2169 1604 2223 boni
1633 2186 1824 2233 capere
1855 2172 2015 2224 Valei.

513 2238 661 2290 Sicut
684 2238 895 2299 gravius
926 2240 1219 2304 periculum
1247 2248 1333 2293 est
1362 2238 1412 2291 in
1441 2240 1621 2293 multis
1660 2240 1880 2295 dilfnndi
1927 2256 2018 2308 pe-

439 2314 594 2369 stem,
627 2322 782 2376 quam
833 2324 996 2361 unum
1046 2309 1342 2376 pestilentia
1391 2310 1654 2374 consumi,
1709 2313 1779 2366 ita
1810 2313 2020 2378 gravius

441 2387 715 2445 peccatum
747 2389 827 2434 cst
859 2380 1054 2432 multos
1102 2379 1348 2432 subditos
1404 2385 1633 2445 pastoris
1680 2383 1833 2435 unius
1879 2384 2007 2434 vitio

440 2449 738 2516 corrumpi,
773 2447 929 2515 quam
963 2451 1134 2516 ipsutn
1164 2449 1338 2502 solum
1365 2448 1415 2502 in
1441 2448 1698 2517 injustitia
1727 2467 1819 2505 sua
1854 2452 2008 2505 mori.

511 2518 660 2571 Sicut
690 2520 865 2586 vipera
898 2535 927 2572 a
970 2519 1090 2572 [iliis
1141 2520 1253 2571 suis
1300 2520 1351 2572 in
1380 2529 1535 2573 utero
1566 2522 1751 2587 positis
1787 2523 2017 2575 lacerata

442 2587 742 2653 perimitur,
771 2588 841 2640 ita
897 2589 1247 2652 Cogitationes
1273 2590 1424 2641 make
1458 2630 1474 2655 ,
1525 2592 1567 2643 si
1601 2594 1737 2645 intra
1764 2607 1859 2644 nos
1888 2608 2017 2644 enu-

440 2658 581 2711 trita:
604 2673 775 2724 usque
801 2658 867 2712 ad
896 2657 1145 2713 ell'ectum
1177 2658 1375 2725 peccati
1403 2661 1720 2729 perveniunt
1749 2704 1763 2727 ,
1789 2664 2016 2715 animam

446 2737 685 2782 nostram
709 2729 1005 2783 lacerantes
1035 2729 1305 2783 occidunt.

510 2799 660 2853 Sicut
684 2798 903 2852 stultum
935 2812 1036 2865 eSt,
1072 2800 1115 2853 si
1142 2814 1317 2853 caacus
1340 2799 1494 2853 alicui
1519 2800 1767 2856 ducatum
1798 2800 2016 2869 promit-

440 2873 550 2943 tat,
574 2871 643 2943 ita
673 2870 1060 2943 _irrationabile
1082 2879 1184 2943 est,
1214 2869 1537 2943 si_i_ndoctns
1564 2873 1755 2943 aliquis
1783 2873 2016 2943 ignotam

443 2939 716 3005 rcgiminis
752 2953 934 2991 curam
968 2940 1243 3007 suscipiat.
1271 2940 1422 2993 Unde
1464 2939 1715 2996 Dominus
1759 2942 1924 2997 dicit:
1959 2942 2018 2997 Si

439 3023 604 3060 circus
634 3023 766 3059 εαξεο
798 3009 1041 3060 ducatum
1071 3008 1476 3075 prtebeat,ambo
1502 3012 1553 3062 in
1583 3012 1778 3075 foveam
1805 3013 2015 3066 cadunt.

512 3078 662 3151 Sicut
701 3092 875 3151 aecus
902 3078 1156 3151 gradiens
1183 3078 1339 3151 facile
1362 3078 1604 3144 offendit,
1640 3084 1709 3135 ita
1741 3083 2017 3151 imperitus

443 3146 595 3202 facile
624 3146 675 3199 in
707 3148 908 3201 erroris
942 3148 1144 3202 foveam
1182 3146 1385 3205 incidit.

510 3216 660 3273 Sicut
687 3233 779 3285 per
804 3218 1134 3285 procellosus
1157 3218 1386 3287 mquoris
1417 3220 1585 3275 undas
1608 3221 1817 3275 nonnisi
1849 3222 2015 3275 multo

447 3288 631 3359 labore
662 3290 986 3355 remigantes
1030 3290 1257 3343 transire
1297 3300 1551 3359 possunt,
1585 3293 1653 3346 ita
1680 3292 2014 3347 smeularium

440 3358 749 3439 discrimina
772 3374 1019 3411 curarum
1053 3374 1209 3439 nemo
1241 3370 1414 3427 potest
1443 3363 1693 3427 evadere,
1741 3363 1841 3417 nisi
1891 3378 2014 3417 cum

445 3443 668 3482 maxima
701 3442 1197 3495 cu-cumSpectione.

516 3498 666 3571 Sicut
696 3500 869 3553 fumus
903 3514 1169 3563 nunquam
1203 3499 1305 3553 nisi
1336 3515 1399 3554 es
1438 3502 1575 3571 ignis
1605 3518 1804 3570 vapore
1835 3500 1912 3567 fit,
1944 3503 2013 3557 ita

443 3569 584 3622 nulla
620 3579 932 3635 ti-mpesms,
966 3573 1053 3642 vel
1082 3571 1381 3642 pestilentia
1407 3612 1422 3635 ,
1452 3569 1547 3625 seu
1577 3569 1767 3642 fames,
1797 3583 1887 3627 aut
1914 3575 2014 3629 alia

445 3642 620 3713 plaga,
645 3641 924 3713 contingit,
958 3640 1059 3694 nisi
1088 3655 1151 3695 ex
1186 3641 1392 3695 meritis
1447 3642 1720 3713 aliquibus
1754 3640 2016 3699 humanae

447 3709 743 3778 pravitatis.
1038 3734 1041 3737 ν

516 3780 645 3833 Item
673 3781 813 3833 sicut
844 3779 965 3847 igne
994 3781 1260 3835 extincto
1293 3780 1467 3837 fumus
1495 3783 1674 3838 delicit
1698 3824 1713 3848 ,
1740 3784 1809 3837 ita
1833 3782 2017 3842 fomite

443 3851 729 3917 vitiorum,
762 3850 811 3903 id
835 3861 939 3915 est,
971 3852 1238 3922 desiderio
1271 3855 1526 3920 peccandi
1570 3869 1665 3922 per
1691 3856 2015 3921 paenitentiae

445 3922 708 3994 Iurrymas
719 3921 1223 3994 emendationisque
1241 3923 1359 3994 stud
1385 3940 1469 3976 um
1494 3921 1700 3986 sedato,
1720 3927 1882 3994 plagm
1903 3943 2018 3982 ces-

442 3989 654 4064 sabunt.
683 3989 843 4064 Unde
874 3991 1131 4064 scriptum
1162 4002 1243 4045 est
1275 4010 1287 4045 :
1321 3992 1450 4046 Cum
1479 3994 1764 4064 placuerint
1796 3989 2016 4051 Domino

442 4062 543 4135 tua:
555 4060 1013 4135 laomiuis,_iuimici
1028 4079 1222 4135 quoque
1239 4066 1348 4134 ejus
1366 4060 1715 4116 conuertentur
1735 4068 1800 4117 ad
1818 4084 2013 4135 pacem.

514 4130 665 4182 Sicut
688 4130 933 4203 nudatus
961 4130 1168 4198 publice
1199 4130 1389 4187 in'hoc
1416 4139 1613 4187 saeculo
1637 4130 1977 4190 confunditur
2000 4179 2015 4203 ,

444 4199 514 4252 ita
533 4208 588 4253 et
610 4200 699 4268 qui
721 4200 868 4274 nullo
890 4202 1142 4274 virtutum
1159 4204 1422 4258 velamine
1439 4204 1488 4257 in
1510 4206 1682 4259 loturo
1706 4209 1912 4274 tegitur,
1928 4199 2019 4261 eo;

446 4285 557 4324 ram
577 4271 783 4340 angelis
803 4271 1156 4342 omnibusque
1177 4274 1362 4327 electis
1381 4274 1743 4329 confusionem
1760 4271 2015 4342 patietur.

513 4343 660 4395 Sicut
686 4340 897 4395 tediiicii
928 4342 1206 4415 cujuslibet
1240 4343 1639 4415 fundamentum
1688 4348 1739 4398 in
1771 4340 1883 4399 imo
1925 4364 2016 4415 p0-

442 4412 608 4487 nitur,
640 4419 694 4487 et
724 4420 907 4487 postea
940 4412 1222 4487 (editicium
1279 4428 1439 4468 omne
1470 4415 1540 4487 in
1576 4414 1741 4467 altum
1765 4412 2006 4487 erigitur,

442 4485 513 4537 ita
544 4483 717 4535 omnis
753 4483 912 4535 homo
954 4498 1018 4536 ex
1065 4484 1242 4537 infima
1295 4486 1512 4539 tnate.ia
1564 4483 1911 4551 procreatus,
1957 4498 2011 4543 et

360 4578 363 4581 -
442 4555 593 4618 quasi
628 4553 676 4605 in
711 4552 1057 4607 fundamento
1090 4554 1235 4610 luteo
1260 4554 1540 4615 formatus.
1569 4570 1688 4609 cum
1739 4555 1805 4609 ad
1854 4559 2011 4612 intel-

447 4624 713 4696 ligibilem
737 4633 945 4696 aetatem
980 4626 1207 4688 venerit,
1244 4642 1364 4679 mox
1393 4628 1552 4680 debet
1577 4625 1708 4696 erigi
1737 4628 1789 4681 in
1823 4629 2007 4695 altum,
2037 4626 2041 4630 ”

444 4696 493 4747 id
524 4703 625 4760 est,
654 4695 717 4746 ad
750 4695 1046 4762 spiritualis
1079 4697 1195 4749 vita:
1224 4698 1475 4750 studium.

514 4764 665 4836 Sicut
703 4778 767 4817 ex
802 4764 961 4817 variis
1008 4764 1225 4818 llnribus
1270 4768 1591 4836 colliguntur
1631 4768 1811 4836 mella,
1846 4770 1916 4823 ita
1949 4786 2014 4824 ex

442 4832 603 4907 variis
654 4834 960 4907 hominibus
990 4837 1155 4890 virtus
1192 4832 1443 4904 quaelibet
1480 4848 1560 4891 est
1588 4832 1906 4907 colligenda.
1944 4842 2016 4895 De

446 4904 749 4972 liujusmodi
778 4907 1095 4960 collectione
1120 4917 1376 4975 scriptum
1397 4918 1478 4962 est
1504 4929 1517 4960 :
1548 4904 1875 4977 Sapientiam
1899 4927 2015 4965 om-

446 4990 589 5029 tnum
621 4977 955 5044 antiquorum
987 4976 1218 5044 exquirit
1245 4979 1480 5043 sapiens.

513 5044 811 5118 Sicutequi
840 5043 1129 5118 cujuslibet
1156 5063 1346 5101 cursus
1377 5050 1632 5117 probatur
1661 5048 1711 5103 in
1744 5051 1861 5105 loco
1889 5064 2016 5118 spa-

444 5116 603 5181 tinso,
646 5116 724 5168 sic
770 5114 1003 5168 hominis
1034 5116 1275 5172 voluntas
1324 5114 1390 5171 in'
1425 5119 1644 5173 arbitrio
1683 5120 1829 5185 dato,
1870 5114 1933 5174 et'
1965 5124 2017 5175 in

442 5188 603 5261 rebus
630 5187 922 5261 concessis.
967 5187 1038 5239 lbi
1070 5189 1466 5261 enimquilibet
1492 5192 1868 5261 lalll0i0llgius
1897 5205 2021 5246 ante

442 5258 606 5310 alium
638 5257 827 5320 currit,
859 5266 1058 5329 quanto
1110 5260 1298 5329 melius
1344 5260 1485 5313 facit.
1542 5260 1693 5315 Unde
1731 5257 2020 5329 A'postolus

441 5334 696 5400 admonet
716 5343 843 5400 nos,
874 5328 1055 5383 dicens
1091 5344 1105 5382 :
1141 5328 1230 5383 Sic
1258 5332 1444 5382 currite
1466 5338 1520 5382 ut
1550 5328 2018 5400 compre/tendatis.

443 5398 795 5466 Snbintellige
827 5402 1041 5465 pratinia
1070 5399 1192 5452 vita:
1222 5403 1482 5455 caelestis.

515 5470 664 5523 Sicut
693 5472 869 5521 listula
917 5468 1119 5536 absque
1151 5472 1441 5537 inSpirante
1475 5470 1679 5524 nullum
1721 5470 1895 5525 reddit
1922 5487 2022 5525 so-

445 5554 567 5612 num
606 5556 618 5589 :
654 5541 725 5591 ita
752 5546 807 5612 et
835 5538 1191 5612 corghouiinis
1216 5544 1431 5612 absque
1461 5542 1806 5609 inspiratione
1836 5543 2019 5597 divina

447 5609 647 5661 nullum
699 5609 886 5675 recipit
938 5609 1154 5663 bonum.
1213 5609 1362 5666 Unde
1422 5614 1676 5665 Dominus
1728 5622 1911 5667 noster
1968 5615 2019 5667 in

447 5678 735 5751 Evangelio
758 5680 887 5751 dicit
920 5696 931 5731 :
968 5678 1094 5734 Sine
1125 5696 1200 5751 me
1227 5683 1358 5735 nihil
1383 5683 1590 5749 potestis
1619 5685 1807 5751 facere.

513 5746 660 5803 Sicut
676 5762 844 5817 equus
863 5750 1065 5805 inutilis
1080 5750 1147 5806 ad
1168 5766 1328 5809 onera
1346 5746 1596 5823 qiticlibct
1620 5746 1901 5824 portanda,
1915 5754 2023 5810 cito

2042 3117 2089 3176 C

2113 487 2317 552 positus
2347 486 2588 554 infirmus
2610 496 2691 538 est
2721 484 2788 538 ad
2818 487 2992 538 omnia
3021 502 3139 554 qua!
3165 503 3261 552 pro
3285 484 3688 545 Christi'nomi-

2113 571 2200 617 ne,
2235 557 2317 609 vel
2350 570 2445 621 pro
2495 553 2718 607 fratrum
2763 569 2945 607 amore
2974 553 3129 610 debet
3167 558 3416 621 sufferre,
3448 572 3685 615 contem-

2113 640 2244 679 nens
2264 625 2403 695 quod
2428 626 2711 690 Apostolus
2732 624 2858 678 dicit
2882 642 2893 676 :
2914 627 3049 677 Alter
3070 625 3280 680 alterius
3302 645 3457 681 onera
3472 642 3681 692 portate.

2185 696 2338 749 Sicut
2369 697 2418 747 in
2456 704 2695 767 tempore
2733 695 3063 767 tempestatis
3106 696 3402 759 horrendae,
3438 715 3680 767 quaerun-

2114 774 2197 817 tur
2227 765 2532 817 umbracula
2564 764 2811 816 arborum
2861 765 2943 817 vel
2993 765 3266 818 domorum
3301 782 3316 822 :
3350 768 3421 819 ita
3460 764 3518 823 in
3549 781 3677 825 tem.

2114 850 2244 908 pore
2271 835 2628 908 tribulationis
2654 842 2709 886 et
2738 832 3045 908 tentationis
3073 837 3363 900 quaerenda
3393 850 3508 892 sunt
3534 857 3668 908 pra:-

2112 904 2245 958 sidia
2276 905 2468 957 divitue
2492 905 2673 971 gratiae
2705 915 2758 957 et
2787 904 3140 969 Spiritualinm
3173 910 3430 959 virorum.

2183 974 2334 1029 Sicut
2380 988 2578 1027 venena
2626 973 2895 1026 mortifera
2937 990 3038 1025 non
3072 975 3369 1033 manifeSte.
3412 979 3503 1032 sed
3536 982 3650 1034 c‘am

2111 1045 2211 1097 sub
2232 1045 2405 1111 aliqua
2429 1044 2603 1108 specie
2627 1043 2761 1095 bona
2786 1042 2978 1113 dantur
3010 1060 3027 1097 :
3055 1044 3131 1095 sic
3157 1046 3282 1097 vitia
3325 1047 3545 1113 plurima
3572 1056 3654 1104 sub

2111 1116 2290 1182 specie
2318 1116 2565 1166 virtutum
2594 1128 2651 1183 se
2673 1111 2959 1179 occultant,
2993 1123 3049 1165 ut
3085 1115 3288 1182 aliquos
3315 1111 3593 1183 decipiant.

2184 1185 2334 1238 Sicut
2355 1198 2447 1236 sus
2480 1184 2529 1236 in
2565 1182 2839 1235 volutahro
2868 1184 3378 1251 cmnitlentojaceus
3403 1182 3661 1243 findatur:

2114 1255 2185 1307 ita
2214 1264 2267 1306 et
2298 1256 2385 1308 ille
2413 1256 2499 1319 qui
2532 1254 2806 1323 adulteriis
2854 1253 3080 1323 aliisque
3133 1253 3546 1312 fornicationum
3584 1261 3669 1312 itn-

2114 1324 2388 1378 munditiis
2415 1322 2735 1389 implicatur.

2184 1396 2332 1448 Sicut
2359 1409 2551 1460 corpus
2583 1403 2846 1446 mortuum
2893 1400 2978 1447 est
3018 1393 3133 1449 sine
3168 1396 3368 1464 anima,
3398 1399 3471 1453 ita
3500 1404 3671 1459 anima

2115 1475 2319 1518 mortua
2348 1475 2430 1517 est
2456 1467 2572 1517 sine
2603 1464 2732 1516 Deo.

2190 1535 2252 1589 Ut
2298 1548 2475 1605 autem
2519 1533 2585 1587 ad
2615 1548 2775 1605 unam
2807 1532 3207 1590 similitudinem
3258 1536 3489 1605 plurima
3534 1543 3682 1598 colli-

2127 1621 2267 1671 gam.
2301 1606 2437 1658 sicut
2464 1603 2509 1658 is
2538 1604 2624 1669 qui
2657 1605 2943 1657 litterarum
2969 1606 3210 1657 notitiam
3242 1603 3420 1670 habet,
3442 1628 3566 1667 cum
3590 1629 3680 1668 eas

2124 1676 2319 1753 viderit
2345 1675 2861 1753 stipendio-rituum:
2895 1675 3020 1742 quid
3048 1676 3634 1753 signilicentjntelligit
3666 1702 3678 1737 ε

2052 1769 2093 1826 Β
2123 1748 2192 1798 ita
2224 1745 2588 1826 unusquisque
2608 1744 2909 1826 intelligens
2932 1753 3023 1796 aut
3048 1747 3321 1826 requirens
3350 1749 3538 1813 Deum.
3558 1744 3677 1807 cum

2120 1825 2414 1869 creaturam
2444 1815 2735 1883 quamlibet
2762 1814 2954 1879 cernit,
2985 1824 3075 1867 aut
3104 1817 3219 1883 ejus
3262 1818 3361 1872 rite
3400 1826 3679 1876 tractando

2122 1885 2380 1960 meminit,
2407 1884 2600 1960 statin
2621 1884 2671 1935 in
2700 1897 2760 1935 ea
2790 1885 3149 1960 quasiJegens
3172 1887 3396 1960 aliquam
3419 1892 3679 1960 Spiritalis

2122 1956 2243 2008 vita:
2291 1953 2692 2027 intelligentiam
2728 1955 2894 2027 capit.
2947 1952 3115 2027 Sicut,
3148 1952 3289 2010 verbi
3337 1952 3526 2027 gratia,
3556 1978 3677 2017 cum

2122 2029 2437 2100 immensum
2486 2025 2613 2076 solis
2660 2023 3000 2100 Splendorem
3051 2023 3378 2100 iiispexerit',
3432 2023 3522 2085 vel
3557 2036 3679 2100 ejus

2125 2096 2597 2167 tueminerit,mox
2638 2094 2827 2167 eiiiude
2867 2093 3060 2149 divina:
3109 2098 3509 2154 immensitatem
3539 2093 3675 2167 pii-e-

2121 2167 2308 2221 sentite
2336 2166 2595 2236 conjicin
2624 2166 2797 2236 sciens
2839 2179 2948 2236 pro,
2977 2176 3146 2229 certo,
3198 2170 3311 2236 quia
3345 2172 3386 2222 si
3429 2166 3667 2223 creatura

2122 2236 2225 2288 vim
2274 2246 2474 2288 tantam
2521 2233 2819 2301 splendoris
2868 2234 3047 2299 habet,
3094 2233 3307 2290 Creator
3332 2242 3513 2294 merito
3542 2257 3665 2294 crc-

2121 2306 2328 2358 dendus
2353 2316 2433 2359 est
2463 2316 2626 2357 multo
2665 2306 2921 2372 ii.ajoretn
2956 2304 3078 2358 licet
3106 2307 3417 2362 invisibilem
3456 2312 3674 2367 habere.

2125 2377 2324 2445 Eodem
2372 2375 2530 2428 modo
2564 2368 2965 2445 cum_r'elicilur
3013 2392 3149 2445 pane
3196 2381 3455 2444 corporali
3499 2390 3550 2434 et
3587 2382 3684 2435 de-

2122 2444 2338 2510 lectivo.
2381 2461 2501 2498 mox
2532 2443 2841 2515 ConjicicnS,
2873 2446 2993 2512 quia
3016 2443 3303 2515 'mujorein
3345 2450 3681 2505 refectonem

2124 2518 2359 2582 praebere
2384 2526 2542 2583 queat
2582 2514 2874 2584 spiritualis
2918 2526 2971 2568 et
3014 2514 3245 2570 aeternus
3290 2521 3474 2584 panis;
3508 2521 3559 2574 id
3603 2531 3689 2574 est

2119 2581 2382 2650 Christus,
2406 2581 2497 2654 qui
2542 2581 2715 2638 diiiit:
2758 2581 2867 2653 Ego
2916 2601 3026 2637 sum
3072 2589 3217 2655 panis
3243 2581 3416 2649 vicus:
3443 2581 3603 2643 discit
3639 2594 3691 2644 in

2120 2673 2241 2709 eum
2274 2657 2514 2720 credere,
2544 2669 2708 2722 seque
2758 2656 2830 2705 illi
2871 2657 3224 2710 committere.
3281 2658 3483 2712 Eodem
3532 2668 3694 2714 modo

2122 2741 2243 2780 cum
2292 2727 2581 2779 attenderit
2630 2724 3022 2796 simplicitatem
3072 2729 3148 2779 vel
3197 2731 3479 2794 puritatem
3516 2735 3691 2796 pueri,

2119 2797 2209 2865 qui
2242 2810 2338 2863 pro
2366 2810 2431 2849 eo
2461 2797 2600 2864 quod
2650 2793 2859 2848 creteris
2909 2796 3086 2861 purior
3127 2793 3228 2859 est,
3275 2812 3406 2862 puer
3452 2793 3693 2853 dicitur:

2119 2867 2582 2939 statim‘trartans
2632 2868 2894 2939 quomodo
2934 2866 3129 2939 exinde
3170 2867 3490 2939 addicetur,
3540 2869 3696 2939 juxta

2124 2937 2270 3000 illud,
2308 2934 2675 3007 Nisirt-ouversi
2710 2935 2925 3003 fueritis,
2949 2946 2989 3007 et
3013 2934 3290 3002 eﬂiciamini
3310 2937 3441 2989 sicut
3463 2934 3697 3007 parvuli,

2122 3024 2222 3059 non
2266 3006 2515 3058 intrabitis
2544 3007 2595 3056 in
2643 3022 2851 3074 regnum
2897 3005 3154 3069 caelorum,
3206 3015 3354 3071 optat
3394 3005 3630 3064 sibimet
3672 3005 3698 3063 ἑ

2129 3078 2234 3130 Deo
2262 3075 2500 3145 praestari
2524 3077 2753 3144 aliquam
2786 3074 3085 3143 huiusmodi
3127 3077 3396 3129 virtutem.
3433 3078 3701 3134 Similiter

2123 3161 2450 3200 cumrerum
2490 3148 2834 3215 plurimarum
2866 3159 2983 3211 qua:
3030 3147 3081 3197 iii
3126 3146 3225 3198 hoc
3272 3149 3469 3200 mundo
3512 3155 3701 3216 possi-

2118 3217 2346 3280 dentur,
2393 3216 2844 3284 pulchritudinem
2897 3218 3171 3280 aspexerit
3222 3217 3301 3269 vel
3351 3220 3695 3283 meminerit,

2121 3290 2298 3340 statim
2333 3297 2540 3349 tractat,
2571 3286 2691 3353 quia
2718 3286 2761 3337 si
2793 3286 3100 3337 transitoria
3141 3298 3244 3339 iam
3283 3288 3499 3352 pulchra
3530 3305 3563 3340 a
3590 3288 3696 3343 Deo

2122 3366 2249 3410 sont
2277 3358 2513 3421 condita,
2551 3358 2703 3423 longe
2751 3353 3048 3423 pulchriora
3089 3366 3214 3409 sunt
3238 3362 3459 3419 acterna,
3490 3375 3617 3426 quae
3648 3362 3696 3412 in

2122 3429 2325 3481 caelesti
2360 3442 2520 3495 regno
2549 3426 2735 3480 electis
2757 3429 2865 3477 suis
2890 3426 3200 3492 praeparavit
3225 3426 3434 3494 gaudia.
3463 3427 3697 3497 Ideoque

2119 3512 2180 3549 cx
2219 3499 2301 3550 liis
2332 3498 2580 3550 incitatus
2618 3497 2926 3550 omnimodo
2971 3507 3214 3560 conatur,
3262 3507 3318 3549 ut
3359 3498 3423 3548 ad
3468 3513 3527 3551 ea
3576 3516 3697 3566 per-

2121 3569 2326 3636 tingere
2355 3576 2640 3621 mereatur.
2689 3566 2943 3622 Similiter
2982 3580 3104 3618 cum
3132 3572 3338 3620 dulcem
3370 3568 3693 3621 chordarum

2117 3654 2212 3691 seu
2238 3652 2557 3707 organorum
2586 3638 2902 3707 cantilenam
2949 3638 3175 3707 audierit
3222 3652 3316 3690 seu
3371 3639 3694 3703 meminerit,

2117 3705 2536 3761 statiin'exinde
2580 3706 2793 3772 c0ujicit
2824 3746 2839 3771 ,
2883 3708 3002 3775 quia
3049 3705 3093 3758 si
3144 3714 3508 3760 tnnnieutanea
3559 3724 3698 3777 pra:-

2118 3779 2285 3831 sentis
2340 3780 2461 3831 vitae
2516 3779 2779 3831 cantilena
2840 3785 2997 3831 tanta:
3055 3778 3353 3830 dulcedinis
3424 3779 3691 3845 consistit,

2123 3851 2289 3901 multo
2321 3849 2493 3915 major
2522 3848 2790 3901 credenda
2819 3856 2901 3900 est
2932 3858 3182 3914 perpetua
3214 3848 3451 3901 caelestis
3478 3850 3689 3902 hanno-

2120 3920 2218 3971 nne
2247 3919 2502 3983 dulcedo,
2531 3918 2679 3987 juxta
2709 3918 2834 3971 illud
2874 3936 2885 3970 :
2923 3919 3050 3982 Qua:
3075 3920 3253 3971 Oculus
3289 3934 3391 3970 non
3431 3921 3573 3980 vidit,
3604 3935 3693 3971 nec

2117 3989 2257 4040 auris
2303 3990 2516 4051 audivit.
2560 3999 2664 4043 etc.
2719 3988 2944 4054 Ideoque
2984 4000 3332 4056 compunctus
3358 3990 3550 4042 exinde
3590 4004 3692 4041 sae-

2120 4062 2236 4125 pius
2268 4071 2415 4126 Optat
2460 4062 2587 4111 illuc
2639 4062 2935 4127 perVenire.
2986 4060 3115 4111 Cum
3158 4073 3285 4112 vero
3312 4058 3537 4122 debiles,
3567 4072 3692 4127 ege-

2119 4144 2215 4182 nos
2255 4139 2309 4181 ct
2348 4131 2399 4181 in
2446 4140 2674 4197 utroque
2714 4130 2929 4183 homine
2973 4142 3234 4197 pauperes
3283 4132 3553 4194 aspexerit
3596 4146 3688 4182 seu

2119 4198 2443 4265 meminerit,
2477 4209 2653 4252 statim
2686 4202 2834 4266 quasi
2880 4214 2944 4251 ex
2994 4201 3223 4253 lectione
3254 4215 3404 4253 sacra
3436 4214 3689 4267 compun-

2118 4282 2234 4323 ειυς
2269 4279 2455 4324 luctat
2489 4280 2717 4339 quantas
2744 4281 2920 4335 grates
2949 4269 3061 4322 Deo
3089 4285 3245 4338 agere
3272 4272 3478 4333 debeat,
3504 4284 3596 4338 pro
3622 4284 3690 4321 eo

2117 4341 2259 4409 quod
2294 4356 2351 4393 se
2386 4343 2624 4406 plurimis
2656 4342 2877 4393 forsitan
2909 4341 3201 4394 sceleribus
3238 4341 3495 4403 deditum,
3531 4356 3557 4390 a
3584 4354 3686 4391 mt-

2119 4413 2274 4462 scriis
2322 4414 2480 4464 tantis
2525 4411 2748 4464 cruciari
2799 4427 2903 4463 non
2955 4413 3213 4477 permisit.
3258 4413 3433 4463 Potest
3462 4420 3514 4463 et
3541 4412 3691 4462 aliter

2115 4482 2384 4543 tedilicari,
2418 4484 2503 4547 qui
2547 4481 2725 4545 aliquo
2771 4482 2929 4533 modo
2978 4483 3201 4535 miseros
3255 4483 3303 4534 in
3336 4482 3430 4532 hac
3468 4489 3569 4531 Vita
3600 4484 3683 4530 io-

2117 4560 2294 4604 tnetur
2322 4566 2414 4603 seu
2458 4553 2792 4606 rec0rdatnr.
2822 4551 3079 4606 Tractans
3115 4566 3363 4619 namque,
3393 4551 3513 4619 quia
3538 4550 3581 4602 si
3613 4551 3689 4603 illi

2114 4624 2204 4691 qui
2234 4623 2284 4673 in
2315 4623 2412 4673 hac
2442 4624 2547 4673 vita
2590 4621 2793 4676 debiles
2839 4624 2919 4674 vel
2961 4623 3147 4690 inopes
3194 4632 3339 4685 sunt,
3381 4631 3575 4673 tantam
3603 4636 3691 4687 pa-

2119 4703 2322 4746 tiuntur
2354 4695 2620 4745 miseriam
2645 4733 2659 4758 ,
2691 4693 2858 4744 multo
2904 4692 3093 4760 majori
3139 4694 3350 4746 miseria
3380 4691 3693 4745 cruciabun-

2117 4773 2223 4825 tur,
2256 4780 2342 4829 qui
2374 4762 2425 4814 iu
2460 4765 2631 4815 futura
2661 4762 2843 4817 miseri
2874 4777 3261 4832 pauperesque,
3293 4763 3343 4815 id
3375 4773 3454 4815 est
3488 4764 3695 4821 virtuti-

2119 4835 2217 4886 bus
2267 4834 2416 4885 vacui
2464 4834 2826 4897 inveniuntur,
2876 4837 3189 4888 omnimodo
3242 4847 3467 4885 Conatur
3519 4848 3584 4885 ne
3630 4832 3696 4883 ad

2117 4917 2332 4957 auertite
2359 4906 2585 4958 miseria:
2615 4906 2907 4958 cruciatum
2941 4908 3196 4971 rapiatur.
3222 4904 3353 4958 Cum
3383 4914 3559 4955 autem
3588 4915 3695 4955 tra-

2117 4974 2340 5027 ctaverit
2373 4973 2573 5043 justum
2604 4987 2725 5027 esse
2756 4985 2811 5026 ut
2843 4976 3173 5043 parentibus,
3216 4974 3450 5028 dominis
3493 4984 3549 5027 et
3590 4988 3700 5025 ma-

2118 5043 2298 5113 gistris
2331 5046 2556 5098 terrenis
2583 5059 2613 5097 a
2646 5046 2790 5108 liliis,
2822 5046 2993 5099 servis
3021 5056 3075 5099 et
3101 5047 3377 5113 discipulis
3396 5044 3697 5097 exhibenda

2118 5119 2187 5166 sit
2215 5116 2520 5169 obedientia
2552 5116 2892 5183 servitusque
2919 5119 3110 5168 devota
3134 5134 3148 5180 ;
3184 5130 3308 5169 mox
3333 5116 3483 5183 quasi
3517 5117 3700 5181 legens

2121 5186 2172 5239 in
2196 5187 2277 5238 his
2298 5186 2471 5252 discit,
2498 5186 2621 5254 quia
2647 5186 2868 5239 Domino
2889 5186 3251 5250 dominorum,
3279 5188 3409 5252 patri
3433 5186 3701 5245 omnium,

2121 5258 2480 5327 magistroque
2523 5256 2972 5327 (ιωιεειὶηηιιιιιο
3004 5258 3172 5326 magis
3219 5260 3697 5321 obtemperantium

2120 5325 2303 5381 est'et
2351 5327 2715 5380 serviendum.
2768 5325 2879 5379 iloc
2929 5325 3113 5395 igilur’
3141 5329 3301 5380 tnodo
3341 5330 3517 5394 legere
3556 5336 3703 5381 novit

2121 5401 2293 5451 omnis
2322 5398 2623 5468 intelligens
2661 5406 2715 5450 et
2760 5399 3040 5468 requirens
3084 5397 3250 5452 Deum
3287 5416 3299 5449 :
3332 5398 3454 5465 quia
3501 5409 3702 5462 quanta

2121 5470 2346 5537 amplius
2386 5467 2531 5521 illum
2579 5467 2923 5534 intelligit’et
2969 5471 3214 5535 requirit,
3249 5477 3397 5520 tanto
3423 5469 3702 5520 ardentius

2125 5541 2176 5593 in
2202 5536 2320 5608 ejus
2348 5539 2667 5606 agnitionem
2699 5540 2830 5591 sit.t.
2856 5538 3005 5594 Unde
3036 5541 3112 5604 tit,
3145 5550 3201 5592 ut
3232 5540 3283 5592 in
3314 5536 3570 5606 quislibet
3594 5545 3701 5591 e‘c-

2124 5622 2302 5663 menta
2341 5613 2486 5662 visus
2529 5617 2606 5661 vel
2658 5609 2895 5675 auditus,
2928 5624 3024 5663 seu
3072 5609 3231 5663 etiam
3280 5623 3537 5661 memoria
3591 5610 3704 5675 ejus

2127 5685 2346 5745 rapitur,
2378 5679 2445 5732 ibi
2478 5682 2727 5732 continuo
2758 5682 2905 5743 quasi
2954 5680 3137 5748 legens
3183 5678 3383 5747 aliquid
3432 5683 3499 5730 de
3550 5680 3706 5748 spiri-

2128 5753 2354 5806 tualibus
2386 5750 2692 5807 meditetur.
2737 5751 2867 5805 Nam
2916 5758 3149 5806 turtures
3180 5765 3274 5805 seu
3307 5748 3589 5805 columbis
3620 5757 3708 5803 aut
