4026 6200
453 305 587 360 m5

1478 296 1541 349 IN
1586 293 1902 351 ΓεΑωιυιι
1948 291 2031 346 LII
2071 289 2638 346 COMMENTARIUS.

3575 296 3708 352 H26

446 423 723 482 serpentes
769 413 1071 477 attendens,
1121 426 1241 466 mox
1295 421 1491 466 tractat
1538 411 1763 482 turaliter
1798 422 1891 482 per
1919 420 2012 482 eos
2041 407 2091 465 Λ
2116 403 2290 482 cadat,
2322 418 2456 472 quos
2501 404 2617 482 vult
2636 413 2689 459 et
2714 403 3059 482 inspiratione
3088 420 3181 459 sua
3222 414 3275 460 et
3293 406 3557 482 doctrinis
3588 427 3693 467 va-

450 478 775 550 :rdiﬁcetur,
823 498 1005 538 eorum
1056 483 1302 537 videlicet
1352 492 1595 535 naturam
1653 478 1909 550 inritando
1961 480 2015 533 in

448 556 715 621 castitate,
737 548 1076 621 simplicitate
1100 567 1308 607 necnon
1337 551 1633 619 prudentia.
1658 548 1853 603 Turtur
1872 550 2015 605 enim

447 626 780 688 castitatem,
820 624 1063 679 columba
1100 622 1531 691 simplicitatem,
1576 629 1853 688 serpentes
1892 635 2018 688 pru-

446 697 681 751 dentiam
724 695 1033 748 naturaliter
1061 695 1366 747 observant.
1408 692 1707 747 Attendens
1742 691 1901 745 etiam
1936 692 2016 743 vi-

448 764 605 836 gilem
655 779 845 836 canum
894 765 1243 836 quorumdam
1288 765 1618 825 custodiam,
1666 777 1801 836 mox_
1839 761 1889 836 in
1936 762 2017 836 bis

447 832 626 890 studet
667 834 862 902 legere,
909 832 1049 903 quod
1101 845 1339 901 pastores
1388 844 1442 888 et
1485 844 1721 888 rectores
1765 832 2017 886 Ecclesiae

445 905 687 959 eamdem
716 905 1011 959 custodiam
1056 905 1251 959 debent
1288 904 1634 970 spiritualiter
1665 916 1845 971 agere,
1880 903 2014 970 vigi-

447 974 606 1028 lando
634 984 689 1028 et
720 974 961 1030 latrando
990 985 1171 1031 contra
1217 974 1512 1028 diabolicas
1560 984 1719 1042 atque
1757 972 2016 1028 humanas

444 1046 757 1114 pravitates,
785 1060 852 1099 ne
873 1061 1030 1114 quem
1056 1047 1121 1099 de
1143 1044 1441 1099 commissis
1466 1044 1682 1114 rapiant
1697 1043 1779 1114 vel
1809 1042 2016 1114 disper-

445 1112 595 1183 gant.
628 1113 758 1169 Item
789 1112 908 1169 cum
936 1116 1129 1186 gradus
1167 1114 1219 1186 in
1265 1116 1503 1182 quolibet
1534 1112 1776 1186 'azdiﬁcio
1821 1112 2011 1186 factos,

446 1200 538 1237 seu
584 1199 762 1238 ceram
819 1195 912 1239 aut
941 1183 1161 1254 'lapides
1210 1185 1503 1254 inspexerit
1554 1185 1637 1237 vel
1680 1183 2010 1254 meminerit,

446 1269 567 1309 mox
597 1263 790 1308 tractat
816 1251 1040 1321 qualiter
1090 1256 1142 1310 in
1195 1258 1274 1310 eis
1301 1251 1645 1319 aediﬁcetur;
1677 1252 1729 1306 in
1759 1251 2013 1320 gradibus

445 1325 678 1395 quidem,
713 1335 770 1377 ut
795 1326 985 1389 discat,
1013 1326 1135 1395 quia
1168 1327 1305 1379 sicut
1351 1326 1417 1379 ad
1468 1325 1773 1391 superiores
1803 1324 2011 1395 nonnisi

444 1394 511 1448 ab
544 1394 884 1473 inferioribus
914 1392 1241 1473 pervenitur,
1267 1397 1353 1473 ita
1397 1395 1465 1473 ad
1512 1397 1736 1473 virtutes
1778 1392 2011 1473 majores

447 1478 605 1535 nemo
630 1469 905 1532 pervenire
918 1462 1117 1535 possit,
1142 1467 1241 1520 nisi
1267 1467 1317 1519 in
1345 1466 1636 1535 minoribus
1657 1462 2009 1535 observandis

444 1533 717 1589 studiosus
744 1533 1029 1601 exstiterit,
1062 1538 1206 1602 iuxta
1249 1537 1389 1590 illam
1422 1534 1628 1589 Domini
1671 1534 1835 1588 nostri
1887 1547 2011 1585 sen-

445 1605 683 1675 tentiam,
718 1605 817 1670 Qui
842 1606 1063 1675 inﬁdelis
1103 1618 1174 1660 est
1211 1607 1264 1660 in
1292 1607 1520 1670 minimo,
1551 1614 1597 1675 et
1630 1605 1683 1657 in
1714 1603 1899 1675 majori
1927 1603 2011 1655 in-

441 1673 611 1745 ﬁdelis
640 1684 733 1730 est.
765 1676 819 1729 In
849 1673 969 1730 cera
997 1687 1193 1739 autem,
1220 1687 1273 1730 ut
1292 1675 1439 1745 juxta
1461 1674 1628 1742 ipsius
1657 1673 2007 1745 mobilitatem

2122 474 2236 539 riis,
2285 474 3091 548 necnon_ali'qua_inlirmitatis
3136 490 3230 531 seu
3285 476 3481 548 ﬂagelli
3540 495 3698 537 causa

2121 557 2440 599 convertens
2468 544 2534 596 ad
2563 560 2621 598 se
2651 545 2830 597 trahit.

2193 614 2347 676 Ecce,
2380 613 2570 668 fratres
2624 614 2944 679 cbarissimi,
3000 624 3154 681 prout
3203 617 3371 684 potui,
3404 619 3705 677 auxiliante

2120 683 2253 749 Deo,
2285 684 2865 756 :ediliciiunspirituale
2889 687 3160 739 construxi
3199 683 3251 739 in
3292 689 3459 741 altum
3491 705 3584 756 per
3612 690 3707 743 in-

2118 763 2413 826 strumenta
2456 754 2884 826 similitudinum,
2938 765 2993 808 ut
3042 770 3135 824 per
3176 771 3267 811 eas
3313 754 3501 826 aliqro
3542 763 3703 814 modo

2116 825 2458 896 explanarein
2507 824 2735 896 qualiter
2790 825 2927 879 Deus
2973 840 3003 877 a
3056 826 3211 880 nobis
3262 824 3614 896 requirendus
3646 840 3705 887 et

2118 893 2492 962 intelligendus
2522 895 2613 949 sit.
2646 894 2798 948 Nunc
2829 910 2955 947 vero
2993 909 3114 948 cum
3151 893 3358 963 tempus
3400 912 3522 951 esse
3556 901 3705 954 vide-

2118 975 2229 1038 tur,
2254 976 2311 1038 ut
2336 976 2532 1038 tectum
2562 965 3036 1038 superatdiﬁcetur,
3068 966 3198 1019 libet
3234 980 3299 1020 ex
3332 966 3571 1035 ejusdem
3600 985 3699 1038 ge-

2117 1035 2263 1090 neris
2294 1034 2486 1101 lapide,
2516 1049 2676 1103 quem
2708 1036 2759 1088 in
2802 1034 3146 1090 fundamento
3166 1102 3171 1103 7
3192 1034 3369 1103 posui,
3401 1046 3457 1091 et
3499 1034 3699 1094 tectum

2116 1105 2369 1159 condere.
2398 1102 2579 1159 Genus
2608 1115 2785 1159 autem
2819 1105 3008 1171 lapidis
3052 1105 3105 1159 in
3154 1102 3504 1161 fundamento
3533 1111 3699 1163 collo-

2116 1175 2242 1237 cati,
2272 1174 2512 1244 quaedam
2561 1174 2657 1228 fuit
2701 1174 2992 1228 similitudo
3032 1176 3305 1242 aptissima
3350 1191 3550 1233 sancta:
3579 1179 3698 1234 Tri-

2115 1245 2284 1317 nitati.
2326 1245 2682 1317 Quamobrem
2725 1254 2785 1317 ut
2829 1244 2881 1298 in
2910 1245 3122 1313 eodem,
3148 1246 3199 1299 in
3230 1262 3334 1317 quo
3365 1249 3525 1316 cmpi,
3556 1250 3695 1303 tedi-

2119 1314 2279 1387 ﬁcare
2301 1318 2530 1387 possim,
2548 1314 2827 1367 aediﬁcium
2850 1314 3425 1387 consummare.'cupio
3454 1314 3702 1387 proferre

2117 1384 2439 1456 similitudes
2467 1385 2669 1452 aliquas
2691 1394 2891 1438 sanctae
2917 1385 3160 1456 Trinitati
3191 1384 3476 1455 congruas,
3501 1388 3696 1456 quibus

2117 1453 2248 1508 illud
2277 1454 2566 1521 explanare
2607 1456 2767 1518 nitor,
2804 1454 2946 1522 quod
2978 1470 3169 1509 omnes
3198 1453 3397 1511 sancta;
3422 1453 3698 1512 Trinitatis

2116 1539 2357 1596 personat
2406 1525 2517 1578 sint
2570 1538 2601 1577 a
2651 1525 2803 1579 nobis
2849 1525 3200 1596 invocandee,
3243 1527 3338 1581 sed
3392 1528 3705 1596 specialiter

2113 1594 2281 1665 sancti
2312 1595 2541 1660 Spiritus
2570 1611 2582 1646 :
2617 1610 2722 1648 non
2749 1595 2889 1665 quod
2921 1595 3056 1649 hanc
3094 1612 3213 1664 qua:
3241 1598 3394 1651 tertia
3425 1594 3479 1652 iit
3508 1608 3695 1653 sancta

2114 1664 2375 1737 Trinitate
2404 1679 2628 1737 persona
2654 1664 3047 1737 est,’m_ajorem
3080 1668 3162 1721 vel
3205 1667 3440 1737 priorem
3476 1669 3703 1724 credere

441 1732 505 1814 ex
532 1744 709 1798 calore
730 1746 1040 1812 patrandam
1068 1748 1132 1799 ad
1159 1732 1542 1813 bona'quaeqne
1568 1744 1816 1814 discenda
1840 1744 2009 1797 sancti
2042 1753 2087 1814 Β
2115 1735 2424 1814 debeamus.
2460 1736 2565 1814 sed
2614 1735 2783 1814 quod“
2803 1732 3083 1814 efficientia
3128 1732 3243 1814 eju's
3290 1753 3393 1791 non
3424 1739 3593 1814 solum
3631 1741 3698 1814 ad
3718 1756 3732 1769 ³

440 1810 674 1882 Spiritus
718 1810 838 1883 igne
884 1817 1141 1879 mollitus,
1183 1810 1395 1869 mobilis
1429 1810 1515 1867 tiat
1544 1824 1597 1867 et
1625 1812 1843 1867 humilis
1878 1828 1893 1866 :
1924 1827 2012 1865 se-

441 1883 671 1937 cundum
701 1884 842 1953 quod
868 1887 1122 1952 scriptum
1153 1896 1228 1939 est
1265 1902 1278 1938 :
1312 1883 1506 1938 Discite
1534 1884 1843 1951 benefacere,
1870 1898 2013 1953 qua:-

438 1953 535 2022 rite
563 1950 833 2018 iudicium,
863 1964 909 2008 et
942 1950 1283 2009 huiuiliamiui
1325 1955 1417 2008 sub
1466 1950 1663 2022 potenti
1699 1969 1855 2005 manu
1900 1950 2013 2007 Dei.

444 2021 499 2076 In
532 2022 791 2090 lapidibus
822 2041 970 2092 vero,
1004 2036 1061 2078 ut
1090 2036 1272 2079 contra
1302 2026 1551 2093 quaslibet
1580 2024 1717 2078 mala
1747 2024 1818 2079 sit
1843 2024 2010 2077 durus

440 2100 495 2165 et
522 2094 746 2165 stabilis,
783 2109 988 2149 necnon
1030 2106 1214 2149 cautus
1256 2114 1267 2148 :
1307 2097 1455 2161 juxta
1505 2093 1744 2165 Apostoli
1794 2106 2015 2148 senten-

442 2163 588 2233 tiam,
621 2162 838 2218 Stabiles
867 2174 1024 2220 estote
1052 2175 1099 2219 et
1130 2165 1431 2232 immobiles,
1461 2175 1506 2221 et
1543 2162 1702 2220 nolite
1740 2165 1877 2218 οηιηὶ
1900 2164 2011 2233 ιιρὶ-

438 2232 561 2285 ritui
591 2235 815 2289 credere.

471 2303 571 2376 .__ln
600 2304 683 2376 bis
708 2320 833 2373 ergo
862 2319 980 2372 quzc
1015 2307 1127 2376 jam
1157 2306 1390 2361 diximus
1419 2315 1470 2361 et
1501 2306 1618 2360 aliis
1648 2307 2014 2363 innumerabi-

448 2370 1328 2447 Iibusaunusquisqueintelligens
1376 2389 1465 2431 aut
1506 2379 1786 2445 requirens
1820 2378 2007 2444 Deum,

438 2446 589 2565 quasi
617 2442 801 2513 legens
827 2442 983 2500 discit
1010 2446 1135 2516 quid
1165 2442 1384 2503 cFedere
1410 2449 1490 2502 vel
1521 2442 1758 2517 cogitare
1786 2448 1853 2502 de
1902 2442 2011 2504 Deo

476 2513 655 2565 ebeat.
701 2516 949 2565 auoduue
990 2518 1229 2565 omnium
1265 2528 1449 2565 natura
1499 2518 1907 2565 elementorum-
1954 2528 2011 2565 nt

476 2513 671 2584 eberat,
701 2516 949 2584 quodque
990 2513 1229 2573 omnium
1265 2528 1450 2572 natura
1499 2513 1907 2582 elementorum,
1954 2528 2013 2575 ut

439 2591 523 2658 est
551 2582 675 2658 illud
708 2582 873 2653 quod
896 2588 1137 2658 degsole.
1168 2604 1330 2658 aqua,
1365 2589 1536 2658 lapide
1556 2630 1572 2655 ,
1600 2604 1747 2651 cera,
1779 2598 2006 2656 turture,

440 2653 709 2728 columba,
740 2656 1078 2724 serpentibus
1117 2653 1431 2729 ueterisque
1461 2653 1753 2718 creaturis;
1784 2669 1839 2713 et
1869 2653 2006 2727 quod

440 2730 849 2795 instrumentum
882 2728 1215 2791 rationabile.
1249 2741 1305 2784 ut
1333 2728 1416 2786 est
1455 2730 1580 2784 illud
1616 2729 1754 2795 quod
1785 2730 1853 2783 de
1882 2731 2009 2784 aedi-

439 2790 631 2847 ficandi
663 2796 854 2858 modis,
880 2799 1128 2863 gradibus
1157 2809 1210 2853 et
1231 2814 1465 2853 consona
1492 2790 1814 2854 chordarum
1847 2814 2001 2867 orga-

437 2876 732 2938 norumque
774 2868 1059 2938 cantilena.
1113 2868 1379 2938 Institutio
1426 2884 1638 2938 quoque
1683 2870 1918 2929 moralis,
1951 2878 2009 2923 ut

436 2940 519 2985 est
565 2932 693 3006 illud
741 2936 881 3006 quod
909 2937 1008 3006 de
1057 2937 1362 3006 obedientia
1409 2932 1739 3006 parentibus,
1773 2939 2010 2994 dominis

436 3014 500 3055 ac
528 3002 795 3079 magistris
824 3004 1137 3079 exhibenda
1162 3002 1427 3074 dixitnusi
1460 3020 1569 3063 tum
1598 3010 1760 3063 etiam
1798 3009 2006 3079 ﬂagella

437 3086 665 3140 quaeque
695 3071 962 3148 hominem
1008 3075 1072 3148 ad
1103 3077 1367 3132 Creatoris
1403 3071 1481 3133 sui
1512 3071 1896 3148 subjectioiieni
1928 3089 2008 3134 at-

438 3155 543 3209 que
562 3142 968 3216 venerationem
997 3146 1336 3201 admoneant.
1365 3148 1512 3204 Unde
1542 3142 1625 3203 illi
1650 3159 1757 3203 tres
1783 3152 1927 3216 pueri
1953 3152 2003 3204 in

437 3211 651 3283 camino
702 3212 837 3280 ignis
887 3217 1149 3283 quondam
1199 3219 1407 3281 inclusi,
1455 3220 1631 3274 omnia
1684 3221 1749 3273 ad
1784 3211 2005 3275 'lauilem

437 3277 919 3359 Dei_exhoriantes_,
951 3285 1158 3359 dicunt:
1181 3277 1489 3355 Benedic’ite,
1523 3290 1691 3343 omnia
1715 3306 1867 3359 apem
1900 3290 2007 3343 Do-

434 3350 582 3429 mini,
616 3350 857 3419 Domino,
886 3356 1091 3429 laudate
1110 3368 1153 3410 et
1178 3350 1552 3429 superexaltate
1573 3376 1686 3429 eum
1708 3350 1760 3411 oi
1798 3361 2003 3429 alecula.

434 3418 511 3490 Ex
540 3436 857 3490 quacunque
896 3426 1036 3479 enim
1081 3418 1322 3482 creatura
1374 3430 1536 3484 homo
1564 3428 1629 3482 ad
1674 3429 1879 3483 laudem
1910 3428 2007 3486 Dei

432 3486 981 3567 incit'atur,_q'uodamA
996 3496 1251 3567 loquendi
1295 3515 1488 3567 genere
1519 3497 1684 3553 Deum
1718 3499 2002 3565 benedicit,

431 3560 575 3638 quia“
606 3560 880 3638 laudantes
924 3560 1109 3638 efﬁcit.
1137 3560 1322 3638 rCttln-
1343 3571 1500 3638 igitur
1548 3571 1680 3624 satis
1708 3570 1906 3624 dictum
1937 3560 2007 3625 sit

431 3631 762 3710 qualiter_in
793 3634 965 3710 _rebus
996 3637 1287 3692 visibilibus
1332 3631 1509 3708 lcgere
1548 3638 1781 3706 possitis,
1822 3640 2000 3710 legite,

433 3713 646 3780 precor,
678 3702 730 3755 in
758 3703 837 3780 eis
869 3714 1009 3758 tanta
1037 3722 1164 3762 cura
1197 3702 1642 3780 coram'Domino
1673 3702 1854 3763 nostro
1872 3702 2006 3763 ἰιιιιὶ

430 3776 601 3848 gistro
641 3776 1121 3848 omnium,quanta
1152 3786 1202 3832 et
1246 3794 1339 3832 vos
1381 3779 1587 3834 velletis
1633 3779 1684 3833 in
1723 3782 2002 3848 prmsentia

431 3841 597 3916 vestri
630 3840 819 3916 legere
862 3840 1003 3910 illo's,
1033 3863 1166 3915 quos
1194 3848 1245 3902 in
1275 3851 1418 3902 omni
1450 3848 1706 3916 sapientia
1725 3840 1942 3904 'sciretis
1971 3867 2001 3907 a

432 3908 584 3989 vobis
628 3908 937 3989 instructos.
984 3908 1091 3989 Nisi
1141 3918 1280 3972 enim
1325 3908 1591 3989 sapienter
1632 3934 1812 3973 coram
1854 3921 2003 3976 vobis

433 3979 691 4058 legerent,
717 3983 846 4058 dura
878 3985 1081 4058 ﬂagella
1120 3979 1402 4055 caperent:
1421 3988 1616 4043 Eadem
1648 4004 1856 4058 quoque
1885 4005 2002 4045 cre-

431 4047 542 4132 dite
573 4051 723 4132 vobis
763 4047 1087 4132 ῐιιιιιιηιξιιίεἰ
1130 4047 1364 4132 legeritis
1401 4073 1580 4132 coram
1611 4047 1677 4132 eo
1710 4047 2002 4132 intentione

431 4124 688 4200 putantqui
712 4124 943 4200 vobis_ct
963 4127 1121 4200 vitam
1143 4124 1305 4195 dedit,
1327 4140 1379 4182 et
1399 4129 1707 4184 omnimodo
1729 4129 1997 4187 instruxit.

509 4187 641 4264 Quia
666 4206 792 4245 vero
818 4194 893 4264 ad
915 4196 1121 4250 aediﬁcii
1145 4213 1236 4264 per
1262 4187 1632 4254 similitudines
1656 4201 1999 4255 construendi

433 4256 589 4342 linem
612 4258 1040 4342 jamutenditnus,
1074 4256 1199 4342 libet
1240 4271 1468 4342 utjuxta
1509 4286 1714 4324 morem
1742 4286 2001 4342 quorum-

432 4326 552 4379 dam
586 4326 675 4397 q'ui
701 4333 800 4386 sibi
831 4326 1138 4402 speculandi
1173 4326 1400 4393 fornices
1427 4340 1477 4392 in
1506 4341 1706 4393 anilibus
1729 4326 1847 4394 altis
1872 4356 2003 4394 con-

430 4405 661 4464 struunt,
708 4408 765 4455 ut
809 4405 1000 4479 exinde
1043 4408 1197 4479 longe
1242 4406 1451 4477 lateque
1483 4411 1741 4477 speculari
1773 4411 1997 4479 possint,

2116 1805 2223 1875 sui,
2254 1804 2347 1875 sed
2379 1804 2570 1875 Patris,
2594 1815 2647 1856 et
2666 1804 2784 1875 AFilii
2810 1806 3135 1875 agnitionem
3160 1804 3519 1863 instruamur.
3544 1809 3697 1875 Quod

2118 1871 2367 1928 videlicet
2409 1873 2510 1926 hoc
2555 1873 2714 1927 modo
2744 1871 3066 1942 colligimus.
3095 1876 3228 1942 Quia
3256 1877 3413 1943 igitur
3439 1871 3586 1932 aliud
3612 1893 3697 1935 est

2116 1944 2457 1997 solummodo
2488 1942 2800 2006 subsistere,
2834 1945 2974 1997 aliud
3023 1960 3152 1999 vero
3200 1942 3455 2001 viviticari
3497 1951 3546 2001 in
3576 1950 3699 2003 ani-

2117 2014 2225 2068 mal
2258 2013 2540 2078 rationale,
2571 2013 2711 2081 quod
2742 2013 3036 2082 intelligere
3070 2021 3235 2083 possit
3263 2020 3423 2071 totius
3449 2019 3698 2073 substan-

2119 2085 2206 2154 tiae
2233 2093 2550 2154 creatorem,
2577 2097 2674 2136 nos
2702 2083 2790 2153 qui
2816 2083 2925 2151 jam
2958 2084 3299 2139 subsistimus
3332 2102 3423 2154 per
3450 2088 3622 2142 Patris
3643 2098 3701 2144 et

2118 2153 2237 2208 Filii
2264 2153 2602 2226 efﬁcientiam
2646 2154 2850 2226 (omnia
2899 2155 3043 2208 enim
3092 2171 3185 2224 per
3235 2153 3345 2224 ipsa
3378 2157 3512 2212 facta
3545 2164 3696 2226 sunt)

2115 2225 2349 2278 maxime
2402 2223 2599 2277 dehinc
2643 2224 2978 2291 indigemus,
3032 2235 3087 2278 ut
3140 2223 3492 2295 agnoscamus
3553 2223 3701 2285 unde

2115 2295 2491 2358 subsistamus,
2541 2301 2903 2363 quantumque
2950 2296 3161 2349 caeteris
3211 2299 3473 2350 creaturis
3515 2301 3695 2352 excelo

2119 2364 2374 2419 lentiores
2404 2365 2592 2436 simus,
2624 2374 2681 2418 et
2708 2379 2838 2433 quas
2867 2363 3061 2419 divina
3089 2368 3267 2434 pietati
3317 2382 3411 2433 pro
3442 2367 3543 2421 hoc
3570 2382 3695 2436 gra-

2118 2436 2218 2489 tias
2246 2449 2405 2503 agere
2434 2434 2744 2487 debeamus.
2785 2436 2897 2488 Hoc
2925 2449 3101 2489 autem
3135 2436 3201 2490 ad
3248 2436 3483 2504 Spiritus
3522 2434 3694 2492 sancti

2122 2504 2465 2559 efficientiam
2496 2504 2747 2569 pertinet.
2776 2505 2899 2573 quia
2929 2520 3022 2571 per
3051 2506 3220 2573 ipsum
3247 2507 3312 2560 ad
3344 2510 3504 2561 touus
3532 2506 3704 2562 boni-

2120 2575 2244 2629 tatis
2266 2575 2588 2643 agnitionem
2611 2589 2954 2643 amoremque
2984 2578 3347 2643 accendimur,
3372 2576 3495 2632 licet
3515 2588 3569 2630 et
3594 2577 3698 2632 Pa-

2116 2646 2239 2711 tris,
2269 2654 2325 2698 et
2353 2643 2494 2715 Filii,
2525 2652 2580 2699 et
2626 2645 2857 2713 Spiritus
2903 2647 3093 2710 sancti,
3142 2650 3380 2715 operatio
3427 2647 3697 2701 individua

2114 2716 2184 2768 sit
2214 2718 2267 2768 in
2297 2713 2566 2784 omnibus.
2598 2715 2706 2770 Sed
2737 2716 2857 2782 quia
2892 2715 3006 2770 haec
3029 2726 3155 2769 sunt
3181 2713 3432 2784 obscura,
3460 2731 3591 2783 Opus
3612 2728 3698 2773 est

2114 2793 2172 2838 ut
2219 2782 2569 2857 similitudine
2612 2785 2960 2857 explanemus
3008 2787 3208 2855 aliqua.
3262 2782 3425 2841 Sicut
3464 2802 3595 2857 ergo
3640 2788 3693 2841 in

2115 2868 2339 2908 accensa
2370 2855 2591 2925 candela
2625 2856 2782 2908 trium
2810 2856 3215 2922 elementorum,
3248 2858 3299 2911 id
3329 2867 3431 2921 est,
3463 2855 3691 2925 stuppae,

2110 2937 2250 2978 cerae
2294 2932 2349 2978 et
2396 2924 2527 2976 lucis
2574 2924 2843 2978 individua
2885 2929 3124 2993 Operatio
3153 2936 3255 2991 est,
3299 2924 3690 2995 omniaquesi—

2111 2996 2219 3048 mul
2244 3004 2560 3066 operantur,
2590 2996 2681 3048 sed
2715 3003 2889 3048 tamen
2935 2998 2998 3048 ad
3030 2995 3166 3052 lucis
3195 2998 3459 3051 ﬂammam
3489 2999 3689 3066 aliquid

2112 3064 2400 3133 specialius
2425 3066 2653 3137 pertinet
2678 3066 2994 3120 illuminatio
3015 3081 3219 3130 eorum,
3246 3069 3332 3134 qui
3360 3083 3523 3137 prope
3545 3064 3689 3121 coin—

2111 3145 2387 3188 morantur
2418 3150 2433 3187 :
2468 3149 2589 3188 nam
2624 3135 2674 3189 in
2725 3136 2961 3191 tenebris
3005 3138 3281 3190 constituti
3326 3152 3425 3191 nec
3452 3135 3512 3191 ea
3551 3141 3691 3190 unde

2108 3204 2222 3272 ipsa
2267 3207 2359 3258 lux
2404 3204 2664 3269 procedit,
2692 3219 2913 3259 cernere
2940 3206 3121 3260 valent
3158 3208 3275 3260 sine
3306 3209 3447 3270 luce,
3498 3206 3693 3261 eﬂeciu

2108 3289 2236 3329 vero
2287 3275 2422 3328 lucis
2470 3273 2646 3327 omnia
2696 3274 2905 3339 vident;
2954 3277 3032 3330 sic
3081 3287 3133 3330 et
3180 3285 3378 3330 sancta:
3415 3276 3697 3330 Trinitatis

2110 3345 2354 3411 operatio
2384 3343 2508 3396 licet
2534 3345 2606 3397 sit
2634 3343 2925 3407 individua,
2961 3354 3135 3400 tamen
3166 3348 3232 3400 ad
3262 3345 3490 3412 Spiritus
3518 3361 3646 3400 sane
3673 3351 3689 3400 i

2114 3427 2422 3481 personam,
2446 3428 2564 3480 quae
2589 3428 2681 3481 per
2709 3414 2880 3467 lucem
2910 3416 3254 3482 signiﬁcatur,
3271 3416 3465 3483 aliquid
3484 3419 3690 3482 specia-

2113 3484 2233 3536 liter
2262 3486 2492 3556 pertinet
2522 3483 2800 3556 inSpiratio
2829 3485 3028 3549 divina,
3062 3501 3157 3556 per
3184 3502 3340 3556 quam
3371 3487 3688 3539 instruimur

2108 3568 2212 3606 non
2256 3554 2428 3625 solum
2476 3552 2543 3625 ad
2590 3556 2927 3625 agnoscenda
2967 3552 3215 3623 ejusdem
3257 3555 3488 3623 Spiritus
3517 3556 3687 3609 sancti

2106 3627 2268 3695 dona,
2297 3624 2390 3677 sed
2420 3622 2582 3677 etiam
2612 3622 2676 3678 ad
2728 3627 2887 3679 totius
2918 3622 3191 3680 Trinitatis
3237 3622 3516 3695 mysteria,
3547 3628 3686 3679 sicut

2106 3703 2160 3747 et
2190 3693 2446 3748 Dominus
2473 3702 2658 3748 noster
2696 3697 2936 3765 promisit
2974 3697 3160 3752 dicens
3190 3714 3205 3754 :
3234 3693 3534 3750 Paracletus
3563 3695 3688 3765 Spi-

2106 3765 2236 3817 ritus
2262 3772 2488 3830 sanctus,
2520 3780 2669 3833 quem
2698 3767 2857 3819 mittet
2906 3764 3065 3820 Pater
3110 3769 3164 3821 in
3194 3769 3393 3822 nomine
3436 3782 3567 3830 meo,
3600 3764 3688 3821 ille

2100 3848 2191 3888 ros
2218 3836 2416 3888 docebit
2465 3836 2658 3888 omnia.
2692 3835 2820 3889 Cum
2872 3837 3001 3891 dicit
3041 3840 3233 3901 omnia,
3285 3838 3498 3905 excepit
3543 3840 3682 3890 nulla

2104 3905 2301 3972 quibus
2330 3904 2588 3959 edocendi
2617 3919 2802 3959 sumus
2825 3907 2983 3960 bona.
3013 3907 3123 3962 Nec
3144 3917 3316 3961 tamen
3338 3904 3683 3974 credendum,

2106 3977 2247 4042 quod
2295 3976 2411 4030 sine
2456 3975 2633 4046 Patris
2679 3984 2732 4027 et
2780 3976 2895 4030 Filii
2943 3978 3321 4046 cooperatione
3364 3977 3555 4030 eadem
3596 3976 3687 4030 fiat

2104 4046 2371 4107 doctrina,
2423 4044 2688 4115 sicutnec
2717 4046 2799 4099 lux
2831 4044 3067 4101 candela}
3096 4050 3210 4101 sine
3239 4058 3446 4115 stuppa:
3472 4056 3685 4100 etcera:

2104 4120 2277 4180 agitur
2314 4114 2710 4185 coeperatione.
2747 4116 2927 4185 l’otest
2954 4128 3007 4169 et
3053 4118 3104 4171 in
3149 4114 3392 4179 candela,
3422 4131 3544 4185 qua:
3577 4131 3682 4170 non

2105 4198 2339 4252 semper,
2376 4184 2484 4254 sed
2530 4184 2743 4254 statutis
2790 4184 2937 4239 horis
2985 4192 3162 4242 lucere
3208 4192 3367 4250 solet,
3398 4186 3684 4254 signiﬁcari

2106 4257 2248 4326 quod
2296 4253 2525 4321 Spiritus
2578 4253 2747 4307 sancti
2796 4259 2884 4308 lux
2936 4272 3040 4311 n0n
3085 4274 3301 4326 semper
3342 4259 3395 4310 in
3432 4253 3685 4309 cordibus

2106 4323 2340 4377 ﬁdelium
2366 4334 2659 4391 permanet,
2679 4326 2771 4378 sed
2791 4328 2941 4393 juxta
2961 4323 3252 4395 profectum
3269 4329 3353 4381 vel
3370 4326 3681 4392 qualitatem

2104 4396 2431 4463 singulorum
2459 4397 2639 4447 omnia
2679 4397 2989 4463 disponens,
3024 4413 3165 4451 nunc.
3199 4414 3292 4451 eos
3321 4396 3473 4465 quasi
3500 4399 3683 4450 incen-

431 4474 1001 4544 nqsquoquehanqugd
1042 4465 1215 4531 είηῆιθ
1265 4465 1722 4544 hic'smd'camns’
1763 4465 1997 4534 meum;
2030 4468 2075 4525 ι)
2103 4467 2235 4518 dens
2266 4465 2549 4544 illuminat,
2581 4479 2719 4544 nunc
2754 4480 2881 4543 vero
2910 4468 3060 4532 quasi
3092 4468 3230 4544 idem
3263 4467 3679 4544 lumettexstiu.

430 4536 908 4616 scilicet_tjualiter'
938 4544 1079 4616 Deus
1113 4548 1404 4616 prospiciat
1453 4564 1613 4613 super
1660 4536 1793 4600 ﬁlios
1823 4550 2000 4602 homi-

431 4619 580 4687 num.
605 4606 842 4687 Sitergo
872 4611 1076 4687 :ediﬁcii
1111 4606 1267 4684 hujus
1294 4617 1507 4682 specula
1523 4606 2001 4684 contemplationis

431 4674 624 4752 divina:
670 4674 984 4746 similitudo,
1033 4700 1093 4737 ex
1143 4674 1245 4752 qua
1292 4674 1348 4738 et
1394 4686 1615 4741 liberum
1664 4674 1997 4743 arbitriuma

430 4742 776 4828 Beodatum,
806 4760 859 4828 et
887 4742 1034 4828 quod
1058 4742 1193 4808 idem
1223 4755 1504 4828 arbitrium
1534 4758 1646 4810 sine
1691 4757 1787 4812 Dei
1831 4742 1999 4827 gratia

431 4813 563 4894 nihil
594 4816 715 4894 boni
744 4813 937 4894 capiat,
968 4824 1298 4889 aliquatenus
1327 4826 1588 4893 speculari
1623 4813 2001 4894 potest."Sicut

431 4886 572 4965 enim
601 4886 793 4965 aliquis
816 4886 1141 4965 praepotens,
1172 4895 1221 4965 in
1240 4886 1464 4965 excelso
1503 4886 1722 4949 manens
1751 4897 1997 4963 aedificio,

430 4960 603 5009 omnia
633 4960 830 5033 quanio
861 4963 1096 5033 ejusdem
1124 4962 1333 5017 :ednﬁcii
1358 4966 1581 5019 circuitu
1609 4976 1887 5033 geruntur,
1910 4960 2003 5021 de?-

430 5038 602 5106 super
618 5028 824 5106 aspicit,
858 5031 983 5085 nulli
1025 5033 1214 5106 intuitu
1263 5048 1360 5086 suo
1406 5028 1777 5106 necessiiatem
1807 5028 2000 5106 agendi

429 5095 678 5174 quaelibet
707 5095 960 5174 inferens,
992 5103 1089 5158 sed
1114 5104 1480 5158 tantummodo
1507 5106 1673 5158 aciem
1712 5106 1778 5160 ad
1805 5095 1994 5162 cuncta

430 5164 500 5247 ibi
527 5176 671 5233 geSta
702 5167 984 5247 diligenter
1003 5187 1289 5247 apponens
1325 5190 1340 5227 :
1390 5174 1461 5228 ita
1504 5186 1558 5229 et
1588 5175 2000 5247 Deusromnipu-

429 5239 750 5315 tensomnia
778 5253 895 5308 quae
921 5241 971 5315 in
1003 5239 1103 5295 hoc
1132 5243 1327 5315 mundo
1351 5254 1608 5314 geruntur
1637 5239 1997 5310 invisibiliter,

428 5308 770 5384 considerans
820 5314 1084 5384 neminem
1121 5308 1464 5384 inspiciebdo
1493 5317 1560 5369 ad
1604 5330 1736 5381 opus
1785 5308 1996 5384 aliquod

427 5375 718 5453 compellit,
750 5379 844 5433 sed
883 5395 1069 5453 omnes
1118 5382 1170 5453 in
1221 5375 1443 5437 arbitrio
1471 5375 1687 5453 proprio
1726 5375 1996 5453 relinquit,

429 5450 776 5520 membraque
802 5459 932 5520 tam
971 5450 1035 5502 ad
1066 5451 1259 5503 malum
1291 5468 1445 5520 quam
1471 5450 1545 5508 ad
1576 5450 1771 5508 bonum
1804 5450 2003 5509 facien-

426 5511 549 5593 dum
582 5511 703 5582 apta
749 5518 1038 5593 tribuit,‘ut
1068 5534 1160 5587 per
1207 5511 1323 5593 hoc'
1353 5525 1588 5577 omnium
1619 5522 1843 5579 aﬂectus
1876 5542 1999 5593 pro-

393 5642 403 5665 .
428 5581 601 5665 betur,
620 5581 685 5637 et
705 5588 854 5653 cujus
883 5581 1107 5665 quisque
1135 5591 1310 5645 meriti
1344 5594 1419 5665 sit
1435 5594 1749 5665 denudetur.
1776 5581 1999 5649 Ver'utn-

425 5664 599 5706 iamen
661 5670 728 5710 ne
776 5661 947 5711 omnis
995 5661 1150 5713 homo
1201 5676 1265 5714 ex
1314 5664 1516 5716 arbitrii
1573 5666 1700 5719 tanti
1760 5666 2000 5720 libertate

423 5727 690 5782 resolutus
722 5727 867 5783 velut
896 5743 1055 5798 pecus
1076 5733 1327 5787 lascivum
1356 5734 1407 5790 in
1439 5735 1748 5805 perditionis
1786 5736 1995 5793 foveam

2100 4550 2270 4602 guens
2315 4538 2391 4604 ad,
2424 4543 2632 4598 tempus
2679 4538 2922 4587 deserit:
2954 4548 3010 4589 ut
3058 4553 3149 4603 per
3198 4540 3298 4592 hoc
3345 4537 3549 4604 probati
3600 4539 3680 4589 di-

2101 4614 2275 4671 scant,
2310 4603 2427 4672 quia
2453 4604 2581 4655 nilnl
2612 4605 2663 4655 in
2694 4618 2775 4671 se,
2805 4621 2980 4658 omina
3010 4617 3186 4661 autem
3221 4611 3271 4661 in
3302 4603 3412 4662 Deo
3446 4607 3677 4661 valeant.

2106 4674 2255 4745 Unde
2280 4683 2362 4726 est
2382 4674 2520 4741 quod
2552 4672 2743 4740 legitur
2762 4678 2960 4729 sanctis
2983 4679 3252 4745 prophetis
3284 4678 3550 4732 interdum
3578 4678 3676 4730 de-

2099 4743 2265 4799 fuisse
2290 4745 2507 4809 spiritus
2553 4745 2866 4811 prophetue.
2908 4743 3015 4802 Sed
3046 4743 3243 4815 quanta
3272 4745 3567 4802 diderentia
3596 4755 3679 4801 est

2099 4816 2238 4867 inter
2280 4827 2522 4866 accensae
2568 4823 2622 4867 et
2662 4830 2767 4869 non
2812 4831 3053 4872 accensa:
3090 4821 3330 4872 candelae
3372 4819 3675 4885 utilitatem,

2102 4893 2264 4958 tanta
2292 4885 2453 4936 etiam
2502 4895 2586 4939 est
2631 4885 2769 4940 inter
2814 4888 2932 4958 ejus
2975 4891 3064 4955 qui
3109 4890 3306 4956 Spiritu
3353 4896 3540 4943 sancto
3562 4889 3672 4957 jam

2102 4954 2431 5028 illuminatus
2488 4964 2702 5028 est,set
2754 4954 2870 5026 ejus
2924 4954 3012 5028 qui
3066 4954 3301 5014 nondum
3350 4954 3677 5012 illuminatus

2101 5035 2206 5093 est,
2232 5025 2560 5093 qualitatem.
2592 5027 2659 5077 Et
2680 5025 2816 5080 sicut
2842 5025 3063 5083 candela
3104 5045 3329 5085 accensa
3370 5044 3475 5082 non
3502 5030 3672 5081 solum

2100 5092 2224 5165 sibi,
2253 5092 2347 5147 Sed
2378 5097 2538 5149 etiam
2568 5096 2819 5152 omnibus
2838 5101 3215 5156 accedentibus
3234 5104 3409 5155 lucem
3436 5107 3671 5165 praestat,

2098 5164 2182 5217 sic
2209 5173 2262 5217 et
2292 5165 2382 5240 ille
2409 5172 2496 5240 qui
2523 5182 2552 5240 a
2580 5168 2811 5235 Spiritus
2837 5171 3001 5224 sancti
3031 5174 3200 5240 gratia
3225 5164 3546 5224 il‘.uminatus
3566 5176 3670 5230 est,

2101 5248 2207 5287 non
2237 5235 2407 5288 solum
2450 5236 2689 5304 sibimet,
2718 5240 2814 5292 sed
2856 5250 2911 5293 et
2954 5235 3201 5296 otii'uibus
3230 5243 3296 5297 ad
3324 5256 3384 5295 se
3417 5239 3672 5291 venienti-

2103 5303 2202 5357 bus
2232 5307 2487 5373 sapicntia
2518 5310 2640 5360 data
2674 5303 2931 5375 prodesse
2959 5310 3243 5364 desiderat.
3297 5311 3389 5363 ille
3417 5324 3539 5361 vero
3582 5305 3673 5375 qui

2102 5375 2337 5428 nondum
2371 5378 2694 5432 illuminatus
2720 5391 2823 5443 est,
2852 5395 2950 5434 nec
2976 5380 3077 5433 sibi
3110 5395 3209 5434 nec
3236 5382 3481 5449 cuiquam
3513 5381 3673 5449 apiri-

2105 5449 2316 5498 tualiter
2348 5449 2600 5513 prodesse
2628 5451 2793 5516 cupit,
2825 5451 2918 5504 sed
2947 5452 3089 5504 velut
3127 5451 3434 5505 irrationale
3478 5453 3674 5506 animal

2105 5526 2306 5589 tantum
2338 5518 2658 5583 subsiSiens,
2689 5524 2764 5573 nil
2792 5521 2984 5589 quaerit
3012 5519 3150 5573 unde
3177 5522 3451 5586 StIDSIstat,
3473 5530 3527 5574 et
3552 5522 3675 5587 quid

2101 5584 2213 5639 Deo
2266 5601 2360 5653 pro
2418 5591 2662 5642 humana:
2716 5584 3029 5644 substantiae
3083 5592 3395 5645 excellentia
3439 5584 3677 5647 debeat.

2103 5656 2237 5731 llinc
2276 5660 2501 5726 plurima
2548 5674 2715 5713 sacra:
2745 5663 3034 5729 Scriptura:
3073 5661 3299 5717 inveniri
3332 5672 3552 5731 possunt
3598 5673 3679 5718 te-

2102 5730 2374 5798 stimonia,
2415 5746 2530 5799 qua:
2574 5731 2807 5788 indicant
2850 5732 3026 5789 omnia
3066 5733 3260 5789 divina:
3300 5733 3510 5806 pietatis
3540 5735 3673 5789 dona
