4026 6200
392 321 526 377 H27

382 455 477 505 per
502 436 669 490 sancti
698 432 927 505 Spiritus
957 427 1178 505 gratiam
1213 423 1743 505 lidel‘ibusprmstaﬁi.

383 489 519 562 illud
540 505 679 574 quod
720 489 842 574 ipse
878 489 1268 574 boiiiinirsper
1296 492 1616 574 Prophetam
1646 490 1815 574 dicit:
1851 489 1953 542 Su-

485 558 659 643 th‘tem
706 558 967 647 requiescit
996 558 1268 647 Spiritus.
1293 578 1452 647 meus,
1508 558 1955 647 etc._'l3es_igntatis

381 628 584 701 scilicet
630 659 723 710 per
772 628 1197 710 el‘licienternﬁet
1241 628 1951 710 minantem,nellieientiam

381 698 644 769 donorum
690 709 1064 778 spiritualium.
1099 702 1422 779 C_ui__sin_rile
1468 702 1519 753 in
1560 698 1844 779 Evangelio
1873 698 1952 751 le-

380 788 517 854 gitur
546 799 573 835 a
609 770 830 854 Domino
858 779 1055 854 dictum
1088 774 1151 826 ad
1199 771 1485 854 discipulos
1537 787 1551 823 :
1600 770 1660 822 Si
1703 783 1954 854 erg_o“vos

378 843 494 907 cum
522 854 630 906 sitis
658 852 800 908 mali,
829 850 986 901 nostis
1026 848 1157 917 bona
1183 844 1302 917 datu
1346 843 1487 900 dare,
1522 855 1688 907 usque
1717 843 1954 917 spiritum

379 927 562 977 bonum
607 920 886 991 petentibus
932 934 1003 968 se.
1052 915 1151 991 lfer
1194 914 1294 965 hoc
1337 925 1566 991 namque
1604 908 1950 991 qu-oddixits

379 978 618 1059 spiritiini
665 991 849 1043 bonum
896 986 1175 1059 petentibus
1218 998 1271 1059 se
1303 982 1582 1059 daturum,
1638 978 1955 1059 signiﬁcavit

378 1048 513 1115 d'utia
549 1061 820 1123 virtutum,
856 1048 971 1125 (λικε
1016 1070 1107 1121 per
1158 1048 1952 1125 lllftlSlOllEl_l)__Sathll‘ﬁpll‘llus

380 1135 699 1185 tribuuntur.
774 1116 979 1180 Elis-eus
1017 1116 1246 1198 'quoque
1291 1123 1378 1198 _ad
1409 1120 1596 1198 .Eliam
1624 1116 1951 1198 ,nObs‘ecro',

379 1203 567 1271 inquit,
600 1212 650 1271 ut
682 1200 771 1264 ﬁat
801 1198 1005 1265 spiritus
1031 1188 1365 1271 tuusdupler
1403 1190 1457 1240 in
1501 1204 1595 1267 me.
1652 1188 1753 1266 Per
1781 1188 1950 1271 Spiri-

382 1261 466 1323 ius
498 1261 739 1324 videlicet
781 1261 1059 1333 personam
1091 1262 1393 1335 signiﬁcans
1425 1261 1661 1335 omnium
1698 1261 1949 1335 virtutum

381 1341 540 1405 dona,
573 1355 691 1407 qua:
724 1327 861 1389 idem
898 1335 1037 1407 Elius
1080 1347 1107 1407 ιι
1158 1331 1265 1407 _Deo
1302 1330 1529 1407 accepit.
1571 1327 1685 1407 Non
1726 1327 1870 1407 enim
1913 1341 1950 1407 Aa

383 1396 671 1475 semetipso
697 1408 983 1475 quidquam
1016 1402 1218 1464 habuit,
1243 1401 1378 1475 quod
1406 1397 1763 1475 appetendum
1789 1396 1950 1448 foret.

382 1480 511 1533 llliid
544 1470 872 1541 eiiarn'quod
920 1474 1134 1541 legitur,
1169 1474 1290 1537 quia
1343 1470 1573 1545 Spiritus
1616 1476 1828 1545 sanctus
1848 1479 1951 1545 su-

383 1563 477 1615 per
505 1536 772 1615 apostolos
805 1536 1044 1615 venietis,
1075 1536 1307 1593 omnium
1361 1539 1655 1615 linguarum
1707 1536 1950 1615 notitiam

381 1605 437 1673 et
479 1605 721 1671 [id-nciam
772 1612 1022 1681 loquendi
1060 1618 1243 1681 contra
1275 1605 1953 1681 oninesadversariosAeis

382 1687 627 1752 contulit,
662 1675 868 1739 cunctis
908 1680 1154 1735 lidcl.bus
1198 1679 1327 1752 satis
1376 1677 1596 1752 indicat,
1649 1676 1772 1742 quid
1811 1675 1949 1752 idem

849 315 1047 370 BEDAS
1092 311 1538 369 VENERABIIJS
1576 309 1723 363 Ol‘P.
1770 307 1946 361 PARS
1986 305 2047 360 ll.
2089 306 2281 361 SEC’I‘.
2327 308 2386 362 ll.
2431 336 2498 347 —-
2544 303 2745 360 DUBIA
2787 302 2874 357 ET
2914 300 3182 358 SPUlilA.

1510 420 1711 473 rzestari
1747 436 1760 471 :
1791 427 1848 469 iit
1876 426 1957 473 est
1983 420 2033 478 Α
2061 417 2283 483 gratiam
2333 415 2667 483 perveniant,
2711 426 2805 477 pro
2847 427 2949 483 qua
2977 422 3029 483 et
3069 410 3328 483 Dominus
3351 420 3532 464 noster
3561 412 3647 466 Je-

3507 299 3648 355 i128

2062 479 2155 539 sus
2181 479 2423 539 CliriCtus
2463 493 2634 554 rugat,
2661 479 2951 554 diceusg'ad
2999 482 3204 534 Patrem
3239 497 3257 554 :_
3288 479 3433 549 Itogo
3463 494 3514 554 ut
3544 485 3649 535 sint

2061 572 2215 608 unum
2242 594 2258 620 ,
2302 556 2430 608 sicut
2471 550 2693 618 et'nos,
2749 552 2923 605 nullus
2967 550 3297 604 numerando
3346 553 3651 620 pertingere

2062 636 2235 692 potest
2278 626 2341 677 ad
2375 628 2629 677 unitatem
2678 624 2926 691 primam,
2960 622 3056 673 nisi
3106 636 3198 688 per
3242 621 3485 674 ordinem
3516 638 3648 675 cnn-

2058 710 2247 763 gruum
2277 697 2445 749 tertia:
2473 705 2525 747 et
2562 694 2809 746 secunda:
2847 694 3091 753 unitatis;
3136 692 3409 763 ita_nemo
3448 694 3518 763 ad
3554 693 3650 745 Pa-

2060 760 2195 819 iretn
2230 766 2504 834 pervenire
2536 772 2730 834 potest,
2764 763 2861 816 nisi
2895 762 3168 834 utriusque
3201 760 3321 834 Filii
3370 761 3458 815 llei
3492 764 3650 814 scili-

2057 844 2161 897 cet,
2197 831 2249 889 et
2295 831 2727 899 Spiritusrsancti
2774 832 2996 900 gratiam
3048 831 3245 897 pariter
3293 833 3648 886 invocandain

2058 905 2362 958 crediderit.
2400 906 2539 970 Ergo
2586 905 2697 956 hac
2725 904 2900 955 otnuia
2933 916 3053 968 qua:
3083 901 3256 964 vobis,
3300 900 3491 955 l‘ratres
3518 903 3649 955 cha-

2058 974 2277 1039 rissinii,
2307 975 2372 1027 de
2419 982 2602 1025 sancta
2649 973 2909 1025 Trinitate
2946 973 3072 1035 dixi,
3132 972 3231 1022 sint
3291 986 3390 1037 pro
3432 972 3642 1026 aedilicii

2061 1046 2261 1110 nostri,
2316 1044 2454 1112 quod
2505 1046 2599 1111 per
2652 1044 3018 1112 instrumenta
3056 1040 3463 1112 similitudinum
3517 1058 3649 1095 cou—

2056 1116 2246 1179 struxi,
2282 1110 2419 1167 tecto
2444 1110 2633 1179 et’pro
2660 1113 2898 1182 ejusdem
2944 1110 3149 1163 a>diticii
3196 1110 3544 1165 munimento.
3581 1114 3649 1165 Et

2055 1196 2110 1235 ut
2140 1184 2505 1237 delectabilius
2532 1193 2675 1236 stare
2724 1184 2908 1249 possit,
2946 1182 3071 1234 libet
3112 1195 3275 1243 super
3316 1190 3509 1234 tectum
3550 1199 3646 1249 p0-

2056 1270 2184 1307 nere
2213 1264 2410 1306 sancta:
2439 1254 2613 1306 crucis
2645 1253 2939 1320 trophaeurn
2963 1294 2976 1318 ,
3024 1250 3381 1321 similitudine
3409 1267 3644 1321 cciigrua

2054 1338 2390 1389 expressum.
2437 1324 2585 1378 Sicut
2613 1324 2754 1376 enim
2788 1333 2974 1389 potens
3018 1320 3241 1387 quilibet
3283 1323 3448 1375 multa
3498 1320 3654 1376 cum-

2057 1394 2387 1459 prehendere
2414 1403 2467 1446 et
2487 1394 2551 1445 ad
2579 1408 2639 1446 se
2664 1393 2873 1445 trahere
2894 1389 3134 1452 studens,
3158 1392 3400 1444 extendit
3430 1394 3650 1446 brachia

2052 1479 2145 1514 sua
2174 1464 2236 1515 ad
2273 1462 2589 1517 trahendum
2625 1479 2640 1515 :
2681 1464 2758 1516 sic
2784 1462 3036 1516 Dominus
3068 1468 3249 1514 noster
3278 1460 3521 1516 Christus
3554 1478 3652 1530 per

2055 1533 2256 1597 palmas
2287 1535 2338 1587 in
2367 1547 2525 1587 cruce
2552 1540 2753 1598 tensus,
2796 1533 2975 1586 omnia
3015 1544 3135 1597 quae
3173 1530 3341 1583 voluit
3371 1531 3438 1585 ad
3476 1545 3652 1587 semet

2055 1606 2277 1672 mystice
2309 1604 2493 1657 traxit.
2524 1602 2675 1672 Unde
2700 1603 2815 1668 ipse
2841 1598 2973 1654 dixit
3001 1615 3017 1654 :
3060 1600 3144 1672 Si_
3163 1600 3417 1653 exaltatus
3445 1606 3589 1671 [uera
3617 1620 3650 1654 a

2056 1667 2211 1737 terra,
2242 1675 2417 1727 omnia
2445 1671 2647 1724 traham
2681 1673 2749 1724 ad
2783 1688 2862 1725 me
2900 1672 3085 1740 ipsum.
3127 1667 3268 1723 Inter
3310 1667 3650 1735 quie'Oriinia

328 1750 331 1753 ’
383 1740 627 1826 Spiritus,
644 1756 839 1826 valeat,
871 1762 923 1805 et
949 1759 1142 1826 quanta
1192 1749 1495 1826 tribuantur
1540 1740 1799 1826 donalex.
1840 1748 1955 1813 ejus
1992 1760 2032 1818 Β
2059 1750 2113 1826 et
2139 1757 2240 1826 nos
2265 1743 2571 1826 quoquead
2592 1756 2669 1826 se
2694 1744 2908 1826 trahere
2938 1740 3203 1826 dignetur,
3230 1742 3316 1809 qui
3343 1758 3459 1823 cum
3490 1743 3651 1826 Patre

383 1815 568 1893 gratia.
601 1827 674 1879 De
701 1815 890 1893 quibus
915 1815 1163 1893 omnibus
1179 1817 1465 1893 apostiilus
1494 1815 1952 1869 evidentissimum

387 1886 531 1963 ponit
558 1886 917 1949 testiinonium
946 1891 1169 1963 dicens":
1203 1886 1387 1963 Omnia
1408 1895 1648 1963 operatur
1671 1896 1956 1963 unus,__et_c.

388 1956 511 2018 llaec
556 1966 737 2032 igitur,
770 1971 838 2032 ut
871 1974 1015 2021 reor,
1035 1958 1317 2032 sulliciunt
1346 1956 1431 2032 ad
1485 1956 1761 2032 lioc_q_uod
1801 1956 1907 2032 dixi
1940 1972 1955 2008 .

387 2024 614 2102 Spiritus
677 2031 844 2102 sancti
891 2027 1138 2102 gratiam
1197 2042 1223 2076 a
1274 2024 1424 2102 nobis
1463 2025 1780 2102 specialiter.
1811 2026 1960 2078 invo-

386 2093 628 2158 candam.
662 2101 809 2155 Nunc
831 2093 988 2153 etiam
1020 2096 1177 2163 cupio
1207 2097 1518 2161 explanare,
1552 2093 1819 2163 quomodo
1851 2109 1958 2148 no-

391 2176 468 2226 bis
498 2173 736 2240 proxima
775 2184 895 2223 esse
932 2168 1331 2240 Vidt'al‘lll‘lelb
1363 2165 1504 2231 loco,
1534 2166 1627 2219 sed
1670 2178 1777 2240 nos
1825 2178 1956 2240 coir-

388 2234 629 2306 solahdo,
661 2240 801 2294 unde
845 2245 900 2291 et
943 2236 1249 2304 paraclesis,
1283 2235 1334 2288 id
1365 2247 1468 2298 est,
1499 2234 1959 2306 consolatiodici-

388 2323 495 2376 tur,
525 2303 661 2364 sicut
704 2320 758 2365 et
808 2310 897 2363 ille
944 2303 1314 2362 Samaritanus
1366 2306 1712 2373 Evaiigelicus
1766 2303 1960 2376 dicitur

388 2374 660 2449 pro-ximus
715 2380 877 2432 fuisse
904 2379 969 2449 rei
1001 2378 1091 2446 qui
1138 2378 1323 2449 incidit
1368 2377 1421 2428 in
1461 2377 1711 2449 latroni-8,
1746 2374 1956 2449 miseri-

388 2444 624 2504 cordiam
650 2448 970 2503 exhibendo.
1010 2444 1194 2501 Omnis
1241 2447 1381 2499 enim
1415 2444 1719 2497 misericors
1751 2444 1960 2499 miseris

392 2522 663 2586 proximus
687 2534 809 2573 esse
841 2520 1110 2586 probatur.
1138 2517 1236 2582 Qui
1267 2514 1512 2586 nimirum
1534 2527 1742 2586 sensus,
1767 2528 1958 2586 quain-

390 2582 467 2642 vis
488 2589 715 2642 suiliciat
752 2589 817 2640 ad
841 2582 1125 2655 promissa:
1154 2585 1543 2653 explanationis
1574 2582 1956 2655 testimonium,

391 2660 518 2713 lilret
548 2668 725 2712 tamen
750 2651 1095 2710 similitudine
1125 2651 1240 2708 alia
1258 2654 1532 2707 declarare
1559 2651 1803 2705 eumdem
1834 2667 1959 2705 Sen-

388 2744 526 2782 sum.
572 2728 762 2782 Nolurn
812 2728 1005 2795 quippe
1049 2736 1130 2780 est
1173 2725 1420 2777 omnibus
1450 2737 1731 2795 numerare
1760 2721 1957 2795 aliquid

387 2798 697 2861 scientibus,
727 2792 845 2861 quia
887 2792 1053 2850 tribus
1080 2795 1368 2848 unitatibus
1398 2807 1491 2861 pro
1524 2792 1689 2845 tribus
1722 2794 1960 2858 personis

392 2866 583 2931 Patris,
614 2878 665 2920 et
698 2867 837 2931 Filii,
868 2875 921 2919 et
949 2867 1180 2933 Spiritus
1207 2865 1372 2917 saneti
1404 2863 1580 2925 dictis,
1606 2861 1757 2914 tertia
1787 2864 1959 2933 unitas

391 2929 632 3004 proxima
660 2945 743 2989 est
766 2929 1068 3000 pluralitati,
1092 2936 1140 2985 id
1167 2943 1275 3004 est,
1294 2934 1631 3004 quateriiario
1653 2929 1960 2997 ueterisque

393 3001 630 3058 numeris
660 3005 1027 3069 sequentibus,
1057 3013 1110 3056 et
1135 3002 1280 3053 omni
1322 3015 1414 3067 per
1449 3001 1675 3069 eosdem
1710 3014 1959 3054 iiuiueios

392 3074 719 3127 numerando
742 3068 927 3126 venire
954 3069 1184 3138 cupienti
1216 3071 1282 3123 ad
1313 3079 1509 3122 sancta:
1535 3068 1807 3122 Trinitatis
1834 3083 1958 3136 per-

390 3157 572 3207 sonas,
603 3143 837 3195 occurrit
872 3140 1038 3208 primo
1070 3155 1292 3207 persona
1344 3141 1515 3193 tertia.
1555 3139 1705 3193 Unde
1735 3140 1955 3207 intelligi

390 3214 564 3278 datur,
610 3215 732 3281 quia
775 3214 913 3264 sicut
956 3212 1224 3281 unitasget
1270 3224 1495 3281 persona
1535 3210 1689 3262 tertia
1718 3209 1956 3276 proxima

389 3292 472 3335 est
516 3279 820 3350 pluralitati,
863 3295 965 3349 qua
1016 3279 1256 3350 homines
1304 3279 1693 3350 signiﬁcantur,
1745 3292 1845 3331 nec
1890 3282 1957 3350 ab

388 3348 574 3404 eadem
606 3348 907 3418 pluralitate
939 3349 1197 3417 perveniri
1231 3358 1404 3415 porest
1431 3349 1497 3401 ad
1524 3349 1812 3418 secundani
1842 3348 1956 3401 uui-

391 3428 547 3472 tatctn
594 3416 696 3473 nisi
748 3435 839 3487 per
883 3416 1134 3473 tertiam:
1168 3421 1236 3471 ita
1277 3417 1517 3483 inprimis
1564 3431 1776 3483 semper
1802 3416 1954 3469 invo-

386 3492 553 3542 canda
583 3502 682 3555 est,
714 3504 916 3543 necnon
945 3504 973 3539 a
1006 3487 1160 3542 Patre
1204 3497 1258 3542 et
1285 3488 1419 3541 Filio
1445 3488 1712 3540 exoranda
1741 3499 1803 3539 ea
1834 3503 1953 3553 qua:

387 3560 541 3612 nobis
588 3561 824 3626 proxima
872 3569 1082 3612 consrat
1128 3558 1301 3623 gratia
1345 3556 1574 3623 Spiritus
1611 3558 1799 3620 sancti,
1832 3572 1954 3624 quae

386 3644 479 3694 per
504 3630 709 3681 tertiam
735 3632 989 3681 unitatem
1014 3627 1365 3693 signiticatur,
1395 3635 1453 3679 ut
1480 3641 1575 3679 nos
1606 3626 1953 3692 inspiratione

384 3712 477 3750 sua
505 3699 697 3766 dirigat
723 3698 773 3750 in
808 3700 942 3750 viain
967 3699 1204 3766 justitiir.
1232 3698 1383 3766 ham,
1403 3698 1756 3763 utApustolus
1783 3696 1909 3748 dicit
1935 3715 1947 3749 :

383 3766 549 3819 Nemo
595 3765 759 3819 dicere
816 3780 976 3833 potest
1028 3765 1275 3819 Dominus
1318 3765 1489 3832 Jesus,
1527 3767 1625 3818 nisi
1658 3766 1709 3817 in
1752 3766 1951 3832 Spiritu

379 3847 573 3890 sancto.
626 3837 682 3889 Si
726 3852 853 3904 ergo
904 3844 1061 3888 tanta:
1110 3834 1321 3889 virtutis
1366 3851 1557 3888 norneu
1591 3849 1749 3888 nemo
1779 3846 1952 3902 putest

379 3908 558 3960 dicere
604 3908 704 3960 nisi
754 3907 804 3958 iii
853 3906 1048 3972 Spiritu
1096 3918 1300 3969 sancto,
1354 3913 1500 3974 patet
1536 3905 1792 3973 profecto,
1826 3910 1947 3973 quia

380 3978 523 4028 nulla
573 3979 709 4028 bona
757 3979 896 4028 actio
941 3976 1051 4029 lieri
1083 3977 1223 4030 valet
1248 3979 1365 4030 sine
1407 3976 1517 4038 illo,
1548 3985 1599 4028 et
1644 3990 1738 4041 per
1776 3977 1946 4042 ipsum

378 4044 745 4098 introducendi
795 4062 977 4098 sumus
1023 4045 1088 4098 ad
1134 4049 1294 4100 totius
1332 4046 1518 4100 salutis
1561 4043 1722 4107 viam,
1758 4048 1804 4098 id
1843 4058 1945 4111 est,

375 4113 441 4165 ad
481 4111 746 4167 Christum
778 4114 967 4167 Filiriiii
1000 4114 1117 4167 Dei.
1162 4118 1400 4181 Cumque
1431 4117 1528 4168 hac
1557 4116 1660 4168 [ide
1689 4118 1754 4168 ad
1799 4118 1944 4168 illurn

1983 3099 2025 3155 C

374 4182 517 4235 ducti
551 4184 824 4251 l‘ueriinus,
865 4186 953 4237 ille
995 4187 1139 4237 velut
1185 4187 1430 4237 ostiarius
1462 4190 1714 4251 perducet
1743 4200 1839 4237 nos
1878 4188 1944 4238 ad
1980 4230 1993 4243 ,

376 4253 597 4318 primam
641 4250 928 4317 Unitateni,
974 4253 1025 4305 id
1060 4265 1162 4314 est,
1194 4255 1259 4305 ad
1303 4254 1535 4316 Patrem,
1568 4255 1749 4319 siCque
1794 4255 1946 4321 ejus-
1972 4268 1975 4299 ε

371 4324 492 4374 dein
545 4322 751 4375 Domini
802 4325 968 4375 nostri
1019 4324 1267 4388 impletur
1313 4324 1595 4389 prowissio
1641 4324 1869 4375 dicentis
1926 4342 1938 4376 :

372 4388 485 4458 Ego
531 4408 644 4443 sunt
685 4393 891 4450 ostium.
921 4401 1047 4457 etc.,
1077 4402 1147 4457 et,
1186 4391 1247 4447 Si
1284 4388 1404 4457 quid
1442 4394 1680 4459 petieritis
1712 4392 1938 4459 Patrem,

370 4470 477 4513 etc.
504 4461 605 4526 Qui
636 4466 775 4515 enirn
805 4463 972 4516 credit
998 4476 1056 4515 se
1086 4477 1191 4515 non
1223 4476 1378 4530 posse
1406 4463 1600 4515 salvari
1630 4464 1731 4515 nisi
1762 4462 1813 4514 in
1845 4479 1957 4514 rio--

371 4534 514 4583 mine
544 4530 664 4584 Filii
698 4531 812 4594 Dei,
848 4534 967 4586 huic
996 4532 1106 4599 ipse
1132 4535 1323 4585 ostium
1355 4531 1539 4585 salutis
1566 4532 1813 4586 el'licitur.
1843 4535 1940 4598 Qui

369 4610 543 4670 autem
576 4603 729 4653 aliter
757 4603 945 4663 credit,
978 4605 1213 4654 attendat
1257 4604 1395 4670 quod
1438 4603 1551 4669 ipse
1597 4601 1721 4654 alibi
1770 4606 1937 4654 dieit:

374 4668 539 4722 Nemo
568 4673 697 4722 venit
722 4671 788 4722 ad
821 4670 1047 4731 Pati-ein,
1089 4681 1193 4724 etc.
1229 4668 1470 4739 Ideoque
1499 4674 1770 4725 oratiOnes
1813 4672 1941 4726 mis-

368 4741 529 4804 sales,
562 4741 612 4791 iu
645 4742 835 4807 quibus
878 4756 1101 4808 persona
1134 4740 1340 4794 Domini
1392 4743 1554 4794 nostri
1585 4741 1709 4793 Jesu
1741 4743 1939 4794 Christi

372 4824 475 4861 non
523 4810 764 4873 habetur,
810 4813 879 4862 ita
933 4811 1277 4864 tertiiinandie
1322 4824 1447 4864 sunt
1494 4828 1505 4863 ε
1549 4810 1651 4862 Per
1682 4808 1941 4863 Christum

371 4877 647 4948 Dominum
667 4892 921 4948 nostrum,
954 4882 1033 4933 vel
1063 4897 1152 4948 per
1180 4878 1456 4933 Dominum
1496 4891 1720 4932 nostrum
1764 4878 1941 4933 Iesum

366 4947 623 5000 Christum
652 4946 845 5001 Filium
880 4958 1041 5013 tuum,
1064 4946 1213 5014 etc.,
1244 4951 1289 5002 si
1323 4952 1481 5002 totius
1526 4950 1795 5003 Trinitatis
1833 4965 1941 5004 rne-

369 5034 588 5070 inoriain
616 5033 773 5085 agere
803 5020 953 5074 velis.
983 5022 1038 5073 Si
1070 5035 1196 5073 vero
1232 5020 1282 5073 in
1319 5021 1658 5073 diSliuCliOlie
1684 5022 1939 5073 orationis

371 5089 553 5141 ultima
595 5087 709 5140 Filii
740 5103 964 5157 persona
1011 5102 1477 5153 commemoratur,
1530 5105 1634 5142 non
1678 5104 1810 5157 opus
1859 5098 1942 5143 est

366 5159 607 5211 eairidein
637 5171 918 5226 personam
961 5160 1145 5212 iterari
1194 5161 1242 5211 iu
1273 5160 1399 5223 line,
1444 5160 1536 5213 sed
1573 5160 1939 5212 tantummodo

364 5228 644 5279 dicendum
694 5246 705 5277 :
759 5229 859 5293 Qui
907 5236 1071 5281 tecum
1106 5229 1245 5294 vivit,
1278 5230 1378 5293 vel,
1417 5230 1517 5294 Qui
1559 5245 1670 5279 cum
1702 5227 1865 5280 Patre
1891 5240 1939 5280 et

365 5297 562 5365 Spiritu
591 5306 785 5360 sancto,
817 5309 921 5352 etc.
950 5301 1140 5366 Sicque
1177 5302 1256 5363 lit,
1288 5308 1344 5351 ut
1371 5310 1460 5350 aut
1507 5299 1558 5351 in
1589 5300 1800 5351 nomine
1834 5300 1937 5351 Do-

365 5369 492 5419 niirii
524 5382 618 5421 seu
663 5371 819 5421 totius
847 5368 1117 5422 Trinitatis
1163 5384 1341 5422 omnia
1384 5379 1647 5436 petamus.
1680 5370 1800 5421 llaec
1851 5371 1940 5436 rgi-

366 5445 449 5488 tur
473 5437 580 5490 sint
609 5437 750 5490 dicta
781 5448 961 5491 contra
990 5452 1103 5500 eos,
1143 5440 1231 5507 qui
1275 5440 1498 5493 credunt
1542 5438 1642 5491 sibi
1691 5439 1939 5490 sufﬁcere

366 5508 531 5576 solani
556 5508 724 5559 Patris
750 5508 1131 5576 omnipotentis
1151 5509 1542 5562 invocationem
1569 5521 1685 5560 snie
1713 5522 1935 5575 persona

367 5575 487 5627 Filii
539 5587 591 5627 et
642 5576 868 5643 Spiritus
913 5584 1103 5633 sancti.
1151 5579 1355 5646 Quibus
1406 5577 1598 5631 iterum
1639 5578 1762 5630 dico
1796 5578 1936 5642 quod

366 5660 521 5709 supra
552 5646 682 5709 dixi,
706 5647 825 5712 quia
852 5650 989 5701 sicut
1013 5664 1041 5699 a
1073 5648 1391 5715 pluralitate,
1423 5663 1523 5714 qua
1554 5661 1742 5701 omnes
1771 5648 1937 5700 homi-

371 5730 465 5767 nes
495 5715 874 5785 signiﬁcantur,
920 5729 1200 5787 antequam
1242 5719 1308 5773 ad
1351 5732 1469 5774 eam
1504 5718 1717 5773 unitatis
1745 5718 1935 5773 divina:

2058 1824 2105 1865 et
2131 1809 2329 1880 Spiritu
2351 1809 2525 1865 sancto
2554 1812 2670 1864 vivit
2697 1821 2742 1865 et
2772 1821 2949 1881 regnat
2980 1809 3114 1863 Deus
3148 1826 3234 1880 per
3260 1814 3432 1865 omnia
3453 1812 3651 1867 sarcula

2058 1884 2380 1947 stecutorum,
2408 1885 2594 1935 Amen.

2561 1971 2625 2026 IN
2664 1972 2981 2027 PSALMUM
3025 1970 3132 2028 XC.

2138 2089 2269 2157 Quia
2315 2090 2560 2144 diabolus
2606 2090 2841 2143 membra
2887 2089 3084 2143 Christi
3127 2090 3177 2143 in
3227 2099 3402 2154 nocte,
3436 2089 3559 2145 item
3591 2090 3644 2142 in

2059 2160 2164 2225 die,
2199 2171 2405 2215 tentare
2448 2175 2555 2213 non
2583 2160 2795 2224 desiuit,
2826 2170 3050 2214 testatur
3076 2160 3369 2225 Psalmista,
3411 2176 3527 2213 cum
3559 2160 3641 2211 di-

2058 2232 2130 2284 cit
2162 2247 2174 2281 :
2207 2230 2366 2286 Scuto
2411 2231 2748 2283 circumdabit
2777 2240 2822 2282 te
2864 2232 3050 2284 veritas
3096 2233 3225 2301 ejus,
3251 2246 3346 2283 non
3383 2230 3576 2281 timebis
3605 2246 3639 2279 a

2059 2302 2237 2353 timore
2283 2310 2554 2364 nocturno,
2604 2316 2634 2352 a
2671 2301 2855 2368 sagitta
2902 2302 3103 2353 volante
3143 2305 3193 2353 in
3235 2301 3337 2363 die,
3373 2316 3404 2351 a
3441 2301 3645 2368 negotio

2061 2372 2443 2437 perambulante
2472 2371 2524 2422 in
2552 2372 2787 2436 tenebris,
2813 2370 2874 2422 ab
2905 2371 3116 2423 incursu
3145 2380 3191 2423 et
3220 2370 3468 2422 dcemonio
3493 2371 3651 2420 meri-

2059 2442 2232 2493 diano.
2274 2439 2433 2494 Juxta
2467 2439 2829 2494 diversitatem
2872 2440 3122 2493 horarum
3155 2440 3472 2508 exprimitur
3512 2454 3644 2506 qus-

2061 2511 2181 2565 litas
2224 2511 2597 2563 tentatiorium.
2647 2510 2783 2576 Quid
2832 2521 2914 2563 est
2956 2520 3163 2565 scutum
3212 2509 3453 2563 veritatis
3505 2508 3648 2561 aliud

2058 2596 2217 2648 quam
2250 2579 2673 2649 arnorjustitiic?
2702 2579 2888 2634 Omnis
2920 2594 3146 2649 namque
3188 2591 3393 2632 amator
3428 2578 3650 2646 iustitia:

2057 2658 2294 2704 assertor
2324 2664 2445 2703 esse
2475 2650 2713 2703 veritatis
2742 2649 3015 2718 probatur.
3052 2648 3213 2703 Porro
3238 2651 3500 2717 justitiam
3530 2663 3646 2701 ani-

2061 2720 2365 2785 plemendo,
2399 2720 2676 2773 veritatem
2707 2734 2927 2773 conatur
2957 2720 3114 2774 tueri.
3160 2718 3204 2772 A
3241 2722 3492 2787 quinque,
3526 2733 3650 2784 per-

2058 2791 2166 2842 cito
2200 2790 2449 2844 nimirum
2476 2791 2676 2843 assultu
2708 2793 2898 2844 anima:
2925 2790 3056 2843 infra
3088 2791 3309 2857 scripto,
3335 2804 3483 2842 meus
3511 2788 3644 2841 lide-

2062 2860 2127 2913 lis
2156 2861 2385 2924 eruitur,
2417 2858 2463 2913 si
2497 2868 2649 2912 scuto
2678 2861 2911 2912 veritatis
2942 2861 3304 2923 praemunitur.
3355 2858 3411 2911 In
3464 2859 3646 2924 primis

2057 2945 2086 2982 a
2120 2930 2310 2983 timore
2357 2940 2622 2982 nocturno
2666 2930 2799 2982 liber
2845 2927 3037 2982 evadit.
3084 2928 3266 2980 'l‘iinor
3310 2928 3511 2996 quippe
3550 2943 3647 2980 iioo

2058 3011 2280 3052 cturnus
2328 3014 2567 3067 praesens
2606 3009 2688 3053 est
2736 3000 2861 3061 vita,
2907 3001 3057 3065 cujus
3100 2998 3327 3064 caligine
3366 3001 3645 3051 tendentes

2057 3074 2122 3122 ad
2156 3070 2400 3136 patriam,
2430 3069 2849 3133 circumdamur;
2882 3069 3091 3122 interim
3136 3067 3236 3121 iter
3276 3079 3490 3137 agentes
3528 3071 3647 3121 sine

2069 3140 2461 3193 intermissione
2509 3139 2702 3192 bellum
2749 3138 3134 3193 clandestinum
3180 3150 3338 3204 atque
3389 3140 3643 3202 forense,

2062 3209 2200 3271 quod
2232 3209 2397 3262 hostis
2423 3209 2669 3275 antiquus
2698 3209 3056 3273 administrat,
3084 3209 3385 3261 toleramus.
3422 3207 3644 3261 Verum-

2059 3286 2235 3332 tamen
2285 3293 2510 3347 quanam
2556 3288 2705 3346 parte
2754 3279 2888 3331 ictus
2935 3278 3234 3347 diriguntur
3280 3288 3460 3330 contra
3518 3293 3641 3336 nos.

2066 3348 2209 3401 velut
2236 3363 2377 3402 caeca
2427 3347 2651 3416 caligine
2699 3347 2868 3401 noctis
2915 3348 3276 3414 circuinsepti,
3310 3362 3642 3415 nequaquam

2053 3416 2361 3471 discernere
2409 3418 2722 3486 saapiuscule
2768 3419 2832 3471 ad
2882 3433 3067 3483 purum
3120 3432 3415 3484 possumus.
3453 3420 3551 3483 Qui
3594 3420 3638 3470 si

2054 3489 2265 3555 quando
2315 3490 2504 3555 sagitta
2553 3502 2678 3540 arcu
2725 3488 3020 3541 dolositatis
3045 3487 3259 3550 emissa,
3296 3492 3515 3555 teipsuui
3545 3503 3645 3554 ap-

2055 3558 2258 3624 petierit
2293 3578 2305 3610 :
2340 3560 2458 3625 quia
2489 3558 2679 3610 sumini
2714 3558 2856 3624 regis
2886 3559 3164 3624 praiceptis
3205 3570 3253 3610 te
3279 3559 3627 3611 militaturum

2052 3628 2399 3694 mancipasti,
2441 3642 2505 3680 ex
2553 3636 2678 3680 tunc
2716 3638 2925 3681 scutum
2971 3628 3085 3695 ejus
3130 3628 3399 3695 arripuisti
3432 3645 3443 3677 :
3477 3629 3642 3694 exple

2054 3699 2396 3763 promissum,
2421 3706 2605 3749 caveto
2627 3699 2860 3760 mentiri,
2888 3714 2952 3751 ne
2976 3704 3069 3760 sis,
3086 3712 3289 3766 qumso,
3308 3701 3641 3765 rctrograda.

2050 3768 2137 3819 S.c
2166 3777 2312 3820 certe
2340 3780 2491 3819 casso
2538 3770 2753 3821 vulnere
2791 3769 3079 3835 perspicies
3107 3769 3353 3836 sagittam
3384 3769 3635 3834 maligni-

2051 3838 2171 3889 tatis
2201 3851 2231 3888 ει
2269 3837 2437 3902 teipSu
2467 3836 2842 3890 declinantem.
2879 3839 3011 3902 Quid
3046 3839 3202 3904 igitur
3246 3851 3339 3902 per
3367 3841 3639 3903 sagittam,

2051 3904 2148 3958 nisi
2197 3906 2447 3973 iniqu;tas
2497 3908 2774 3959 iiicursans
2824 3908 3141 3972 improvise?
3190 3907 3310 3973 qrnd
3362 3921 3488 3959 vero
3531 3907 3644 3961 dici

2050 3977 2287 4042 nomine,
2322 3977 2421 4028 nisi
2464 3976 2714 4029 discretio
2747 3979 3033 4043 ﬁguratur?
3066 3975 3220 4029 Volat
3260 3979 3415 4044 igitur
3447 3976 3643 4044 sagitta

2051 4060 2143 4113 per
2168 4046 2329 4110 diem,
2369 4061 2513 4111 cum,
2544 4057 2748 4099 remoto
2795 4046 3129 4099 discretionis
3178 4047 3373 4109 nubilo,
3415 4047 3646 4114 percipit

2047 4118 2136 4185 qui
2170 4125 2421 4181 tentatur,
2454 4118 2503 4169 id
2531 4130 2650 4169 esse
2690 4117 3037 4182 proculdubio
3066 4128 3342 4183 peccatum
3364 4117 3504 4183 quod
3533 4118 3645 4169 vir-

2049 4197 2186 4239 tutes
2215 4186 2378 4237 animi
2424 4185 2642 4238 molitur
2668 4201 2991 4253 expugnare.
3045 4186 3222 4238 llosris
3254 4201 3638 4254 nonnunquam

2046 4271 2165 4309 cum
2215 4254 2431 4308 homine
2482 4257 2750 4322 negotium
2803 4267 3029 4309 tracrare
3078 4258 3324 4319 videtur,
3372 4271 3487 4307 cum
3538 4270 3641 4308 eo-

2047 4340 2215 4392 usque
2259 4328 2356 4377 silii
2406 4326 2815 4377 delectationem
2866 4327 3108 4391 patrandi
3139 4325 3358 4379 sceleris
3404 4326 3637 4392 ingerat,

2046 4396 2188 4461 quod
2217 4394 2375 4447 etiam
2406 4395 2711 4461 respuendi,
2746 4395 2827 4447 vel
2867 4395 3055 4460 agendi
3096 4396 3234 4463 quod
3286 4396 3373 4447 ille
3416 4409 3639 4461 persua-

2048 4467 2159 4529 det,
2194 4465 2451 4531 peridulus
2499 4475 2827 4526 permaneat.
2881 4468 2975 4516 llic
3022 4480 3153 4517 sane
3203 4480 3390 4518 nomen
3430 4468 3633 4529 negotii

2048 4548 2240 4586 sonare
2288 4534 2516 4603 videtur.
2563 4532 2841 4599 Negotium
2886 4534 3027 4585 enini
3058 4536 3208 4603 quasi
3240 4549 3437 4602 negans
3460 4545 3635 4586 otium

2047 4605 2257 4657 dicitur.
2283 4604 2467 4655 Omnis
2494 4602 2670 4670 itaque
2699 4602 2789 4669 qui
2816 4602 3131 4657 diabolicam
3177 4604 3636 4672 impugnatiuneiii

2046 4675 2358 4741 perpetitur,
2391 4673 2455 4724 ad
2485 4672 2792 4725 utrumlibet
2824 4673 3077 4725 vacrtlans
3106 4674 3394 4726 elIir-aciain
3426 4675 3630 4740 negotii

2043 4746 2280 4796 sortitur.
2311 4745 2459 4795 Nulla
2485 4757 2713 4808 namque
2739 4741 2838 4795 sibi
2863 4743 3076 4810 requies
3101 4746 3432 4806 conceditur,
3454 4743 3642 4798 donec

2043 4814 2189 4880 Optio
2235 4811 2641 4878 perseverantiae
2685 4826 2779 4865 seu
2822 4812 2988 4865 ruina:
3019 4815 3333 4867 terminetur
3364 4828 3646 4881 :cuinque

2043 4886 2183 4935 circa
2229 4884 2341 4934 hinc
2393 4883 2635 4934 inel'licax
2683 4884 2997 4948 plerumque
3054 4886 3389 4950 reperiatur,
3449 4894 3647 4950 utpote

2041 4953 2213 5023 victus
2246 4961 2382 5004 totas
2412 4951 2568 5023 vires,
2593 4965 2718 5003 suas
2755 4953 3010 5004 adversus
3038 4958 3412 5020 agonottietarn
3444 4953 3648 5023 hujus-

2042 5021 2183 5075 modi
2233 5032 2403 5075 exerit
2432 5038 2443 5071 :
2478 5020 2576 5092 sed
2601 5035 2722 5073 eum
2745 5034 2909 5092 quem
2941 5030 3235 5086 nutantem,
3266 5023 3414 5091 quasi
3463 5020 3649 5092 nego-

2043 5094 2172 5143 tium
2206 5101 2517 5144 tractantem
2564 5090 2802 5157 inspicit,
2834 5090 3031 5156 impetu
3079 5103 3255 5145 statim
3290 5090 3650 5150 'validissiiiio

2043 5161 2289 5227 percutit,
2322 5173 2376 5215 et
2420 5162 2485 5213 ad
2534 5158 2905 5232 delectationis
2944 5162 3277 5232 barathrum,
3308 5161 3503 5229 quibus
3534 5179 3650 5232 po-

2043 5240 2144 5284 test
2175 5233 2373 5283 viribus
2401 5230 2675 5296 pertrahit.
2702 5232 2920 5293 Quieres
2943 5231 3155 5297 quidem
3189 5248 3283 5299 per
3313 5230 3649 5290 vocabulum

2040 5300 2272 5353 incursus
2303 5300 2640 5366 exprimitur.
2668 5300 2805 5370 Quid
2836 5301 3019 5365 plura?
3057 5302 3309 5370 Sequitur
3339 5305 3650 5363 vehemens

2040 5372 2185 5423 luror
2214 5370 2461 5423 diciiionii
2492 5369 2789 5432 meridiani,
2821 5372 2960 5436 quod
2990 5370 3088 5423 sibi
3118 5369 3435 5424 consensum
3466 5374 3652 5431 taeda:

2038 5438 2412 5493 delectationis
2439 5438 2638 5504 allicit,
2664 5438 2912 5506 quoaiam
2959 5437 3095 5492 sicut
3122 5442 3201 5493 sol
3231 5456 3350 5494 cum
3381 5454 3647 5500 centrum

2040 5511 2206 5576 plagae
2251 5507 2557 5569 meridiana:
2605 5511 2921 5572 ascenderit,
2955 5524 3059 5576 quo
3105 5514 3262 5569 altius
3306 5521 3492 5577 surgat
3520 5528 3649 5570 non

2040 5580 2227 5641 habet;
2258 5578 2341 5648 ita
2361 5593 2486 5632 vero
2517 5579 2778 5648 malignus
2808 5581 3043 5643 spiritus,
3080 5591 3354 5648 postquam
3387 5582 3644 5639 animum

2038 5649 2137 5720 sibi
2168 5647 2490 5703 consciendo
2520 5646 2764 5720 illexerit,
2798 5647 2969 5720 locum
2999 5646 3324 5717 superioieiii
3355 5665 3461 5719 quo
3493 5667 3645 5720 pus-

2042 5719 2109 5773 sit
2138 5720 2374 5788 irrepere
2401 5719 2803 5788 haudquaquam
2835 5716 3055 5772 invenit.
