4028 6226
354 438 355 441 η
374 378 479 441 695

1461 377 1978 441 OLYMPIODORI
2016 380 2510 446 ALEXANDRIN
2516 382 2546 442 Ι

3535 390 3643 455 696

448 512 465 542 ι
506 488 621 545 Vox
672 487 994 546 dicentium.
1034 506 1054 541 ι
1093 486 1212 559 Ipsa
1270 486 1469 561 gaudio
1523 489 1834 545 exsultante
1893 502 1944 543 ac

2136 508 2156 543 ι
2188 488 2346 560 Φωνὴ
2376 488 2666 559 λεγόντων.
2709 507 2729 542 ι
2790 491 2904 565 Τῆς
2947 490 3385 569 εὓφραινομένης
3425 496 3520 552 καὶ
3553 497 3642 552 λι-

370 586 588 643 dicente
619 601 635 639 :
668 582 933 639 Dominus
961 596 1118 638 meus
1145 590 1203 638 et
1234 582 1379 638 Deus
1409 596 1592 639 meus.

358 716 359 719 η
445 715 466 747 ε
490 693 759 762 Quoniam
783 701 1152 749 convertam.»
1185 692 1371 760 Qualis
1395 691 1553 759 Abel,
1580 703 1637 749 et
1691 692 1845 758 Seth,
1902 703 1957 748 et

2060 579 2363 653 γούσηςο⁹0
2392 581 2597 653 Κύριός
2634 599 2738 655 μου
2765 583 2862 638 καὶ
2892 585 2922 638 ὁ
2950 584 3084 650 Θεός
3115 603 3239 658 μου.

2138 711 2157 746 ι
2186 692 2310 747 Ὀτι
2335 693 2673 766 ἐπιστρέψω.
2709 714 2729 748 ι
2772 696 2974 762 Καθὼς
3017 694 3087 772 ἦν
3121 701 3312 768 Ἅϐελ,
3363 705 3460 758 καὶ
3507 706 3640 779 Σὴθ,

367 787 577 851 Enoch,
611 794 668 841 et
700 785 839 850 Noe,
870 794 927 843 et
946 784 1243 853 Abraham,
1283 799 1350 840 ex
1406 784 1533 853 ﬁde,
1572 800 1685 840 non
1718 799 1787 841 ex
1838 784 1944 857 lege

2072 786 2156 840 tai.
2191 785 2384 857 Ἑνὼχ,
2413 787 2508 841 καὶ
2536 786 2681 852 Νῶε,
2710 788 2809 843 καὶ
2850 791 3127 865 ’Δϐραὰμ,
3150 795 3231 865 ,ἐκ
3258 795 3518 865 πίστεως,
3548 801 3645 854 καὶ

363 877 667 949 iustiﬁcati.

378 1003 415 1045 ο
437 992 506 1047 ν.
541 994 626 1048 12.
653 1011 673 1045 ι
709 990 1032 1048 ﬂabitacula
1055 999 1359 1063 pastorum.
1399 1010 1420 1044 ι
1453 992 1512 1047 In
1536 990 1735 1063 quibus
1758 989 1952 1048 Eccle-

366 1084 463 1140 sia:
484 1100 497 1136 :
521 1084 578 1138 in
610 1084 810 1155 quibus
851 1085 1046 1139 harum
1071 1094 1318 1155 pastores
1333 1084 1505 1156 quieti
1527 1084 1749 1141 tradunt
1782 1084 1949 1140 ratio-

367 1177 458 1233 nis
492 1183 779 1247 compotes
799 1192 1013 1250 greges.

436 1288 615 1346 v.13.
657 1308 677 1343 ι
718 1288 778 1344 1η
802 1290 1133 1346 civitatibus.
1171 1310 1190 1342 ι
1220 1290 1351 1347 Post
1376 1305 1599 1347 sensum
1628 1290 1950 1348 historicum

366 1376 639 1435 Ecclesias
666 1379 1293 1452 intellige;montanam
1335 1396 1494 1450 vero,
1539 1390 1766 1453 propter
1821 1396 1943 1437 eam

367 1487 489 1542 qua:
516 1487 581 1528 ex
607 1472 861 1545 gentibus
881 1482 986 1542 est,
1006 1482 1187 1530 vocat.
1208 1473 1348 1531 Olim
1374 1473 1579 1546 quippe
1609 1473 1949 1531 infructuosa

366 1574 507 1622 erat.

442 1695 465 1730 ι
492 1676 686 1733 Adhuc
706 1677 1018 1733 transibunt
1044 1690 1196 1734 oves.
1238 1694 1259 1730 ›
1301 1676 1588 1733 Visitantis
1608 1684 1663 1733 et
1699 1691 1803 1732 non
1836 1691 1945 1733 ne-

2055 877 2159 932 οὑκ
2181 879 2247 932 ἐκ
2274 878 2443 949 νόμου
2470 879 2863 950 δικαιούμενοι.

2129 987 2149 1022 ι
2183 969 2574 1042 Καταλύματα.
2612 991 2632 1025 ι
2680 972 2770 1027 Ἐν
2799 967 2889 1038 αἷς
2930 973 3252 1049 Ἐκκλησίαι
3275 997 3289 1011 ·
3342 982 3403 1035 ἐν
3454 978 3544 1048 αἷς
3590 987 3640 1040 oi

2052 1060 2260 1118 τούτων
2339 1062 2607 1133 ποιμένες
2674 1063 3072 1122 διαναπαύουσι
3122 1070 3206 1139 ,τὰ
3267 1070 3462 1141 λογικὰ
3515 1075 3640 1129 ποε-

2055 1171 2208 1226 μνια.

2128 1284 2148 1317 ι
2188 1265 2277 1322 Ἐν
2302 1265 2543 1322 πόλεσι.»
2568 1266 2725 1322 Μετὰ
2751 1268 2850 1339 τὴν
2879 1269 3144 1344 ἱστορίαν,
3167 1274 3269 1339 τὰς
3305 1275 3637 1347 Ἐκκλησίας

2050 1355 2190 1411 νόειο
2216 1356 2454 1428 ὀρεινὴν,
2487 1356 2577 1414 διὰ
2596 1358 2697 1430 τὴν
2727 1359 2787 1427 ἐξ
2825 1360 2996 1416 ἐθνῶν
3021 1362 3205 1434 καλεῖ,
3243 1364 3335 1421 διὰ
3366 1366 3428 1421 τὸ
3466 1368 3632 1423 πάλαι

2049 1447 2221 1521 αὐτῆς
2249 1448 2517 1519 ᾶπαρπον.

2112 1669 2133 1703 ί
2169 1649 2288 1706 Ἔτι
2318 1651 2721 1724 παρελεύσεται
2768 1655 3041 1729 πρόϐατα.
3081 1674 3102 1712 t
3144 1658 3254 1714 Τοῦ
3302 1663 3637 1720 ἐπισκεπτο-

365 1768 640 1840 gligentis,
676 1769 772 1824 sed
788 1768 1153 1836 mtmerantis,
1180 1777 1239 1825 et
1284 1769 1675 1841 perquirentis,
1738 1769 1784 1826 si
1834 1784 1944 1842 qua

2072 1742 2239 1808 ιένου,
2281 1744 2392 1842 οιαὶ
2432 1745 2509 1818 μὴ
2548 1747 2901 1819 ἀμελοῦντος,
2945 1750 3082 1806 ἀλλὰ
3125 1750 3489 1822 ἀριθμοῦντος
3543 1752 3637 1805 xal.

366 1858 654 1917 rationalis
680 1859 800 1917 ovis
830 1856 1043 1932 perdit!
1069 1859 1168 1918 sit.

586 2118 591 2123 ι
926 2075 1082 2136 CAP.
1126 2078 1372 2134 XXXIV.

435 2168 503 2227 ν.
530 2170 590 2227 3.
616 2188 638 2225 ι
675 2168 828 2228 Vade
857 2169 932 2226 ad
959 2169 1269 2227 Sedeciam.
1330 2188 1350 2224 ι
1400 2168 1486 2226 Me
1534 2169 1806 2238 tradente,
1864 2172 1945 2227 ait

364 2264 511 2322 Deus
528 2303 546 2333 ,
573 2272 631 2322 et
660 2278 772 2321 non
814 2263 1025 2321 viribus
1049 2264 1331 2337 Babylonii
1381 2263 1627 2321 tradetur
1653 2266 1769 2321 haec
1800 2264 1945 2321 civi-

361 2366 469 2413 188.

430 2444 579 2515 Υηδ.
609 2466 631 2502 ι
662 2447 732 2504 Ει
752 2460 926 2520 usque
953 2446 1029 2504 ad
1062 2446 1339 2505 infernum
1378 2447 1639 2520 plangent
1666 2459 1738 2505 te.
1781 2467 1802 2503 ι
1833 2449 1943 2506 De-

360 2536 501 2595 ludit
519 2537 825 2605 Sedeciam,
857 2548 920 2594 ut
943 2537 1033 2594 ille
1060 2553 1214 2609 spem
1239 2538 1432 2595 salutis
1455 2539 1523 2595 ab
1542 2538 1794 2596 hostibus
1806 2554 1944 2596 con-

361 2633 591 2703 ciperet.
631 2630 828 2686 Aiebat
853 2645 986 2688 vero
1025 2630 1347 2687 vaticinium
1368 2671 1383 2698 ,
1426 2632 1571 2702 quod
1596 2647 1710 2688 non
1734 2634 1816 2690 uti
1860 2632 1946 2689 vir

361 2723 420 2780 in
438 2723 580 2790 acie,
606 2723 711 2780 sed
733 2724 984 2797 captivus
1013 2723 1070 2780 in
1122 2723 1347 2795 pacifica
1396 2724 1618 2781 civitate
1670 2723 1945 2797 Babylone

360 2812 641 2869 communi
667 2812 841 2869 obibit
866 2813 1000 2870 fato.
1035 2812 1174 2869 Illud
1218 2820 1401 2868 autem
1436 2830 1451 2868 :
1495 2814 1665 2884 Usque
1686 2814 1945 2884 adinfer-

360 2921 489 2960 nam
519 2905 770 2978 plangant
793 2915 863 2974 te,
887 2905 1032 2962 idem
1068 2912 1153 2960 est
1176 2919 1242 2961 ac
1266 2904 1312 2961 si
1348 2903 1557 2960 diceret
1586 2918 1601 2957 :
1639 2902 1819 2959 Veluti
1858 2904 1946 2958 in-

358 2997 582 3055 felicem
607 3014 815 3072 regem,
844 2999 900 3054 in
939 2997 1256 3069 captivitate
1287 3006 1592 3053 mortuum.

430 3090 499 3148 ν.
534 3091 590 3148 8.
617 3110 637 3147 ι
667 3092 908 3156 Verbum
934 3092 1083 3163 quod
1117 3090 1321 3147 factum
1344 3098 1448 3147 est.
1483 3110 1503 3143 ι
1535 3090 1829 3161 Postquam
1860 3098 1942 3147 te-

360 3192 692 3242 stamentum
722 3182 1058 3241 dimissionis
1082 3181 1455 3253 conscriptum
1493 3179 1693 3237 fuerat.

429 3277 498 3334 Ὗ.
528 3276 619 3333 16.
657 3294 679 3330 ι
710 3276 780 3331 Ει
806 3274 1014 3331 reversi
1035 3275 1191 3333 estis.
1234 3293 1256 3329 ι
1287 3272 1394 3342 Qui
1423 3288 1520 3331 eos
1541 3273 1743 3330 liberos
1777 3272 1945 3329 dimi-

360 3376 571 3435 serant,
654 3367 855 3423 iterum
915 3365 1143 3427 eosdem
1202 3365 1260 3421 in
1325 3365 1651 3423 servitutem
1711 3379 1941 3421 revoca-

361 3469 511 3518 runt.

437 3574 458 3609 ι
488 3555 640 3623 Quos
661 3551 1013 3611 dimiseratis.
1051 3571 1072 3606 ι
1109 3551 1317 3625 Sponte
1352 3562 1560 3616 vestra,
1622 3551 1942 3620 voluntate;

362 3649 469 3706 hoc
483 3648 631 3705 enim
661 3647 945 3720 proprium
963 3654 1046 3702 est
1079 3646 1374 3703 libertatis.

434 3739 504 3797 ν.
534 3740 631 3796 18.
666 3759 685 3794 ι
718 3739 960 3795 Vitulum
989 3738 1429 3813 quemfecerant
1477 3736 1547 3793 ad
1600 3736 1941 3808 operandum

361 3850 447 3890 eo.
484 3853 505 3888 ι
550 3832 666 3891 Hoc
720 3842 823 3899 est,
874 3841 1101 3905 propter
1130 3831 1363 3890 vitulum
1390 3823 1682 3889 {videlicet
1720 3838 1947 3901 propter

362 3928 725 3985 idololatriam
752 3925 963 3983 tradam
1017 3940 1133 3982 eos.
1184 3923 1431 3980 Vitulum
1481 3921 1721 3994 appellat
1773 3920 1945 3994 IEgy-

359 4019 563 4091 ptium,
590 4026 812 4089 propter
838 4016 1001 4090 Apim
1036 4015 1415 4093 Egyptiorum
1454 4014 1635 4070 deum.
1676 4013 1744 4069 Et
1770 4014 1939 4083 ipsos,

359 4111 459 4175 ait,
486 4118 543 4167 et
558 4108 891 4183 Egyptium,
930 4122 1095 4180 quem
1142 4106 1246 4164 sibi
1269 4107 1325 4163 in
1362 4106 1624 4162 auxilium
1650 4116 1940 4175 vocarunt,

360 4200 675 4275 Babyloniis
709 4201 947 4257 tradam.

429 4292 497 4347 ν.
517 4290 611 4347 2|.
641 4310 662 4344 ‹
696 4290 763 4346 Ει
782 4290 957 4346 virtus
984 4288 1148 4361 regis.
1176 4307 1195 4341 ι
1229 4287 1484 4345 Fortasse
1534 4302 1632 4345 eos
1698 4297 1943 4345 retroce-

361 4385 574 4450 dentes,
610 4391 669 4439 et
696 4381 1020 4453 incipientes
1051 4379 1369 4449 abscedere,
1406 4381 1647 4436 minatur
1673 4393 1734 4437 se
1759 4380 1942 4438 iactu:-

360 4491 485 4532 rum
517 4482 579 4532 ut
599 4482 966 4533 revertantur.

923 4588 1075 4645 CAP.
1103 4587 1323 4644 XXXV.

309 4774 314 4781 Ι
433 4702 503 4761 ν.
537 4707 593 4763 4.
627 4724 647 4757 ι
683 4703 1125 4775 Pastopliorium.
1194 4722 1213 4755 ι
1276 4701 1716 4774 Pastophorium,
1778 4716 1940 4773 gazo-

360 4799 695 4874 phylac‘rnm.

432 4891 498 4948 ν.
523 4890 580 4947 8.
603 4909 622 4943 ι
651 4888 783 4955 Nos,
815 4896 873 4945 et
914 4902 1113 4944 uxores
1142 4895 1363 4945 nostrae.
1426 4908 1445 4942 ι
1500 4888 1640 4946 Nota
1700 4888 1939 4944 ﬁliorum

360 4984 765 5055 mulierumque
794 4979 1162 5037 obedientiam
1186 4981 1242 5037 in
1296 4992 1410 5038 tam
1443 4991 1697 5041 accurata
1747 4983 1941 5039 obser-

359 5088 615 5230 “me.
652 5191 672 5224 ι
699 5170 822 5227 Non
850 5168 1128 5242 accipietis
1155 5168 1520 5240 disciplinam
1546 5184 1566 5220 ³
1599 5166 1796 5223 Nonne
1808 5180 1939 5238 ergo

359 5281 459 5324 vos
488 5264 698 5339 pudet?
726 5278 909 5335 neque
928 5270 1137 5321 mutato
1157 5262 1388 5320 consilio
1416 5260 1627 5318 discitis
1658 5274 1941 5316 sermones

359 5373 516 5417 meos
552 5356 783 5414 audire?

948 5448 1099 5507 CAP.
1131 5447 1371 5504 XXXVI.

437 5559 497 5619 ν.
529 5560 584 5618 2.
619 5579 639 5615 ι
674 5559 840 5620 Sume
882 5563 981 5619 tibi
1011 5563 1289 5618 volumen.
1325 5577 1344 5613 ι
1377 5558 1640 5615 Chartam
1664 5556 1813 5622 libri,
1853 5555 1941 5613 vel

359 5656 557 5713 librum
585 5656 959 5723 chartaceum,
986 5656 1073 5711 vel
1112 5662 1261 5711 certe
1310 5654 1367 5709 in
1386 5652 1622 5725 pellibus
1640 5650 1769 5708 olim
1802 5650 1941 5707 scri-

358 5748 582 5813 bebant,
623 5748 822 5818 quibus
849 5763 951 5819 pro
976 5746 1132 5803 libris
1161 5746 1477 5802 utebantur.

434 5838 495 5893 ι’.
528 5837 580 5893 3.
614 5855 632 5891 ι
667 5837 859 5892 Omnia
888 5836 1051 5893 mala.
1104 5857 1123 5891 ›
1160 5836 1292 5905 Quae
1330 5837 1546 5895 dolores
1585 5834 1832 5895 inferunt
1879 5845 1938 5892 et

1856 1834 1869 1857 "
1971 1834 2016 1892 Β
2043 1834 2459 1908 ἐπιζητοῦντος,
2517 1842 2592 1911 μή
2645 1857 2699 1895 τι
2755 1841 2866 1897 τῶν
2906 1842 3145 1912 λογικῶν
3204 1841 3497 1913 προϐάτων
3532 1843 3641 1899 ἀπ-

2044 1924 2237 1984 ὡλετο.

2637 2066 2888 2121 ΚΕΦΔΔ.
2918 2068 3042 2123 AA'.

2119 2173 2139 2210 ι
2177 2156 2404 2213 Βῶδισον
2456 2157 2593 2229 πρὸς
2619 2158 2896 2215 Σεδεκίαν.
2936 2178 2955 2212 ι
3013 2160 3181 2232 Ἐμοῦ
3218 2161 3637 2235 παραδιδόντος,

2044 2248 2211 2321 φησὶν
2240 2250 2269 2302 ὁ
2295 2249 2450 2316 Θεδς,
2477 2251 2573 2304 καὶ
2596 2251 2657 2305 οὐ
2682 2253 2749 2323 τῇ
2778 2251 3008 2321 δυνάμει
3035 2252 3131 2307 τοῦ
3153 2254 3505 2311 Βαϐυλωνίου
3528 2272 3638 2310 πα-

2044 2339 2406 2412 ραδοθήσεται
2429 2341 2463 2412 ἡ
2504 2340 2685 2406 πόλις.
2910 2346 2929 2361 ’
3070 2388 3077 2393 ,

2120 2451 2141 2485 ι
2174 2432 2286 2487 Καὶ
2329 2432 2436 2496 ἕως
2464 2432 2596 2506 ᾅδου
2625 2433 2882 2507 κόψονταί
2938 2455 3019 2493 σε.
3071 2455 3092 2492 ι
3131 2436 3482 2500 Καταπαίζει
3535 2433 3632 2489 τοῦ

2044 2524 2319 2592 Σεδεκίου,
2376 2524 2465 2581 ἵνα
2519 2527 2730 2591 ἐκεῖνος
2758 2528 3037 2603 ὑπονοήσῃ
3082 2531 3182 2603 τὴν
3216 2531 3282 2584 ἐκ
3318 2529 3428 2584 τῶν
3470 2529 3637 2584 πολε-

2048 2617 2187 2688 μίων
2214 2617 2430 2686 ἄφεσιν.
2472 2618 2668 2689 Ἔλεγε
2698 2618 2757 2673 δὲ
2783 2620 2813 2674 δ
2838 2622 3090 2693 χρησμὸς
3107 2663 3122 2687 ,
3156 2622 3239 2676 ὅτι
3266 2621 3367 2693 οὐχ
3390 2621 3468 2685 ὡς
3489 2621 3636 2694 ἀνὴρ

2044 2709 2104 2763 ἐν
2126 2710 2456 2779 παρατάξει,
2487 2710 2604 2764 ἀλλ’
2625 2711 2973 2783 αἰχμάλωτος
2995 2712 3223 2784 ληφθεὶς
3243 2714 3301 2769 ἐν
3325 2711 3637 2784 ιείρηνευού⁸

2048 2815 2117 2870 σῃ
2160 2799 2315 2853 πόλει
2349 2802 2415 2872 τῇ
2450 2801 2734 2858 Βαϐυλῶνι
2778 2803 2875 2858 τὸν
2911 2804 3097 2859 κοινὸν
3125 2804 3343 2859 ὑποίσει
3376 2803 3631 2859 θάνατον.

2046 2892 2122 2944 Τὸ
2141 2892 2220 2958 δὲ,
2245 2892 2359 2959 ἕως
2383 2892 2534 2960 ᾅδου
2569 2896 2869 2964 κόψονταί
2895 2912 2991 2967 σε,
3023 2898 3145 2953 ἀντὶ
3168 2898 3289 2965 τοῦ,
3322 2897 3518 2969 πικρὸν
3544 2889 3635 2951 οἷα

2048 2983 2276 3055 βασιλέα
2301 2988 2360 3039 ἐν
2384 2986 2738 3059 αἰχμαλωσίᾳ
2771 2988 3137 3044 ἀποθανόντα.

2123 3095 2141 3130 ι
2180 3077 2240 3132 '0
2268 3077 2424 3146 λόγος
2449 3078 2480 3132 ὁ
2503 3079 2819 3150 γενόμενος.
2858 3098 2877 3135 ι
2924 3080 3089 3136 Μετὰ
3117 3080 3178 3135 τὸ
3209 3078 3633 3154 συγγράψασθαι

1970 3176 2016 3237 c
2045 3169 2149 3243 τὴν
2177 3169 2309 3242 περὶ
2334 3171 2435 3241 τῆς
2466 3171 2719 3242 ἀφέσεως
2745 3173 3039 3245 διαθήκην.

2117 3280 2137 3315 ι
2198 3262 2310 3317 Καὶ
2347 3263 2749 3335 ὑπεπρέψατε.
2798 3281 2817 3317 ι
2878 3265 2948 3319 Οἱ
3002 3264 3380 3330 ἀπολύσαντες
3433 3262 3635 3328 αὐτούς

2046 3355 2393 3430 ἐλευθέρους,
2427 3357 2595 3413 πάλιν
2621 3357 2882 3414 εἵλκυσαν
2917 3358 3121 3424 αὐτοῦς
3150 3360 3232 3423 είς
3254 3354 3535 3414 δουλείαν.

2122 3576 2143 3612 ε
2179 3556 2289 3623 Οὓς
2316 3557 2760 3624 ἐξαπεστείλατε.
2802 3577 2822 3612 ι
2859 3560 2939 3633 Τῇ
2987 3560 3339 3633 προαιρέσει,
3364 3558 3443 3633 τῷ
3475 3558 3635 3632 θελή-

2049 3668 2200 3722 ματι.
2241 3648 2415 3705 Τοῦτο
2439 3649 2551 3721 γὰρ
2579 3651 2681 3722 τῆς
2709 3650 3032 3722 ἐλευθερίας
3063 3651 3216 3707 ίδιον.

2120 3763 2139 3797 ι
2195 3742 2301 3798 Τὸν
2359 3743 2561 3815 μόσχον
2611 3743 2674 3798 ὃν
2713 3743 2979 3816 ἐποίησαν
3035 3742 3368 3817 ἐργάζεσθαι
3397 3743 3569 3816 αὐτῷ.
3608 3761 3629 3796 ι

2058 3835 2207 3890 ’Λντὶ
2224 3835 2341 3901 τοῦ,
2371 3835 2462 3889 διὰ
2493 3836 2586 3891 τὸν
2615 3835 2851 3907 μόσχον
2879 3836 3125 3890 τουτέστι
3166 3835 3256 3890 διὰ
3286 3836 3386 3908 τὴν
3416 3835 3634 3890 εἰδωλο-

2046 3929 2303 4003 λατρείαν
2326 3928 2638 4001 παραδώσω
2663 3928 2882 3993 αὐτούς.
2936 3929 3157 4000 Μόσχον
3202 3925 3363 3984 καλεῖ
3407 3926 3500 3981 τὸν
3542 3926 3635 3978 Δί-

2045 4021 2309 4092 γύπτιον,
2362 4022 2453 4077 διὰ
2488 4021 2582 4076 τὸν
2630 4022 2740 4077 τῶν
2776 4023 3096 4092 Αἰγυπτίων
3146 4023 3271 4078 θεὸν
3317 4022 3408 4078 τὸν
3442 4022 3632 4074 Ἀπιν.

2045 4111 2159 4166 Καὶ
2189 4110 2388 4175 αὐτοὺς
2416 4111 2531 4178 οὖν,
2557 4112 2722 4183 φησὶ,
2765 4113 2862 4166 καὶ
2890 4112 3189 4182 Αίγύπτιον
3224 4114 3284 4168 ὃν
3315 4113 3395 4178 είς
3416 4127 3631 4183 συμμα-

2044 4204 2168 4276 χίαν
2198 4203 2486 4271 ἐκάλεσαν,
2523 4203 2836 4275 παραδώσω
2851 4207 2965 4269 τοῖς
2990 4205 3376 4270 Βαϐυλωνίοις.

2122 4312 2142 4346 ι
2184 4294 2295 4348 Καὶ
2334 4292 2565 4365 δύναμις
2605 4292 2897 4364 βασιλέως.
2950 4314 2970 4348 ι
3016 4296 3179 4360 Ἴσως
3228 4295 3633 4364 ἀναζεύξαντας

2044 4381 2264 4448 αὐτοὺς,
2324 4382 2423 4435 καὶ
2473 4381 2825 4454 ἀρξαμένους
2856 4384 3206 4457 ἀποτρέχειν,
3241 4387 3459 4442 ἀπειλεῖ
3498 4388 3632 4454 Θεὸς

1967 4515 2022 4578 D
2046 4475 2419 4545 ἐπιστρέφειν.

2641 4584 2890 4641 ΚΕΦΔΛ.
2916 4586 3039 4642 AE'.

2119 4718 2138 4750 ι
2180 4699 2571 4769 Παστοφόριον.
2616 4715 2635 4751 t
2671 4698 3078 4772 Παστοφόριον,
3106 4705 3277 4776 ἤγουν
3308 4701 3628 4772 γαζοφυλά-

2042 4808 2184 4845 κιον.

2121 4902 2140 4935 ι
2161 4882 2356 4952 Ἡμεῖς
2384 4879 2483 4934 καὶ⁹
2513 4880 2572 4934 αί
2598 4883 2855 4950 γυναῖκες
2884 4882 3066 4955 ἡμῶν.
3109 4901 3129 4936 t
3178 4883 3495 4956 Σημείωσαι
3521 4883 3627 4938 ύπ-

2041 4974 2213 5047 ακοὴν
2233 4973 2437 5028 τέκνων
2456 4973 2841 5042 καὶγυναικῶν
2858 4974 2950 5030 ἐπὶ
2972 4976 3344 5049 παραφυλακῇ
3361 4976 3625 5047 τοσαύτης

2040 5067 2350 5139 ἀκριϐείας.

2119 5180 2139 5213 ι
2179 5163 2255 5217 Ού
2288 5164 2364 5234 μὴ
2393 5164 2598 5236 λάϐητε
2639 5161 2906 5217 παιδείαν.
2943 5181 2971 5215 r
3002 5163 3117 5217 Οὐκ
3149 5160 3481 5234 ἐντρέπεσθε
3519 5159 3631 5214 λοι-

2042 5252 2165 5321 πὸν,
2219 5257 2311 5309 καὶ
2342 5252 2788 5329 μεταπορεύεσθε
2817 5255 2897 5319 είς
2925 5253 2987 5309 τὸ
3026 5252 3250 5311 ἀκούειν
3300 5253 3413 5310 τῶν
3456 5252 3629 5323 λόγων

2045 5365 2146 5418 μου
2164 5365 2178 5416 ;

2629 5440 2881 5495 ΚΕΦΑΛ.
2915 5435 3056 5505 AC,".

2120 5571 2145 5607 ιν
2167 5553 2316 5608 Λάϐε
2344 5550 2557 5625 σεαυτῷ
2584 5552 2806 5623 χαρτίον
2826 5549 3055 5617 βιϐλίου.
3095 5569 3114 5601 ›
3142 5549 3368 5622 Χάρτην
3396 5546 3627 5619 βιϐλίου,

2042 5646 2076 5717 ἢ
2116 5645 2329 5716 βιϐλίον
2349 5645 2627 5716 χάρτινον,
2657 5643 2690 5711 ἢ
2721 5642 2814 5695 καὶ
2850 5643 2909 5695 ἐν
2937 5640 3127 5712 τόμοις
3159 5639 3402 5712 ἔγραφον
3430 5638 3492 5690 τὸ
3522 5653 3597 5688 πα
3616 5664 3631 5677 -

2042 5738 2216 5806 λαιὸν,
2250 5739 2346 5793 καὶ
2372 5738 2484 5801 τοῖς
2517 5736 2705 5805 τόμοις
2734 5734 2856 5788 ἀντὶ
2880 5732 2991 5788 τῶν
3018 5730 3243 5802 βιϐλίων
3271 5728 3534 5801 ἐχρῶντο.

2122 5854 2141 5887 ι
2182 5833 2366 5890 Πάντα
2395 5832 2463 5889 τὰ
2496 5829 2695 5887 κακά.»
2726 5826 2816 5887 Τὰ
2838 5827 3094 5896 ἐπίπονα,
3127 5825 3195 5882 τὰ
3218 5819 3530 5882 κακωτικά·
3564 5825 3633 5880 τὰ
