4050 6226
398 406 501 487 697
748 470 769 507 ,

1540 393 2006 460 FRAGMENTA
2042 389 2125 451 IN
2167 384 2586 451 JEREMIAM.

3551 357 3663 427 698

396 536 486 594 διὰ
522 518 622 607 τῆς
649 476 898 594 παιδείας
928 519 1380 598 προσκαλούμενα
1418 515 1618 579 αὐτοὺς
1657 514 1736 577 είς
1761 509 1982 583 διόρθω-
2008 552 2017 571 ι

2121 501 2367 558 iolestias
2406 516 2421 553 :
2477 511 2601 568 quae
2644 476 2947 549 erudiendo
3000 492 3098 544 eos
3148 481 3219 540 ad
3266 477 3663 538 correctionem

400 649 508 685 σιν.

438 648 508 776 we.
531 720 647 775 Οὔκ
682 717 838 772 ἔσται
870 711 1019 783 αύτῷ
1063 708 1378 778 καθήμενος
1406 701 1500 756 ἐπὶ
1538 698 1751 770 θρόνου.
1801 712 1820 745 ι
1870 691 1981 746 Kal

398 813 659 884 ἀνωτέρω
696 800 800 882 ’μὲν
833 805 1099 879 ἠπείλησε
1132 801 1213 871 τῷ
1245 795 1503 866 ἰωακείμ
1530 809 1543 824 ο
1579 789 1786 859 Ταφὴν
1834 786 1981 840 ὄνου

400 881 776 978 ταφήσεταιν
807 904 902 956 καὶ
930 898 1027 954 νῦν
1053 898 1110 953 δὲ
1147 893 1298 966 αὐτῷ
1329 890 1567 954 ἀπειλεῖ,
1597 886 1680 941 ὅτι
1713 882 1806 938 τὸν
1847 881 1983 953 χάρ-

402 1020 503 1074 την
540 999 904 1055 κατέκαυσεν.

479 1114 499 1146 ‹
559 1092 672 1146 Kal
734 1084 1147 1162 προσετέθησαν
1215 1077 1366 1149 αὐτῷ
1433 1075 1582 1144 λόγοι
1641 1068 1908 1129 πλείονες.
1961 1081 1981 1115 ι

416 1184 641 1255 Ἐπειδὴ
675 1158 930 1251 ἐνόμισεν
960 1178 990 1230 ό
1032 1173 1292 1243 Ἰωακεὶμ
1336 1164 1683 1237 ὲξαφανίζειν
1714 1158 1814 1231 τὴν
1856 1171 1989 1226 προ-

406 1245 639 1347 φητείαύ
689 1245 783 1327 διά
833 1269 929 1324 τοῦ
981 1261 1316 1339 ιμπρησμοῦ
1339 1259 1436 1314 τοῦ
1487 1254 1725 1329 βιϐλίου,
1778 1245 1990 1303 κελεύει

375 1336 542 1432 ’ὀεὺς
587 1364 685 1422 καὶ
730 1363 803 1419 τά
829 1336 1027 1435 πρῶτα
1072 1336 1377 1432 γραφῆναι,
1411 1350 1529 1424 ,καὶ
1570 1348 1735 1418 ἔτερα
1766 1336 1992 1423 προστί-

409 1420 599 1534 ὁήᾶοτ
873 1420 886 1435 ,
1085 1420 1126 1432 ..
1199 1420 1263 1426 --
1412 1420 1433 1424 -
1918 1420 1921 1423 λ

978 1542 1227 1606 ΚΕΦΔΛ.
1271 1535 1394 1595 AZ'.

485 1662 507 1698 ι
551 1641 662 1697 Kal
715 1638 811 1695 ἐὰν
852 1635 1155 1706 πατάξητε.
1189 1652 1210 1687 ι
1250 1630 1368 1701 Οὐχ
1424 1627 1508 1681 ὃτι
1541 1621 1702 1678 τοῦτο
1740 1620 1991 1690 γέγονεν,

408 1735 524 1792 ἀλλ’
551 1736 617 1789 ὲκ
642 1730 958 1804 δειγμάτων
998 1727 1183 1790 αὐτοῖς
1212 1723 1313 1795 τὴν
1367 1717 1611 1787 παντελῆ
1644 1710 1995 1770 άνελπιστίαν

408 1827 504 1882 τοῦ
527 1825 823 1898 summm;
847 1821 1136 1891 διαφυγεῖν
1164 1814 1445 1888 προλέγει.
1850 1831 1857 1839 ·

486 1939 507 1974 ι
537 1893 954 1988 Τοῦ-άῧράσαι
1010 1912 1148 1967 ἐκεῖ.
1197 1928 1216 1962 ι
1274 1909 1344 1961 Ἦ
1392 1901 1664 1975 ἀγοράσαι
1700 1897 1865 1973 τόπον
1914 1897 1994 1960 είς
2024 1893 2067 1949 Β

410 2011 664 2082 οἴκησιν,
697 2008 732 2080 ἢ
766 2005 1040 2079 ἀγοράσαι
1099 2000 1223 2057 ἀντὶ
1260 1998 1377 2063 τοῦ,
1412 1993 1709 2065 ἀγοράσαι,
1763 1990 1859 2044 καὶ
1899 1988 1993 2042 ἐπὶ

410 2103 510 2173 τῆς
524 2078 748 2173 αγορᾶς
773 2078 1158 2169 προφητεῦσαι
1176 2108 1192 2124 ⁸
1223 2092 1260 2163 ἢ
1286 2089 1449 2144 κάκεῖ
1470 2078 1993 2156 παρακινδυνεῦσαι,

410 2170 509 2248 καὶ
535 2170 659 2255 τοῖς.
681 2189 905 2254 οἰκείοις
934 2185 1204 2250 κινδύνοις
1243 2178 1558 2253 ὠνήσασθαι
1587 2173 1686 2247 τὴν
1721 2170 1996 2243 σωτηρίαν

412 2283 525 2339 τῶν
555 2281 906 2354 σωζομένων.

490 2392 513 2430 ε
562 2348 785 2430 Πεσέτω
831 2372 895 2427 τὸ
958 2370 1128 2435 ἔλεος.
1164 2385 1184 2421 ι
1225 2368 1353 2421 Ὅτι
1405 2361 1573 2417 Γενοῦ
1628 2348 1880 2430 ἐλεήμων
1916 2356 1997 2419 είς

414 2468 541 2541 ἔμέ.

487 2577 511 2614 ε
548 2559 660 2615 Kal
692 2557 1004 2623 συνέταξεν.
1034 2574 1054 2609 ι
1092 2551 1268 2608 Τοῦτο
1296 2550 1468 2620 λέγει,
1502 2549 1585 2601 ὅτι
1612 2542 1859 2614 ρυπαρδν
1899 2540 2048 2635 άροτ

414 2668 508 2707 τον
528 2648 728 2717 ἔξωθεν
758 2648 854 2704 τοῦ
879 2645 1221 2719 πεττομένου
1248 2644 1361 2706 τοῖς
1399 2638 1729 2709 ἐλευθέροις,
1750 2635 1840 2689 ἵνα
1869 2632 2001 2705 εἴπῃ

417 2743 509 2800 τδν
534 2745 649 2808 τοῖς
668 2743 908 2806 οίκέταις
936 2736 1337 2810 παρεχόμενον,
1378 2732 1414 2804 ἢ
1444 2731 1543 2786 καὶ
1577 2730 1692 2792 τοῖς
1718 2725 1877 2781 κυσίν
1900 2739 1915 2754 ·
1965 2722 2001 2793 ἢ

417 2834 612 2906 ἐπειδὴ
641 2832 883 2888 σιτοδεία
911 2827 982 2904 ἦν
1010 2830 1087 2893 ὡς
1117 2822 1175 2882 ις»
1207 2825 1285 2896 τῷ
1330 2822 1580 2894 πολέμῳ,
1625 2820 1722 2875 καὶ
1768 2817 2002 2878 ἕκαστος

418 2905 661 2997 φανερόν
706 2940 762 2977 τι
808 2920 1137 2993 ἐλάμϐανεν,
1185 2915 1363 2987 λάθρα
1411 2912 1660 2983 ἔπεμπεν
1687 2910 1715 2964 ό
1747 2905 2003 2977 βασιλεὺς

420 3018 500 3090 τῷ
526 3017 803 3089 προφήτῃ,
831 3015 919 3070 ἵνα
965 3014 1039 3085 μή
1067 3030 1151 3077 τις
1184 3009 1337 3081 αὐτῷ
1379 3004 1617 3076 συντύχῃ
1638 3018 1655 3035 ο
1705 2997 2005 3072 ἐφοϐοῦντο

420 3108 533 3181 γὰρ
553 3108 654 3180 τὴν
685 3104 853 3162 αὐτοῦ
877 3102 1253 3165 διδασκαλίαν,

2034 3232 2082 3294 ο

998 3300 1253 3359 ΚΕΦΑΔ.
1287 3298 1426 3353 AH'.

501 3419 520 3453 ι
548 3399 673 3454 Ὀτι
724 3398 824 3452 οὐκ
856 3394 1090 3467 ἠδύνατο
1142 3394 1171 3447 ό
1227 3389 1490 3463 βασιλεὺς
1538 3385 1677 3459 πρὸς
1729 3379 1947 3445 αὐτούς.
1988 3398 2008 3433 ι

439 3493 585 3547 Ἀντὶ
628 3490 749 3557 τοῦ,
785 3466 1045 3561 κερδᾶναι
1089 3486 1191 3559 τήν
1231 3484 1409 3556 ψυχήν
1462 3477 1653 3535 αὐτοῦ.
1700 3476 1871 3547 Δῆλος
1920 3466 2017 3527 οὖν

427 3587 547 3638 ἐστι
580 3582 757 3663 θέλων
786 3582 862 3654 μὴ
898 3580 1263 3653 ἀναιρεθῆναι
1293 3576 1387 3631 τδν
1429 3572 1744 3645 προφήτην,
1780 3568 1856 3631 ὥς
1894 3563 2017 3620 οὐδὲ

430 3676 665 3742 Πιλάτος
693 3676 786 3731 τὸν
820 3674 1118 3747 προφητῶν
1144 3670 1352 3742 Κύριον
1389 3664 1616 3739 Ἰησοῦν.
1642 3664 1645 3665 ⁷

510 3791 530 3824 ι
561 3772 676 3826 Kal
701 3769 978 3841 ἑχάλασαν
1007 3764 1171 3820 αὑτὸν
1221 3764 1303 3827 εἰς
1340 3761 1433 3815 τδν
1462 3759 1686 3815 λάκκον.
1728 3773 1746 3806 ι
1798 3752 2019 3806 Γίνεται

433 3860 605 3924 τύπος
633 3861 663 3913 ό
693 3837 981 3930 προφήτης
1000 3854 1097 3910 τοῦ
1122 3852 1265 3908 κατὰ
1295 3848 1534 3922 Χριστὸν
1567 3842 1896 3919 μυστηρίου,
1923 3837 2019 3892 τοῦ

432 3949 721 4021 δεδομένου
784 3948 886 4019 μὲν
909 3949 997 4011 εις
1038 3946 1227 4017 χεῖρας
1284 3939 1558 3995 Ἰουδαίων
1610 3937 1716 3991 ὑπὸ
1756 3932 2021 3996 Πιλάτου,

437 4041 792 4105 κατελθόντος
819 4040 879 4094 δὲ
907 4038 1044 4112 πρὸς
1085 4037 1178 4091 τὸν
1209 4033 1528 4102 δυσώνυμον
1565 4030 1662 4083 καὶ
1693 4024 2025 4097 ἀηδέστατον

437 4135 593 4207 ᾇδην,
612 4134 710 4188 καὶ
742 4130 935 4186 ἐκτῶν
965 4128 1178 4202 νεκρῶν
1214 4125 1545 4187 ἀναστάντος
1565 4139 1579 4153 ·
1624 4120 1816 4189 ὥσπερ
1836 4114 2028 4191 ἀμέλει

441 4206 536 4281 καὶ
562 4228 591 4279 ὁ
626 4225 915 4296 προφήτης
942 4223 1009 4277 ὲκ
1043 4220 1139 4275 τοῦ
1164 4218 1372 4274 λάκκου
1403 4214 1566 4270 πάλιν
1585 4210 1753 4282 ἀνέϐη
1782 4224 1797 4239 ο
1825 4206 2029 4263 λάκκον

440 4320 501 4374 δὲ
522 4322 556 4391 ή
584 4317 778 4390 Γραφή
810 4313 1084 4385 πολλαχοῦ
1118 4313 1210 4368 τὸν
1236 4311 1372 4385 ᾅδην
1391 4308 1571 4364 καλεῖ.

520 4385 556 4463 ι⁷
585 4385 1043 4479 Ἰἰξπονηριιύσωδ⁴
1077 4402 1397 4473 ἐποίησας.»
1443 4392 1772 4466 Ἀϐδεμελῐχ
1792 4385 2032 4457 emetat

449 4500 772 4572 βουλόμενος
802 4496 976 4552 σῶσαι
1001 4496 1095 4550 τὸν
1131 4492 1406 4566 Ἱερεμίαν
1447 4489 1725 4561 μέμφεται
1758 4482 1838 4556 τῷ
1872 4480 2033 4553 βασι-

447 4555 724 4663 λεϊλέγων
743 4555 770 4623 ἶ
789 4591 864 4645 οι
907 4587 1092 4653 καλῶς
1131 4555 1792 4640 ἐϐουλεύσω-ἀποκτεῖναι
1812 4555 1915 4629 τὸν
1943 4572 2017 4628 ειν.

2137 4577 2340 4634 regem,
2366 4555 2620 4628 inquiens
2664 4569 2677 4605 :

449 4683 552 4754 δρα
595 4684 653 4737 ὲν
684 4682 761 4752 τῷ
800 4680 1011 4750 λάκκῳ.
1050 4676 1199 4729 Ἔδει
1232 4673 1340 4745 γὰρ
1386 4670 1571 4735 αὑτὸν,
1620 4667 1716 4721 τὸν
1761 4664 2035 4718 οἴκτιστον

456 4752 556 4829 σὺν
585 4772 717 4844 ἡμῖν
747 4771 1042 4841 ὑπομεῖναι
1062 4767 1295 4823 θάνατον
1320 4762 1413 4816 τὸν
1434 4759 1525 4815 διὰ
1549 4756 1645 4812 τοῦ
1676 4752 1864 4825 λιμοῦ.

534 4971 557 5007 ι
594 4953 670 5025 Ζῇ
696 4949 924 5024 Κύριος.
959 4966 979 5000 ι
1018 4944 1254 5017 Σημεῖον
1284 4939 1381 4996 καὶ
1416 4932 1800 4999 ὲντεῦθεν,,ὅτι
1841 4923 2039 4995 κτιστὴ

466 5047 497 5117 ἡ
536 5043 708 5116 ψυχήν

538 5113 563 5190 ἐ
604 5113 750 5204 ’Ἐγὼ
787 5132 946 5202 λόγον
993 5129 1122 5202 ἔχω.
1173 5145 1192 5179 ι
1251 5125 1381 5180 Τῶν
1414 5118 1699 5177 Ἰουδαίων·
1726 5113 1873 5179 τινὲς
1910 5113 2047 5183 πρὸς

464 5229 594 5293 τοὺς
612 5203 917 5287 Χαλδαίους
936 5219 1438 5293 αὐτομολήσαντες,
1459 5206 1819 5282 ὑπισχνοῦντο
1845 5203 1924 5277 τῷ
1946 5205 2050 5259 Σε-

466 5319 643 5391 δεκία,
699 5316 775 5389 μὴ
812 5315 1191 5386 συγχωρήσειν
1239 5309 1367 5373 τοὺς
1420 5303 1717 5377 πολεμίους
1766 5296 2054 5354 συλλαϐεῖν

471 5390 635 5469 αὐτόν
654 5426 667 5442 ο
704 5407 801 5463 καὶ
834 5404 1085 5460 ἐπείθετο
1115 5401 1318 5476 μᾶλλον
1342 5398 1573 5465 τούτοις,
1604 5395 1639 5467 ἦ
1673 5392 1793 5465 Θεῷ
1814 5390 2049 5476 λέγοντι,

473 5502 586 5557 δεῖν
632 5496 999 5568 ἀκολουθῆσαι
1041 5472 1130 5566 τῷ
1170 5489 1523 5561 Βαϐυλωνίῳ.
1572 5486 1770 5554 Ἔλεγε
1808 5472 1867 5537 δε
1894 5479 2055 5535 τοῦτο

476 5592 634 5661 Θεὸς,
686 5588 1011 5662 βουλόμενος
1041 5582 1242 5647 αὐτοὺς
1290 5580 1567 5652 σωθῆναι·
1601 5577 1651 5631 εί
1701 5574 1811 5644 γὰρ
1854 5571 2057 5642 ἔζησαν

480 5658 950 5752 ἀκολουθήσαντες
968 5673 1047 5746 τῷ
1074 5671 1343 5744 πολεμίῳ,
1372 5668 1593 5741 γνόντες
1620 5664 1712 5723 τὸν
1744 5658 2058 5736 παραδόντα

561 5863 611 5895 δ’
639 5860 841 5916 Jerem.
871 5872 1015 5925 xm,
1048 5854 1128 5909 19.

2079 594 2324 649 trahunt.

2154 682 2217 736 V.
2253 680 2343 737 50.
2384 698 2404 731 ι
2439 677 2559 733 Non
2590 674 2697 731 erit
2721 672 2772 727 ei
2802 670 3000 726 sedens
3051 679 3218 736 super
3247 662 3511 717 thronum
3554 654 3663 711 Da-

2082 778 2195 834 vid.
2244 794 2263 828 ι
2306 774 2372 829 Et
2396 785 2559 841 supra
2579 766 2800 837 quidem
2827 762 3066 817 minatus
3092 765 3177 826 est
3192 752 3400 841 Joacim
3426 747 3666 841 :-Sepul-

2085 880 2218 923 tura'
2244 864 2381 919 asini
2404 836 2685 930 sepelietur
2715 856 2868 919 ";et
2904 862 3055 904 nunc
3085 857 3277 899 rursus
3308 839 3384 894 illi
3401 836 3665 911 minatur,

2085 958 2233 1032 quod
2267 954 2524 1012 volumen
2545 948 2659 1021 igni
2688 942 2994 1001 tradiderit.

2157 1012 2337 1104 52.
2384 1012 2783 1112 «Etpr-aaterea
2812 1029 2982 1088 additi
3006 1033 3137 1084 sunt
3198 1032 3486 1078 sermones
3540 1012 3695 1088 plué'

2087 1156 2197 1198 res.
2242 1157 2261 1190 ι
2301 1135 2440 1204 Quia
2462 1130 2669 1189 Joacim
2700 1126 2997 1183 arbitratus
3026 1129 3131 1187 est,
3185 1113 3480 1173 combusto
3509 1112 3670 1167 voln-

2092 1236 2240 1293 mine
2269 1229 2614 1304 pr0phetiam
2636 1222 2949 1287 evanuisse,
3000 1218 3159 1291 jubet
3187 1215 3354 1280 Deus,
3387 1222 3445 1269 et
3491 1210 3671 1283 prima

2089 1327 2275 1394 scribi,
2317 1333 2373 1381 et
2400 1323 2625 1393 insuper
2649 1317 2773 1374 addi
2813 1315 2938 1370 alia.

2653 1497 2806 1555 CAP.
2843 1491 3107 1551 XXXVII.

2161 1600 2227 1655 ν.
2256 1600 2311 1656 9.
2351 1616 2370 1651 ι
2410 1595 2479 1651 Et
2503 1592 2547 1651 si
2579 1587 2986 1664 percusseritis.
3022 1604 3040 1637 ι
3096 1583 3219 1639 Non
3258 1578 3406 1651 quod
3437 1577 3513 1633 ita
3568 1574 3675 1629 hoc

2092 1693 2279 1761 fuerit,
2310 1690 2406 1747 sed
2443 1702 2543 1760 per
2580 1683 2828 1754 exempla
2858 1680 2965 1735 illis
2993 1675 3260 1749 praedicit,
3286 1666 3496 1728 nullam
3548 1681 3674 1723 esse

2094 1801 2248 1858 spem
2279 1779 2567 1841 evadendi.

2170 1870 2230 1933 V.
2263 1876 2350 1932 ll.
2388 1893 2407 1928 ι
2445 1871 2516 1929 Ut
2547 1875 2755 1927 emeret
2794 1864 2942 1920 inde.
2980 1882 2999 1915 ι
3033 1859 3135 1916 Vel
3165 1865 3224 1913 ut
3255 1859 3468 1912 emeret
3496 1852 3675 1907 locum

2096 1970 2165 2026 ad
2192 1964 2571 2030 habitandum,
2595 1961 2680 2016 vel
2706 1974 2805 2029 pro
2839 1972 2905 2012 eo
2938 1953 3081 2025 quod
3109 1959 3212 2016 est,
3240 1946 3570 2019 prophetare
3619 1940 3677 1995 in

2098 2061 2249 2127 foro;
2270 2059 2355 2116 vel
2389 2056 2553 2114 etiam
2584 2053 2659 2108 ibi
2690 2048 2990 2123 periculum
3029 2044 3261 2107 subiret,
3295 2049 3351 2096 et
3378 2037 3493 2094 suis
3528 2033 3677 2106 peri-

2099 2153 2236 2210 culis
2264 2151 2496 2208 salutem
2521 2153 2731 2204 emeret
2751 2139 3156 2198 salvandorurn.

2172 2345 2239 2401 ν.
2268 2345 2356 2402 19.
2394 2363 2412 2396 ι
2440 2341 2640 2397 Veniat
2659 2332 3059 2393 misericordia.
3114 2349 3133 2383 ι
3174 2328 3234 2384 Id
3254 2337 3339 2384 est
3372 2323 3684 2381 misericors

2102 2440 2159 2495 in
2196 2454 2284 2494 me
2313 2436 2412 2492 sis.

2174 2527 2241 2583 V.
2266 2528 2356 2584 20.
2401 2544 2419 2578 ι
2451 2524 2518 2579 Et
2557 2519 2837 2594 praecepit.
2878 2536 2899 2571 ι
2926 2514 3041 2570 Ηοο
3067 2512 3165 2579 ait,
3187 2510 3331 2581 quod
3364 2521 3564 2579 panem
3592 2505 3688 2561 da-

2103 2624 2236 2681 bant
2267 2621 2570 2685 sordidum,
2598 2633 2711 2673 non
2746 2615 2896 2670 illum
2948 2610 3043 2681 qui
3092 2603 3451 2662 nobilioribus
3482 2616 3687 2671 coque-

2102 2712 2286 2785 batur.
2324 2708 2487 2776 Quasi
2520 2707 2767 2769 diceret,
2801 2717 2928 2757 eum
2957 2699 3052 2769 qui
3098 2696 3317 2753 famulis
3345 2693 3428 2748 vel
3459 2692 3691 2746 canibus

2105 2801 2516 2875 porrigebatur;
2540 2796 2626 2851 vel
2649 2794 2777 2865 quia
2804 2790 3061 2847 frumenti
3094 2798 3211 2844 erat
3242 2785 3447 2856 in0pia,
3473 2793 3531 2837 ιιι
3553 2786 3691 2836 tem-

2109 2907 2243 2963 pore
2270 2890 2403 2947 belli
2432 2888 2549 2943 fieri
2571 2886 2793 2950 assolet,
2822 2893 2879 2939 et
2910 2881 3288 2952 unusquisque
3326 2885 3532 2933 certam
3559 2889 3692 2944 por-

2110 2983 2317 3040 tionem
2348 2980 2619 3043 sumebat,
2654 2977 2792 3032 clam
2819 2974 3071 3030 mittebat
3129 2971 3413 3042 prophetae
3458 2983 3577 3029 rex,
3624 2979 3697 3018 ne

2109 3075 2232 3145 quis
2271 3087 2398 3128 eum
2426 3070 2833 3139 alloqueretur;
2865 3064 3069 3121 etenim
3098 3063 3219 3135 ejus
3245 3058 3549 3116 doctrinam
3566 3070 3690 3128 per-

2114 3170 2503 3228 timescebant.

2675 3272 2831 3330 CAP.
2855 3267 3151 3326 XXXVIII.

2186 3369 2253 3426 ν.
2282 3370 2337 3427 5.
2377 3387 2397 3421 ι
2424 3366 2544 3423 Νοη
2563 3366 2711 3423 enim
2734 3370 3065 3436 poteratrex
3099 3358 3365 3414 adversus
3393 3368 3509 3409 eos.
3548 3370 3568 3405 ι
3587 3350 3702 3407 Hoc

2116 3470 2235 3529 est,
2267 3461 2388 3532 ejus
2424 3458 2663 3515 animam
2713 3455 2949 3526 eripere.
3024 3450 3253 3507 Constat
3295 3446 3461 3517 igitur
3514 3458 3701 3515 regem

2116 3554 2359 3610 noluisse
2386 3550 2562 3607 occidi
2585 3549 2932 3621 prophetam,
2955 3545 3098 3601 sicut
3122 3556 3302 3612 neque
3327 3538 3535 3592 Pilatus
3559 3548 3695 3606 pro-

2118 3648 2409 3720 pbetarnm
2444 3643 2737 3699 Dominum
2771 3639 2981 3695 Iesum.

2190 3737 2257 3794 Ἴ.
2288 3738 2342 3794 6.
2390 3754 2411 3789 ι
2451 3735 2517 3790 Et
2541 3733 2882 3789 demiserunt
2914 3741 3040 3783 cum
3082 3724 3139 3779 in
3159 3724 3359 3777 lacum.
3392 3736 3411 3770 ι
3444 3717 3532 3771 Fit
3574 3727 3705 3785 pro-

2120 3830 2289 3902 pheta
2322 3836 2482 3900 typus
2526 3822 2771 3896 mysterii
2802 3835 2912 3890 quo
2937 3816 3191 3873 Christus
3243 3807 3707 3882 praesignabatur,

2123 3895 2218 3989 qui
2245 3895 2475 3972 tradi—tus
2504 3895 2606 3968 fuit
2638 3928 2669 3966 a
2704 3911 2876 3965 Pilato
2912 3908 2967 3960 in
2989 3903 3303 3960 Iudaeorum
3335 3912 3531 3953 manus
3560 3911 3577 3951 :
3606 3895 3702 3950 de-

2127 4007 2344 4066 scendit
2372 4020 2506 4064 vero
2537 4006 2590 4059 in
2634 4001 2863 4058 fetidum
2912 3984 3476 4059 molestissimumque
3535 3985 3703 4041 infer-

2126 4115 2285 4165 num,
2312 4096 2729 4164 resurrexitque
2756 4107 2787 4147 e
2821 4088 3091 4149 mortuis;
3135 4085 3277 4139 sicut
3331 4089 3388 4136 et
3438 4077 3710 4150 propheta

2128 4164 2322 4255 rursus
2351 4205 2383 4246 e
2411 4190 2533 4244 lacu
2571 4183 2860 4241 ascendit:
2904 4181 3081 4234 lacum
3110 4174 3311 4245 quippe
3359 4168 3561 4226 divinat
3591 4164 3711 4220 Lit-

2134 4297 2264 4342 tcr-aa
2293 4282 2480 4339 multis
2497 4280 2553 4335 in
2578 4276 2711 4334 locis
2728 4272 3007 4329 infernum
3035 4272 3257 4323 vocant.

2204 4376 2271 4431 V.
2308 4376 2362 4432 9.
2409 4392 2439 4426 ι·
2469 4371 2608 4427 Male
2633 4365 2809 4424 fecisti
2845 4377 2969 4434 quae
3020 4357 3223 4415 fecisti.
3266 4374 3285 4409 ι
3335 4348 3711 4410 Abdemelecl

2136 4469 2391 4539 Ethiops
2444 4477 2667 4521 servare
2727 4458 2920 4515 volens
2976 4449 3305 4513 Jeremiam,
3362 4440 3725 4515 reprehendit

2727 4550 2853 4604 Non
2912 4546 3122 4600 bonum
3174 4536 3347 4593 iniisti
3403 4531 3725 4595 consilium,

2137 4662 2199 4710 ut
2246 4652 2446 4722 virum
2481 4647 2630 4701 hunc
2683 4641 2738 4695 in
2789 4640 2911 4693 lacu
2963 4631 3324 4695 interficeres,
3346 4640 3473 4682 cum
3497 4622 3575 4677 illi
3608 4637 3719 4677 una

2136 4714 2446 4799 nobiscum
2477 4731 2785 4793 miserrima
2832 4742 2985 4785 mors
3031 4740 3132 4797 per
3193 4721 3393 4776 famem
3434 4712 3724 4774 subeunda

2141 4842 2288 4978 688:?
2292 4869 2426 4976 .16.:
2457 4913 2911 4971 VivitDominus.
2962 4926 2979 4960 ι
3019 4905 3160 4961 Hinc
3190 4902 3356 4959 etiam
3381 4897 3725 4971 iudicamus.
3784 4952 3785 4955 η

2143 5016 2380 5072 animam
2403 5017 2640 5067 creatam
2658 5020 2799 5062 esse.

2216 5108 2283 5163 ν.
2311 5107 2400 5162 19,
2423 5123 2443 5158 ι
2475 5102 2588 5175 Ego
2610 5099 2875 5155 rationem
2904 5092 3104 5149 habeo.
3147 5106 3168 5141 ι
3207 5084 3440 5175 Quidam
3478 5074 3728 5175 eJudaeis

2148 5199 2243 5271 qui
2273 5197 2341 5254 ad
2378 5166 2664 5251 Chaldaeos
2697 5184 3123 5256 transfugerant,
3147 5174 3394 5233 Sedeciae
3439 5166 3728 5241 promitte-

2149 5263 2289 5345 bant;
2315 5299 2375 5340 se
2404 5298 2517 5337 non
2563 5277 2932 5351 permissuros
2982 5280 3044 5327 ut
3080 5269 3150 5325 ab
3199 5263 3458 5320 hostibus
3509 5269 3735 5328 capere-

2158 5343 2280 5435 tur:
2330 5343 2612 5445 magisque
2670 5368 2775 5422 illis
2823 5362 3086 5420 credebat
3123 5368 3291 5427 quam
3351 5353 3466 5407 Deo
3527 5343 3734 5402 dicenti

2162 5437 2789 5542 oportere'vBabylonium
2826 5454 3002 5525 sequi.
3039 5451 3155 5505 Hoc
3177 5453 3361 5501 autem
3416 5441 3563 5495 Deus
3590 5437 3737 5492 dice-

2162 5564 2276 5629 bat,
2308 5559 2520 5616 malens
2548 5570 2645 5611 eos
2666 5552 2878 5613 salvos;
2902 5559 3028 5601 nam
3088 5541 3136 5596 si
3193 5536 3464 5593 vixissent
3517 5533 3738 5587 hostem

2166 5654 2360 5724 secuti,
2392 5651 2567 5710 Deum
2599 5644 2695 5718 qui
2719 5658 2820 5700 eos
2859 5635 3159 5695 tradiderat
3184 5632 3568 5703 agnoscentes,
3620 5632 3738 5691 pce—
