4028 6226
402 296 516 373 703

1501 311 2028 378 OLYMPIODORI
2070 315 2607 380 ALEXANDRINI

3590 316 3708 381 τοι

404 425 465 479 in
496 424 725 480 salutem
755 425 811 477 in
840 420 984 476 omni
1025 420 1139 476 loco
1168 438 1185 477 :
1238 424 1335 479 sed
1381 442 1507 481 cum
1556 428 1723 484 homo
1761 429 1859 497 sis,
1890 431 1981 487 nol

2109 433 2236 498 μίου
2269 432 2300 486 ὁ
2346 430 2519 497 Θεὸς,
2559 431 2645 485 ὅτι
2683 429 3010 501 Πεμσώσω
3058 446 3177 488 σου
3224 432 3337 502 τὴν
3369 430 3589 501 ψυχὴν
3627 431 3704 483 ἐν

404 531 650 585 quaerere
680 523 740 570 ut
764 514 905 571 liber
931 528 962 569 a
988 513 1272 571 doloribus
1319 516 1414 573 sis.
1448 517 1647 575 Doctos
1681 521 1757 576 ait
1788 521 1842 576 in
1879 522 1998 594 lege

404 609 475 663 ad
543 608 774 663 honesta
836 622 1067 679 quaque
1132 610 1358 679 largitus
1429 620 1532 667 est.
1614 613 1675 667 In
1739 614 1996 671 Arabiam

405 700 620 772 fugiens
657 698 936 767 Sedecias,
972 701 1029 755 in
1070 716 1191 757 eam
1219 719 1344 774 quae
1376 721 1523 761 nunc
1552 704 1779 777 Daphne
1806 709 1998 780 appel-

404 789 571 844 latur.

474 879 542 935 V.
588 880 640 936 5.
696 898 716 935 ι
752 876 820 938 Ει
870 893 929 939 ιιι
963 900 1199 955 quaeres.
1235 905 1254 938 ι
1300 885 1418 943 Noli
1459 905 1747 959 quaerere;
1802 907 1995 962 magna

404 974 611 1046 quippe
640 983 698 1033 et
723 976 1088 1037 admiratione
1117 981 1277 1053 digna
1308 998 1415 1038 non
1446 984 1554 1048 hic,
1581 985 1678 1041 scd
1719 985 1773 1041 in
1806 985 1995 1042 futuro

406 1067 631 1124 saeculo.

938 1266 943 1271 ,
991 1205 1143 1262 CAP.
1213 1206 1400 1264 XLVI.

477 1318 544 1374 V.
577 1320 633 1375 2.
666 1337 686 1374 ι
723 1316 783 1376 ln
809 1319 1079 1377 Charmis.
1120 1341 1138 1375 ι
1174 1322 1316 1379 Urbs
1339 1333 1424 1379 est
1456 1324 1708 1383 Charmis
1744 1329 1799 1383 in
1825 1329 1994 1388 Meso-

407 1408 668 1477 potamia.

475 1499 544 1557 ν.
576 1503 630 1558 5.
671 1521 693 1555 ι
720 1501 927 1560 Idcirco
961 1514 1165 1576 pavent
1192 1508 1319 1578 ipsi.
1356 1526 1374 1560 ι
1410 1508 1686 1581 Propheta
1718 1514 1796 1568 ait
1824 1514 1993 1586 Egy-

407 1592 575 1662 ptios,
600 1594 694 1665 qui
738 1596 1075 1666 parabantur
1101 1597 1171 1654 ad
1200 1599 1551 1657 inferendum
1585 1603 1815 1671 bellum,
1843 1606 1993 1677 ipsos

406 1682 525 1741 fore
556 1686 799 1757 pavidos.

2101 525 2281 578 παντί
2314 524 2498 591 τόπῳ.
2536 523 2628 595 Μὴ
2652 522 2803 593 ζήτει
2833 523 2914 590 δὲ,
2933 524 3031 576 ἄνθ
3041 542 3220 594 ρωπος
3237 523 3342 590 ῶν,
3364 522 3699 593 ἀπαλλαγῇ·

2100 635 2188 672 ναι
2238 618 2441 674 πόνων.
2490 617 2633 682 Τοὺς
2703 616 3074 688 νομομαθεῖς,
3125 619 3323 686 φησὶν,
3379 618 3462 680 εἰς
3511 616 3701 670 πάντα

2101 712 2278 781 σεμνὰ
2311 711 2633 783 ἐχαρίσατο.
2674 712 2804 766 Ἑπί
2850 713 2950 783 τὴν
2994 711 3257 781 Ἀραϐίαν
3301 712 3598 779 φεύγοντες
3642 713 3703 771 οἱ¹

2098 801 2243 872 ἀμφὶ
2270 802 2362 857 τὸν
2392 802 2679 867 Σεδεκίαν,
2701 805 2781 867 εἰς
2816 803 2914 875 τὴν
2941 804 3034 856 νῦν
3063 803 3413 873 καλουμένην
3444 803 3685 872 Δάφνην.

2173 911 2192 943 ι
2225 893 2335 947 Καὶ
2370 895 2435 949 σὺ
2477 893 2760 966 ζητήσεις.
2797 915 2815 948 ι
2870 894 2961 966 Μὴ
2998 894 3278 968 ζητησῃς·
3336 895 3405 948 τὰ
3437 894 3545 964 γὰρ
3589 913 3697 963 με-

2097 984 2240 1052 γάλα
2269 986 2365 1039 καὶ
2413 986 2725 1058 ἀξιάγαστα
2763 987 2865 1043 οὑκ
2897 987 3135 1043 ἐνταῦθα
3156 1029 3172 1058 ,
3204 987 3320 1043 ἀλλ’
3357 989 3416 1041 έν
3442 984 3522 1057 τῷ
3555 986 3695 1058 μέλ-

2098 1075 2248 1131 λοντι
2272 1077 2454 1133 αἰῶνι.

2659 1215 2916 1268 ΚΕΦΑΛ.
2956 1214 3110 1283 Μετ’.

2173 1342 2192 1374 ι
2237 1323 2324 1379 Ἑν
2357 1325 2625 1397 Χαρμεῖς.
2669 1346 2688 1379 ι
2735 1328 2895 1391 Πόλις
2951 1327 3102 1381 ἐστὶν
3150 1329 3183 1397 ἡ
3229 1326 3449 1397 Χαρμῖς
3498 1326 3557 1377 ὲν
3613 1324 3685 1396 τῇ

2096 1414 2521 1489 Μεσοποταμίᾳ.

2173 1523 2192 1558 ι
2228 1505 2329 1560 Διὰ
2384 1505 2545 1560 τοῦτο
2596 1505 2755 1561 αὑτοὶ¹
2816 1508 3132 1563 πτοοῦνται.
3189 1527 3207 1559 ι
3276 1508 3335 1562 '0
3391 1508 3683 1581 προφήτης

2098 1592 2286 1664 φησὶν,
2316 1593 2397 1648 ὃτι
2424 1597 2474 1649 οί
2518 1598 3079 1668 παρασκευαζόμενοι
3120 1601 3202 1661 εἰς
3249 1599 3485 1669 πόλεμον
3513 1599 3685 1669 Αίγύ-

2096 1699 2234 1737 πτου
2266 1683 2378 1757 [ῑσ.
2418 1687 2755 1760 Αἰγύπτιοι],
2787 1690 2942 1743 αὐτοὶ
2980 1690 3294 1746 πτοοῦνται.

475 1776 541 1831 ν.
583 1780 635 1835 7.
690 1798 710 1833 ι
745 1779 880 1847 Quis
909 1790 996 1838 est
1032 1783 1135 1840 iste
1167 1784 1263 1855 qui
1291 1784 1447 1857 quasi
1472 1786 1718 1844 ﬂumen?
1756 1808 1773 1841 ι
1810 1790 1986 1863 Βιώγο

2171 1794 2190 1828 ι
2228 1777 2327 1842 Τίς
2358 1772 2514 1844 οὗτος
2547 1779 2621 1844 ὡς
2644 1782 2926 1853 ποταμός;
2965 1802 2984 1834 ι
3032 1783 3090 1836 '0
3124 1782 3492 1848 Βαϐυλώνιος.

403 1870 604 1927 lonius.

475 1960 539 2017 ν.
580 1962 666 2019 10.
708 1980 728 2017 ι
760 1965 830 2020 Et
852 1963 969 2021 dies
1000 1966 1111 2023 ille.
1147 1985 1167 2019 ι
1211 1966 1342 2024 Post
1370 1984 1596 2026 sensum
1636 1973 1985 2040 historicum,

400 2052 605 2111 Christi
631 2055 926 2112 adventum
960 2058 1204 2131 intellige
1227 2099 1243 2126 ,
1278 2061 1497 2131 quando
1526 2062 1749 2134 penitus
1777 2064 1993 2120 inimici

400 2146 499 2203 Dei
526 2146 802 2205 daemones
841 2148 1069 2204 edomiti
1096 2158 1247 2206 sunt.

469 2257 535 2312 V.
566 2258 652 2315 ll.
691 2277 712 2312 ι
749 2258 999 2316 Ascende
1028 2259 1251 2318 Galaad.
1290 2278 1310 2316 ι
1344 2261 1544 2319 Galaad
1570 2263 1742 2337 gignit
1767 2265 1990 2337 quidem

400 2350 659 2417 resinam,
691 2366 814 2422 quae
854 2351 1173 2408 vulneribus
1200 2352 1413 2410 medela
1433 2362 1539 2412 est.
1569 2356 1777 2413 Sensus
1805 2366 1989 2414 autem

398 2444 565 2515 hujus
610 2445 885 2501 sermonis
930 2455 1053 2501 est:
1104 2445 1307 2503 Galaad
1351 2447 1711 2519 pollicebatur
1737 2449 1989 2524 Egyptio

397 2535 623 2599 auxilia,
655 2542 711 2588 at
747 2533 863 2604 ipsa
891 2535 1069 2604 primo
1090 2540 1247 2606 capta
1265 2546 1371 2593 est.
1400 2537 1535 2603 Qua
1562 2538 1750 2611 igitur,
1784 2540 1985 2611 inquit,

397 2625 520 2680 aliis
547 2625 746 2680 auxilia
784 2627 1078 2697 promittis,
1126 2628 1448 2699 tibimetipsi
1482 2645 1643 2700 opem
1672 2630 1775 2686 fer.
1803 2631 1988 2704 Virgi-

396 2732 525 2772 nem
556 2732 720 2787 porro
767 2726 927 2773 vocat
951 2716 1263 2788 Egyptum,
1315 2721 1445 2790 quia
1481 2729 1613 2777 tunc
1641 2722 1879 2792 primum
1919 2724 1990 2780 ab

398 2804 651 2861 hostibus
690 2804 923 2875 turpiter
960 2806 1173 2862 devicta
1213 2818 1315 2874 est,
1354 2817 1410 2864 et
1450 2810 1853 2880 quodammodo
1885 2813 1984 2868 de-

396 2893 628 2961 ﬂorata;
674 2893 841 2949 ﬁliam
886 2910 1018 2952 vero
1068 2895 1304 2969 IEgypti,
1344 2907 1505 2955 vocat
1546 2900 1827 2972 regionem
1874 2903 1989 2959 cir-

397 2980 786 3055 cumpositam.

466 3077 535 3132 ν.
596 3078 756 3178 (εὶι
792 3077 1002 3178 Pariter
1047 3082 1383 3178 ceciderunt.
1426 3104 1445 3137 ›
1500 3086 1725 3143 Nechao
1775 3086 1989 3148 Pharao
2016 3117 2059 3178 ο

397 3186 523 3228 cum
552 3171 817 3237 subditis;
853 3174 940 3229 vel
972 3181 1028 3229 et
1056 3173 1257 3231 Galaad
1285 3192 1412 3233 cum
1443 3178 1699 3251 Egypto.

468 3263 533 3319 V.
559 3265 646 3321 l3.
685 3284 705 3317 ι
731 3264 864 3331 Quae
882 3267 1105 3331 locutus
1122 3277 1206 3325 est
1234 3270 1520 3328 Dominus.
1553 3292 1572 3326 ι
1602 3274 1813 3331 Dicitur
1842 3277 1988 3333 Deus

397 3355 455 3411 in
481 3368 646 3409 manu
680 3354 829 3426 loqui
868 3358 1286 3427 prophetarum,
1329 3362 1590 3433 quoniam
1638 3367 1822 3423 omnia
1863 3384 1987 3438 qua:

397 3445 648 3501 facienda
685 3446 969 3518 propheta:
1013 3449 1330 3519 audiebant,
1367 3453 1661 3511 faciebant.
1717 3456 1776 3512 In
1818 3468 1989 3516 manu

394 3536 603 3607 quippe
630 3537 775 3597 actio
796 3546 883 3593 est
913 3555 928 3605 ;
961 3539 1047 3595 vel
1095 3548 1385 3611 postquam
1423 3546 1608 3602 omnia
1646 3546 1741 3604 Dei
1767 3548 1985 3607 decreta

394 3640 428 3681 a
458 3627 744 3697 prophetis
774 3628 1098 3685 annuntiata
1130 3641 1350 3701 peracta
1394 3633 1570 3693 fuere.

467 3716 532 3772 ν.
571 3718 660 3772 14.
705 3735 725 3769 ι
763 3718 1103 3776 Annuntiate
1148 3723 1205 3778 in
1245 3723 1573 3796 Magdolum.
1626 3746 1644 3780 ι
1693 3728 1981 3802 Memphis,

393 3779 756 3879 etTaphnas,
787 3820 844 3866 et
876 3810 1172 3885 Magdolus,
1216 3779 1379 3873 urbes

394 3899 637 3957 illustres
658 3911 716 3958 et
749 3904 932 3976 regiae.

468 4010 489 4042 ι
527 3991 591 4046 Et
607 3996 929 4051 annuntiate
960 3996 1015 4052 in
1044 3997 1361 4070 Memphim.
1392 4020 1411 4053 ι
1439 4000 1690 4073 Ρτωριιτει
1720 4013 1772 4062 te
1807 4006 1982 4077 ipsam

393 4084 461 4139 ad
523 4101 752 4153 necem,
806 4097 924 4154 sta,
979 4105 1081 4160 pro
1146 4094 1393 4162 percipe,
1448 4096 1595 4165 quod
1652 4097 1796 4153 sicut
1846 4100 1981 4156 smi-

644 4175 725 4233 sic
767 4191 953 4249 regem
1009 4186 1164 4236 tuum
1215 4182 1500 4253 abscindat
1551 4184 1764 4258 gladius
1802 4189 1981 4262 Baby-

394 4279 550 4319 .onn.

464 4352 531 4409 V.
566 4353 654 4411 16.
688 4375 707 4409 ι
739 4354 808 4410 Et
851 4360 1250 4432 unusquisque.
1300 4381 1320 4416 ι
1357 4363 1530 4421 ιιιύωί
1568 4368 1664 4439 qui
1710 4369 1767 4426 in
1808 4369 1980 4443 Egy-

2170 1974 2191 2009 t
2232 1956 2345 2012 Καὶ
2373 1958 2408 2031 ἡ
2440 1959 2644 2029 ἡμέρα.
2670 1979 2689 2013 ι
2724 1960 2884 2015 Μετὰ
2908 1956 3007 2034 τὴν
3034 1962 3279 2033 ἱστορίαν
3313 1962 3409 2034 τὴν
3438 1963 3679 2034 Χριστοῦ

2096 2049 2403 2120 παρουσίαν
2426 2051 2558 2115 νόει,
2586 2052 2676 2105 ὅτε
2707 2052 2933 2118 τελείως
2956 2054 3007 2105 οἱ
3042 2053 3230 2124 ἐχθροὶ
3251 2053 3344 2108 τοῦ
3376 2053 3513 2108 Θεοῦ
3540 2072 3679 2109 κατ-

2093 2137 2449 2211 ηγορήθησαν
2477 2139 2566 2194 δαί
2574 2158 2759 2210 μονες.

2171 2270 2191 2305 ι
2236 2251 2490 2325 Ἀνάϐηθι
2528 2253 2765 2309 Γαλαάδ.
2801 2274 2821 2310 ι
2876 2256 2940 2310 Ἦ
2990 2257 3205 2312 Γαλαὰδ
3248 2256 3361 2327 ἔχει
3410 2255 3511 2328 μὲν
3577 2254 3677 2325 τὴν

2094 2346 2357 2419 ῥητίνην,
2386 2334 2654 2418 ’ἰατρικὴν
2691 2345 2863 2403 οὖσαν
2900 2349 3262 2421 τραυμάτων.
3301 2350 3366 2402 Ὀ
3403 2348 3462 2402 δὲ
3501 2348 3673 2415 λέγει⁹

2092 2436 2340 2492 τοιοῦτόν
2380 2440 2565 2494 ἐστιν’
2612 2440 2678 2494 Ἡ
2708 2440 2928 2494 Γαλαὰδ
2961 2439 3339 2511 ἐπηγγέλλετο
3371 2439 3675 2511 ἐπαμύνειν

2091 2529 2172 2601 τῷ
2195 2530 2480 2603 Αἰγυπτίῳ
2500 2547 2515 2563 ⁸
2544 2532 2640 2585 καὶ
2670 2530 2813 2603 αὕτη
2834 2531 3025 2604 πρώτη
3057 2532 3222 2586 ἑάλω.
3259 2531 3323 2585 Ἦ
3346 2526 3463 2596 οὖν,
3486 2532 3673 2601 φησιν,

2094 2621 2501 2694 ὑπισχνουμένη
2530 2621 2722 2691 ἷᾶλλοις
2757 2622 2994 2694 βοηθεῖν,
3012 2624 3187 2694 σαυτῇ
3216 2621 3505 2694 βοήθησον.
3537 2622 3676 2691 Παρ-

2094 2712 2247 2769 θένον
2278 2713 2337 2767 δὲ
2379 2713 2480 2783 τὴν
2508 2713 2789 2782 Αἴγυπτόν
2822 2732 3008 2785 φησιν,
3049 2715 3126 2778 ὡς
3165 2715 3288 2767 τότε
3321 2714 3541 2786 πρῶτον
3586 2714 3675 2767 al-

2095 2805 2278 2877 σχρῶς
2308 2804 2415 2859 ὑπὸ
2460 2805 2743 2876 πολεμίων
2792 2806 3143 2878 ἡττηθεῖσαν,
3193 2806 3292 2859 καὶ
3325 2805 3400 2868 ὡς
3433 2805 3499 2858 ἂν
3533 2805 3674 2859 εἴποι

2089 2916 2177 2964 τις
2220 2899 2809 2973 διαπαρθενευθεῖσαν·
2839 2899 3115 2970 θυγατέρα
3150 2899 3209 2952 δὲ
3247 2898 3553 2968 Αἰγύπτου,
3576 2898 3677 2969 τὴν

2094 2990 2407 3064 περίχωρον
2432 2991 2717 3062 ὀνομάζει.
3534 3052 3537 3055 λ

2170 3099 2189 3134 ι
2236 3082 2361 3135 Ἐπὶ
2401 3081 2464 3136 τδ
2506 3081 2640 3138 αὐτὸ
2683 3081 2908 3137 ἔπεσαν.
2947 3100 2967 3135 ι
3010 3082 3068 3136 '0
3102 3080 3303 3153 Νεχαὼ
3339 3080 3543 3153 Φαραὼ
3578 3080 3676 3134 σὺν

2090 3173 2205 3236 τοῖς
2238 3170 2503 3242 ὑπηκόοις
2522 3188 2537 3204 ο
2572 3173 2605 3243 ἢ
2641 3173 2737 3227 καὶ
2765 3171 2982 3226 Γαλαὰδ
3005 3172 3104 3226 σὺν
3130 3174 3196 3243 τῇ
3228 3170 3517 3243 Αἰγύπτῳ.

2167 3282 2187 3316 ι
2222 3265 2290 3318 Ἀ
2315 3264 2550 3335 ὲλάλησε
2576 3263 2806 3336 Κύριος.
2842 3283 2860 3317 ι
2900 3264 3137 3335 Λέγεται
3159 3263 3292 3327 Θεὸς
3325 3264 3385 3318 ὲν
3413 3262 3560 3334 χειρὶ
3580 3263 3675 3316 λα-

2090 3355 2203 3410 λεῖν
2235 3356 2345 3411 τῶν
2378 3355 2701 3426 προφητῶν,
2754 3354 2948 3426 ἐπειδὴ
2980 3355 3164 3410 πάντα
3207 3354 3310 3408 ὅσα
3340 3353 3589 3423 ἥκουσαν
3621 3354 3672 3407 οί

2089 3447 2366 3519 προφῆται
2412 3449 2610 3513 ποιεῖν,
2645 3446 2889 3503 ἐποίουν.
2926 3447 3087 3518 Χειρὶ
3117 3446 3228 3517 γὰρ
3272 3449 3306 3519 ἡ
3350 3444 3572 3517 πρᾶξις.
3602 3446 3673 3498 Ἦ

2088 3540 2184 3594 καὶ
2217 3540 2405 3611 ἐπειδὴ
2442 3540 2623 3595 πάντα
2652 3538 2724 3594 τὰ
2758 3540 3077 3611 μηνυόμενα
3106 3539 3211 3593 ὑπὸ
3235 3538 3333 3593 τοὺ
3362 3538 3522 3607 Θεοῦι,
3565 3538 3670 3592 ὑπὸ

2086 3629 2198 3685 τῶν
2240 3630 2541 3703 προφητῶν
2572 3632 2653 3695 εἰς
2681 3630 2846 3701 ἔργον
2875 3630 3095 3701 ἐχώρει.

2168 3738 2188 3773 ι
2210 3720 2603 3789 Ἀναγγείλατε
2628 3721 2711 3783 εἰς
2740 3720 3063 3789 Μαγδωλόν.
3094 3738 3114 3773 ι
3150 3720 3400 3791 Μέμφις,
3438 3721 3534 3775 καὶ
3564 3716 3672 3774 Τάς

2087 3829 2226 3881 φνας
2250 3851 2265 3877 ,
2298 3812 2396 3867 καὶ
2450 3812 2784 3881 Μαγδωλὺς,
2837 3812 3029 3877 πόλεις
3069 3812 3317 3883 ὑπῆρχον
3354 3811 3671 3881 Αἰγυπτίων

2085 3904 2414 3973 περιφανεῖς
2444 3902 2542 3957 καὶ
2574 3902 2873 3973 βασιλικαί.

2163 4011 2183 4045 ι
2220 3993 2334 4047 Καὶ
2390 3993 2805 4065 παραγγείλατε
2848 3993 2931 4056 εἰς
2970 3991 3218 4063 Μέμφιν.
3260 4009 3280 4044 ι
3348 3990 3669 4060 Ἑτοίμασον

2085 4082 2320 4155 σεαυτὴν
2347 4084 2427 4148 εἰς
2450 4084 2687 4155 σφαγὴν,
2706 4084 3008 4152 ἐπίστηθι,
3045 4083 3168 4137 ἀντὶ
3199 4082 3319 4146 τοῦ,
3358 4083 3564 4152 γνώσῃ
3588 4083 3669 4137 ὅτι

2080 4174 2158 4240 ὡς
2187 4174 2433 4247 σμίλακα
2456 4215 2472 4242 ,
2518 4176 2691 4240 οὕτως
2720 4174 2945 4244 ἐκκόψει
2985 4191 3082 4229 σου
3107 4175 3200 4229 τὸν
3225 4174 3456 4246 βασιλέα
3486 4175 3520 4245 ἡ
3561 4174 3666 4245 μά-

2082 4280 2251 4336 χαιρα
2283 4263 2380 4318 τοὺ
2410 4263 2783 4320 Βαϐυλωνίου.

2160 4374 2179 4408 ι
2216 4357 2329 4411 Καὶ
2351 4356 2603 4419 ἕκαστος.
2642 4375 2661 4407 ι
2694 4357 2759 4409 Ol
2786 4357 2846 4410 έν
2874 4358 2943 4427 τῇ
2971 4355 3238 4427 Αἰγύπτῳ
3284 4355 3531 4410 Ἰουδαῖοι
3571 4355 3662 4410 λέ-

391 4457 487 4517 pto
514 4447 688 4507 erant'
715 4451 963 4511 dicentes
995 4473 1008 4510 :
1060 4455 1418 4514 Revertamur
1451 4460 1520 4517 ad
1571 4463 1835 4536 populum
1872 4480 1978 4521 no-

2094 4463 2290 4517 γοντες,
2324 4444 2785 4519 Ἀναστρέψωμεν
2806 4447 2947 4519 πρὸς
2968 4446 3063 4501 τὸν
3092 4446 3222 4504 λαὸν
3252 4445 3430 4517 ἡμῶν.

390 4549 589 4598 atrum.

467 4651 489 4684 ι
534 4634 579 4686 Α
603 4632 739 4690 facie
762 4636 923 4707 gladii
952 4637 1146 4697 Graeci.
1181 4659 1200 4692 ›
1241 4639 1402 4700 lones
1419 4642 1593 4701 Graeci
1625 4645 1694 4701 ab
1724 4644 1855 4701 lone
1881 4662 1976 4717 ge-

390 4738 496 4779 nus
549 4724 835 4792 ducentes,
873 4728 1178 4802 Babyloniis
1223 4733 1353 4791 olim
1392 4735 1593 4792 tributa
1638 4737 1970 4807 pendebant,

389 4814 606 4885 illisque
647 4815 715 4871 ad
753 4816 894 4873 bella
939 4820 1433 4894 conjungebantur.
1477 4828 1522 4881 A
1570 4827 1748 4900 gladio
1790 4828 1974 4899 itaque

387 4906 597 4975 Graeco,
632 4908 685 4964 id
708 4918 811 4975 est,
834 4900 1014 4970 sociis
1043 4913 1339 4988 Babylonii.

457 5106 525 5163 ν.
554 5107 641 5165 18.
669 5126 690 5161 ι
722 5108 861 5177 Quia
887 5112 1360 5188 sicutltabyrium.
1397 5136 1414 5170 ι
1448 5118 1599 5174 Mons
1628 5120 1716 5176 hic
1737 5121 1969 5178 Galilteaa

387 5207 516 5254 ante
568 5200 771 5259 Christi
823 5205 1118 5261 adventum
1172 5207 1423 5262 desertus
1488 5219 1622 5263 erat.
1686 5210 1968 5269 Carmelus

385 5304 604 5363 quoque
633 5303 688 5350 et
720 5297 838 5365 ipse
860 5297 1129 5365 desertus,
1175 5299 1386 5369 adjacet
1415 5300 1572 5365 mari,
1614 5302 1967 5374 marinosque

386 5391 553 5441 aestus
606 5386 830 5456 excipit.
879 5387 996 5443 Erit
1031 5391 1234 5461 itaque,
1272 5391 1368 5451 ait.
1400 5391 1667 5462 Memphis
1698 5396 1965 5452 tumultus

386 5472 567 5543 plena,
602 5474 924 5547 desertaque
954 5494 1020 5535 ex
1053 5479 1355 5549 irruptione
1378 5479 1819 5551 Babyloniorum.

459 5645 523 5701 V.
564 5648 655 5705 20.
689 5669 709 5703 ι
746 5652 928 5708 Vitula
950 5654 1211 5709 adornata
1226 5654 1507 5728 Egyptus.
1546 5676 1566 5709 ι
1599 5656 1759 5714 Missa
1780 5660 1961 5730 copia-

387 5752 506 5800 rum
545 5750 697 5809 parte
725 5741 1051 5814 Babylonius
1075 5747 1222 5817 cepit
1235 5747 1402 5805 illam.
1427 5780 1499 5793 --
1525 5748 1738 5819 Milites,
1758 5751 1861 5808 hoc
1878 5760 1962 5808 est

2161 4642 2191 4680 ι
2224 4626 2357 4680 Ἀπὸ
2398 4624 2697 4699 προσώπου
2725 4624 3003 4697 μαχαίρας
3045 4623 3396 4695 Ἑλληνικῆς.
3418 4641 3438 4676 ι
3467 4623 3529 4677 Ol
3557 4618 3663 4676 ἀπὸ

2088 4721 2272 4782 Ἴωνος
2294 4718 2562 4790 Ἕλληνες
2595 4717 2776 4783 ὄντες,
2813 4716 3083 4787 ὑπόφοροι
3111 4710 3256 4786 ἦσαν
3293 4712 3438 4769 κατὰ
3461 4713 3523 4765 τὸ
3554 4727 3661 4765 πα-

2081 4810 2232 4865 λαιὸν
2258 4810 2368 4864 τῶν
2392 4808 2770 4873 Βαϐυλωνίων,
2798 4808 2892 4861 καλ⁸
2914 4807 3251 4878 συνεμάχουν
3283 4803 3437 4873 αὑτῷ
3464 4805 3522 4857 έν
3550 4803 3661 4865 τοῖς

2080 4900 2367 4972 πολέμοις.
2402 4899 2536 4953 Ἀπὸ
2561 4898 2838 4970 μαχαίρας
2868 4896 2965 4951 οὖν
3008 4893 3356 4966 Ἑλληνικῆς,
3389 4893 3513 4950 ἀντὶ
3541 4890 3653 4956 τοῦ,

2078 4992 2187 5047 τῶν
2225 4991 2531 5064 συμμάχων
2556 4990 2649 5045 τοῦ
2672 4988 3039 5045 Βαϐυλωνίου.
3204 4986 3207 4989 ’

2152 5126 2171 5159 ι
2204 5107 2324 5161 Ὅτι
2351 5105 2427 5171 ὡς
2458 5105 2520 5160 τὸ
2561 5104 2885 5178 Ἰταϐύριον.
2924 5123 2943 5157 ι
2976 5102 3149 5159 Τοῦτο
3170 5102 3231 5155 τὸ
3259 5101 3515 5174 ὅροςτῇς
3548 5099 3653 5152 Γα-

2075 5196 2287 5260 λιλαίας
2312 5195 2397 5263 ὃν,
2439 5195 2648 5268 ἔρημον
2678 5190 2750 5266 ῆν
2780 5194 2888 5264 πρὸ
2919 5195 3020 5266 τῆς
3052 5190 3293 5263 Χριστοῦ
3327 5189 3651 5260 παρουσίας.

2090 5287 2151 5343 '0
2173 5288 2231 5342 δὲ
2246 5288 2546 5359 Κάρμηλος
2578 5286 2674 5341 καὶ
2701 5287 2861 5349 αὐτὸς
2891 5285 3098 5355 ἔρημος
3119 5278 3209 5355 ἦν,
3226 5281 3473 5351 ἔγκειται
3502 5279 3559 5332 δὲ
3583 5279 3650 5348 τῇ

2074 5379 2322 5452 θαλάσσῃ
2348 5420 2363 5444 ,
2407 5379 2503 5434 καὶ
2547 5380 2675 5442 τοὺς
2722 5376 3047 5440 θαλαττίους
3086 5376 3303 5445 δέχεται
3348 5373 3647 5432 κλύδωνας.

2078 5474 2272 5527 Ἔσται
2313 5467 2430 5538 οὖν,
2470 5471 2658 5541 φησὶν,
2706 5472 2739 5539 ἡ
2780 5469 3008 5540 Μέμφις
3042 5466 3274 5539 θορύϐου
3324 5465 3522 5535 μεστὴ,
3556 5460 3648 5530 καὶ

2072 5566 2280 5637 ἔρημος
2309 5565 2375 5617 ὲκ
2404 5562 2500 5631 τῆς
2526 5562 2722 5631 ἐφόδου
2752 5561 2860 5615 τῶν
2884 5560 3262 5615 Βαϐυλωνίων.

2146 5676 2165 5709 ι
2217 5657 2463 5729 Δάμαλις
2527 5651 3020 5723 κεκαλλωπισμένη
3079 5650 3375 5729 Αἰγυπτος.
3441 5662 3462 5695 ι
3518 5642 3641 5729 ’ξοτι

2071 5748 2236 5823 μέρος
2267 5766 2320 5804 τι
2350 5746 2449 5817 τῆς
2471 5746 2755 5817 δυνάμεως
2788 5743 3013 5815 πέμψας
3044 5745 3072 5797 ὁ
3105 5728 3468 5805 Βαϐυλώνιος,
3496 5728 3641 5789 εἷλεν
