4028 6226
326 344 430 408 705

1443 320 1908 386 FRAGMENTA
1944 318 2025 377 IN
2070 318 2483 379 IEREMIAM.

3498 320 3602 382 706

329 451 518 521 αὑτήν.
558 477 627 491 -—
667 440 1035 516 Στρατιῶται,
1088 437 1338 491 τουτέστι
1379 434 1441 488 τὸ
1481 434 1790 504 σιτηρέσιον
1826 444 1841 461 ⁸
1884 427 1917 498 ἢ

2055 429 2400 498 tipendiarii;
2423 428 2509 485 vel
2539 427 2715 484 exteri
2742 442 2881 500 quos
2926 428 2981 483 in
3002 428 3266 486 auxilium
3318 430 3603 487 conduxe-

330 543 425 599 καὶ
454 542 502 593 οἱ
527 538 672 607 ξένοι
705 534 799 600 οὓς
830 528 1211 604 ἐμισθώσαντο
1236 528 1315 591 είς
1348 525 1687 597 συμμαχίαν.

408 648 426 682 ι
498 626 654 699 Φωνὴ
713 624 938 689 αὐτῶν,
993 620 1070 684 ὡς
1130 620 1327 688 δφεως,
1364 635 1383 669 ι
1423 611 1501 669 ’Ἢ
1549 610 1916 676 στεναζόντων

2019 528 2166 573 runt.

2088 610 2154 671 ν.
2185 612 2279 667 22.
2316 631 2337 665 ι
2382 611 2498 668 Vox
2528 627 2718 669 eorum
2766 614 2922 685 quasi
2984 614 3277 685 serpentis.
3321 633 3341 668 ι
3377 614 3476 671 Vel
3504 632 3601 673 su-

335 721 473 791 φησὶ
521 718 615 773 καὶ
653 714 965 787 φευγόντων
991 726 1005 742 ο
1037 709 1257 778 ἐπειδὴ,
1308 704 1528 776 φεύγων
1567 704 1597 757 6
1632 703 1759 772 ϐφις
1822 715 1914 752 συ-

2051 704 2342 774 pirantium
2368 704 2466 771 ait,
2499 713 2558 761 et
2574 704 2935 791 fugientium;
2966 720 3099 761 nam
3127 720 3356 777 serpens
3384 707 3601 781 fugiens

338 813 532 958 ρίςῖτι
556 903 615 955 ὲν
643 900 836 972 ἄμμῳ.
861 914 881 948 ι
912 896 1214 967 Ἕρπονται
1243 889 1423 963 χαμαὶ
1452 886 1723 957 κείμενοι,
1758 881 1918 953 συρό-

340 1012 493 1067 μενοι
526 992 883 1063 αἰχμάλωτοι.

414 1104 434 1139 ε
466 1082 792 1153 Ἐκκόψουσι
816 1081 911 1136 τὸν
937 1078 1144 1152 δρυμὸν
1183 1074 1373 1145 αὐτῆς.
1413 1092 1432 1125 ι
1465 1071 1539 1124 Τὸ
1560 1067 1882 1124 ἀνείκαστον
1901 1106 1917 1131 ,

338 1179 432 1233 καὶ
465 1177 606 1247 ὑπὲρ
630 1173 832 1245 ἀκρίδα
860 1171 1067 1243 πλῆθος
1099 1167 1297 1239 αὐτῆς.

412 1286 432 1320 ε
473 1266 606 1320 Ἰδοὺ
646 1264 759 1335 ἐγὼ
783 1263 1004 1318 ὲκδικῶ.
1041 1258 1341 1332 ’Δμμωνᾶν
1390 1256 1489 1309 Δία
1522 1253 1727 1324 ἐτίμων
1750 1248 1922 1319 Αίγύ-

336 1376 512 1424 πτιοι,
544 1358 642 1410 καὶ
676 1355 810 1411 αὐτὸ
843 1351 959 1420 οὖν,
994 1354 1183 1425 φησιν,
1208 1349 1390 1406 αὐτῶν
1410 1346 1476 1402 τὸ
1503 1344 1725 1401 εἴδωλον
1743 1358 1921 1413 τιμω-

339 1454 577 1523 ρήσομαι
601 1468 615 1481 υ
640 1447 888 1504 τοῦτοδὲ
912 1444 1186 1501 πέπονθεν
1212 1445 1242 1497 6
1270 1439 1517 1503 Σατανᾶς
1540 1437 1635 1491 ἐπὶ
1659 1436 1757 1507 τῆς
1783 1434 1923 1506 Χρι-

337 1544 466 1599 στοῦ
500 1546 829 1613 παρουσίας.

408 1635 520 1691 Καὶ
554 1632 831 1689 παιδεύσω
866 1648 945 1686 σε.
1011 1648 1031 1681 ι
1085 1627 1214 1684 Ἐπὶ
1250 1626 1349 1698 μὲν
1373 1626 1475 1696 τῆς
1535 1618 1800 1692 ἱστορίας,
1839 1618 1923 1672 δτι

339 1728 434 1784 καὶ
463 1726 781 1790 ἀνελθόντες
809 1723 871 1789 ἐξ
896 1721 1180 1791 Αἰγύπτου
1219 1719 1302 1783 είς
1348 1713 1727 1788 Ἰερουσαλὴμ,
1762 1708 1925 1764 πάλιν

2018 796 2218 853 sibilat.

2095 908 2116 941 ε
2154 889 2291 956 Quia
2314 890 2367 944 in
2395 904 2581 946 arena.
2607 908 2627 943 ι
2667 889 2830 946 Humi
2855 888 3100 961 iacentes
3136 900 3387 962 serpunt,
3415 901 3472 947 et
3496 893 3597 948 du-

2027 988 2229 1035 cuntur
2284 981 2506 1051 captivi.

2096 1068 2162 1124 ν.
2191 1070 2282 1126 25.
2307 1071 2613 1127 «Ειοίάειιι
2644 1070 2838 1126 silvam
2861 1070 3001 1139 ejus.
3042 1085 3063 1120 ι
3102 1066 3602 1141 lnexcogitabilem,

2020 1172 2077 1217 et
2101 1178 2265 1234 super
2294 1163 2562 1220 locustam
2594 1163 3000 1219 multitudinem
3028 1162 3173 1234 ejus.

2091 1252 2158 1309 ν.
2195 1256 2286 1311 25.
2324 1275 2344 1308 ι
2378 1254 2520 1311 Ecce
2545 1270 2647 1327 ego
2678 1256 2931 1312 ulciscar.
2979 1276 3000 1312 ι
3043 1258 3369 1314 Ammonam
3411 1255 3603 1312 Jovem

2021 1349 2426 1403 venerabantur
2454 1347 2715 1420 Egyptii,
2746 1358 2803 1404 et
2834 1350 3013 1420 ipsum
3075 1366 3226 1422 ergo,
3259 1350 3355 1416 ait,
3386 1349 3605 1404 illorum

2023 1438 2227 1509 idolum
2262 1439 2490 1509 puniam
2527 1456 2543 1494 :
2575 1439 2678 1495 hoc
2709 1454 2843 1496 vero
2872 1456 3069 1511 passus
3110 1450 3199 1500 est
3249 1441 3486 1497 Satanas
3549 1439 3605 1494 in

2023 1530 2226 1586 Christi
2247 1531 2506 1588 adventu.

2096 1623 2161 1676 V.
2193 1623 2283 1679 28.
2317 1641 2337 1675 ι
2365 1624 2435 1679 Ει
2462 1625 2740 1698 castigabo
2761 1634 2836 1681 te.
2869 1644 2888 1679 ι
2910 1625 3184 1685 Historice
3203 1628 3607 1698 quidem,un

2026 1713 2193 1770 etiam
2244 1731 2310 1770 ex
2339 1714 2574 1788 Egypto
2618 1717 2851 1790 regressi
2900 1718 3230 1787 Jerusalem,
3286 1721 3484 1776 iterum
3519 1734 3611 1775 ca-

340 1820 687 1876 ὶπαιδεύοντο
709 1834 724 1849 ο
1045 1815 1328 1878 διάνοιαν,
1366 1784 1445 1880 τῶ
1493 1804 1638 1860 κατὰ
1687 1802 1926 1872 Χριστὸν

2051 1784 2749 1878 ,ιίεεὺοηιυτςέρὶτὶιοιὶιει-
2796 1822 2928 1863 vero
2974 1808 3143 1865 Jacob
3185 1784 3284 1879 per
3331 1810 3609 1867 Christum

338 1909 539 1965 Ἰακὼϐ
601 1905 934 1978 σωζομένῳ,
1006 1900 1215 1974 φησιν,
1281 1900 1365 1953 ὅτι
1430 1892 1799 1968 Λυτρώσομαί
1865 1905 1926 1943 σε

336 2002 439 2073 τῆς
469 1997 797 2070 δαιμονικῆς
821 1994 1093 2059 δουλείας,
1125 1994 1222 2048 καὶ
1254 1988 1533 2044 παιδεύσω
1568 2003 1631 2039 σε
1661 1983 1924 2057 κρίματα,

339 2093 592 2147 τουτέστι
628 2090 878 2161 δόγματα
915 2082 1251 2155 εύαγγελικὰ
1273 2121 1288 2149 ,
1320 2079 1415 2136 ἑὰν
1441 2078 1500 2134 δὲ
1550 2075 1805 2148 ἁμάρτῃς
1844 2089 1927 2126 τι·

341 2183 674 2257 μωρήσομαί
700 2199 781 2239 σε.

450 2321 468 2339 ,
939 2268 1198 2325 ΚΕΦΔΛ.
1228 2266 1364 2323 MZ'.

416 2409 437 2444 ε
475 2389 617 2445 Τάδε
660 2388 812 2457 λέγει.
860 2384 1071 2455 Κύριος
1098 2398 1114 2414 ο
1165 2380 1301 2435 Ἰδοὺ
1334 2378 1526 2431 ῦδατα.
1588 2391 1609 2427 ι
1648 2373 1794 2444 Πρὸς
1831 2370 1932 2442 μὲν

344 2483 632 2555 ίστορίαν,
692 2481 763 2534 τὰ
821 2476 1005 2548 πλήθη
1060 2472 1171 2527 τῶν
1227 2467 1625 2526 Βαϐυλωνίωνο
1677 2464 1817 2533 πρὸς
1873 2462 1931 2555 δὲ

340 2551 607 2640 διάνοιαν,
636 2574 672 2643 ὴ
696 2569 792 2625 τοῦ
831 2565 1205 2639 Ἀντιχρίστου
1262 2558 1539 2633 παρουσία
1583 2551 1935 2626 κατασημαί·

343 2686 517 2723 νεται.

420 2778 439 2812 ι
475 2759 620 2821 Ἕως
645 2756 812 2820 τίνος,
844 2755 877 2825 ὴ
915 2751 1159 2824 μάχαιρα
1189 2746 1283 2801 τοῦ
1322 2742 1569 2817 Κυρίου;
1610 2761 1628 2795 ι
1660 2736 1879 2811 Προορᾷ
1904 2735 1934 2789 6

346 2853 627 2925 προφήτης
650 2848 749 2921 τὴν
778 2846 920 2918 πρὸς
943 2842 1024 2915 τῷ
1054 2842 1204 2894 τέλει
1234 2837 1331 2893 τοῦ
1361 2835 1499 2891 Θεοῦ
1525 2834 1807 2903 ἐκδίκησιν
1834 2844 1936 2881 κα-

344 2946 415 2999 τὰ
441 2944 550 2998 τῶν
586 2940 857 3011 δαιμόνων
887 2935 987 2991 καὶ
1020 2933 1241 2989 πάντων
1271 2929 1382 2992 τῶν
1411 2926 1677 2982 ἀπίστων.

426 3056 447 3088 ι
494 3029 939 3101 Ἀποκατάστηθι
984 3029 1064 3090 είς
1109 3026 1201 3079 τὸν
1253 3021 1443 3077 κολεόν
1474 3020 1593 3073 σου.
1647 3037 1665 3069 ι
1702 3015 1935 3087 Εὕχεται

2029 1897 2350 1952 salvandum
2389 1898 2705 1969 alloquitur,
2735 1900 2882 1970 quod
2921 1899 3192 1956 Liberabo
3230 1911 3283 1956 te
3329 1915 3362 1957 a
3403 1901 3612 1958 daemo-

2027 2003 2162 2043 num
2199 1989 2486 2055 servitute,
2540 1998 2598 2047 et
2672 1991 2922 2048 erudiam
2976 1999 3031 2049 te
3062 1992 3296 2064 judicia,
3371 1993 3477 2050 hoc
3526 2002 3614 2049 est

2028 2081 2281 2153 dogmata
2324 2082 2691 2156 evangelica:
2743 2084 2891 2156 quod
2953 2083 3000 2140 si
3069 2083 3388 2157 deliqueris,
3443 2084 3612 2142 casti-

2030 2173 2169 2245 gabo
2196 2182 2272 2229 te.

2621 2266 2778 2325 CAP.
2808 2267 3018 2325 XLVII.

2104 2377 2171 2433 ν.
2202 2378 2257 2433 2.
2290 2398 2311 2433 ι
2351 2378 2480 2436 Hac
2520 2380 2655 2438 dicit
2690 2380 2958 2438 Dominus
2994 2400 3010 2437 :
3064 2382 3207 2439 Ecce
3248 2397 3425 2454 aqua).
3461 2401 3481 2436 ι
3532 2383 3617 2439 Διί

2034 2484 2259 2528 sensum
2280 2472 2503 2540 quidem
2522 2473 2833 2541 litteralem,
2856 2473 3151 2530 multitudo
3172 2473 3616 2547 Babyloniorum,

2034 2562 2103 2618 ad
2160 2563 2454 2636 mysticum
2497 2580 2631 2623 vero
2668 2566 2997 2623 Antichristi
3048 2567 3343 2638 praesentia
3388 2567 3621 2624 denota-

2035 2662 2144 2710 tur.

2105 2743 2174 2799 ν.
2202 2743 2256 2799 ϐ.
2286 2761 2306 2797 ι
2352 2742 2398 2799 0
2418 2760 2609 2803 mucro
2643 2746 2883 2813 Domini,
2934 2749 3261 2820 usquequo?
3300 2769 3320 2803 ι
3351 2746 3622 2805 Pravidet

2035 2834 2305 2905 propheta
2331 2832 2574 2890 divinam
2602 2835 2660 2892 in
2682 2835 2793 2893 ﬁne
2805 2837 3071 2895 ultionem
3087 2847 3281 2895 contra
3311 2838 3616 2907 daemones,

2036 2934 2092 2981 et
2124 2925 2377 2984 inﬁdeles
2410 2942 2627 2984 omnes.

2115 3039 2133 3072 ι
2171 3018 2486 3092 Regredere
2514 3020 2568 3076 in
2597 3021 2849 3094 vaginam
2879 3032 3051 3081 tuam.
3087 3043 3107 3078 ι
3140 3026 3621 3083 Precaturdeinde

352 3130 538 3185 λοιπὸν
570 3126 843 3201 ἡσυχάσαι
868 3122 968 3193 τῆν
995 3118 1185 3188 ὀργὴν,
1223 3115 1313 3172 ἵνα
1340 3111 1633 3186 εἰρηνεύσῃ
1670 3112 1703 3180 ἡ
1734 3109 1928 3201 κτίσις.

2051 3121 2101 3168 ut
2124 3113 2205 3168 ira
2237 3122 2437 3179 cesset,
2462 3122 2519 3169 et
2548 3115 2790 3171 mundus
2818 3132 2954 3187 pace
2992 3117 3226 3174 fruatur.
3277 3119 3439 3175 Certa
3487 3120 3623 3177 ﬁdes

349 3252 423 3264 —
467 3196 854 3290 Πληροιρορίαν
902 3211 1143 3284 δέχεται,
1176 3210 1259 3263 ὅτι
1309 3206 1409 3278 οὐχ
1460 3196 1929 3290 ήσυχάσειᾼήτοῦ

352 3288 862 3378 Κυρίουήμάχαιρα,
895 3290 1095 3364 ἕωςρῦ
1118 3296 1339 3359 τελείως
1373 3294 1546 3365 ἀνέλῃ
1577 3290 1676 3363 τὴν
1702 3288 1933 3378 πλάνην,

351 3374 457 3452 καί
476 3374 705 3465 ἔσχατος
724 3389 917 3463 ἐχθρὸς
946 3385 1275 3459 καταργηθῇ
1296 3384 1327 3438 6
1358 3383 1593 3447 θάνατος
1622 3396 1637 3412 ο
1670 3380 1808 3453 πρὸς
1841 3374 1935 3432 οὖν

350 3493 417 3562 τῇ
447 3489 681 3560 ἱστορίᾳ,
721 3484 832 3539 νόει
866 3481 964 3536 καὶ¹
994 3479 1067 3535 τὰ
1087 3480 1189 3551 τῆς
1225 3476 1486 3549 θεωρίας.

941 3616 1198 3673 ΚΕΦΔΛ.
1226 3616 1374 3672 Mﬂ'.

429 3755 448 3792 ι
486 3736 623 3792 Οὐαὶ
650 3733 745 3789 ἐπὶ
773 3731 991 3788 Ναϐαῦ.
1032 3751 1051 3785 ι
1083 3729 1300 3798 Ναϐαῦ,
1336 3726 1494 3793 πόλις
1521 3722 1855 3792 Μωαϐιτῶν,
1879 3722 1940 3776 ἐν

356 3825 392 3905 ᾖ
419 3831 481 3885 τὸ
505 3828 930 3899 Δευτερονόμιον
968 3823 1213 3897 ἐγράφη.

432 3943 453 3978 ε
490 3919 723 3977 Ἀλαώθ.
762 3938 783 3973 ι
819 3915 1054 3983 ’Δλαὼθ,
1087 3913 1242 3976 πόλις
1276 3907 1605 3978 Μωαϐιτῶν,
1639 3908 1716 3972 ῶς
1745 3906 1803 3961 al
1834 3905 1945 3959 λοι-

359 4016 482 4161 ΜΞ.
518 4108 628 4162 Καὶ
680 4104 1028 4172 ἐξελεύσεται
1083 4098 1316 4172 Χαμώς,
1372 4114 1391 4148 ι
1447 4093 1678 4166 Χαμὼς,
1726 4089 1946 4144 εἴδωλον

359 4199 696 4259 Μωαϐιτῶν.

439 4310 458 4343 ι
499 4292 608 4346 Καὶ
644 4287 930 4343 ἀπολεῖται
971 4282 1001 4336 6
1048 4278 1254 4337 αὐλών.
1303 4296 1323 4331 ι
1369 4276 1429 4329 '0
1460 4271 1640 4330 αὐλὼν
1664 4274 1731 4326 τὰ
1760 4286 1947 4340 παρα.

366 4385 597 4456 κείμενα
622 4381 699 4453 τῷ
734 4376 990 4451 ποταμῷ.

2038 3205 2325 3276 propheta:
2349 3204 2428 3273 ﬁt,
2456 3205 2574 3262 fore
2596 3214 2657 3261 ut
2680 3208 2894 3280 gladius
2933 3210 3151 3265 Domini
3188 3227 3299 3267 non
3352 3213 3620 3282 quiescat,

2037 3294 2216 3351 donec
2241 3294 2487 3365 perfecte
2516 3296 2670 3351 tollat
2708 3311 2994 3365 errorem;
3056 3308 3480 3371 postremusque
3519 3302 3625 3357 ini-

2036 3393 2214 3449 micus
2254 3392 2503 3449 deleatur
2535 3408 2715 3463 mors;
2754 3408 2884 3467 ergo
2928 3405 3128 3467 praeter
3166 3396 3476 3465 historiam,
3518 3398 3625 3453 hoc

2037 3484 2201 3541 etiam
2232 3484 2518 3543 meditare.

2624 3610 2777 3677 CAP.
2818 3619 3054 3677 XLVIII.

2114 3732 2263 3789 v.1.
2301 3751 2320 3785 ι
2358 3732 2450 3790 Vae
2486 3748 2657 3805 super
2707 3732 2918 3791 Nabau.
2961 3754 2981 3789 ι
3015 3735 3203 3793 Nabau
3261 3736 3621 3794 lloabitarum

2042 3834 2129 3882 est
2166 3825 2381 3893 civitas,
2414 3826 2471 3880 in
2504 3842 2611 3897 qua
2631 3827 3117 3884 Deuteronomium
3157 3829 3421 3901 scriptum
3445 3838 3550 3887 est.

2120 3934 2141 3968 ι
2196 3915 2419 3972 Alaotb.
2469 3936 2489 3970 ι
2562 3916 2703 3973 Urbs
2768 3918 3137 3976 Moabitarum
3188 3921 3354 3976 sicuti
3411 3932 3469 3980 et
3515 3938 3626 3985 ce-

2045 4015 2197 4064 terte.

2116 4099 2182 4155 V.
2217 4098 2269 4155 7.
2308 4116 2328 4151 ι
2378 4098 2449 4156 Ει
2477 4099 2790 4172 egredietur
2838 4101 3098 4160 Chamos.
3149 4122 3169 4158 ι
3203 4104 3445 4164 Chamos
3506 4107 3626 4164 ido-

2048 4193 2159 4248 lum
2182 4190 2562 4249 Moabitarum.

2119 4284 2185 4340 V.
2214 4284 2266 4341 8.
2293 4302 2312 4337 ι
2345 4283 2410 4339 Et
2442 4284 2644 4355 peribit
2667 4284 2843 4342 vallis.
2886 4304 2904 4339 ι
2944 4283 3076 4352 Quae
3108 4284 3321 4344 ﬂumini
3355 4288 3625 4360 adjacent.

443 4454 612 4529 (Δότε
641 4475 844 4547 σημεῖα
867 4473 935 4543 τῇ
966 4466 1197 4524 Μωάϐ.»
1229 4462 1378 4518 ’Δντὶ
1400 4458 1518 4528 τοῦ,
1549 4454 1939 4529 Προσημάνατε

2124 4463 2190 4517 ν.
2214 4463 2268 4519 9.
2310 4480 2328 4513 ι
2367 4460 2500 4517 Date
2525 4461 2676 4533 signa
2720 4460 2898 4517 Moab.
2940 4478 2959 4512 ›
3022 4459 3149 4527 Pro,
3212 4460 3633 4533 praesigniﬁcate

369 4571 779 4731 “imissa:th
805 4652 1085 4725 μάχαιραν
1112 4645 1280 4703 αὑτοῦ
1297 4646 1391 4717 ἀφ’
1416 4645 1701 4715 αἵματος.»
1731 4637 1952 4694 Μωαϐῖ-

377 4774 459 4815 ται
488 4755 586 4809 καὶ
614 4753 672 4806 ’Δ
683 4750 947 4822 μμανῖται
972 4743 1293 4798 κωλύωνται
1312 4741 1378 4794 ἐκ
1405 4736 1501 4792 τοῦ
1524 4737 1690 4806 νόμου
1724 4732 1955 4786 εἰσιέναι

378 4851 454 4913 sic
482 4844 632 4902 οίκον
661 4840 821 4897 Θεοῦ.
856 4838 1000 4909 Πρὸς
1033 4838 1133 4909 μὲν
1155 4830 1251 4890 οὖν
1289 4829 1681 4905 τὴνίστορίαν,
1718 4824 1957 4895 καταρᾶ-

380 4958 467 4997 ται
503 4940 631 5002 τοὺς
671 4937 747 5007 μὴ
786 4934 1150 5004 ἀναιρουντας
1185 4924 1389 4989 αύτούς
1414 4940 1428 4955 ⁸
1460 4923 1526 4976 ὲκ
1554 4920 1615 4974 δὲ
1640 4919 1742 4989 τῆς
1782 4918 1988 4987 ἀφορο-

384 5034 486 5107 μῆς
523 5030 728 5099 ταύτης
750 5025 969 5096 γενικὸν
1005 5021 1222 5089 ἐξέθετο
1250 5018 1409 5086 λόγον
1435 5014 1764 5107 καίᾲφησινμο
1807 5010 1960 5063 Ἐπι-

385 5100 710 5190 ιιατάρατός
738 5120 909 5172 ἐστιν
949 5118 981 5170 ὁ
1018 5112 1463 5182 ἀφαιρούμενος
1495 5105 1611 5173 τὴν
1655 5100 1961 5173 μάχαιραν

382 5214 570 5271 αὑτοῦ
595 5214 704 5267 ἀπὸ
731 5211 826 5265 τοῦ
857 5210 1101 5280 ἀναιρεῖν
1142 5205 1211 5259 τὰ
1245 5202 1427 5273 φαῦλα
1450 5216 1466 5233 ’
1511 5200 1545 5269 ἡ
1574 5197 1681 5268 γὰρ
1712 5194 1963 5266 μάχαιρα

382 5306 478 5362 τοῦ
511 5306 819 5376 πνεύματος
845 5302 1053 5373 ὀφείλει
1079 5298 1330 5369 φονεύειν
1352 5293 1422 5349 τὰ
1456 5291 1603 5346 κακὰ
1631 5288 1887 5344 πάντοτε.

2050 4554 2147 4609 illi.

2123 4642 2188 4698 ν.
2224 4643 2312 4699 l0.
2342 4661 2361 4696 ι
2392 4642 2497 4710 Qui
2513 4640 2790 4697 subtrahit
2817 4639 3054 4713 gladium
3076 4654 3236 4695 suum
3262 4655 3293 4695 a
3310 4641 3626 4714 sanguinea

2053 4737 2307 4793 Moabita
2340 4745 2396 4792 et
2425 4736 2759 4792 Ammanitae
2810 4736 2929 4804 lege
2989 4734 3357 4806 prohibentur
3415 4734 3484 4790 ab
3546 4735 3634 4790 in-

2055 4843 2248 4899 gressu
2277 4828 2474 4882 domus
2496 4827 2625 4894 Dei;
2647 4825 2793 4896 quod
2810 4826 2996 4896 itaque
3020 4826 3088 4881 ad
3117 4825 3400 4883 historiam
3418 4827 3635 4893 attinet,

2056 4917 2334 4974 maledicit
2371 4933 2483 4972 non
2512 4916 2973 4972 interﬁcientihus
3001 4917 3155 4982 illos;
3186 4917 3353 4989 hujus
3384 4932 3515 4972 vero
3551 4931 3641 4973 oc-

2058 5012 2285 5068 casione
2339 5008 2650 5082 generalem
2698 5007 2925 5079 protulit
2973 5023 3308 5074 sermonem,
3357 5015 3413 5062 et
3468 5007 3635 5062 dicit:

2058 5102 2367 5158 Maledicta:
2397 5102 2487 5171 qui
2515 5100 2755 5171 gladium
2778 5117 2932 5155 suum
2947 5101 3203 5169 prohibet,
3239 5100 3310 5155 ab
3341 5098 3639 5155 euecandis

2059 5194 2252 5260 malis;
2304 5193 2517 5265 gladius
2541 5192 2743 5265 quippe
2772 5193 2999 5265 spiritus
3018 5191 3295 5248 trucidare
3325 5190 3641 5261 semperdeo

2060 5284 2157 5340 bet
2186 5281 2348 5336 mala.

460 5420 482 5456 ι
519 5368 960 5459 Καὶ-πεποιθῶς.
1004 5412 1023 5446 ι
1067 5368 1127 5446 Ὅ
1168 5392 1242 5463 μὴ
1273 5389 1414 5459 ἔχων
1454 5385 1749 5457 πρόσωπον
1776 5381 1857 5442 είς
1884 5371 1939 5430 οῖ

2137 5373 2206 5429 ν.
2249 5374 2338 5428 ll.
2372 5391 2390 5424 ι
2430 5371 2495 5428 Et
2525 5372 2700 5428 ﬁdens
2727 5381 2863 5429 erat.
2896 5389 2916 5425 ι
2950 5370 3055 5439 Qui
3085 5369 3344 5443 indignus
3375 5376 3459 5425 est
3496 5378 3556 5424 ut
3584 5368 3642 5424 in

386 5514 482 5554 κον
530 5491 667 5549 Θεοῦ
741 5490 968 5544 εἰσιέναι
1032 5484 1330 5553 Μωαϐίτης
1363 5520 1378 5547 ,
1442 5477 1668 5532 πέποιθε
1718 5476 1789 5545 τῇ
1834 5469 1939 5542 δόξτ

2065 5470 2294 5526 domum
2315 5465 2409 5520 Dei
2435 5465 2792 5536 ingrediatur,
2814 5474 2877 5519 ut
2897 5464 3151 5529 Moabita,
3179 5465 3351 5519 ﬁdens
3377 5471 3459 5518 est
3480 5476 3647 5533 super

528 5585 725 5647 αίῶνος
777 5581 991 5637 τούτου.
1029 5607 1098 5619 --
1143 5549 1300 5629 Μετᾶ
1330 5573 1431 5642 τὴν
1466 5567 1710 5640 ἱστορίαν
1743 5565 1938 5636 νόησον

2069 5558 2238 5632 gloria
2260 5556 2443 5612 saeculi
2471 5556 2653 5625 hujus.
2680 5555 2808 5610 Post
2843 5554 3167 5609 historicum
3212 5568 3431 5608 sensum
3486 5549 3644 5607 intel-

391 5683 479 5741 ὃτι
502 5645 785 5755 ἠμέλησεν
804 5675 904 5739 τὰς
929 5667 1266 5742 νεωτερικὰς
1295 5662 1473 5737 ὁρμὰς
1505 5657 1796 5729 ἀνακόψαι.

2070 5653 2176 5725 ligc
2234 5664 2362 5705 eum
2413 5663 2524 5703 non
2564 5661 2787 5703 curasse
2826 5653 2888 5701 ut
2920 5645 3192 5716 juveniles
3217 5645 3455 5719 impetus
3492 5656 3640 5701 com-

2071 5750 2339 5816 pesceret.
