4028 6226
430 262 524 328 711

1543 255 2066 319 GLYMPIODORI
2120 256 2649 341 ALEXANDRlNl

3600 256 3713 320 712

521 388 546 426 ε
591 372 859 441 Quoniam
909 371 1045 428 dura
1098 368 1252 425 fecit.
1315 387 1334 421 ι
1406 368 1617 424 Bellum
1668 369 1771 440 ipsi
1827 368 2016 423 allatu-

2201 387 2221 418 ‹
2264 369 2387 422 Ὀτι
2437 368 2673 422 δύσκολα
2716 366 2991 439 ἐποίησεν.
3044 382 3064 418 t
3116 364 3222 419 Τὸν
3261 365 3528 438 μέλλοντα
3566 367 3708 439 αὐτῇ

443 482 589 612 ωἐί
608 557 694 611 1ο.
731 572 752 608 ι
789 554 928 621 Quia
947 569 1048 627 ego
1076 553 1284 610 detraxi
1319 554 1515 609 Esau.»
1542 551 1780 618 Hostes;
1801 550 2026 623 mystice

439 646 703 718 apostoli,
732 654 789 700 et
839 645 953 699 suis
1000 644 1203 714 quique
1249 642 1591 713 temporibus
1653 638 2023 696 Ecclesiarum

439 733 697 806 praesides
717 742 910 789 contra
927 732 1195 789 idolorum
1229 731 1456 787 cultum.

514 945 533 978 ι
572 924 831 980 Revelavi
854 923 1175 979 abscondita
1203 934 1415 977 eorum.
1448 938 1469 973 ι
1499 921 1781 979 Satanam.
1812 915 1894 970 Ea
1917 930 2022 987 per

435 1032 561 1093 quae
588 1018 840 1073 homines
864 1032 898 1071 ε
924 1015 1265 1071 daemonibus
1305 1010 1739 1083 accipiebantur.

507 1111 573 1165 ν.
605 1109 692 1164 11.
724 1128 743 1161 ι
781 1107 848 1163 Ει
875 1109 1076 1164 viduae.
1116 1124 1135 1158 ι
1183 1104 1319 1171 Quae
1344 1119 1376 1158 a
1415 1102 1712 1176 gentilibus
1770 1097 2020 1155 descive-

436 1206 567 1254 runt
592 1199 816 1253 animae.

511 1289 576 1344 V.
619 1291 704 1344 14.
746 1308 765 1341 ι
801 1289 866 1343 Et
885 1287 1109 1360 angelos
1134 1285 1203 1341 ad
1248 1292 1440 1356 gentes
1468 1280 1637 1339 misit.
1671 1299 1691 1333 ι
1720 1279 1923 1341 Bellum
1962 1276 2020 1333 in

436 1382 727 1438 ldumaeam
760 1380 1059 1435 excitantes
1081 1395 1099 1446 ;
1121 1377 1345 1449 mystice
1369 1390 1500 1433 vero
1543 1382 1762 1430 sanctos
1797 1380 2020 1443 aposto-

436 1473 574 1620 105V}.
600 1564 686 1620 16.
727 1584 746 1617 ‹
783 1561 1132 1619 Immodestia
1165 1569 1278 1616 tua.
1320 1576 1339 1611 ι
1398 1556 1709 1614 Petulantia
1738 1564 1854 1622 tua,
1882 1524 2017 1626 pro-

436 1659 661 1717 tervitas
692 1667 804 1713 tua.

2128 459 2413 528 πολεμεῖν.

2202 568 2223 602 ι
2260 550 2385 603 Ὀτι
2429 549 2541 617 ἐγὼ
2574 548 2856 621 κατέσυρα
2894 548 2987 603 τὸν
3021 534 3216 602 Ἦσιῖῦ.
3254 567 3272 600 t
3312 548 3377 601 Οί
3425 547 3710 616 πολέμιοι.

2128 641 2269 713 Πρὸς
2290 641 2346 695 δὲ
2372 640 2638 705 διάνοιαν,
2670 642 2720 694 οἱ
2750 641 3064 707 ἀπόστολοι,
3094 641 3192 694 καὶ
3212 641 3261 695 oi
3297 639 3442 693 κατά
3477 640 3714 719 καιροὺς

2125 733 2235 787 τῶν
2279 731 2619 801 Ἐκκλησιῶν
2682 732 3031 803 προεστῶτες
3084 732 3234 785 κατά
3268 731 3367 802 τῆς
3422 730 3714 786 εἰδωλολα-

2123 826 2300 897 τρίας.

2202 935 2221 968 ι
2267 915 2608 986 ’Δνεκάλυψα
2634 915 2706 969 τὰ
2750 914 2973 987 κρυπτὰ
2994 915 3195 970 αὐτῶν.
3238 933 3258 967 ι
3296 914 3403 969 Τὸν
3435 912 3707 969 Σατανᾶν.

2130 1008 2214 1063 Τὰ
2263 1009 2331 1063 δι’
2352 1004 2428 1065 ὧν
2458 1009 2586 1073 τοὺς
2602 1007 2927 1079 ἀνθρώπους
2952 1008 3178 1079 ⁴ἠπάτων
3204 1008 3255 1062 οί
3279 1007 3556 1078 δαίμονες.

2192 1118 2218 1153 4
2251 1102 2365 1156 Kal
2392 1102 2449 1156 ai
2475 1101 2669 1173 χῆραι.
2704 1120 2724 1154 t
2764 1101 2833 1154 Al
2864 1100 3176 1156 ἀποστᾶσαι
3205 1100 3317 1157 τῶν
3334 1098 3564 1155 ὲθνωιῶν
3601 1099 3711 1171 ψυ-

2114 1192 2233 1263 χαί.
3638 1220 3643 1223 >

2198 1300 2217 1334 ι
2257 1282 2368 1336 Kal
2397 1282 2667 1353 ἀγγέλους
2692 1284 2774 1348 είς
2798 1282 2929 1354 ἔθνη
2957 1283 3270 1338 ἀπέστειλε.
3302 1303 3320 1336 ι
3350 1283 3490 1348 Τοὺς
3510 1283 3711 1353 διεγεί-

2122 1391 2319 1447 ροντας
2368 1376 2514 1431 κατά
2545 1375 2644 1447 τῆς
2678 1375 2989 1448 Ἰδουμαίας
3035 1376 3128 1431 τὸν
3152 1376 3411 1448 πόλεμον.
3455 1375 3615 1431 Κατά
3645 1375 3706 1430 δὲ

2118 1465 2217 1537 τὴν
2250 1465 2520 1537 Θεωρίαν,
2550 1466 2678 1530 τοὺς
2698 1467 2889 1536 ἁγίους
2920 1466 3275 1530 ἀποστόλους.
3365 1527 3378 1539 ν

2195 1576 2215 1611 ι
2274 1557 2338 1612 Ἦ
2368 1557 2747 1628 παιγνίασου.
2794 1578 2815 1611 r
2859 1558 2933 1612 Τὺ
3000 1557 3230 1630 στρῇνός
3272 1573 3415 1621 σου,
3448 1555 3705 1629 ἠάναξία

2123 1666 2241 1704 σου.

512 1769 533 1803 ι
569 1748 946 1821 Apprehendit
982 1744 1380 1801 fortitudinem.
1429 1762 1449 1796 ι
1506 1741 1687 1797 Colles
1739 1740 1904 1798 etiam
1956 1738 2014 1793 in

2194 1759 2214 1792 ¢
2262 1740 2569 1797 Συνελαόεν
2601 1742 2789 1815 ίσχύν,
2841 1762 2861 1798 ι
2910 1744 3023 1800 Kal.
3048 1746 3097 1799 oi
3131 1744 3309 1817 βουνοὶ
3341 1745 3401 1797 ὲν
3433 1743 3705 1812 ἀνάγκαις

433 1841 853 1898 necessitatibus
882 1837 1135 1910 praesidia
1167 1844 1329 1900 sunt;
1382 1834 1440 1889 in
1464 1833 1574 1890 illis
1611 1833 1760 1888 enim
1809 1838 2017 1887 stantes

433 1930 642 2002 lapides
661 1930 718 1985 in
750 1928 1093 1985 adversarios
1120 1927 1366 1981 mittunt.

506 2022 683 2079 v.18.
723 2041 741 2074 ι
776 2021 843 2076 Et
871 2036 981 2075 non
1019 2018 1341 2075 habitabit.»
1376 2016 1503 2073 Haec
1527 2014 1711 2071 omnia
1732 2014 1812 2069 sic
1842 2012 2017 2068 histo-

432 2117 532 2171 riae
566 2114 928 2178 conveniunt,
963 2120 1145 2166 tamen
1175 2119 1230 2166 et
1284 2117 1412 2181 post
1461 2107 1666 2163 Christi
1722 2105 2015 2161 adventum

432 2215 621 2263 contra
642 2207 951 2262 daemonum
1009 2217 1224 2259 errores
1264 2202 1383 2257 haec
1431 2199 1544 2255 ﬁeri
1597 2206 1917 2269 coeperunt,
1959 2196 2015 2251 in

431 2297 1016 2366 consummationeque
1045 2294 1232 2350 mundi
1265 2292 1431 2347 tinem
1463 2292 1767 2348 habebunt.

505 2388 572 2444 V.
604 2390 693 2445 19.
738 2407 757 2440 ι
802 2388 944 2444 Ecce
990 2387 1151 2458 quasi
1210 2386 1298 2442 leo
1344 2384 1626 2441 ascendet.
1676 2400 1696 2436 ι
1740 2380 2019 2451 Dominus,

430 2482 733 2537 ascendens
756 2495 787 2535 e
808 2481 1042 2536 lavacro.

509 2586 530 2622 ι
561 2569 629 2624 Ει
657 2570 909 2639 juvenes,
942 2582 1109 2637 super
1138 2582 1259 2623 eam
1293 2574 1454 2622 state.
1486 2584 1506 2619 ι
1559 2565 1637 2621 De
1675 2564 1877 2636 quibus
1928 2562 2014 2619 di-

430 2665 582 2711 ctum
605 2664 722 2711 est:
752 2655 954 2725 Scripsi
988 2657 1148 2721 vobis,
1183 2673 1213 2709 ο
1229 2655 1466 2725 juvenes,
1491 2657 1631 2734 quod
1656 2655 1852 2710 uicisti:
1894 2671 2013 2709 ma-

432 2750 636 2822 lignum
664 2749 731 2813 “,
758 2748 998 2803 infantes
1028 2762 1244 2802 eorum.

509 2857 529 2889 ε
571 2835 629 2893 Si
672 2850 781 2891 non
828 2835 974 2891 invia
1013 2836 1125 2891 tiet.
1169 2852 1189 2887 ι
1241 2832 1323 2890 Ne
1370 2834 1629 2905 deinceps
1674 2834 2014 2891 daemonibus

430 2928 578 2984 ullus
612 2928 956 2997 relinquatur
986 2926 1344 2983 habitationis
1390 2926 1563 2992 locus,
1606 2926 1924 2999 hominibus
1955 2926 2014 2980 in

431 3019 741 3074 libertatem
766 3017 1055 3085 restitutis,
1087 3026 1143 3072 et
1174 3016 1316 3072 fanis
1344 3016 1612 3073 idolorum
1638 3017 1868 3073 eversis.

503 3107 572 3163 ν.
598 3109 690 3163 22.
733 3126 753 3161 ι
787 3108 930 3164 Ecce
958 3108 1112 3179 quasi
1181 3107 1384 3180 aquila.
1424 3125 1443 3161 ι
1477 3106 1609 3175 Qua
1667 3108 2011 3172 destructum

432 3210 518 3255 est
550 3199 716 3255 illam.
871 3262 875 3267 ,

503 3291 683 3348 v.25.
719 3310 741 3344 ‹
781 3290 1067 3348 Damasco.
1114 3310 1135 3345 ι
1164 3291 1415 3348 Damasci
1446 3291 1696 3363 pmdicit
1722 3307 2011 3365 expugna-

433 3384 661 3441 tionem.
1658 3418 1661 3425 η

502 3475 569 3531 ν.
596 3476 689 3532 25.
733 3496 752 3529 ‹
780 3476 1017 3533 Confusa
1063 3484 1169 3531 est.
1209 3493 1228 3527 ι
1272 3474 1471 3529 Emath
1501 3484 1557 3530 et
1587 3473 1857 3545 Arpbath,
1891 3490 2011 3545 quae

431 3583 581 3623 nunc
603 3568 921 3641 Antiochia,
946 3576 1080 3623 tunc
1122 3566 1461 3633 vocabatur;
1504 3574 1663 3621 erant
1690 3573 1877 3622 autem
1927 3566 2012 3622 lo-

429 3674 495 3715 ca
524 3659 615 3714 illa
661 3668 792 3715 tunc
815 3659 1078 3731 temporis
1108 3659 1211 3714 sub
1239 3657 1448 3714 ditione
1482 3656 1751 3724 Damasci,
1773 3672 1896 3728 qua:
1920 3672 2013 3713 re-

427 3751 517 3823 gia
540 3753 736 3807 civitas
759 3753 1023 3823 Syrorum
1046 3759 1184 3806 erat.

501 3843 683 3899 v.25.
722 3861 745 3895 ι
793 3842 1076 3909 Quomodo
1124 3857 1235 3899 non
1269 3841 1612 3913 reliquerunt
1633 3840 1952 3898 civitatem?
1985 3860 2005 3895 ι

423 3935 565 3990 Cum
597 3934 787 3990 hostes
808 3936 1109 3991 adventare
1137 3935 1414 3999 audirent,
1468 3934 1637 3989 urbes
1685 3933 2013 3989 deserentes

425 4025 497 4082 ad
529 4027 679 4081 vicos
719 4026 1130 4097 confugiebant.
1173 4024 1460 4092 Quomodo
1516 4026 1721 4095 itaque,
1748 4025 1845 4092 ait,
1896 4025 2014 4081 haec

425 4117 715 4172 audientes
740 4116 1014 4172 civitatem
1047 4131 1156 4171 non
1212 4124 1377 4171 erant
1418 4115 1712 4179 deserturi,
1742 4125 1802 4169 ut
1848 4129 1908 4170 se
1954 4114 2011 4170 in

427 4220 598 4278 pagos
625 4204 977 4260 conterrent?
1006 4204 1285 4261 Civitatem
1342 4220 1473 4261 vero
1496 4221 1668 4260 meam
1691 4204 1841 4270 dicit,
1871 4220 2032 4275 quo--

428 4297 578 4350 niam
610 4310 803 4350 omnes
824 4295 1075 4351 civitates
1109 4296 1203 4351 Dei
1225 4305 1374 4352 sunt.

2117 1832 2456 1905 ὀχυρώματά
2486 1837 2626 1891 είσιν
2642 1852 2662 1867 ν’
2685 1836 2774 1890 ἐπ’
2801 1836 2986 1893 αὐτῶν
3025 1837 3138 1910 γὰρ
3165 1837 3448 1909 ίστάμενοι
3470 1873 3486 1901 ,
3515 1833 3703 1898 λίθους

2117 1927 2264 1981 κατά
2286 1928 2395 1981 τῶν
2423 1927 2697 2000 πολεμίων
2723 1929 3054 2001 πέμπουσιν.

2194 2034 2213 2068 ι
2257 2016 2367 2070 Kal.
2405 2019 2468 2071 οὐ
2514 2018 2593 2091 μὴ
2621 2021 2958 2091 κατοικήσει.
3002 2039 3023 2073 ι
3067 2019 3255 2077 Ταῦτα
3297 2020 3480 2076 πάντα
3525 2017 3701 2083 οὕτως

2116 2110 2183 2179 τῇ
2223 2110 2436 2181 ἱστορίᾳ
2473 2112 2727 2180 ἁρμόζει.
2777 2113 3017 2184 Ἤρξατο
3040 2113 3099 2169 δι
3136 2112 3278 2169 κατά
3317 2106 3699 2185 τῆςδαιμονι-

2117 2201 2222 2271 κῆς
2267 2200 2479 2272 πλάνης
2526 2204 2771 2272 γίνεσθαι
2817 2204 2926 2258 ἀπὸ
2953 2205 3053 2275 τῆς
3094 2205 3399 2276 παρουσίας
3438 2202 3700 2274 Χριστοῦ,

2118 2292 2216 2345 καὶ
2240 2291 2416 2364 πέρας
2449 2293 2667 2359 ἕξουσιν
2695 2296 2753 2349 ὲν
2780 2299 2848 2368 τῇ
2880 2295 3185 2368 συντελείᾳ.

2193 2402 2213 2436 ι
2254 2384 2385 2440 Ἰδοὺ
2408 2385 2598 2459 ὥσπερ
2626 2388 2763 2443 λέων
2784 2388 3136 2458 ἀναϐήσεται.
3167 2406 3186 2440 t
3221 2387 3283 2442 Ὅ
3306 2386 3514 2459 Κύριος
3542 2386 3702 2441 ἀνελ-

2117 2475 2226 2530 θὼν
2249 2477 2315 2531 ἐκ
2341 2478 2437 2532 τοῦ
2472 2479 2870 2552 βαπτίσματος.

2193 2595 2211 2629 ‹
2246 2579 2359 2632 Kal.
2414 2578 2542 2641 τοὺς
2574 2579 2891 2642 νεανίσκους
2918 2577 3007 2632 ἐπ’
3055 2576 3228 2649 αὐτὴν
3268 2577 3622 2648 ὲπιστήσατε.
3673 2595 3693 2629 t

2117 2668 2259 2738 Kspl
2317 2663 2393 2723 ὧν
2430 2669 2646 2740 εἴρηται
2675 2684 2689 2697 ·
2722 2668 2994 2739 Ἔγραψα
3045 2667 3211 2738 ὑμῖν,
3240 2668 3574 2731 νεανίσκοι,
3606 2664 3701 2721 ὅτι

2114 2759 2473 2828 νενικήκατε
2500 2760 2610 2813 τὸν
2635 2760 2906 2828 πονηρόν
2927 2775 2941 2788 ο
2971 2758 3041 2814 τὰ
3073 2759 3244 2830 νήπια
3268 2758 3469 2813 αὐτῶν.

2187 2869 2211 2902 ε
2261 2850 2387 2904 Ἐὰν
2417 2849 2492 2921 μὴ
2517 2848 2796 2920 άὸατωθῇ.
2833 2867 2853 2901 ι
2891 2849 3006 2902 Ἵνα
3035 2847 3236 2919 μηκέτι
3275 2847 3442 2918 ἔχωσι
3469 2846 3573 2902 ποῦ
3593 2864 3701 2903 κα-

2113 2940 2344 2996 ταλῦσαι
2381 2943 2432 2994 οἱ
2483 2941 2776 3012 δαίμονες,
2808 2942 2918 2995 τῶν
2955 2939 3264 3011 ἀνθρώπων
3303 2939 3699 3015 ἐλευθερουμέ-

2115 3049 2242 3099 νων,
2270 3032 2367 3086 καὶ
2395 3032 2505 3086 τῶν
2531 3032 2789 3087 είδωλίων
2824 3030 3376 3102 καταστρεφομένων.

2186 3142 2209 3175 ι
2263 3123 2398 3179 Ἰδοὺ
2443 3123 2634 3197 ὥσπερ
2662 3124 2842 3189 ἀετός.
2893 3142 2912 3174 ι
2955 3124 3014 3178 '0
3058 3123 3273 3195 μέλλων
3308 3123 3477 3197 αὐτὴν
3524 3140 3699 3180 κατα-

2110 3216 2283 3275 λύειν.

2186 3329 2206 3362 ι
2241 3311 2321 3383 Τῇ
2365 3310 2665 3383 Δαμασκῷ.
2701 3331 2721 3366 ι
2785 3312 2897 3384 Τῆς
2947 3310 3245 3383 Δαμασκοῦ
3284 3308 3544 3384 προλέγει
3597 3307 3697 3380 τὴν

2113 3400 2340 3457 ἅλωσιν.

2187 3510 2209 3545 ι
2246 3492 2639 3567 Κατῃσχύνθη.
2674 3491 2852 3564 Ἦμάθ
2897 3492 3253 3564 καὶἈρφάθ,
3285 3495 3320 3565 ἡ
3363 3492 3463 3550 νῦν
3494 3494 3697 3550 τΔντιό-

2110 3599 2257 3653 χειά,
2310 3583 2437 3635 τότε
2488 3582 2760 3636 ἐκαλεῖτο.
2809 3581 3267 3655 ἘσασιλεύονΙτοδ
3317 3583 3374 3637 δὲ
3420 3585 3696 3640 ἐκεῖνατά

2112 3675 2289 3745 χωρία
2307 3675 2431 3728 τότε
2463 3673 2570 3728 ὑπὸ
2612 3676 2712 3746 τῆς
2742 3672 3039 3746 Δαμασκοῦ
3079 3690 3093 3704 ·
3127 3673 3270 3747 αῦτη
3308 3675 3419 3747 γὰρ
3447 3672 3518 3748 ἦν
3571 3676 3695 3730 τότε

2112 3766 2147 3837 ἡ
2172 3765 2283 3819 τῶν
2300 3765 2372 3819 Σύ
2383 3782 2490 3837 ρων
2518 3765 2779 3836 βασιλικὴ
2804 3764 2982 3837 χώρα.

2187 3876 2207 3909 ί
2235 3857 2361 3921 Πῶς
2380 3857 2503 3928 οὐχὶ
2522 3858 2846 3927 ἐγκατέλιπε
2877 3858 3033 3913 πόλιν
3051 3876 3067 3926 ;
3099 3877 3117 3914 ι
3153 3860 3246 3914 Ἐν
3262 3861 3383 3925 ταῖς
3402 3861 3512 3914 τῶν
3532 3860 3695 3915 πολεο

2115 3946 2255 4017 μίων
2310 3948 2503 4010 ἀκοαῖς
2530 3948 3043 4019 καταλιμπάνοντες
3086 3949 3188 4014 τάς
3216 3951 3425 4015 πόλεις,
3470 3952 3551 4015 είς
3592 3954 3692 4015 τάς

2111 4036 2308 4107 κώμας
2364 4038 2620 4107 ἔφευγον.
2671 4038 2798 4103 Πῶς
2847 4035 2972 4109 οὖν,
3020 4042 3222 4112 φησὶν,
3271 4043 3367 4097 ἐπὶ
3411 4044 3693 4107 τοιαύταις

2110 4130 2304 4193 ἀκοαῖς
2349 4130 2449 4183 οὐκ
2471 4129 2719 4201 ἔμελλον
2761 4132 3204 4203 καταλιμπάνειν
3244 4132 3346 4206 τὴν
3374 4134 3556 4202 πόλιν,
3594 4135 3691 4190 καὶ

2110 4224 2333 4279 ἀπιέναι
2382 4227 2462 4289 εἰς
2505 4225 2605 4290 τὰς
2655 4226 2848 4299 κώμας
2863 4244 2887 4295 .;
2945 4231 3136 4285 Πόλιν
3193 4229 3252 4285 δὲ
3296 4230 3477 4301 ἐμὴν,
3500 4233 3686 4304 φησὶν,

2110 4314 2299 4386 ἐπειδὴ
2327 4317 2382 4370 αἱ
2419 4318 2592 4371 πᾶσαι
2621 4318 2807 4383 πόλεις
2831 4318 2926 4374 τοῦ
2946 4320 3085 4374 Θεοῦ
3114 4322 3276 4378 είσιν.

500 4385 566 4441 V.
596 4386 689 4441 27.
726 4404 745 4437 ι
782 4384 956 4441 Bivia.
1001 4405 1020 4438 ›
1054 4384 1235 4457 Reges
1288 4385 1547 4458 Syrorum
1577 4384 1725 4443 Ader
1752 4385 2005 4442 nomina-

2183 4423 2203 4458 ι
2244 4384 2514 4476 ’Ᾰμφοδι
2551 4428 2570 4462 t
2590 4408 2681 4473 Ὠς
2704 4408 2942 4479 βασιλεῖς
2966 4411 3177 4483 Σύρων,
3186 4413 3351 4485 ’Δδερ
3374 4412 3686 4483 ἐκαλοῦντο,

425 4478 651 4544 bantur,
682 4476 823 4532 sicut
842 4484 898 4531 et
925 4476 1304 4549 Egyptiorum
1332 4477 1569 4532 Pharao.

498 4570 566 4626 ν.
606 4568 697 4624 30.
725 4588 745 4621 c
772 4568 995 4641 Fugite,
1034 4569 1333 4641 demergite
1366 4570 1423 4625 in
1475 4570 1799 4626 sessionem.
1840 4589 1859 4621 ι
1892 4570 2006 4627 ‘Pu—

426 4657 585 4714 tastis
605 4658 663 4712 in
681 4666 801 4713 tuto
830 4659 1045 4724 sedere,
1070 4660 1125 4715 id
1155 4669 1241 4715 est
1270 4660 1542 4715 habitare.

500 4766 525 4802 ι
575 4746 637 4802 In
660 4747 808 4803 aula.
847 4768 865 4802 ι
903 4751 967 4803 ln
1013 4750 1262 4819 deserto;
1311 4760 1540 4808 vocatur
1566 4765 1700 4806 vero
1722 4750 1843 4806 aula
1878 4751 2003 4821 quia

426 4841 532 4899 sub
562 4840 675 4896 dio.

502 4931 568 4988 V.
601 4933 689 4988 51.
718 4951 735 4984 ι
765 4931 1064 5005 Consurge,
1104 4943 1161 4989 et
1206 4934 1469 4990 ascende.
1520 4952 1537 4986 ι
1583 4933 1879 4990 Sedentem
1902 4951 2002 4992 vo-

427 5026 702 5099 luptuose,
748 5025 932 5097 quiete
958 5026 1267 5098 degentem,
1298 5036 1356 5082 et
1381 5025 1718 5084 conﬁdenter
1744 5026 2002 5084 habitan-

426 5126 559 5173 tem.

497 5227 518 5262 ι
549 5206 760 5276 Quibus
785 5224 897 5264 non
928 5218 1059 5264 sunt
1087 5219 1309 5279 porta.»
1349 5208 1557 5279 Baiani,
1590 5210 1644 5266 id
1671 5219 1757 5267 est
1793 5211 1999 5281 claves,

423 5320 489 5359 ex
527 5315 597 5356 eo
639 5301 784 5371 quod
811 5302 913 5357 sub
943 5302 1034 5357 dio
1065 5302 1397 5358 habitarent.

501 5413 523 5447 ‹
582 5388 699 5443 Soli
752 5390 1022 5447 habitant.
1056 5410 1075 5444 ι
1108 5392 1216 5447 Pro
1239 5392 1496 5465 dispersi.

494 5493 521 5529 ε
552 5477 834 5537 Attonsos.
868 5500 887 5533 ι
922 5481 981 5537 Id
1015 5491 1099 5539 est
1125 5482 1325 5540 decore
1350 5500 1450 5540 suo
1475 5485 1751 5558 privatos;
1781 5487 1871 5545 alii
1901 5502 1996 5546 co-

423 5564 796 5640 diceslegunt,
825 5571 1175 5641 commistos,
1207 5574 1324 5629 scil.
1363 5574 1640 5632 confusos.

2109 4492 2187 4559 ὡς
2220 4495 2316 4549 καὶ
2350 4497 2400 4550 οἱ
2430 4497 2720 4565 Αἰγύπτιοι
2750 4499 2968 4572 Φαραώ.

2186 4605 2205 4639 ι
2264 4588 2400 4644 Λίαν
2457 4590 2804 4659 ὲμϐαθύνατε
2861 4592 2942 4657 είς
2987 4593 3227 4649 κάθισιν.
3290 4613 3310 4647 ι
3362 4595 3685 4667 Ἐνομίσατς

2109 4679 2369 4749 ἀσφαλῶς
2404 4680 2705 4752 καθῆσθαι,
2732 4684 3011 4740 τουτέστιν
3034 4686 3228 4741 οἰκεῖν.

2185 4788 2206 4822 ‹
2245 4770 2337 4825 Ἐν
2383 4774 2450 4844 τῇ
2498 4774 2654 4846 αὐλῇ.
2697 4793 2717 4828 ι
2761 4775 2851 4831 Ἐν
2889 4780 2958 4850 τῇ
2990 4779 3203 4851 ἐρήμῳ.
3243 4777 3392 4850 Δὺλὴ
3415 4777 3474 4833 δὲ
3504 4777 3685 4834 διὰτὸ

2110 4860 2343 4934 αἴθριον.

2185 4969 2205 5005 ι
2234 4952 2528 5027 ’Δνάστηθι
2557 4957 2654 5012 καὶ
2681 4958 2937 5031 ἀνάϐηθι.
2970 4980 2991 5015 ι
3021 4962 3350 5036 Καθήμενον
3376 4965 3457 5029 είς
3480 4961 3682 5033 ἀναψυ-

2106 5041 2231 5112 χὴν,
2272 5046 2567 5118 ἡσυχάζον,
2592 5048 2912 5106 εὐσταθοῦν.

2185 5238 2203 5271 ι
2229 5215 2325 5284 Οἷς
2353 5222 2455 5276 οὐκ
2470 5222 2580 5276 εἰσὶ
2596 5224 2781 5297 θύραι.
2809 5246 2827 5280 ι
2848 5228 3099 5297 Βάλανοι,
3130 5232 3187 5287 al
3250 5232 3492 5302 κλεῖδες,
3518 5232 3606 5288 διὰ
3624 5232 3685 5289 τὸ

2107 5309 2354 5380 αἰθρίους
2388 5313 2578 5368 οἰκεῖν.

2183 5421 2202 5453 ι
2235 5402 2405 5458 Μόνοι
2429 5406 2778 5467 καταλύουσι.
2820 5426 2842 5464 ι
2883 5412 3034 5467 ’Δντὶ
3061 5413 3176 5481 τοῦ,
3200 5414 3611 5489 διεσπαρμένοι.

2182 5511 2199 5546 ι
2239 5495 2651 5568 Κεκαρμένους.
2688 5520 2708 5553 ι
2737 5503 2883 5558 Ἀντὶ
2911 5504 3030 5569 τοῦ,
3051 5506 3149 5578 τὴν
3170 5508 3508 5580 εὐπρέπειαν
3572 5512 3680 5579 ἀφ-

2104 5585 2419 5656 ῃρημένους
2454 5605 2467 5619 ο
2493 5589 2629 5643 ἄλλα
2676 5592 2735 5645 δὲ
2796 5594 2975 5663 βιϐλία
3018 5596 3220 5669 ἔχουσι,
3279 5602 3678 5671 κεκραμένους,

2105 5677 2225 5729 ἀντὶ
2262 5677 2378 5744 τοῦ,
2414 5686 2875 5754 συγκεχυμένους.
