4028 6226
434 314 533 380 715

1532 308 2056 373 ouumooom
2095 274 2625 371 ALEXANDle

3623 304 3734 368 716

503 429 571 486 V.
597 431 683 486 14.
719 448 739 483 ι
765 427 869 496 Qui
897 427 1128 483 tenditis
1156 443 1366 484 arcum.
1405 445 1422 477 ι
1455 427 1538 481 Ad
1581 426 1862 496 apostolos
1907 436 2017 481 teu-

2211 445 2227 476 ι
2272 425 2484 486 Πάντες
2543 423 2812 484 τείνοντες
2843 420 3018 486 τόξον.
3053 439 3070 470 ι
3120 420 3264 490 Πρὸς
3300 419 3427 482 τοὺς
3480 418 3727 472 ἀποστό-

435 525 514 579 dit
542 524 632 579 hic
659 536 861 584 sermo,
891 521 945 576 in
978 520 1316 591 spiritualem
1352 520 1705 592 Babylonem.

508 615 762 670 ν.15.,‹
811 611 1143 668 Ceciderunt
1185 611 1596 684 propugnacula
1648 610 1788 680 ejus.
1834 628 1852 660 ι
1914 609 2027 664 Fu-

434 705 577 761 uesti
603 706 907 761 daemones.

515 797 622 852 iEt
675 797 941 852 sull'ossus
974 804 1061 851 est
1105 810 1296 850 murus
1349 795 1494 865 ejus.
1528 813 1548 846 ι
1589 792 1708 864 ipse
1758 793 2026 848 malorum

434 892 677 946 omnium
712 890 974 961 princeps
1005 891 1256 944 Satanas.

508 980 573 1036 V.
613 981 731 1037 16.1
755 982 803 1034 A
835 979 976 1035 facie
1005 980 1167 1051 gladii
1188 978 1379 1035 Gneci.
1412 997 1435 1036 ι
1460 977 1600 1050 Cyro
1625 979 1824 1034 milites
1853 979 2026 1035 Graeci

432 1089 655 1143 operam
717 1089 872 1127 suam
921 1073 1295 1143 praestiterant
1353 1071 1531 1142 gladio
1577 1090 1590 1125 :
1640 1072 1818 1143 gladio
1868 1073 2028 1144 igitur

434 1167 625 1220 Graeco
654 1164 884 1231 victore,
912 1163 1111 1234 captivi
1169 1162 1325 1217 liberi
1358 1177 1389 1216 a
1415 1163 1556 1235 Cyro
1579 1164 1787 1219 dimissi
1817 1165 1872 1217 in
1928 1181 2026 1235 pa-

437 1258 593 1310 triam
624 1265 993 1311 revertentur.

506 1347 570 1402 V.
600 1349 687 1403 17.
719 1367 739 1400 ι
777 1348 992 1402 Primus
1022 1346 1262 1402 comedit
1312 1361 1439 1402 eum
1483 1361 1576 1401 rex
1632 1346 1819 1401 Assur.
1862 1366 1878 1398 ι
1918 1345 2026 1400 As-

436 1440 613 1511 syrius
645 1440 1040 1494 Sennacherim
1072 1439 1284 1510 primus
1304 1438 1498 1493 decem
1521 1438 1719 1502 tribus,
1748 1452 1870 1508 quas
1896 1451 2025 1491 caro

436 1542 612 1594 erant,
648 1532 905 1596 comedit,
937 1530 1044 1586 hoc
1071 1540 1178 1596 est,
1216 1531 1463 1600 captivas
1496 1530 1670 1585 duxit.

514 1644 531 1676 ι
570 1624 637 1679 Ει
661 1625 748 1679 hic
774 1622 1104 1679 novissimus
1134 1639 1256 1678 ossa
1279 1625 1418 1694 ejus.
1450 1643 1469 1675 ι
1499 1621 2019 1677 Nabuchodonosor.

436 1716 570 1771 Ossa
598 1730 728 1769 vero
755 1714 948 1770 Judam
983 1714 1238 1786 appellat,
1263 1714 1408 1785 quod
1453 1713 1627 1768 fulcra
1681 1713 1792 1768 sint
1855 1712 2022 1767 totius

435 1810 703 1878 corporis.

507 1900 571 1954 V.
601 1901 694 1955 20.
726 1920 745 1952 ‹
772 1898 1054 1966 Quzerent.
1098 1919 1116 1952 ι
1162 1898 1320 1966 Quod
1341 1899 1598 1955 omnibus
1627 1900 1720 1970 qui
1770 1899 2022 1954 credide-

434 2002 564 2047 runt
591 1992 844 2048 Christus
874 1993 1142 2063 integram
1172 2000 1520 2063 peccatorum
1553 1991 1878 2046 oblivionem
1915 1991 2022 2044 lar-

434 2086 578 2155 gitus
602 2093 706 2140 est.

509 2175 687 2231 v.21.
724 2195 744 2228 ι
777 2176 977 2230 Amare
1028 2174 1266 2230 ascende
1317 2188 1485 2244 super
1537 2189 1680 2228 caui.
1721 2191 1739 2224 ι
1773 2172 2020 2228 Litterali

433 2268 652 2340 quidem
686 2283 848 2325 sensu
873 2267 992 2323 haec
1036 2268 1105 2323 ad
1164 2265 1490 2337 Babylonem
1543 2267 1841 2336 pertinent,
1905 2281 2023 2337 my-

434 2362 570 2417 stice
595 2377 725 2417 vero
745 2362 800 2415 in
830 2360 1213 2416 idololatriam.

505 2451 572 2504 V.
591 2452 681 2506 25.
720 2470 738 2503 ι
767 2450 1055 2517 Quomodo
1083 2448 1400 2505 confractus
1423 2461 1479 2504 et
1513 2449 1807 2506 contritus.
1836 2470 1855 2503 ι
1893 2450 2023 2505 Mal-

434 2544 552 2598 leus
602 2544 873 2599 universae
921 2552 1101 2608 teme,
1135 2543 1228 2612 qui
1282 2551 1455 2598 totum
1515 2551 1784 2598 terrarum
1831 2543 2018 2599 orbem

431 2635 712 2697 contrivit.
742 2634 981 2705 Babylon
1011 2634 1099 2689 vel
1134 2634 1299 2689 etiam
1329 2635 1662 2690 idololatria.

503 2725 569 2782 V.
599 2728 689 2781 24.
715 2745 733 2778 ι
763 2726 1159 2798 Aggredientur
1193 2726 1245 2779 in
1271 2736 1341 2780 te.
1372 2745 1390 2776 ι
1419 2726 1497 2780 Ad
1524 2727 1758 2781 litteram
1776 2728 2016 2797 quidem,

436 2829 668 2890 propter
699 2818 1047 2889 repentinum
1092 2817 1332 2872 hostium
1373 2817 1673 2887 impetum;
1707 2819 2020 2889 spiritaliter

430 2929 583 2977 vero,
617 2921 842 2983 propter
896 2928 1155 2968 arcanum
1201 2911 1458 2982 profundi
1495 2913 1700 2968 Christi
1751 2914 2014 2986 mysterii,

430 3007 574 3069 quod
595 3022 694 3078 per
729 3006 1008 3062 Christum
1035 3015 1215 3061 actum
1238 3014 1341 3062 est.

501 3096 565 3155 γ.
602 3098 693 3154 25.
732 3117 753 3150 α
783 3098 1012 3168 Aperuit
1039 3098 1322 3154 Dominus.
1355 3119 1374 3150 ι
1408 3099 1641 3169 Propter
1680 3098 1952 3155 occultum
1983 3114 2013 3153 a

392 3178 399 3183 ’
431 3189 647 3245 saeculis
678 3189 1019 3258 mysterium.

500 3280 569 3336 V.
596 3281 686 3337 26.
724 3299 743 3332 ι
774 3278 1103 3336 Scrutamini
1126 3294 1270 3337 eam.
1302 3300 1321 3334 ι
1360 3280 1438 3337 Ex
1475 3281 1610 3353 ipsis
1640 3280 1765 3335 imis
1806 3282 2017 3353 cogita-

432 3373 673 3429 tionibus
710 3373 1071 3428 idololatriam
1099 3374 1456 3429 demolimiui.

504 3460 565 3515 V.
593 3462 684 3516 27.
722 3480 740 3513 ι
764 3460 1047 3517 Exsiccate
1077 3478 1270 3518 clunes
1303 3464 1424 3532 ejus
1461 3463 1694 3521 fructus.
1732 3485 1750 3517 ι
1789 3466 1871 3522 Ad
1923 3467 2016 3522 lit-

432 3560 606 3607 teram
635 3552 873 3622 quidem,
898 3550 1186 3623 Babylonis
1220 3561 1518 3623 tyrannos;
1546 3555 1613 3609 ad
1642 3570 1861 3611 sensum
1887 3571 2017 3611 vero

431 3642 740 3713 mysticum,
768 3642 974 3713 peccati
1000 3642 1229 3707 fructus,
1256 3643 1694 3712 fornicationem,
1719 3645 2017 3701 immundi-

433 3736 560 3791 tiam
585 3745 640 3791 et
665 3743 881 3791 caetera.

499 3827 668 3883 V328.
691 3847 710 3881 ι
739 3826 857 3883 Vox
887 3826 1233 3899 fugientium,
1259 3847 1280 3881 ι
1311 3836 1418 3885 etc.
1450 3829 1653 3885 Eorum
1678 3829 1772 3901 qui
1809 3829 1879 3885 ad
1904 3830 2013 3886 Do-

431 3920 639 3976 minum
673 3930 922 3976 nostrum
960 3920 1306 3993 confugiunt.
1397 3961 1418 3976 .

499 4014 566 4070 V.
596 4018 685 4072 5|.
724 4036 744 4069 ε
780 4016 921 4072 Ecce
950 4032 1051 4089 ego
1080 4018 1393 4088 superbiam
1420 4033 1584 4088 super
1617 4028 1689 4074 te.
1726 4036 1745 4070 ι
1778 4018 2012 4074 Possunt

426 4107 546 4163 haec
571 4119 627 4163 et
659 4108 713 4161 in
742 4106 1053 4163 Iudaeorum
1076 4107 1410 4180 Synagogam
1442 4110 1656 4165 referri.

501 4282 564 4339 V.
589 4284 677 4339 52.
709 4300 727 4333 ι
766 4283 833 4337 Et
858 4282 1184 4338 succendam
1216 4283 1394 4355 ignem
1423 4284 1476 4339 in
1512 4285 1645 4340 silva
1680 4287 1819 4357 ejus.
1857 4310 1876 4342 ι
1908 4291 2011 4345 Sil-

426 4394 518 4440 va,
547 4376 597 4432 id
623 4383 707 4430 est
735 4374 788 4429 in
843 4374 1209 4430 multitudine.
1246 4375 1546 4432 Sciendum
1608 4394 1770 4448 porro
1829 4382 2007 4453 ignem

2130 514 2254 578 λους
2280 517 2308 569 ὁ
2348 516 2526 582 λόγος,
2557 513 2653 566 ἐπὶ
2679 514 2780 583 τὴν
2816 512 3012 583 νοητὴν
3042 509 3364 564 Βαϐυλῶνα.

2205 627 2224 659 ι
2275 608 2522 660 Ἐπεσαν
2570 606 2627 658 αί
2673 604 2934 668 ἐπάλξεις
2984 603 3180 672 αὐτῆς.
3249 620 3268 654 ι
3332 602 3396 655 οι
3435 599 3721 670 ἀλιτήριοι

2126 700 2213 754 δαὲ
2223 717 2408 771 μονες.
2508 696 2522 709 “

2204 812 2223 844 ι
2263 792 2376 846 Καὶ
2422 792 2749 864 κατεσκάφη
2800 791 2862 847 τὸ
2906 791 3087 861 τεῖχος
3138 786 3335 856 αὐτῆς.
3397 804 3417 838 ι
3454 783 3631 849 Αὐτὸς
3690 784 3723 837 ὁ

2128 883 2443 954 ἀρχέκακος
2469 884 2738 947 Σατανᾶς.

2206 995 2223 1027 ι
2295 976 2429 1029 Ἀπὸ
2463 976 2763 1047 προσώπου
2802 975 3079 1047 μαχαίρας
3143 972 3490 1043 Ἑλληνικῆς.
3553 990 3575 1023 ι
3624 970 3722 1042 Τῷ

2128 1067 2301 1139 Κύρῳ
2358 1068 2625 1139 Ἕλληνες
2661 1069 3088 1139 συνεμάχησαν’
3141 1065 3449 1135 νικησάσης
3490 1057 3586 1116 οὖν
3614 1062 3718 1131 τῆς

2137 1161 2463 1233 Ἑλληνικῆς
2497 1160 2797 1233 μαχαίρας,
2840 1160 3139 1230 ἀφεθέντες
3167 1156 3274 1210 ὑπὸ
3314 1156 3411 1210 τοῦ
3450 1155 3635 1227 Κύρου
3664 1157 3716 1209 οι

2126 1254 2468 1326 αἰχμάλωτοι
2504 1257 2584 1319 είς
2608 1254 2707 1327 τὴν
2744 1253 2883 1309 ἰδίαν
2916 1251 3459 1323 ὲπαναστρέψουσιν.

2203 1366 2221 1398 ι
2268 1346 2326 1400 '0
2368 1347 2587 1418 πρῶτος
2636 1346 2845 1417 ἔφαγεν
2888 1345 3050 1400 αὑτὸν
3097 1344 3357 1417 βασιλεὺς
3388 1340 3645 1412 Ἀσσούρ.
3689 1359 3712 1395 ι

2137 1438 2430 1509 Ἀσσύριος
2454 1438 2530 1492 ὣν
2558 1441 2588 1493 ὁ
2613 1438 2963 1510 Σεναχηρεὶμ
2985 1438 3203 1509 πρῶτος
3226 1437 3328 1499 τὰς
3356 1434 3491 1491 δέκα
3517 1433 3715 1504 φυλάς,

2127 1529 2338 1601 σάρκας
2371 1528 2540 1593 οῦσας
2576 1531 2770 1600 ἔφαγε,
2803 1529 3089 1583 τουτέστιν
3110 1519 3521 1600 ᾐχμαλώτισεν.

2203 1639 2221 1671 ι
2265 1622 2376 1674 Καὶ
2404 1614 2566 1679 οὗτος
2592 1621 2827 1692 ὕστερον
2859 1622 2927 1675 τὰ
2957 1622 3095 1674 ὀστᾶ
3122 1618 3310 1673 αὐτοῦ.
3340 1637 3358 1671 ι
3404 1617 3464 1671 '0
3498 1616 3716 1672 Na6oo-

2127 1711 2436 1785 χοδονόσορ.
2485 1714 2653 1767 Ὀστᾶ
2681 1713 2740 1767 δὲ
2771 1714 2929 1769 καὶεί
2954 1713 3047 1768 τὸν
3095 1711 3293 1776 Ἰούδα,
3337 1710 3416 1775 ὡς
3456 1708 3717 1763 σύστασιν

2055 1796 2097 1852 Β
2125 1804 2258 1859 ὄντα
2285 1804 2381 1858 τοῦ
2410 1805 2613 1869 παντὸς
2640 1804 2915 1876 σώματος.
2956 1852 2961 1857 .

2202 1917 2220 1949 ι
2257 1899 2592 1969 Ζητήσουσι.
2635 1917 2654 1950 ι
2704 1900 2828 1952 Ὀτι
2854 1900 2990 1952 πᾶσι
3042 1899 3155 1961 τοῖς
3204 1894 3566 1949 πιστεύσασιν
3610 1892 3713 1964 τὴν

2122 1988 2432 2060 ἀμνηστίαν
2453 1988 2563 2043 τῶν
2594 1990 3014 2062 ἁμαρτημάτων
3044 1991 3072 2042 ὀ
3097 1987 3337 2060 Χριστὸς
3371 1986 3708 2058 ἐδωρήσατο.

2197 2191 2217 2223 ι
2260 2170 2483 2243 Πικρῶς
2547 2170 2778 2244 ἐπίϐηθι
2831 2171 3141 2243 ἑπάὑτὴν.
3200 2188 3221 2223 ι
3277 2169 3425 2241 Πρὸς
3473 2169 3573 2240 μὲν
3610 2168 3711 2240 τὴν

2126 2265 2374 2332 ίστορίαν
2409 2265 2505 2317 ἐπὶ
2541 2264 2642 2335 τὴν
2673 2264 2995 2333 Βαϐυλῶνα,
3026 2264 3167 2340 πρὸς
3213 2262 3270 2317 δὲ
3312 2260 3557 2319 διάνοιαν
3616 2263 3711 2317 ἐπὶ

2121 2358 2220 2429 τὴν
2241 2352 2727 2429 ἐἰδωλολατρείαν.

2197 2469 2216 2502 ‹
2250 2450 2377 2514 Πῶς
2433 2448 2800 2521 συνεκλάσθη.
2826 2469 2845 2503 ι
2869 2449 2932 2504 Ἦ
2975 2449 3159 2522 σφύρα
3199 2451 3381 2522 πάσης
3439 2449 3538 2521 τῆς
3578 2446 3706 2520 γῆς.

2120 2543 2152 2611 ἡ
2186 2543 2287 2613 τὴν
2321 2543 2651 2615 οἰκουμένην
2684 2543 3051 2615 συντρίψασα,
3073 2542 3332 2598 Βαϐυλὼν
3361 2542 3394 2596 ἢ
3426 2544 3522 2597 καὶ
3546 2542 3705 2596 είδω-

2120 2635 2436 2706 λολατρεία.

2197 2745 2215 2779 ι
2252 2727 2641 2797 Ἐπιθὴσονταί
2704 2745 2811 2782 σοι.
2852 2747 2872 2780 ι
2934 2727 3081 2798 Πρὸς
3135 2728 3240 2800 μὲν
3304 2727 3405 2800 τὴν
3437 2727 3702 2800 ἱστορίαν,

2117 2815 2206 2870 διὰ
2246 2817 2311 2869 τὸ
2344 2816 2455 2869 τῶν
2494 2816 2749 2887 πολέμων
2796 2817 3062 2885 αἰφνίδιον
3090 2831 3104 2847 ⁸
3156 2817 3294 2888 πρὸς
3333 2816 3392 2870 δὲ
3441 2817 3704 2885 διάνοιαν,

2117 2908 2208 2963 διὰ
2235 2909 2298 2962 τὸ
2326 2909 2570 2981 κρυπτὸν
2592 2909 2688 2963 τοῦ
2718 2909 2917 2979 βάθους
2933 2909 3029 2963 τοῦ
3055 2910 3201 2963 κατὰ
3230 2910 3467 2979 Χριστὸν
3498 2926 3706 2982 μυστη-

2127 3003 2267 3074 ρίου.

2196 3112 2215 3147 c
2263 3096 2484 3162 Ἥνοιξε
2531 3095 2761 3169 Κύριος.
2821 3116 2839 3148 ι
2879 3095 2980 3151 Διὰ
3028 3095 3089 3149 τὸ
3170 3097 3563 3169 κεκρυμμένον
3593 3098 3707 3154 άπδ

2120 3187 2228 3243 τῶν
2260 3188 2476 3243 αἰώνων
2513 3191 2839 3261 μυστήριον.

2195 3296 2215 3330 ι
2264 3280 2625 3352 Ἐρευνήσατε
2659 3280 2853 3352 αὐτὴν.
2894 3298 2913 3331 ι
2952 3279 3046 3344 Ἐξ
3077 3277 3259 3334 αὐτῶν
3290 3279 3401 3334 τῶν
3423 3279 3702 3351 λογισμῶν

2121 3372 2570 3443 ἀναμοχλεύσατε
2596 3373 2701 3443 τὴν
2731 3371 3208 3443 εἰδωλολατρείαν.

2197 3483 2216 3516 ι
2258 3464 2667 3535 Ἀναξηράνατε
2703 3464 2876 3534 αὐτῆς
2924 3465 3133 3526 πάντας
3179 3463 3308 3528 τοὺς
3359 3462 3628 3535 καρπούς.
3675 3482 3696 3517 ι

2119 3555 2263 3625 Πρὸς
2295 3554 2394 3624 μὲν
2440 3554 2541 3625 τὴν
2587 3554 2852 3625 ἱστορίαν,
2900 3555 3027 3620 τοὺς
3056 3555 3356 3628 τυράννους
3395 3556 3497 3625 τῆς
3526 3555 3704 3609 Βασυο

2116 3648 2288 3711 λῶνος
2322 3664 2336 3678 ’
2378 3648 2515 3718 πρὸς
2547 3648 2606 3702 δὲ
2650 3649 2920 3713 διάνοιαν,
2953 3651 3081 3711 τοὺς
3118 3650 3216 3719 τῆς
3250 3650 3528 3719 ἁμαρτίας
3560 3665 3701 3717 καρ-

2118 3740 2279 3806 ποὺς,
2309 3739 2595 3812 πορνείαν,
2638 3742 2734 3794 καὶ
2768 3740 3133 3810 ἀκαθαρσίαν,
3169 3740 3262 3794 καὶ
3288 3739 3357 3793 τὰ
3386 3741 3534 3811 ἑξῆς.

2191 3850 2211 3883 ι
2255 3831 2412 3902 Φωνὴ
2444 3829 2779 3899 φευγόντων.
2823 3848 2841 3880 ι
2878 3829 3001 3883 Τῶν
3033 3830 3114 3892 είς
3152 3829 3246 3883 τὸν
3296 3828 3504 3900 Κύριον
3542 3828 3701 3901 ἡμῶν

2116 3920 2602 3991 καταφευγόντων.

2192 4033 2211 4064 ι
2265 4012 2396 4066 Ἰδοὺ
2438 4011 2551 4082 ἐγὼ
2592 4011 2687 4065 ἐπὶ
2742 4010 2801 4064 σὲ
2839 4011 2940 4081 τὴν
2985 4010 3333 4083 ὑϐρίστριαν.
3389 4030 3409 4064 ι
3463 4009 3700 4063 Δύναται

2113 4107 2289 4162 ταῦτα
2312 4105 2572 4161 καὶκατὰ
2604 4105 2706 4175 τῆς
2732 4105 2842 4159 τῶν
2867 4105 3140 4158 Ἰουδαίων
3196 4103 3522 4176 συναγωγῆς
3554 4105 3699 4178 λαμ-

2116 4200 2405 4255 σάνεσθαι.

2191 4312 2209 4342 ι
2249 4294 2362 4346 Καὶ
2401 4291 2594 4361 άνάψω
2632 4289 2745 4361 πῦρ
2790 4292 2848 4344 ὲν
2881 4289 2959 4360 τῷ
2993 4286 3185 4360 δρυμῷ
3214 4292 3405 4359 αὐτῆς.
3445 4312 3463 4344 ι
3493 4288 3697 4364 Δρυμῷ

2117 4386 2235 4456 μὲν,
2259 4382 2339 4454 τῷ
2382 4382 2604 4453 πλήθει.
2642 4383 2846 4436 ’ἰστέον
2899 4382 2955 4435 δὲ
3001 4382 3084 4436 ὅτι
3138 4383 3234 4435 καὶ
3270 4383 3332 4437 τδ
3382 4384 3531 4437 θεῖον
3581 4383 3699 4456 πῦρ

427 4482 648 4538 quoque
693 4464 938 4521 divinum
966 4464 1020 4518 in
1046 4465 1260 4521 animos
1285 4466 1578 4534 labentem,
1611 4470 1766 4539 quasi
1796 4471 2010 4529 ﬂamma

2147 4477 2389 4548 μπίπτον
2432 4478 2512 4539 είς
2538 4475 2740 4547 ψυχὰς,
2788 4473 2980 4544 ῶσπερ
3013 4472 3143 4542 φλὸξ
3176 4475 3234 4526 ὲν
3279 4475 3472 4546 δρυμῷ
3499 4475 3694 4543 ξύλων,

430 4560 486 4614 in
517 4559 650 4614 silva
681 4558 974 4629 lignorum,
998 4558 1285 4614 absumere
1306 4561 1489 4615 omnia
1512 4563 1769 4632 nequitia:
1786 4579 2006 4636 genera.

496 4650 567 4707 ν.
615 4651 707 4705 55.
748 4670 765 4702 ι
792 4650 920 4706 Haec
960 4650 1093 4705 dicit
1133 4649 1412 4706 Dominus.
1445 4670 1465 4704 ι
1511 4652 1586 4707 De
1640 4658 1906 4725 corporali
1947 4658 2012 4713 ll-

431 4729 628 4796 lior'um
680 4741 843 4796 Israel
888 4750 942 4797 et
977 4740 1305 4813 intelligibili
1325 4743 1629 4800 animarum
1675 4747 2008 4817 captivitate,

430 4834 612 4905 deque
661 4848 847 4890 earum
899 4849 998 4906 per
1064 4833 1354 4890 Dominum
1392 4836 1712 4894 liberatione
1750 4840 2007 4910 loquitur.

504 5019 675 5097 νει.
699 5038 718 5072 ‹
740 5019 1342 5090 Judiciumjudicabim
1375 5005 1580 5078 Idcirco
1620 5024 1869 5080 Salvator
1910 5028 2013 5082 aie-

435 5114 524 5169 bat
546 5130 558 5166 :
582 5114 735 5167 Num:
739 5111 1003 5183 judicium
1020 5113 1175 5184 hujus
1190 5115 1391 5181 mundi,
1410 5130 1547 5168 nunc
1567 5116 1805 5185 princeps
1832 5121 2012 5174 mundi

430 5205 589 5276 hujus
617 5203 810 5275 ejectus
839 5215 914 5259 est
935 5204 999 5259 ³⁸.

506 5296 566 5351 V.
601 5299 690 5352 58.
734 5314 753 5348 ι
781 5297 957 5367 Super
980 5312 1175 5367 aquam
1207 5297 1345 5366 ejus.
1374 5315 1392 5348 ι
1422 5296 1500 5352 Ad
1526 5298 1758 5354 litteram
1787 5302 2009 5371 quidem

430 5397 537 5454 cst,
569 5388 946 5445 multitudine:
980 5389 1200 5460 mystice
1229 5403 1375 5452 vero,
1406 5399 1628 5459 prepter
1647 5389 1926 5447 humidam
1957 5402 2014 5448 et

432 5481 633 5536 ﬂuxam
663 5480 1035 5553 nefariamque
1055 5480 1269 5537 vivendi
1302 5481 1585 5536 rationem.

401 5633 405 5637 ν
510 5590 531 5622 c
561 5573 629 5627 Et
653 5572 706 5626 in
730 5573 941 5627 insulis.
974 5593 993 5626 ι
1016 5572 1148 5628 Nam
1173 5580 1229 5629 et
1253 5572 1444 5627 barum
1474 5574 1824 5645 potiebantur
1843 5574 2015 5649 Baby-

434 5663 604 5733 lonii;
634 5665 856 5737 mystice
888 5681 1019 5721 vero
1049 5668 1104 5721 in
1131 5666 1310 5725 idolis.

503 5779 549 5813 ³³
575 5779 728 5837 «Ιοαιιη
762 5796 865 5849 xu,
892 5781 983 5837 5|.

2111 4573 2295 4625 πάντα
2322 4569 2712 4623 καταναλίσκει
2736 4568 2835 4637 τῆς
2867 4568 3068 4630 κακίας
3089 4567 3158 4620 τὰ
3184 4566 3323 4638 εἴδη.

2187 4682 2205 4713 ‹
2240 4661 2380 4745 Τάδε
2406 4661 2555 4729 λέγει
2584 4660 2809 4729 Κύριος.
2851 4679 2869 4712 ι
2911 4660 3047 4730 Περὶ
3065 4659 3167 4729 τῆς
3197 4660 3467 4731 αἰσθητῆς
3489 4662 3696 4732 αἰχμα-

2108 4753 2311 4818 λωσίας
2332 4753 2443 4808 τῶν
2470 4752 2602 4807 υἱῶν
2625 4751 2866 4823 Ἰσραὴλ,
2894 4755 2987 4806 καὶ
3016 4751 3118 4822 τῆς
3143 4754 3254 4806 τῶν
3284 4753 3473 4824 ψυχῶν
3498 4755 3698 4827 νοητῆς

2109 4845 2515 4917 αἰχμαλωσίας,
2549 4845 2769 4915 καὶτῆς
2794 4845 2975 4898 αὐτῶν
3003 4845 3094 4898 διὰ
3124 4846 3221 4899 τοῦ
3254 4847 3462 4917 Κυρίου
3492 4847 3701 4903 ἀπολυ-

2107 4934 2364 5007 τρώσεώς
2393 4952 2576 5005 φησιν.

2187 5046 2204 5078 ι
2259 5027 2456 5099 Κρίσιν
2500 5027 2698 5096 κρίνει.
2738 5045 2755 5076 ι
2796 5027 2896 5079 Διὰ
2935 5027 3094 5081 τοῦτο
3150 5028 3338 5097 ἔλεγεν
3381 5030 3410 5081 ὁ
3463 5030 3699 5102 Σωτήρ·

2110 5120 2241 5173 Νῦν
2269 5120 2468 5188 κρίσις
2498 5118 2604 5172 τοῦ
2629 5119 2863 5186 κόσμου
2889 5119 3104 5171 τούτου
3128 5138 3139 5149 ο
3164 5120 3283 5174 νῦν
3310 5123 3342 5175 ὁ
3361 5121 3563 5191 ἄρχων
3586 5123 3697 5177 τοῦ

2111 5212 2345 5279 κόσμου
2376 5211 2595 5262 τούτου
2623 5208 2991 5275 ἑκόέόληται.

2188 5322 2206 5355 ι
2248 5302 2377 5355 Ἐπὶ
2412 5301 2488 5370 τῷ
2524 5300 2676 5353 ὕδατι
2711 5301 2904 5369 αὐτῆς.
2941 5319 2959 5352 ι
2994 5300 3137 5354 Καθ’
3170 5299 3418 5372 ἱστορίαν
3444 5300 3567 5372 μὲν,
3601 5300 3699 5355 ἐπὶ

2111 5396 2190 5465 τῷ
2227 5394 2451 5466 πλῆθεν
2499 5395 2634 5464 πρὸς
2689 5393 2746 5446 δὲ
2794 5392 3069 5459 διάνοιαν,
3123 5394 3218 5447 ἐπὶ
3256 5394 3334 5465 τῷ
3379 5393 3555 5467 ὑγρῷ,
3597 5395 3699 5449 καὶ

2112 5479 2405 5560 ἀνειμένῳ.
2441 5490 2534 5542 καὶ
2560 5487 3020 5563 ἁμαρτωλῷιβίῳ.

2193 5600 2210 5632 ι
2239 5583 2347 5633 Καὶ
2372 5583 2430 5633 ἐν
2461 5582 2583 5643 ταῖς
2609 5582 2851 5650 νήσοις.»
2873 5578 2963 5642 Ὠς
2998 5578 3095 5631 καὶ
3123 5578 3332 5632 τούτων
3363 5576 3701 5650 κρατοῦντες

2112 5671 2512 5727 οίΒαὸυλώνιοι
2536 5689 2548 5702 ·
2595 5673 2732 5745 πρὸς
2765 5672 2822 5725 δὲ
2866 5667 3130 5740 διάνοιαν,
3166 5672 3226 5725 ὲν
3281 5672 3393 5735 τοῖς
3429 5666 3705 5732 εἰδώλοις.
