  <div class='ocr_page' id='page_1' title='image "/cluster/home/n/w/nwhite01/storage/ocr_20150623/93/mdp.39015078384313/366.png"; bbox 0 0 4050 6226; ppageno 0'>
   <div class='ocr_carea' id='block_1_1' title="bbox 411 369 510 436">
    <p class='ocr_par' dir='ltr' id='par_1_1' title="bbox 411 369 510 436">
     <span class='ocr_line' id='line_1_1' title="bbox 411 369 510 436; baseline -0.01 -1"><span class='ocrx_word' id='word_1_1' title='bbox 411 369 510 436; x_wconf 82' lang='grc'><strong>717</strong></span> 
     </span>
    </p>
   </div>
   <div class='ocr_carea' id='block_1_2' title="bbox 1530 365 2554 428">
    <p class='ocr_par' dir='ltr' id='par_1_2' title="bbox 1530 365 2554 428">
     <span class='ocr_line' id='line_1_2' title="bbox 1530 365 2554 428; baseline 0.004 -4"><span class='ocrx_word' id='word_1_2' title='bbox 1530 365 1985 426; x_wconf 76' lang='lat' dir='ltr'><strong>FRAGMENTA</strong></span> <span class='ocrx_word' id='word_1_3' title='bbox 2022 367 2103 425; x_wconf 72' lang='grc' dir='ltr'><strong>ΙΝ</strong></span> <span class='ocrx_word' id='word_1_4' title='bbox 2144 367 2554 428; x_wconf 75' lang='lat' dir='ltr'><strong>JEREMIAM.</strong></span> 
     </span>
    </p>
   </div>
   <div class='ocr_carea' id='block_1_3' title="bbox 3555 368 3657 431">
    <p class='ocr_par' dir='ltr' id='par_1_3' title="bbox 3555 368 3657 431">
     <span class='ocr_line' id='line_1_3' title="bbox 3555 368 3657 431; baseline -0.02 -1"><span class='ocrx_word' id='word_1_5' title='bbox 3555 368 3657 431; x_wconf 74' lang='lat'><strong>718</strong></span> 
     </span>
    </p>
   </div>
   <div class='ocr_carea' id='block_1_4' title="bbox 486 480 2002 554">
    <p class='ocr_par' dir='ltr' id='par_1_4' title="bbox 486 480 1983 554">
     <span class='ocr_line' id='line_1_4' title="bbox 486 480 1983 554; baseline -0.004 -16"><span class='ocrx_word' id='word_1_6' title='bbox 486 507 504 538; x_wconf 76' lang='grc' dir='ltr'><strong>ι</strong></span> <span class='ocrx_word' id='word_1_7' title='bbox 543 485 642 538; x_wconf 68' lang='grc' dir='ltr'><strong>Διὰ</strong></span> <span class='ocrx_word' id='word_1_8' title='bbox 663 484 822 538; x_wconf 86' lang='grc' dir='ltr'><strong>τοῦτο</strong></span> <span class='ocrx_word' id='word_1_9' title='bbox 857 483 1301 554; x_wconf 80' lang='grc' dir='ltr'><strong>κατοικήσουσιν.</strong></span> <span class='ocrx_word' id='word_1_10' title='bbox 1347 501 1365 532; x_wconf 84' lang='grc'><strong>›</strong></span> <span class='ocrx_word' id='word_1_11' title='bbox 1401 481 1758 552; x_wconf 81' lang='grc' dir='ltr'><strong>Ὀμοιὼματα</strong></span> <span class='ocrx_word' id='word_1_12' title='bbox 1781 480 1983 551; x_wconf 71' lang='grc' dir='ltr'><strong>ἀνθρὼ-</strong></span> 
     </span>
    </p>
   </div>
   <div class='ocr_carea' id='block_1_5' title="bbox 2100 480 3658 554">
    <p class='ocr_par' dir='ltr' id='par_1_5' title="bbox 2167 480 3658 552">
     <span class='ocr_line' id='line_1_5' title="bbox 2167 480 3658 552; baseline 0.001 -19"><span class='ocrx_word' id='word_1_13' title='bbox 2167 480 2225 535; x_wconf 71' lang='grc' dir='ltr'><strong>ν.</strong></span> <span class='ocrx_word' id='word_1_14' title='bbox 2262 484 2349 538; x_wconf 81' lang='grc'><strong>59.</strong></span> <span class='ocrx_word' id='word_1_15' title='bbox 2395 503 2411 534; x_wconf 86' lang='grc' dir='ltr'><strong>ι</strong></span> <span class='ocrx_word' id='word_1_16' title='bbox 2440 482 2730 552; x_wconf 80' lang='lat' dir='ltr'><strong>Propterea</strong></span> <span class='ocrx_word' id='word_1_17' title='bbox 2765 485 3108 542; x_wconf 68' lang='lat' dir='ltr'><strong>habitabant.</strong></span> <span class='ocrx_word' id='word_1_18' title='bbox 3149 507 3165 537; x_wconf 80' lang='grc' dir='ltr'><strong>ι</strong></span> <span class='ocrx_word' id='word_1_19' title='bbox 3211 486 3508 541; x_wconf 77' lang='lat' dir='ltr'><strong>Sirnulacra</strong></span> <span class='ocrx_word' id='word_1_20' title='bbox 3557 488 3658 540; x_wconf 79' lang='grc' dir='ltr'><strong>Ιιυ-</strong></span> 
     </span>
    </p>
   </div>
   <div class='ocr_carea' id='block_1_6' title="bbox 410 572 1984 646">
    <p class='ocr_par' dir='ltr' id='par_1_6' title="bbox 410 572 1984 646">
     <span class='ocr_line' id='line_1_6' title="bbox 410 572 1984 646; baseline -0.002 -16"><span class='ocrx_word' id='word_1_21' title='bbox 410 595 550 642; x_wconf 85' lang='grc' dir='ltr'><strong>πων,</strong></span> <span class='ocrx_word' id='word_1_22' title='bbox 585 577 686 629; x_wconf 82' lang='grc' dir='ltr'><strong>οὑκ</strong></span> <span class='ocrx_word' id='word_1_23' title='bbox 717 575 1035 645; x_wconf 74' lang='grc' dir='ltr'><strong>ἄνθρωποι,</strong></span> <span class='ocrx_word' id='word_1_24' title='bbox 1090 575 1177 627; x_wconf 76' lang='grc' dir='ltr'><strong>ἵνα</strong></span> <span class='ocrx_word' id='word_1_25' title='bbox 1225 573 1358 646; x_wconf 80' lang='grc' dir='ltr'><strong>είπῃ</strong></span> <span class='ocrx_word' id='word_1_26' title='bbox 1385 574 1483 644; x_wconf 68' lang='grc' dir='ltr'><strong>τὴν</strong></span> <span class='ocrx_word' id='word_1_27' title='bbox 1543 572 1826 628; x_wconf 75' lang='grc' dir='ltr'><strong>ἀσθένειαν</strong></span> <span class='ocrx_word' id='word_1_28' title='bbox 1875 572 1984 627; x_wconf 85' lang='grc' dir='ltr'><strong>τῶν</strong></span> 
     </span>
    </p>
   </div>
   <div class='ocr_carea' id='block_1_7' title="bbox 412 664 1984 738">
    <p class='ocr_par' dir='ltr' id='par_1_7' title="bbox 412 664 1984 738">
     <span class='ocr_line' id='line_1_7' title="bbox 412 664 1984 738; baseline -0.003 -17"><span class='ocrx_word' id='word_1_29' title='bbox 412 667 854 738; x_wconf 83' lang='grc' dir='ltr'><strong>συμμαχούντων</strong></span> <span class='ocrx_word' id='word_1_30' title='bbox 885 667 1002 728; x_wconf 80' lang='grc' dir='ltr'><strong>τοῖς</strong></span> <span class='ocrx_word' id='word_1_31' title='bbox 1053 664 1367 736; x_wconf 76' lang='grc' dir='ltr'><strong>βασιλείοις.</strong></span> <span class='ocrx_word' id='word_1_32' title='bbox 1405 664 1515 718; x_wconf 83' lang='grc' dir='ltr'><strong>Καὶ</strong></span> <span class='ocrx_word' id='word_1_33' title='bbox 1563 665 1675 735; x_wconf 86' lang='grc' dir='ltr'><strong>γὰρ</strong></span> <span class='ocrx_word' id='word_1_34' title='bbox 1723 665 1819 718; x_wconf 69' lang='grc' dir='ltr'><strong>καὶ</strong></span> <span class='ocrx_word' id='word_1_35' title='bbox 1861 665 1984 726; x_wconf 82' lang='grc' dir='ltr'><strong>τοὺς</strong></span> 
     </span>
    </p>
   </div>
   <div class='ocr_carea' id='block_1_8' title="bbox 409 748 1987 825">
    <p class='ocr_par' dir='ltr' id='par_1_8' title="bbox 409 748 1987 825">
     <span class='ocr_line' id='line_1_8' title="bbox 409 748 1987 825; baseline -0.003 -17"><span class='ocrx_word' id='word_1_36' title='bbox 409 757 854 825; x_wconf 76' lang='grc' dir='ltr'><strong>ἀντιπράξαντας</strong></span> <span class='ocrx_word' id='word_1_37' title='bbox 884 754 994 808; x_wconf 81' lang='grc' dir='ltr'><strong>τῶν</strong></span> <span class='ocrx_word' id='word_1_38' title='bbox 1023 752 1302 824; x_wconf 82' lang='grc' dir='ltr'><strong>νησιωτῶν</strong></span> <span class='ocrx_word' id='word_1_39' title='bbox 1349 748 1496 806; x_wconf 76' lang='grc' dir='ltr'><strong>εἷλεν</strong></span> <span class='ocrx_word' id='word_1_40' title='bbox 1551 754 1580 806; x_wconf 88' lang='grc' dir='ltr'><strong>ό</strong></span> <span class='ocrx_word' id='word_1_41' title='bbox 1627 753 1828 820; x_wconf 85' lang='grc' dir='ltr'><strong>Κύρος.</strong></span> <span class='ocrx_word' id='word_1_42' title='bbox 1876 752 1987 821; x_wconf 79' lang='grc' dir='ltr'><strong>Τὴν</strong></span> 
     </span>
    </p>
   </div>
   <div class='ocr_carea' id='block_1_9' title="bbox 407 842 1988 916">
    <p class='ocr_par' dir='ltr' id='par_1_9' title="bbox 407 842 1988 916">
     <span class='ocr_line' id='line_1_9' title="bbox 407 842 1988 916; baseline -0.004 -15"><span class='ocrx_word' id='word_1_43' title='bbox 407 850 464 903; x_wconf 78' lang='grc' dir='ltr'><strong>δὲ</strong></span> <span class='ocrx_word' id='word_1_44' title='bbox 493 846 699 900; x_wconf 85' lang='grc' dir='ltr'><strong>τούτων</strong></span> <span class='ocrx_word' id='word_1_45' title='bbox 739 844 979 916; x_wconf 73' lang='grc' dir='ltr'><strong>ἐρημίαν</strong></span> <span class='ocrx_word' id='word_1_46' title='bbox 1030 845 1287 915; x_wconf 76' lang='grc' dir='ltr'><strong>σημαίνει</strong></span> <span class='ocrx_word' id='word_1_47' title='bbox 1319 843 1410 898; x_wconf 80' lang='grc' dir='ltr'><strong>διὰ</strong></span> <span class='ocrx_word' id='word_1_48' title='bbox 1435 843 1547 896; x_wconf 87' lang='grc' dir='ltr'><strong>τῶν</strong></span> <span class='ocrx_word' id='word_1_49' title='bbox 1589 844 1885 914; x_wconf 80' lang='grc' dir='ltr'><strong>Σειρήνων,</strong></span> <span class='ocrx_word' id='word_1_50' title='bbox 1913 842 1988 905; x_wconf 87' lang='grc' dir='ltr'><strong>ὡς</strong></span> 
     </span>
    </p>
   </div>
   <div class='ocr_carea' id='block_1_10' title="bbox 408 931 1988 1006">
    <p class='ocr_par' dir='ltr' id='par_1_10' title="bbox 408 931 1988 1006">
     <span class='ocr_line' id='line_1_10' title="bbox 408 931 1988 1006; baseline -0.001 -18"><span class='ocrx_word' id='word_1_51' title='bbox 408 933 906 1006; x_wconf 81' lang='grc' dir='ltr'><strong>ἁνθρωπομόρφων</strong></span> <span class='ocrx_word' id='word_1_52' title='bbox 949 932 1138 986; x_wconf 83' lang='grc' dir='ltr'><strong>λοιπὸν</strong></span> <span class='ocrx_word' id='word_1_53' title='bbox 1189 932 1508 1003; x_wconf 79' lang='grc' dir='ltr'><strong>δαιμονίων,</strong></span> <span class='ocrx_word' id='word_1_54' title='bbox 1559 932 1592 1002; x_wconf 80' lang='grc' dir='ltr'><strong>ἢ</strong></span> <span class='ocrx_word' id='word_1_55' title='bbox 1634 933 1727 986; x_wconf 77' lang='grc' dir='ltr'><strong>καὶ</strong></span> <span class='ocrx_word' id='word_1_56' title='bbox 1776 931 1988 1003; x_wconf 81' lang='grc' dir='ltr'><strong>ᾠδικῶν</strong></span> 
     </span>
    </p>
   </div>
   <div class='ocr_carea' id='block_1_11' title="bbox 409 1023 1882 1097">
    <p class='ocr_par' dir='ltr' id='par_1_11' title="bbox 409 1023 1882 1097">
     <span class='ocr_line' id='line_1_11' title="bbox 409 1023 1882 1097; baseline -0.002 -16"><span class='ocrx_word' id='word_1_57' title='bbox 409 1027 637 1097; x_wconf 82' lang='grc' dir='ltr'><strong>ὀρνέων,</strong></span> <span class='ocrx_word' id='word_1_58' title='bbox 665 1025 754 1079; x_wconf 82' lang='grc' dir='ltr'><strong>διὰ</strong></span> <span class='ocrx_word' id='word_1_59' title='bbox 783 1026 884 1096; x_wconf 81' lang='grc' dir='ltr'><strong>τὴν</strong></span> <span class='ocrx_word' id='word_1_60' title='bbox 909 1025 1150 1097; x_wconf 75' lang='grc' dir='ltr'><strong>ἐρημίαν</strong></span> <span class='ocrx_word' id='word_1_61' title='bbox 1178 1023 1478 1078; x_wconf 75' lang='grc' dir='ltr'><strong>οἰκούντων</strong></span> <span class='ocrx_word' id='word_1_62' title='bbox 1499 1023 1625 1086; x_wconf 86' lang='grc' dir='ltr'><strong>τοὺς</strong></span> <span class='ocrx_word' id='word_1_63' title='bbox 1658 1024 1882 1086; x_wconf 86' lang='grc' dir='ltr'><strong>τόπους.</strong></span> 
     </span>
    </p>
   </div>
   <div class='ocr_carea' id='block_1_12' title="bbox 488 1113 1991 1189">
    <p class='ocr_par' dir='ltr' id='par_1_12' title="bbox 488 1113 1991 1189">
     <span class='ocr_line' id='line_1_12' title="bbox 488 1113 1991 1189; baseline -0.004 -17"><span class='ocrx_word' id='word_1_64' title='bbox 488 1138 508 1172; x_wconf 83' lang='grc'>‹</span> <span class='ocrx_word' id='word_1_65' title='bbox 567 1119 701 1172; x_wconf 83' lang='grc' dir='ltr'><strong>Ἰδοὺ</strong></span> <span class='ocrx_word' id='word_1_66' title='bbox 749 1117 879 1181; x_wconf 78' lang='grc' dir='ltr'><strong>λαὸς</strong></span> <span class='ocrx_word' id='word_1_67' title='bbox 920 1117 1162 1189; x_wconf 78' lang='grc' dir='ltr'><strong>ἔρχεται.</strong></span> <span class='ocrx_word' id='word_1_68' title='bbox 1222 1136 1241 1170; x_wconf 70' lang='grc' dir='ltr'><strong>ι</strong></span> <span class='ocrx_word' id='word_1_69' title='bbox 1294 1117 1360 1170; x_wconf 80' lang='lat' dir='ltr'><strong>Ol</strong></span> <span class='ocrx_word' id='word_1_70' title='bbox 1419 1116 1479 1180; x_wconf 80' lang='grc' dir='ltr'><strong>ἐξ</strong></span> <span class='ocrx_word' id='word_1_71' title='bbox 1534 1114 1706 1168; x_wconf 79' lang='grc' dir='ltr'><strong>ὲθνῶν</strong></span> <span class='ocrx_word' id='word_1_72' title='bbox 1770 1113 1991 1168; x_wconf 81' lang='grc' dir='ltr'><strong>πιστεύ-</strong></span> 
     </span>
    </p>
   </div>
   <div class='ocr_carea' id='block_1_13' title="bbox 415 1229 628 1275">
    <p class='ocr_par' dir='ltr' id='par_1_13' title="bbox 415 1229 628 1275">
     <span class='ocr_line' id='line_1_13' title="bbox 415 1229 628 1275; baseline -0.009 -10"><span class='ocrx_word' id='word_1_73' title='bbox 415 1229 628 1275; x_wconf 85' lang='grc' dir='ltr'><strong>σαντες.</strong></span> 
     </span>
    </p>
   </div>
   <div class='ocr_carea' id='block_1_14' title="bbox 491 1295 1987 1372">
    <p class='ocr_par' dir='ltr' id='par_1_14' title="bbox 491 1295 1987 1372">
     <span class='ocr_line' id='line_1_14' title="bbox 491 1295 1987 1372; baseline -0.003 -17"><span class='ocrx_word' id='word_1_74' title='bbox 491 1321 509 1355; x_wconf 83' lang='grc' dir='ltr'><strong>ι</strong></span> <span class='ocrx_word' id='word_1_75' title='bbox 547 1303 657 1357; x_wconf 69' lang='grc' dir='ltr'><strong>Καὶ</strong></span> <span class='ocrx_word' id='word_1_76' title='bbox 680 1301 925 1372; x_wconf 80' lang='grc' dir='ltr'><strong>βασιλεῖς</strong></span> <span class='ocrx_word' id='word_1_77' title='bbox 957 1299 1166 1354; x_wconf 89' lang='grc' dir='ltr'><strong>πολλοί.</strong></span> <span class='ocrx_word' id='word_1_78' title='bbox 1194 1319 1213 1352; x_wconf 72' lang='grc' dir='ltr'><strong>ι</strong></span> <span class='ocrx_word' id='word_1_79' title='bbox 1247 1299 1442 1360; x_wconf 81' lang='grc' dir='ltr'><strong>Ἐθνος</strong></span> <span class='ocrx_word' id='word_1_80' title='bbox 1481 1297 1590 1369; x_wconf 83' lang='grc' dir='ltr'><strong>γάρ</strong></span> <span class='ocrx_word' id='word_1_81' title='bbox 1629 1298 1768 1350; x_wconf 76' lang='grc' dir='ltr'><strong>εἰσιν</strong></span> <span class='ocrx_word' id='word_1_82' title='bbox 1806 1295 1987 1363; x_wconf 78' lang='grc' dir='ltr'><strong>ἅγιον,</strong></span> 
     </span>
    </p>
   </div>
   <div class='ocr_carea' id='block_1_15' title="bbox 416 1388 1993 1467">
    <p class='ocr_par' dir='ltr' id='par_1_15' title="bbox 416 1388 1993 1467">
     <span class='ocr_line' id='line_1_15' title="bbox 416 1388 1993 1467; baseline -0.006 -18"><span class='ocrx_word' id='word_1_83' title='bbox 416 1395 690 1467; x_wconf 87' lang='grc' dir='ltr'><strong>βασίλειον</strong></span> <span class='ocrx_word' id='word_1_84' title='bbox 733 1395 1068 1466; x_wconf 75' lang='grc' dir='ltr'><strong>ἱεράτευμα·</strong></span> <span class='ocrx_word' id='word_1_85' title='bbox 1105 1391 1280 1445; x_wconf 86' lang='grc' dir='ltr'><strong>ταῦτα</strong></span> <span class='ocrx_word' id='word_1_86' title='bbox 1307 1392 1364 1444; x_wconf 83' lang='grc' dir='ltr'><strong>δὲ</strong></span> <span class='ocrx_word' id='word_1_87' title='bbox 1402 1392 1516 1444; x_wconf 82' lang='grc' dir='ltr'><strong>ἑνοῖ</strong></span> <span class='ocrx_word' id='word_1_88' title='bbox 1546 1391 1685 1459; x_wconf 85' lang='grc' dir='ltr'><strong>μετὰ</strong></span> <span class='ocrx_word' id='word_1_89' title='bbox 1719 1388 1816 1460; x_wconf 80' lang='grc' dir='ltr'><strong>τὴν</strong></span> <span class='ocrx_word' id='word_1_90' title='bbox 1854 1389 1993 1442; x_wconf 79' lang='grc' dir='ltr'><strong>ἱστο-</strong></span> 
     </span>
    </p>
   </div>
   <div class='ocr_carea' id='block_1_16' title="bbox 453 1488 560 1542">
    <p class='ocr_par' dir='ltr' id='par_1_16' title="bbox 453 1488 560 1542">
     <span class='ocr_line' id='line_1_16' title="bbox 453 1488 560 1542; baseline 0.019 -2"><span class='ocrx_word' id='word_1_91' title='bbox 453 1488 560 1542; x_wconf 85' lang='grc' dir='ltr'><strong>ίαν.</strong></span> 
     </span>
    </p>
   </div>
   <div class='ocr_carea' id='block_1_17' title="bbox 416 1506 1995 1649">
    <p class='ocr_par' dir='ltr' id='par_1_17' title="bbox 416 1506 1995 1649">
     <span class='ocr_line' id='line_1_17' title="bbox 416 1506 1995 1649; baseline -0.007 -15"><span class='ocrx_word' id='word_1_92' title='bbox 416 1506 560 1635; x_wconf 39' lang='lat' dir='ltr'><strong>“ab.</strong></span> <span class='ocrx_word' id='word_1_93' title='bbox 602 1581 660 1633; x_wconf 79' lang='grc' dir='ltr'><strong>ὲν</strong></span> <span class='ocrx_word' id='word_1_94' title='bbox 714 1577 793 1648; x_wconf 82' lang='grc' dir='ltr'><strong>τῷ</strong></span> <span class='ocrx_word' id='word_1_95' title='bbox 842 1576 1089 1649; x_wconf 76' lang='grc' dir='ltr'><strong>Ἰορδάνῃ</strong></span> <span class='ocrx_word' id='word_1_96' title='bbox 1141 1571 1539 1644; x_wconf 79' lang='grc' dir='ltr'><strong>βαπτιζόμενος</strong></span> <span class='ocrx_word' id='word_1_97' title='bbox 1585 1571 1734 1634; x_wconf 83' lang='grc' dir='ltr'><strong>λαός.</strong></span> <span class='ocrx_word' id='word_1_98' title='bbox 1785 1571 1845 1624; x_wconf 83' lang='lat'><strong>&#39;0</strong></span> <span class='ocrx_word' id='word_1_99' title='bbox 1897 1570 1995 1640; x_wconf 75' lang='grc' dir='ltr'><strong>τὴν</strong></span> 
     </span>
    </p>
   </div>
   <div class='ocr_carea' id='block_1_18' title="bbox 414 1664 1400 1744">
    <p class='ocr_par' dir='ltr' id='par_1_18' title="bbox 414 1664 1400 1744">
     <span class='ocr_line' id='line_1_18' title="bbox 414 1664 1400 1744; baseline -0.01 -16"><span class='ocrx_word' id='word_1_100' title='bbox 414 1674 613 1744; x_wconf 80' lang='grc' dir='ltr'><strong>νοητὴν</strong></span> <span class='ocrx_word' id='word_1_101' title='bbox 640 1669 942 1725; x_wconf 89' lang='grc' dir='ltr'><strong>Βαϐυλῶνα</strong></span> <span class='ocrx_word' id='word_1_102' title='bbox 973 1664 1400 1736; x_wconf 75' lang='grc' dir='ltr'><strong>καταπολεμῶν.</strong></span> 
     </span>
    </p>
   </div>
   <div class='ocr_carea' id='block_1_19' title="bbox 493 1753 1997 1832">
    <p class='ocr_par' dir='ltr' id='par_1_19' title="bbox 493 1753 1997 1832">
     <span class='ocr_line' id='line_1_19' title="bbox 493 1753 1997 1832; baseline -0.007 -16"><span class='ocrx_word' id='word_1_103' title='bbox 493 1783 512 1816; x_wconf 73' lang='grc' dir='ltr'><strong>ι</strong></span> <span class='ocrx_word' id='word_1_104' title='bbox 549 1765 640 1828; x_wconf 80' lang='lat' dir='ltr'><strong>El;</strong></span> <span class='ocrx_word' id='word_1_105' title='bbox 671 1761 911 1832; x_wconf 82' lang='grc' dir='ltr'><strong>Γαιθάμ.</strong></span> <span class='ocrx_word' id='word_1_106' title='bbox 964 1779 983 1813; x_wconf 73' lang='grc' dir='ltr'><strong>ι</strong></span> <span class='ocrx_word' id='word_1_107' title='bbox 1032 1758 1249 1828; x_wconf 81' lang='grc' dir='ltr'><strong>Γαιθὰμ</strong></span> <span class='ocrx_word' id='word_1_108' title='bbox 1293 1756 1457 1820; x_wconf 85' lang='grc' dir='ltr'><strong>τόπος</strong></span> <span class='ocrx_word' id='word_1_109' title='bbox 1487 1755 1584 1809; x_wconf 86' lang='grc' dir='ltr'><strong>τοῦ</strong></span> <span class='ocrx_word' id='word_1_110' title='bbox 1615 1753 1905 1826; x_wconf 77' lang='grc' dir='ltr'><strong>Ἰορδάνου,</strong></span> <span class='ocrx_word' id='word_1_111' title='bbox 1940 1755 1997 1805; x_wconf 84' lang='grc' dir='ltr'><strong>ὲν</strong></span> 
     </span>
    </p>
   </div>
   <div class='ocr_carea' id='block_1_20' title="bbox 415 1851 950 1926">
    <p class='ocr_par' dir='ltr' id='par_1_20' title="bbox 415 1851 950 1926">
     <span class='ocr_line' id='line_1_20' title="bbox 415 1851 950 1926; baseline -0.007 -17"><span class='ocrx_word' id='word_1_112' title='bbox 415 1851 461 1926; x_wconf 77' lang='grc' dir='ltr'>ᾧ</span> <span class='ocrx_word' id='word_1_113' title='bbox 490 1855 680 1911; x_wconf 70' lang='grc' dir='ltr'><strong>πολλοὶ</strong></span> <span class='ocrx_word' id='word_1_114' title='bbox 713 1854 950 1916; x_wconf 81' lang='grc' dir='ltr'><strong>λέοντες.</strong></span> 
     </span>
    </p>
   </div>
   <div class='ocr_carea' id='block_1_21' title="bbox 494 1936 2001 2016">
    <p class='ocr_par' dir='ltr' id='par_1_21' title="bbox 494 1936 2001 2016">
     <span class='ocr_line' id='line_1_21' title="bbox 494 1936 2001 2016; baseline -0.009 -13"><span class='ocrx_word' id='word_1_115' title='bbox 494 1969 512 2002; x_wconf 85' lang='grc' dir='ltr'><strong>ι</strong></span> <span class='ocrx_word' id='word_1_116' title='bbox 550 1947 677 2002; x_wconf 77' lang='grc' dir='ltr'><strong>Ὀτι</strong></span> <span class='ocrx_word' id='word_1_117' title='bbox 703 1944 916 2016; x_wconf 80' lang='grc' dir='ltr'><strong>ταχέως</strong></span> <span class='ocrx_word' id='word_1_118' title='bbox 946 1940 1188 2006; x_wconf 82' lang='grc' dir='ltr'><strong>ὲκδιὼξω</strong></span> <span class='ocrx_word' id='word_1_119' title='bbox 1223 1939 1443 2004; x_wconf 81' lang='grc' dir='ltr'><strong>αὐτούς.</strong></span> <span class='ocrx_word' id='word_1_120' title='bbox 1477 1959 1497 1993; x_wconf 71' lang='grc' dir='ltr'><strong>ι</strong></span> <span class='ocrx_word' id='word_1_121' title='bbox 1529 1939 1668 2002; x_wconf 79' lang='grc' dir='ltr'><strong>Τοὺς</strong></span> <span class='ocrx_word' id='word_1_122' title='bbox 1697 1936 2001 2000; x_wconf 88' lang='grc' dir='ltr'><strong>Χαλδαίους</strong></span> 
     </span>
    </p>
   </div>
   <div class='ocr_carea' id='block_1_22' title="bbox 417 2040 987 2111">
    <p class='ocr_par' dir='ltr' id='par_1_22' title="bbox 417 2040 987 2111">
     <span class='ocr_line' id='line_1_22' title="bbox 417 2040 987 2111; baseline 0 -17"><span class='ocrx_word' id='word_1_123' title='bbox 417 2042 484 2095; x_wconf 73' lang='grc' dir='ltr'><strong>ἐκ</strong></span> <span class='ocrx_word' id='word_1_124' title='bbox 514 2041 612 2111; x_wconf 82' lang='grc' dir='ltr'><strong>τῆς</strong></span> <span class='ocrx_word' id='word_1_125' title='bbox 649 2040 987 2102; x_wconf 86' lang='grc' dir='ltr'><strong>Βαϐυλῶνος.</strong></span> 
     </span>
    </p>
   </div>
   <div class='ocr_carea' id='block_1_23' title="bbox 496 2122 2002 2202">
    <p class='ocr_par' dir='ltr' id='par_1_23' title="bbox 496 2122 2002 2202">
     <span class='ocr_line' id='line_1_23' title="bbox 496 2122 2002 2202; baseline -0.007 -16"><span class='ocrx_word' id='word_1_126' title='bbox 496 2152 515 2186; x_wconf 83' lang='grc' dir='ltr'><strong>ι</strong></span> <span class='ocrx_word' id='word_1_127' title='bbox 552 2135 662 2188; x_wconf 70' lang='grc' dir='ltr'><strong>Καὶ</strong></span> <span class='ocrx_word' id='word_1_128' title='bbox 694 2133 778 2196; x_wconf 82' lang='grc' dir='ltr'><strong>τίς</strong></span> <span class='ocrx_word' id='word_1_129' title='bbox 807 2127 960 2196; x_wconf 78' lang='grc' dir='ltr'><strong>οὗτος</strong></span> <span class='ocrx_word' id='word_1_130' title='bbox 1009 2130 1236 2202; x_wconf 80' lang='grc' dir='ltr'><strong>ποιμήν.</strong></span> <span class='ocrx_word' id='word_1_131' title='bbox 1280 2147 1299 2180; x_wconf 83' lang='grc'><strong>›</strong></span> <span class='ocrx_word' id='word_1_132' title='bbox 1329 2127 1436 2182; x_wconf 89' lang='grc' dir='ltr'><strong>Τοῦ</strong></span> <span class='ocrx_word' id='word_1_133' title='bbox 1475 2124 1585 2196; x_wconf 84' lang='grc' dir='ltr'><strong>γὰρ</strong></span> <span class='ocrx_word' id='word_1_134' title='bbox 1627 2122 1838 2194; x_wconf 82' lang='grc' dir='ltr'><strong>ἀγαθοῦ</strong></span> <span class='ocrx_word' id='word_1_135' title='bbox 1883 2140 2002 2177; x_wconf 85' lang='grc' dir='ltr'><strong>ποι-</strong></span> 
     </span>
    </p>
   </div>
   <div class='ocr_carea' id='block_1_24' title="bbox 422 2216 2001 2298">
    <p class='ocr_par' dir='ltr' id='par_1_24' title="bbox 422 2216 2001 2298">
     <span class='ocr_line' id='line_1_24' title="bbox 422 2216 2001 2298; baseline -0.008 -18"><span class='ocrx_word' id='word_1_136' title='bbox 422 2227 584 2298; x_wconf 82' lang='grc' dir='ltr'><strong>μένος</strong></span> <span class='ocrx_word' id='word_1_137' title='bbox 614 2223 1006 2296; x_wconf 81' lang='grc' dir='ltr'><strong>ὲξαιρουμὲνου</strong></span> <span class='ocrx_word' id='word_1_138' title='bbox 1027 2223 1198 2297; x_wconf 74' lang='grc' dir='ltr'><strong>ἡμᾶς,</strong></span> <span class='ocrx_word' id='word_1_139' title='bbox 1219 2219 1374 2274; x_wconf 81' lang='grc' dir='ltr'><strong>οὐδὲν</strong></span> <span class='ocrx_word' id='word_1_140' title='bbox 1407 2222 1539 2291; x_wconf 79' lang='grc' dir='ltr'><strong>ἡμῖν</strong></span> <span class='ocrx_word' id='word_1_141' title='bbox 1571 2219 1749 2272; x_wconf 85' lang='grc' dir='ltr'><strong>ποιεῖν</strong></span> <span class='ocrx_word' id='word_1_142' title='bbox 1777 2216 2001 2271; x_wconf 88' lang='grc' dir='ltr'><strong>δύναται</strong></span> 
     </span>
    </p>
   </div>
   <div class='ocr_carea' id='block_1_25' title="bbox 419 2317 766 2388">
    <p class='ocr_par' dir='ltr' id='par_1_25' title="bbox 419 2317 766 2388">
     <span class='ocr_line' id='line_1_25' title="bbox 419 2317 766 2388; baseline -0.006 -16"><span class='ocrx_word' id='word_1_143' title='bbox 419 2321 449 2372; x_wconf 87' lang='grc' dir='ltr'><strong>ό</strong></span> <span class='ocrx_word' id='word_1_144' title='bbox 482 2317 766 2388; x_wconf 79' lang='grc' dir='ltr'><strong>πολέμιος.</strong></span> 
     </span>
    </p>
   </div>
   <div class='ocr_carea' id='block_1_26' title="bbox 499 2400 2004 2479">
    <p class='ocr_par' dir='ltr' id='par_1_26' title="bbox 499 2400 2004 2479">
     <span class='ocr_line' id='line_1_26' title="bbox 499 2400 2004 2479; baseline -0.006 -18"><span class='ocrx_word' id='word_1_145' title='bbox 499 2428 518 2461; x_wconf 81' lang='grc' dir='ltr'><strong>ι</strong></span> <span class='ocrx_word' id='word_1_146' title='bbox 559 2410 686 2465; x_wconf 81' lang='grc' dir='ltr'><strong>Ἐὰν</strong></span> <span class='ocrx_word' id='word_1_147' title='bbox 725 2407 801 2479; x_wconf 82' lang='grc' dir='ltr'><strong>μὴ</strong></span> <span class='ocrx_word' id='word_1_148' title='bbox 851 2403 1176 2474; x_wconf 81' lang='grc' dir='ltr'><strong>διαφανισθῇ</strong></span> <span class='ocrx_word' id='word_1_149' title='bbox 1229 2401 1371 2473; x_wconf 86' lang='grc' dir='ltr'><strong>νομὴ</strong></span> <span class='ocrx_word' id='word_1_150' title='bbox 1405 2401 1501 2454; x_wconf 83' lang='grc' dir='ltr'><strong>ἀπ’</strong></span> <span class='ocrx_word' id='word_1_151' title='bbox 1544 2400 1752 2456; x_wconf 82' lang='grc' dir='ltr'><strong>αὐτῶν.</strong></span> <span class='ocrx_word' id='word_1_152' title='bbox 1795 2419 1815 2453; x_wconf 75' lang='grc' dir='ltr'><strong>ι</strong></span> <span class='ocrx_word' id='word_1_153' title='bbox 1853 2400 2004 2453; x_wconf 77' lang='grc' dir='ltr'><strong>Ἀντὶ</strong></span> 
     </span>
    </p>
   </div>
   <div class='ocr_carea' id='block_1_27' title="bbox 419 2491 2004 2570">
    <p class='ocr_par' dir='ltr' id='par_1_27' title="bbox 419 2491 2004 2570">
     <span class='ocr_line' id='line_1_27' title="bbox 419 2491 2004 2570; baseline -0.006 -16"><span class='ocrx_word' id='word_1_154' title='bbox 419 2501 538 2567; x_wconf 84' lang='grc' dir='ltr'><strong>τοῦ,</strong></span> <span class='ocrx_word' id='word_1_155' title='bbox 580 2500 814 2570; x_wconf 81' lang='grc' dir='ltr'><strong>φίλτατα</strong></span> <span class='ocrx_word' id='word_1_156' title='bbox 839 2497 1005 2550; x_wconf 86' lang='grc' dir='ltr'><strong>τέκνα</strong></span> <span class='ocrx_word' id='word_1_157' title='bbox 1031 2512 1044 2526; x_wconf 70' lang='grc' dir='ltr'><strong>ο</strong></span> <span class='ocrx_word' id='word_1_158' title='bbox 1065 2495 1264 2564; x_wconf 83' lang='grc' dir='ltr'><strong>δεῖγμα</strong></span> <span class='ocrx_word' id='word_1_159' title='bbox 1294 2493 1350 2546; x_wconf 86' lang='grc' dir='ltr'><strong>δὲ</strong></span> <span class='ocrx_word' id='word_1_160' title='bbox 1378 2491 1539 2545; x_wconf 85' lang='grc' dir='ltr'><strong>τοῦτο</strong></span> <span class='ocrx_word' id='word_1_161' title='bbox 1576 2493 1782 2564; x_wconf 83' lang='grc' dir='ltr'><strong>πικρᾶς</strong></span> <span class='ocrx_word' id='word_1_162' title='bbox 1806 2493 2004 2562; x_wconf 85' lang='grc' dir='ltr'><strong>αἰχμα-</strong></span> 
     </span>
    </p>
   </div>
   <div class='ocr_carea' id='block_1_28' title="bbox 421 2592 644 2656">
    <p class='ocr_par' dir='ltr' id='par_1_28' title="bbox 421 2592 644 2656">
     <span class='ocr_line' id='line_1_28' title="bbox 421 2592 644 2656; baseline 0.004 -12"><span class='ocrx_word' id='word_1_163' title='bbox 421 2592 644 2656; x_wconf 84' lang='grc' dir='ltr'><strong>λωσίας.</strong></span> 
     </span>
    </p>
   </div>
   <div class='ocr_carea' id='block_1_29' title="bbox 1041 2678 1364 2733">
    <p class='ocr_par' dir='ltr' id='par_1_29' title="bbox 1041 2678 1364 2733">
     <span class='ocr_line' id='line_1_29' title="bbox 1041 2678 1364 2733; baseline 0 0"><span class='ocrx_word' id='word_1_164' title='bbox 1041 2681 1196 2733; x_wconf 82' lang='grc' dir='ltr'><strong>ΚΕΦ.</strong></span> <span class='ocrx_word' id='word_1_165' title='bbox 1236 2678 1364 2733; x_wconf 81' lang='grc' dir='ltr'><strong>ΝΑ’.</strong></span> 
     </span>
    </p>
   </div>
   <div class='ocr_carea' id='block_1_30' title="bbox 500 2767 2004 2842">
    <p class='ocr_par' dir='ltr' id='par_1_30' title="bbox 500 2767 2004 2842">
     <span class='ocr_line' id='line_1_30' title="bbox 500 2767 2004 2842; baseline -0.002 -18"><span class='ocrx_word' id='word_1_166' title='bbox 500 2793 518 2824; x_wconf 82' lang='grc' dir='ltr'><strong>ι</strong></span> <span class='ocrx_word' id='word_1_167' title='bbox 557 2774 797 2842; x_wconf 74' lang='grc' dir='ltr'><strong>Ἄνεμον</strong></span> <span class='ocrx_word' id='word_1_168' title='bbox 861 2772 1120 2823; x_wconf 83' lang='grc' dir='ltr'><strong>καύσωνα</strong></span> <span class='ocrx_word' id='word_1_169' title='bbox 1173 2767 1578 2840; x_wconf 81' lang='grc' dir='ltr'><strong>διαφθείροντα.</strong></span> <span class='ocrx_word' id='word_1_170' title='bbox 1633 2787 1653 2820; x_wconf 82' lang='grc'>›</span> <span class='ocrx_word' id='word_1_171' title='bbox 1707 2769 1864 2823; x_wconf 84' lang='grc' dir='ltr'><strong>Μετὰ</strong></span> <span class='ocrx_word' id='word_1_172' title='bbox 1905 2769 2004 2840; x_wconf 82' lang='grc' dir='ltr'><strong>τὴν</strong></span> 
     </span>
    </p>
   </div>
   <div class='ocr_carea' id='block_1_31' title="bbox 427 2859 2005 2936">
    <p class='ocr_par' dir='ltr' id='par_1_31' title="bbox 427 2859 2005 2936">
     <span class='ocr_line' id='line_1_31' title="bbox 427 2859 2005 2936; baseline -0.003 -18"><span class='ocrx_word' id='word_1_173' title='bbox 427 2865 667 2936; x_wconf 77' lang='grc' dir='ltr'><strong>ἱστορίαν</strong></span> <span class='ocrx_word' id='word_1_174' title='bbox 698 2864 810 2917; x_wconf 91' lang='grc' dir='ltr'><strong>νόει</strong></span> <span class='ocrx_word' id='word_1_175' title='bbox 841 2864 968 2924; x_wconf 80' lang='grc' dir='ltr'><strong>τοὺς</strong></span> <span class='ocrx_word' id='word_1_176' title='bbox 1001 2861 1106 2915; x_wconf 78' lang='grc' dir='ltr'><strong>ὑπὸ</strong></span> <span class='ocrx_word' id='word_1_177' title='bbox 1151 2861 1243 2914; x_wconf 90' lang='grc' dir='ltr'><strong>τοῦ</strong></span> <span class='ocrx_word' id='word_1_178' title='bbox 1300 2861 1459 2928; x_wconf 77' lang='grc' dir='ltr'><strong>ἁγίου</strong></span> <span class='ocrx_word' id='word_1_179' title='bbox 1495 2861 1813 2931; x_wconf 86' lang='grc' dir='ltr'><strong>Πνεύματος</strong></span> <span class='ocrx_word' id='word_1_180' title='bbox 1875 2859 2005 2930; x_wconf 85' lang='grc' dir='ltr'><strong>βοη-</strong></span> 
     </span>
    </p>
   </div>
   <div class='ocr_carea' id='block_1_32' title="bbox 425 2953 2005 3028">
    <p class='ocr_par' dir='ltr' id='par_1_32' title="bbox 425 2953 2005 3028">
     <span class='ocr_line' id='line_1_32' title="bbox 425 2953 2005 3028; baseline -0.004 -17"><span class='ocrx_word' id='word_1_181' title='bbox 425 2957 749 3028; x_wconf 77' lang='grc' dir='ltr'><strong>θουμένους,</strong></span> <span class='ocrx_word' id='word_1_182' title='bbox 779 2955 907 3022; x_wconf 83' lang='grc' dir='ltr'><strong>τοὺς</strong></span> <span class='ocrx_word' id='word_1_183' title='bbox 940 2953 1300 3026; x_wconf 82' lang='grc' dir='ltr'><strong>ξηραίνοντας</strong></span> <span class='ocrx_word' id='word_1_184' title='bbox 1331 2955 1426 3007; x_wconf 81' lang='grc' dir='ltr'><strong>καὶ</strong></span> <span class='ocrx_word' id='word_1_185' title='bbox 1463 2953 1884 3023; x_wconf 78' lang='grc' dir='ltr'><strong>διαφθείροντας</strong></span> <span class='ocrx_word' id='word_1_186' title='bbox 1907 2954 2005 3021; x_wconf 78' lang='grc' dir='ltr'><strong>τῆς</strong></span> 
     </span>
    </p>
   </div>
   <div class='ocr_carea' id='block_1_33' title="bbox 426 3045 1035 3117">
    <p class='ocr_par' dir='ltr' id='par_1_33' title="bbox 426 3045 1035 3117">
     <span class='ocr_line' id='line_1_33' title="bbox 426 3045 1035 3117; baseline -0.01 -13"><span class='ocrx_word' id='word_1_187' title='bbox 426 3049 626 3110; x_wconf 80' lang='grc' dir='ltr'><strong>κακίας</strong></span> <span class='ocrx_word' id='word_1_188' title='bbox 655 3046 724 3100; x_wconf 81' lang='grc' dir='ltr'><strong>τὰ</strong></span> <span class='ocrx_word' id='word_1_189' title='bbox 762 3045 1035 3117; x_wconf 79' lang='grc' dir='ltr'><strong>ῥεύματα.</strong></span> 
     </span>
    </p>
   </div>
   <div class='ocr_carea' id='block_1_34' title="bbox 500 3134 2074 3228">
    <p class='ocr_par' dir='ltr' id='par_1_34' title="bbox 500 3134 2074 3228">
     <span class='ocr_line' id='line_1_34' title="bbox 500 3134 2074 3228; baseline -0.003 -38"><span class='ocrx_word' id='word_1_190' title='bbox 500 3157 521 3190; x_wconf 69' lang='grc' dir='ltr'><strong>ε</strong></span> <span class='ocrx_word' id='word_1_191' title='bbox 567 3139 678 3192; x_wconf 69' lang='grc' dir='ltr'><strong>Καὶ</strong></span> <span class='ocrx_word' id='word_1_192' title='bbox 713 3138 787 3208; x_wconf 81' lang='grc' dir='ltr'><strong>μὴ</strong></span> <span class='ocrx_word' id='word_1_193' title='bbox 819 3135 1096 3205; x_wconf 83' lang='grc' dir='ltr'><strong>φείσεσθε.</strong></span> <span class='ocrx_word' id='word_1_194' title='bbox 1129 3155 1146 3188; x_wconf 77' lang='grc' dir='ltr'><strong>ι</strong></span> <span class='ocrx_word' id='word_1_195' title='bbox 1185 3137 1333 3188; x_wconf 76' lang='grc' dir='ltr'><strong>Ἀντὶ</strong></span> <span class='ocrx_word' id='word_1_196' title='bbox 1359 3134 1476 3196; x_wconf 85' lang='grc' dir='ltr'><strong>τοῦ.</strong></span> <span class='ocrx_word' id='word_1_197' title='bbox 1510 3137 1583 3206; x_wconf 82' lang='grc' dir='ltr'><strong>μὴ</strong></span> <span class='ocrx_word' id='word_1_198' title='bbox 1609 3134 1885 3228; x_wconf 69' lang='grc' dir='ltr'><strong>πτοηθῆτε</strong></span> <span class='ocrx_word' id='word_1_199' title='bbox 1905 3136 2003 3206; x_wconf 80' lang='grc' dir='ltr'><strong>τὴν</strong></span> <span class='ocrx_word' id='word_1_200' title='bbox 2031 3170 2074 3228; x_wconf 71' lang='lat' dir='ltr'>c</span> 
     </span>
    </p>
   </div>
   <div class='ocr_carea' id='block_1_35' title="bbox 425 3225 1946 3303">
    <p class='ocr_par' dir='ltr' id='par_1_35' title="bbox 425 3225 1946 3303">
     <span class='ocr_line' id='line_1_35' title="bbox 425 3225 1946 3303; baseline -0.005 -15"><span class='ocrx_word' id='word_1_201' title='bbox 425 3232 655 3303; x_wconf 76' lang='grc' dir='ltr'><strong>ἀπειλὴν</strong></span> <span class='ocrx_word' id='word_1_202' title='bbox 688 3230 800 3285; x_wconf 88' lang='grc' dir='ltr'><strong>τῶν</strong></span> <span class='ocrx_word' id='word_1_203' title='bbox 820 3230 1112 3301; x_wconf 85' lang='grc' dir='ltr'><strong>δαιμόνων.</strong></span> <span class='ocrx_word' id='word_1_204' title='bbox 1147 3227 1290 3296; x_wconf 84' lang='grc' dir='ltr'><strong>Ἐγὼ</strong></span> <span class='ocrx_word' id='word_1_205' title='bbox 1321 3227 1430 3296; x_wconf 81' lang='grc' dir='ltr'><strong>γάρ</strong></span> <span class='ocrx_word' id='word_1_206' title='bbox 1461 3227 1580 3296; x_wconf 83' lang='grc' dir='ltr'><strong>είμι</strong></span> <span class='ocrx_word' id='word_1_207' title='bbox 1617 3225 1737 3297; x_wconf 78' lang='grc' dir='ltr'><strong>μεθ’</strong></span> <span class='ocrx_word' id='word_1_208' title='bbox 1773 3225 1946 3296; x_wconf 89' lang='grc' dir='ltr'><strong>ὑμῶν.</strong></span> 
     </span>
    </p>
   </div>
   <div class='ocr_carea' id='block_1_36' title="bbox 502 3318 2004 3393">
    <p class='ocr_par' dir='ltr' id='par_1_36' title="bbox 502 3318 2004 3393">
     <span class='ocr_line' id='line_1_36' title="bbox 502 3318 2004 3393; baseline -0.004 -17"><span class='ocrx_word' id='word_1_209' title='bbox 502 3345 520 3376; x_wconf 74' lang='grc' dir='ltr'><strong>ι</strong></span> <span class='ocrx_word' id='word_1_210' title='bbox 556 3326 680 3379; x_wconf 83' lang='grc' dir='ltr'><strong>Ὀτι</strong></span> <span class='ocrx_word' id='word_1_211' title='bbox 726 3326 760 3393; x_wconf 78' lang='grc' dir='ltr'>ἡ</span> <span class='ocrx_word' id='word_1_212' title='bbox 800 3323 874 3393; x_wconf 82' lang='grc' dir='ltr'><strong>γῆ</strong></span> <span class='ocrx_word' id='word_1_213' title='bbox 913 3322 1112 3376; x_wconf 74' lang='grc' dir='ltr'><strong>αὐτῶν.</strong></span> <span class='ocrx_word' id='word_1_214' title='bbox 1158 3340 1176 3372; x_wconf 83' lang='grc'>›</span> <span class='ocrx_word' id='word_1_215' title='bbox 1215 3321 1496 3391; x_wconf 85' lang='grc' dir='ltr'><strong>Πλήρωμα</strong></span> <span class='ocrx_word' id='word_1_216' title='bbox 1526 3319 1656 3387; x_wconf 85' lang='grc' dir='ltr'><strong>γὰρ,</strong></span> <span class='ocrx_word' id='word_1_217' title='bbox 1707 3319 1862 3388; x_wconf 69' lang='grc' dir='ltr'><strong>φησι,</strong></span> <span class='ocrx_word' id='word_1_218' title='bbox 1904 3318 2004 3387; x_wconf 83' lang='grc' dir='ltr'><strong>τῆς</strong></span> 
     </span>
    </p>
   </div>
   <div class='ocr_carea' id='block_1_37' title="bbox 425 3407 2007 3477">
    <p class='ocr_par' dir='ltr' id='par_1_37' title="bbox 425 3407 2007 3477">
     <span class='ocr_line' id='line_1_37' title="bbox 425 3407 2007 3477; baseline -0.004 -8"><span class='ocrx_word' id='word_1_219' title='bbox 425 3416 639 3477; x_wconf 80' lang='grc' dir='ltr'><strong>ἀδικίας</strong></span> <span class='ocrx_word' id='word_1_220' title='bbox 686 3414 796 3468; x_wconf 86' lang='grc' dir='ltr'><strong>τῶν</strong></span> <span class='ocrx_word' id='word_1_221' title='bbox 827 3412 1132 3477; x_wconf 86' lang='grc' dir='ltr'><strong>Χαλδαίων,</strong></span> <span class='ocrx_word' id='word_1_222' title='bbox 1165 3411 1227 3464; x_wconf 84' lang='grc' dir='ltr'><strong>τὸ</strong></span> <span class='ocrx_word' id='word_1_223' title='bbox 1267 3411 1360 3464; x_wconf 75' lang='grc' dir='ltr'><strong>καὶ</strong></span> <span class='ocrx_word' id='word_1_224' title='bbox 1411 3409 1478 3462; x_wconf 80' lang='grc' dir='ltr'><strong>τὰ</strong></span> <span class='ocrx_word' id='word_1_225' title='bbox 1527 3408 1698 3477; x_wconf 86' lang='grc' dir='ltr'><strong>σκεύη</strong></span> <span class='ocrx_word' id='word_1_226' title='bbox 1751 3409 1822 3461; x_wconf 82' lang='grc' dir='ltr'><strong>τὰ</strong></span> <span class='ocrx_word' id='word_1_227' title='bbox 1873 3407 2007 3477; x_wconf 68' lang='grc' dir='ltr'><strong>ἅγια</strong></span> 
     </span>
    </p>
   </div>
   <div class='ocr_carea' id='block_1_38' title="bbox 427 3499 1724 3576">
    <p class='ocr_par' dir='ltr' id='par_1_38' title="bbox 427 3499 1724 3576">
     <span class='ocr_line' id='line_1_38' title="bbox 427 3499 1724 3576; baseline -0.004 -18"><span class='ocrx_word' id='word_1_228' title='bbox 427 3509 523 3561; x_wconf 73' lang='grc' dir='ltr'><strong>καὶ</strong></span> <span class='ocrx_word' id='word_1_229' title='bbox 557 3507 748 3574; x_wconf 82' lang='grc' dir='ltr'><strong>ἁγίους</strong></span> <span class='ocrx_word' id='word_1_230' title='bbox 770 3505 971 3576; x_wconf 77' lang='grc' dir='ltr'><strong>ἄνδρας</strong></span> <span class='ocrx_word' id='word_1_231' title='bbox 1008 3503 1268 3574; x_wconf 84' lang='grc' dir='ltr'><strong>μετάγειν</strong></span> <span class='ocrx_word' id='word_1_232' title='bbox 1299 3502 1378 3565; x_wconf 85' lang='grc' dir='ltr'><strong>είς</strong></span> <span class='ocrx_word' id='word_1_233' title='bbox 1404 3499 1724 3554; x_wconf 84' lang='grc' dir='ltr'><strong>Βαϐυλῶνα.</strong></span> 
     </span>
    </p>
   </div>
   <div class='ocr_carea' id='block_1_39' title="bbox 504 3590 2006 3665">
    <p class='ocr_par' dir='ltr' id='par_1_39' title="bbox 504 3590 2006 3665">
     <span class='ocr_line' id='line_1_39' title="bbox 504 3590 2006 3665; baseline -0.005 -17"><span class='ocrx_word' id='word_1_234' title='bbox 504 3617 523 3648; x_wconf 73' lang='grc' dir='ltr'><strong>ι</strong></span> <span class='ocrx_word' id='word_1_235' title='bbox 547 3596 782 3665; x_wconf 83' lang='grc' dir='ltr'><strong>Φεύγετε</strong></span> <span class='ocrx_word' id='word_1_236' title='bbox 821 3597 885 3648; x_wconf 77' lang='grc' dir='ltr'><strong>ἐκ</strong></span> <span class='ocrx_word' id='word_1_237' title='bbox 919 3595 1086 3664; x_wconf 82' lang='grc' dir='ltr'><strong>μέσου</strong></span> <span class='ocrx_word' id='word_1_238' title='bbox 1115 3591 1460 3655; x_wconf 80' lang='grc' dir='ltr'><strong>Βαϐυλῶνος.</strong></span> <span class='ocrx_word' id='word_1_239' title='bbox 1495 3611 1512 3644; x_wconf 85' lang='grc'><strong>›</strong></span> <span class='ocrx_word' id='word_1_240' title='bbox 1554 3590 1781 3659; x_wconf 82' lang='grc' dir='ltr'><strong>Φεύγειν</strong></span> <span class='ocrx_word' id='word_1_241' title='bbox 1811 3591 1838 3642; x_wconf 89' lang='grc' dir='ltr'><strong>ό</strong></span> <span class='ocrx_word' id='word_1_242' title='bbox 1869 3606 2006 3660; x_wconf 84' lang='grc' dir='ltr'><strong>προ⁸</strong></span> 
     </span>
    </p>
   </div>
   <div class='ocr_carea' id='block_1_40' title="bbox 427 3679 2006 3761">
    <p class='ocr_par' dir='ltr' id='par_1_40' title="bbox 427 3679 2006 3761">
     <span class='ocr_line' id='line_1_40' title="bbox 427 3679 2006 3761; baseline -0.006 -19"><span class='ocrx_word' id='word_1_243' title='bbox 427 3692 607 3761; x_wconf 75' lang='grc' dir='ltr'><strong>φήτης</strong></span> <span class='ocrx_word' id='word_1_244' title='bbox 645 3688 860 3741; x_wconf 78' lang='grc' dir='ltr'><strong>κελεύει</strong></span> <span class='ocrx_word' id='word_1_245' title='bbox 890 3689 955 3739; x_wconf 80' lang='grc' dir='ltr'><strong>ἐκ</strong></span> <span class='ocrx_word' id='word_1_246' title='bbox 995 3687 1166 3756; x_wconf 87' lang='grc' dir='ltr'><strong>μέσου</strong></span> <span class='ocrx_word' id='word_1_247' title='bbox 1199 3685 1302 3754; x_wconf 79' lang='grc' dir='ltr'><strong>τῆς</strong></span> <span class='ocrx_word' id='word_1_248' title='bbox 1331 3683 1649 3746; x_wconf 86' lang='grc' dir='ltr'><strong>Βαϐυλῶνος</strong></span> <span class='ocrx_word' id='word_1_249' title='bbox 1677 3683 1804 3745; x_wconf 83' lang='grc' dir='ltr'><strong>τοὺς</strong></span> <span class='ocrx_word' id='word_1_250' title='bbox 1835 3679 2006 3745; x_wconf 79' lang='grc' dir='ltr'><strong>σωζο-</strong></span> 
     </span>
    </p>
   </div>
   <div class='ocr_carea' id='block_1_41' title="bbox 430 3773 2004 3853">
    <p class='ocr_par' dir='ltr' id='par_1_41' title="bbox 430 3773 2004 3853">
     <span class='ocr_line' id='line_1_41' title="bbox 430 3773 2004 3853; baseline -0.007 -17"><span class='ocrx_word' id='word_1_251' title='bbox 430 3784 647 3853; x_wconf 75' lang='grc' dir='ltr'><strong>μένους,</strong></span> <span class='ocrx_word' id='word_1_252' title='bbox 671 3782 781 3835; x_wconf 85' lang='grc' dir='ltr'><strong>είτε</strong></span> <span class='ocrx_word' id='word_1_253' title='bbox 806 3782 905 3852; x_wconf 80' lang='grc' dir='ltr'><strong>τῆς</strong></span> <span class='ocrx_word' id='word_1_254' title='bbox 957 3779 1246 3850; x_wconf 82' lang='grc' dir='ltr'><strong>αἰσθητῆς,</strong></span> <span class='ocrx_word' id='word_1_255' title='bbox 1271 3777 1383 3831; x_wconf 73' lang='grc' dir='ltr'><strong>εἴτε</strong></span> <span class='ocrx_word' id='word_1_256' title='bbox 1412 3776 1508 3830; x_wconf 72' lang='grc' dir='ltr'><strong>καὶ</strong></span> <span class='ocrx_word' id='word_1_257' title='bbox 1554 3775 1657 3845; x_wconf 82' lang='grc' dir='ltr'><strong>τῆς</strong></span> <span class='ocrx_word' id='word_1_258' title='bbox 1679 3773 1774 3828; x_wconf 87' lang='grc' dir='ltr'><strong>τοῦ</strong></span> <span class='ocrx_word' id='word_1_259' title='bbox 1800 3774 2004 3844; x_wconf 78' lang='grc' dir='ltr'><strong>κόσμου</strong></span> 
     </span>
    </p>
   </div>
   <div class='ocr_carea' id='block_1_42' title="bbox 429 3873 770 3942">
    <p class='ocr_par' dir='ltr' id='par_1_42' title="bbox 429 3873 770 3942">
     <span class='ocr_line' id='line_1_42' title="bbox 429 3873 770 3942; baseline 0.003 -16"><span class='ocrx_word' id='word_1_260' title='bbox 429 3873 770 3942; x_wconf 87' lang='grc' dir='ltr'><strong>συγχύσεως.</strong></span> 
     </span>
    </p>
   </div>
   <div class='ocr_carea' id='block_1_43' title="bbox 504 3952 2005 4034">
    <p class='ocr_par' dir='ltr' id='par_1_43' title="bbox 504 3952 2005 4034">
     <span class='ocr_line' id='line_1_43' title="bbox 504 3952 2005 4034; baseline -0.005 -20"><span class='ocrx_word' id='word_1_261' title='bbox 504 3982 523 4014; x_wconf 77' lang='grc' dir='ltr'><strong>ι</strong></span> <span class='ocrx_word' id='word_1_262' title='bbox 556 3964 824 4034; x_wconf 83' lang='grc' dir='ltr'><strong>Ποτήριον</strong></span> <span class='ocrx_word' id='word_1_263' title='bbox 854 3961 1094 4033; x_wconf 83' lang='grc' dir='ltr'><strong>χρυσοῦν</strong></span> <span class='ocrx_word' id='word_1_264' title='bbox 1124 3959 1401 4014; x_wconf 85' lang='grc' dir='ltr'><strong>Βαϐυλών.</strong></span> <span class='ocrx_word' id='word_1_265' title='bbox 1438 3978 1456 4011; x_wconf 77' lang='grc' dir='ltr'><strong>ι</strong></span> <span class='ocrx_word' id='word_1_266' title='bbox 1502 3959 1766 4029; x_wconf 81' lang='grc' dir='ltr'><strong>Ποτὴριον</strong></span> <span class='ocrx_word' id='word_1_267' title='bbox 1809 3952 2005 4008; x_wconf 79' lang='grc' dir='ltr'><strong>πολλα·</strong></span> 
     </span>
    </p>
   </div>
   <div class='ocr_carea' id='block_1_44' title="bbox 427 4047 2007 4126">
    <p class='ocr_par' dir='ltr' id='par_1_44' title="bbox 427 4047 2007 4126">
     <span class='ocr_line' id='line_1_44' title="bbox 427 4047 2007 4126; baseline -0.006 -19"><span class='ocrx_word' id='word_1_268' title='bbox 427 4054 525 4125; x_wconf 88' lang='grc' dir='ltr'><strong>χοῦ</strong></span> <span class='ocrx_word' id='word_1_269' title='bbox 552 4055 703 4126; x_wconf 80' lang='grc' dir='ltr'><strong>παρὰ</strong></span> <span class='ocrx_word' id='word_1_270' title='bbox 724 4057 789 4126; x_wconf 78' lang='grc' dir='ltr'><strong>τῇ</strong></span> <span class='ocrx_word' id='word_1_271' title='bbox 816 4055 936 4126; x_wconf 74' lang='grc' dir='ltr'><strong>θείᾳ</strong></span> <span class='ocrx_word' id='word_1_272' title='bbox 960 4055 1151 4125; x_wconf 74' lang='grc' dir='ltr'><strong>Γραφῇ</strong></span> <span class='ocrx_word' id='word_1_273' title='bbox 1173 4052 1490 4123; x_wconf 84' lang='grc' dir='ltr'><strong>ὠνόμασται</strong></span> <span class='ocrx_word' id='word_1_274' title='bbox 1512 4051 1544 4120; x_wconf 83' lang='grc' dir='ltr'>ἡ</span> <span class='ocrx_word' id='word_1_275' title='bbox 1567 4049 1840 4120; x_wconf 81' lang='grc' dir='ltr'><strong>λεγομένη</strong></span> <span class='ocrx_word' id='word_1_276' title='bbox 1870 4047 2007 4118; x_wconf 84' lang='grc' dir='ltr'><strong>ὀργὴ</strong></span> 
     </span>
    </p>
   </div>
   <div class='ocr_carea' id='block_1_45' title="bbox 428 4139 2009 4217">
    <p class='ocr_par' dir='ltr' id='par_1_45' title="bbox 428 4139 2009 4217">
     <span class='ocr_line' id='line_1_45' title="bbox 428 4139 2009 4217; baseline -0.006 -15"><span class='ocrx_word' id='word_1_277' title='bbox 428 4148 526 4202; x_wconf 90' lang='grc' dir='ltr'><strong>τοῦ</strong></span> <span class='ocrx_word' id='word_1_278' title='bbox 557 4149 713 4202; x_wconf 86' lang='grc' dir='ltr'><strong>Θεοῦ.</strong></span> <span class='ocrx_word' id='word_1_279' title='bbox 732 4147 954 4217; x_wconf 80' lang='grc' dir='ltr'><strong>Ἐπειδὴ</strong></span> <span class='ocrx_word' id='word_1_280' title='bbox 974 4141 1069 4201; x_wconf 79' lang='grc' dir='ltr'><strong>οὖν</strong></span> <span class='ocrx_word' id='word_1_281' title='bbox 1091 4147 1217 4209; x_wconf 79' lang='grc' dir='ltr'><strong>τοὺς</strong></span> <span class='ocrx_word' id='word_1_282' title='bbox 1242 4142 1684 4215; x_wconf 86' lang='grc' dir='ltr'><strong>προσκυνοῦντας</strong></span> <span class='ocrx_word' id='word_1_283' title='bbox 1707 4140 1858 4211; x_wconf 82' lang='grc' dir='ltr'><strong>αὑτῷ</strong></span> <span class='ocrx_word' id='word_1_284' title='bbox 1877 4139 2009 4202; x_wconf 83' lang='grc' dir='ltr'><strong>Θεὸς</strong></span> 
     </span>
    </p>
   </div>
   <div class='ocr_carea' id='block_1_46' title="bbox 427 4231 2009 4308">
    <p class='ocr_par' dir='ltr' id='par_1_46' title="bbox 427 4231 2009 4308">
     <span class='ocr_line' id='line_1_46' title="bbox 427 4231 2009 4308; baseline -0.006 -15"><span class='ocrx_word' id='word_1_285' title='bbox 427 4240 516 4293; x_wconf 78' lang='grc' dir='ltr'><strong>διὰ</strong></span> <span class='ocrx_word' id='word_1_286' title='bbox 550 4238 912 4292; x_wconf 81' lang='grc' dir='ltr'><strong>Βαϐυλωνίων</strong></span> <span class='ocrx_word' id='word_1_287' title='bbox 939 4238 1288 4308; x_wconf 73' lang='grc' dir='ltr'><strong>ἐτιμωρεῖτο,</strong></span> <span class='ocrx_word' id='word_1_288' title='bbox 1323 4235 1586 4305; x_wconf 84' lang='grc' dir='ltr'><strong>ποτήριον</strong></span> <span class='ocrx_word' id='word_1_289' title='bbox 1620 4232 1890 4303; x_wconf 82' lang='grc' dir='ltr'><strong>μεθύσκον</strong></span> <span class='ocrx_word' id='word_1_290' title='bbox 1911 4231 2009 4285; x_wconf 79' lang='grc' dir='ltr'><strong>αὑ-</strong></span> 
     </span>
    </p>
   </div>
   <div class='ocr_carea' id='block_1_47' title="bbox 428 4321 2010 4402">
    <p class='ocr_par' dir='ltr' id='par_1_47' title="bbox 428 4321 2010 4402">
     <span class='ocr_line' id='line_1_47' title="bbox 428 4321 2010 4402; baseline -0.006 -18"><span class='ocrx_word' id='word_1_291' title='bbox 428 4332 526 4398; x_wconf 80' lang='grc' dir='ltr'><strong>τὴν</strong></span> <span class='ocrx_word' id='word_1_292' title='bbox 570 4329 841 4399; x_wconf 78' lang='grc' dir='ltr'><strong>κέκληκεν</strong></span> <span class='ocrx_word' id='word_1_293' title='bbox 867 4345 880 4358; x_wconf 88' lang='grc'><strong>·</strong></span> <span class='ocrx_word' id='word_1_294' title='bbox 918 4327 1156 4402; x_wconf 87' lang='grc' dir='ltr'><strong>χρυσοῦν</strong></span> <span class='ocrx_word' id='word_1_295' title='bbox 1190 4328 1277 4392; x_wconf 83' lang='grc' dir='ltr'><strong>δὲ,</strong></span> <span class='ocrx_word' id='word_1_296' title='bbox 1309 4327 1399 4380; x_wconf 83' lang='grc' dir='ltr'><strong>διὰ</strong></span> <span class='ocrx_word' id='word_1_297' title='bbox 1428 4327 1519 4380; x_wconf 81' lang='grc' dir='ltr'><strong>τὸν</strong></span> <span class='ocrx_word' id='word_1_298' title='bbox 1561 4327 1618 4378; x_wconf 77' lang='grc' dir='ltr'><strong>ὲν</strong></span> <span class='ocrx_word' id='word_1_299' title='bbox 1659 4323 1798 4394; x_wconf 78' lang='grc' dir='ltr'><strong>αὐτῇ</strong></span> <span class='ocrx_word' id='word_1_300' title='bbox 1846 4321 2010 4376; x_wconf 82' lang='grc' dir='ltr'><strong>πλοῦ-</strong></span> 
     </span>
    </p>
   </div>
   <div class='ocr_carea' id='block_1_48' title="bbox 429 4439 543 4476">
    <p class='ocr_par' dir='ltr' id='par_1_48' title="bbox 429 4439 543 4476">
     <span class='ocr_line' id='line_1_48' title="bbox 429 4439 543 4476; baseline 0 0"><span class='ocrx_word' id='word_1_301' title='bbox 429 4439 543 4476; x_wconf 84' lang='grc' dir='ltr'><strong>τον.</strong></span> 
     </span>
    </p>
   </div>
   <div class='ocr_carea' id='block_1_49' title="bbox 2089 571 3658 647">
    <p class='ocr_par' dir='ltr' id='par_1_49' title="bbox 2089 571 3658 647">
     <span class='ocr_line' id='line_1_49' title="bbox 2089 571 3658 647; baseline 0.004 -24"><span class='ocrx_word' id='word_1_302' title='bbox 2089 571 2318 634; x_wconf 88' lang='lat' dir='ltr'><strong>minum,</strong></span> <span class='ocrx_word' id='word_1_303' title='bbox 2356 588 2462 626; x_wconf 89' lang='lat' dir='ltr'><strong>non</strong></span> <span class='ocrx_word' id='word_1_304' title='bbox 2492 571 2764 638; x_wconf 82' lang='lat' dir='ltr'><strong>homines,</strong></span> <span class='ocrx_word' id='word_1_305' title='bbox 2795 583 2850 628; x_wconf 89' lang='lat' dir='ltr'><strong>ut</strong></span> <span class='ocrx_word' id='word_1_306' title='bbox 2878 591 3066 630; x_wconf 86' lang='lat' dir='ltr'><strong>eorum</strong></span> <span class='ocrx_word' id='word_1_307' title='bbox 3083 577 3172 646; x_wconf 89' lang='lat' dir='ltr'><strong>qui</strong></span> <span class='ocrx_word' id='word_1_308' title='bbox 3192 577 3502 647; x_wconf 73' lang='lat' dir='ltr'><strong>Babyloniis</strong></span> <span class='ocrx_word' id='word_1_309' title='bbox 3529 593 3658 646; x_wconf 84' lang='lat' dir='ltr'><strong>sup-</strong></span> 
     </span>
    </p>
   </div>
   <div class='ocr_carea' id='block_1_50' title="bbox 2090 662 3664 739">
    <p class='ocr_par' dir='ltr' id='par_1_50' title="bbox 2090 662 3664 739">
     <span class='ocr_line' id='line_1_50' title="bbox 2090 662 3664 739; baseline 0.006 -25"><span class='ocrx_word' id='word_1_310' title='bbox 2090 662 2261 730; x_wconf 89' lang='lat' dir='ltr'><strong>petias</strong></span> <span class='ocrx_word' id='word_1_311' title='bbox 2307 663 2570 729; x_wconf 81' lang='lat' dir='ltr'><strong>ferebant,</strong></span> <span class='ocrx_word' id='word_1_312' title='bbox 2623 665 2993 722; x_wconf 83' lang='lat' dir='ltr'><strong>inﬁrmitatem</strong></span> <span class='ocrx_word' id='word_1_313' title='bbox 3053 670 3404 739; x_wconf 81' lang='lat' dir='ltr'><strong>exprimeret.</strong></span> <span class='ocrx_word' id='word_1_314' title='bbox 3431 671 3562 723; x_wconf 79' lang='lat' dir='ltr'><strong>Nam</strong></span> <span class='ocrx_word' id='word_1_315' title='bbox 3608 681 3664 723; x_wconf 88' lang='lat' dir='ltr'><strong>et</strong></span> 
     </span>
    </p>
   </div>
   <div class='ocr_carea' id='block_1_51' title="bbox 2091 748 3659 828">
    <p class='ocr_par' dir='ltr' id='par_1_51' title="bbox 2091 748 3659 828">
     <span class='ocr_line' id='line_1_51' title="bbox 2091 748 3659 828; baseline 0.008 -26"><span class='ocrx_word' id='word_1_316' title='bbox 2091 748 2388 805; x_wconf 85' lang='lat' dir='ltr'><strong>insularum</strong></span> <span class='ocrx_word' id='word_1_317' title='bbox 2420 751 2641 819; x_wconf 86' lang='lat' dir='ltr'><strong>incolas,</strong></span> <span class='ocrx_word' id='word_1_318' title='bbox 2672 756 2764 824; x_wconf 91' lang='lat' dir='ltr'><strong>qui</strong></span> <span class='ocrx_word' id='word_1_319' title='bbox 2794 756 2896 810; x_wconf 91' lang='lat' dir='ltr'><strong>sibi</strong></span> <span class='ocrx_word' id='word_1_320' title='bbox 2923 757 3272 824; x_wconf 86' lang='lat' dir='ltr'><strong>obstiterant,</strong></span> <span class='ocrx_word' id='word_1_321' title='bbox 3303 758 3659 828; x_wconf 80' lang='lat' dir='ltr'><strong>cepitCyrus.</strong></span> 
     </span>
    </p>
   </div>
   <div class='ocr_carea' id='block_1_52' title="bbox 2093 835 3663 918">
    <p class='ocr_par' dir='ltr' id='par_1_52' title="bbox 2093 835 3663 918">
     <span class='ocr_line' id='line_1_52' title="bbox 2093 835 3663 918; baseline 0.007 -28"><span class='ocrx_word' id='word_1_322' title='bbox 2093 835 2195 892; x_wconf 79' lang='lat' dir='ltr'><strong>Eas</strong></span> <span class='ocrx_word' id='word_1_323' title='bbox 2241 853 2404 908; x_wconf 90' lang='lat' dir='ltr'><strong>porro</strong></span> <span class='ocrx_word' id='word_1_324' title='bbox 2430 841 2608 897; x_wconf 90' lang='lat' dir='ltr'><strong>nullos</strong></span> <span class='ocrx_word' id='word_1_325' title='bbox 2647 841 2851 898; x_wconf 89' lang='lat' dir='ltr'><strong>incolas</strong></span> <span class='ocrx_word' id='word_1_326' title='bbox 2873 843 3073 900; x_wconf 87' lang='lat' dir='ltr'><strong>habere</strong></span> <span class='ocrx_word' id='word_1_327' title='bbox 3105 861 3201 916; x_wconf 88' lang='lat' dir='ltr'><strong>per</strong></span> <span class='ocrx_word' id='word_1_328' title='bbox 3229 846 3450 902; x_wconf 85' lang='lat' dir='ltr'><strong>Sirenes</strong></span> <span class='ocrx_word' id='word_1_329' title='bbox 3490 848 3663 918; x_wconf 78' lang='lat' dir='ltr'><strong>signi-</strong></span> 
     </span>
    </p>
   </div>
   <div class='ocr_carea' id='block_1_53' title="bbox 2092 930 3666 1009">
    <p class='ocr_par' dir='ltr' id='par_1_53' title="bbox 2092 930 3666 1009">
     <span class='ocr_line' id='line_1_53' title="bbox 2092 930 3666 1009; baseline 0.007 -25"><span class='ocrx_word' id='word_1_330' title='bbox 2092 930 2238 998; x_wconf 82' lang='lat' dir='ltr'><strong>ﬁcat,</strong></span> <span class='ocrx_word' id='word_1_331' title='bbox 2269 947 2391 1002; x_wconf 68' lang='lat' dir='ltr'><strong>quae</strong></span> <span class='ocrx_word' id='word_1_332' title='bbox 2415 933 2681 988; x_wconf 65' lang='lat' dir='ltr'><strong>daemonia</strong></span> <span class='ocrx_word' id='word_1_333' title='bbox 2712 943 2840 989; x_wconf 82' lang='lat' dir='ltr'><strong>sunt</strong></span> <span class='ocrx_word' id='word_1_334' title='bbox 2892 936 3128 992; x_wconf 85' lang='lat' dir='ltr'><strong>humana</strong></span> <span class='ocrx_word' id='word_1_335' title='bbox 3172 938 3359 1009; x_wconf 84' lang='lat' dir='ltr'><strong>ﬁgura,</strong></span> <span class='ocrx_word' id='word_1_336' title='bbox 3402 939 3488 994; x_wconf 88' lang='lat' dir='ltr'><strong>vel</strong></span> <span class='ocrx_word' id='word_1_337' title='bbox 3536 954 3666 995; x_wconf 83' lang='lat' dir='ltr'><strong>aves</strong></span> 
     </span>
    </p>
   </div>
   <div class='ocr_carea' id='block_1_54' title="bbox 2092 1024 3203 1092">
    <p class='ocr_par' dir='ltr' id='par_1_54' title="bbox 2092 1024 3203 1092">
     <span class='ocr_line' id='line_1_54' title="bbox 2092 1024 3203 1092; baseline 0.005 -16"><span class='ocrx_word' id='word_1_338' title='bbox 2092 1037 2304 1076; x_wconf 81' lang='lat' dir='ltr'><strong>canorae</strong></span> <span class='ocrx_word' id='word_1_339' title='bbox 2327 1038 2448 1092; x_wconf 65' lang='lat' dir='ltr'><strong>quae</strong></span> <span class='ocrx_word' id='word_1_340' title='bbox 2472 1024 2708 1080; x_wconf 87' lang='lat' dir='ltr'><strong>solitaria</strong></span> <span class='ocrx_word' id='word_1_341' title='bbox 2734 1026 2849 1081; x_wconf 90' lang='lat' dir='ltr'><strong>loca</strong></span> <span class='ocrx_word' id='word_1_342' title='bbox 2878 1025 3203 1083; x_wconf 86' lang='lat' dir='ltr'><strong>inhabitant.</strong></span> 
     </span>
    </p>
   </div>
   <div class='ocr_carea' id='block_1_55' title="bbox 2164 1111 3669 1190">
    <p class='ocr_par' dir='ltr' id='par_1_55' title="bbox 2164 1111 3669 1190">
     <span class='ocr_line' id='line_1_55' title="bbox 2164 1111 3669 1190; baseline 0.009 -26"><span class='ocrx_word' id='word_1_343' title='bbox 2164 1111 2229 1166; x_wconf 75' lang='grc' dir='ltr'><strong>ν.</strong></span> <span class='ocrx_word' id='word_1_344' title='bbox 2253 1112 2341 1167; x_wconf 67' lang='grc'><strong>4-1.</strong></span> <span class='ocrx_word' id='word_1_345' title='bbox 2381 1131 2400 1164; x_wconf 82' lang='grc' dir='ltr'><strong>ι</strong></span> <span class='ocrx_word' id='word_1_346' title='bbox 2424 1113 2562 1170; x_wconf 85' lang='lat' dir='ltr'><strong>Ecce</strong></span> <span class='ocrx_word' id='word_1_347' title='bbox 2581 1116 2814 1186; x_wconf 89' lang='lat' dir='ltr'><strong>populus</strong></span> <span class='ocrx_word' id='word_1_348' title='bbox 2839 1119 3005 1172; x_wconf 91' lang='lat' dir='ltr'><strong>venit.</strong></span> <span class='ocrx_word' id='word_1_349' title='bbox 3035 1138 3053 1170; x_wconf 76' lang='grc' dir='ltr'><strong>ι</strong></span> <span class='ocrx_word' id='word_1_350' title='bbox 3085 1119 3188 1184; x_wconf 91' lang='lat' dir='ltr'><strong>Qui</strong></span> <span class='ocrx_word' id='word_1_351' title='bbox 3213 1135 3244 1174; x_wconf 92' lang='lat' dir='ltr'><strong>e</strong></span> <span class='ocrx_word' id='word_1_352' title='bbox 3269 1121 3522 1190; x_wconf 76' lang='lat' dir='ltr'><strong>gentibus</strong></span> <span class='ocrx_word' id='word_1_353' title='bbox 3549 1137 3669 1178; x_wconf 87' lang='lat' dir='ltr'><strong>cre-</strong></span> 
     </span>
    </p>
   </div>
   <div class='ocr_carea' id='block_1_56' title="bbox 2095 1200 2370 1256">
    <p class='ocr_par' dir='ltr' id='par_1_56' title="bbox 2095 1200 2370 1256">
     <span class='ocr_line' id='line_1_56' title="bbox 2095 1200 2370 1256; baseline 0 0"><span class='ocrx_word' id='word_1_354' title='bbox 2095 1200 2370 1256; x_wconf 86' lang='lat' dir='ltr'><strong>diderunt.</strong></span> 
     </span>
    </p>
   </div>
   <div class='ocr_carea' id='block_1_57' title="bbox 2171 1290 3669 1363">
    <p class='ocr_par' dir='ltr' id='par_1_57' title="bbox 2171 1290 3669 1363">
     <span class='ocr_line' id='line_1_57' title="bbox 2171 1290 3669 1363; baseline 0.012 -21"><span class='ocrx_word' id='word_1_355' title='bbox 2171 1290 2281 1344; x_wconf 72' lang='lat' dir='ltr'><strong>«Et</strong></span> <span class='ocrx_word' id='word_1_356' title='bbox 2324 1308 2478 1363; x_wconf 79' lang='lat' dir='ltr'><strong>reges</strong></span> <span class='ocrx_word' id='word_1_357' title='bbox 2516 1295 2690 1350; x_wconf 91' lang='lat' dir='ltr'><strong>multi.</strong></span> <span class='ocrx_word' id='word_1_358' title='bbox 2727 1315 2745 1350; x_wconf 74' lang='grc' dir='ltr'><strong>ι</strong></span> <span class='ocrx_word' id='word_1_359' title='bbox 2781 1297 2928 1354; x_wconf 87' lang='lat' dir='ltr'><strong>Gens</strong></span> <span class='ocrx_word' id='word_1_360' title='bbox 2972 1300 3117 1355; x_wconf 89' lang='lat' dir='ltr'><strong>enim</strong></span> <span class='ocrx_word' id='word_1_361' title='bbox 3173 1311 3359 1358; x_wconf 88' lang='lat' dir='ltr'><strong>sancta</strong></span> <span class='ocrx_word' id='word_1_362' title='bbox 3403 1314 3530 1359; x_wconf 91' lang='lat' dir='ltr'><strong>sunt</strong></span> <span class='ocrx_word' id='word_1_363' title='bbox 3579 1321 3669 1361; x_wconf 82' lang='lat' dir='ltr'><strong>re-</strong></span> 
     </span>
    </p>
   </div>
   <div class='ocr_carea' id='block_1_58' title="bbox 2096 1382 3671 1452">
    <p class='ocr_par' dir='ltr' id='par_1_58' title="bbox 2096 1382 3671 1452">
     <span class='ocr_line' id='line_1_58' title="bbox 2096 1382 3671 1452; baseline 0.01 -16"><span class='ocrx_word' id='word_1_364' title='bbox 2096 1382 2215 1452; x_wconf 81' lang='lat' dir='ltr'><strong>gale</strong></span> <span class='ocrx_word' id='word_1_365' title='bbox 2271 1383 2723 1443; x_wconf 76' lang='lat' dir='ltr'><strong>sacerdotium&quot;:</strong></span> <span class='ocrx_word' id='word_1_366' title='bbox 2789 1391 2904 1446; x_wconf 65' lang='lat' dir='ltr'><strong>haec</strong></span> <span class='ocrx_word' id='word_1_367' title='bbox 2944 1400 3124 1446; x_wconf 89' lang='lat' dir='ltr'><strong>autem</strong></span> <span class='ocrx_word' id='word_1_368' title='bbox 3175 1393 3417 1449; x_wconf 70' lang='lat' dir='ltr'><strong>historiae</strong></span> <span class='ocrx_word' id='word_1_369' title='bbox 3466 1396 3671 1452; x_wconf 85' lang='lat' dir='ltr'><strong>subne-</strong></span> 
     </span>
    </p>
   </div>
   <div class='ocr_carea' id='block_1_59' title="bbox 2097 1476 2210 1530">
    <p class='ocr_par' dir='ltr' id='par_1_59' title="bbox 2097 1476 2210 1530">
     <span class='ocr_line' id='line_1_59' title="bbox 2097 1476 2210 1530; baseline 0.018 -2"><span class='ocrx_word' id='word_1_370' title='bbox 2097 1476 2210 1530; x_wconf 87' lang='lat' dir='ltr'><strong>ctit.</strong></span> 
     </span>
    </p>
   </div>
   <div class='ocr_carea' id='block_1_60' title="bbox 2166 1570 3670 1650">
    <p class='ocr_par' dir='ltr' id='par_1_60' title="bbox 2166 1570 3670 1650">
     <span class='ocr_line' id='line_1_60' title="bbox 2166 1570 3670 1650; baseline 0.008 -26"><span class='ocrx_word' id='word_1_371' title='bbox 2166 1570 2402 1640; x_wconf 87' lang='lat' dir='ltr'><strong>Populus</strong></span> <span class='ocrx_word' id='word_1_372' title='bbox 2425 1575 2517 1643; x_wconf 90' lang='lat' dir='ltr'><strong>qui</strong></span> <span class='ocrx_word' id='word_1_373' title='bbox 2544 1573 2598 1628; x_wconf 91' lang='lat' dir='ltr'><strong>in</strong></span> <span class='ocrx_word' id='word_1_374' title='bbox 2625 1573 2862 1630; x_wconf 86' lang='lat' dir='ltr'><strong>Jordane</strong></span> <span class='ocrx_word' id='word_1_375' title='bbox 2891 1577 3216 1647; x_wconf 82' lang='lat' dir='ltr'><strong>baptizatur.</strong></span> <span class='ocrx_word' id='word_1_376' title='bbox 3245 1579 3347 1645; x_wconf 86' lang='lat' dir='ltr'><strong>Qui</strong></span> <span class='ocrx_word' id='word_1_377' title='bbox 3369 1580 3670 1650; x_wconf 86' lang='lat' dir='ltr'><strong>spiritalem</strong></span> 
     </span>
    </p>
   </div>
   <div class='ocr_carea' id='block_1_61' title="bbox 2099 1659 2741 1737">
    <p class='ocr_par' dir='ltr' id='par_1_61' title="bbox 2099 1659 2741 1737">
     <span class='ocr_line' id='line_1_61' title="bbox 2099 1659 2741 1737; baseline 0.011 -25"><span class='ocrx_word' id='word_1_378' title='bbox 2099 1659 2422 1731; x_wconf 85' lang='lat' dir='ltr'><strong>Babylonem</strong></span> <span class='ocrx_word' id='word_1_379' title='bbox 2451 1675 2741 1737; x_wconf 80' lang='lat' dir='ltr'><strong>expugnat.</strong></span> 
     </span>
    </p>
   </div>
   <div class='ocr_carea' id='block_1_62' title="bbox 2175 1749 3674 1821">
    <p class='ocr_par' dir='ltr' id='par_1_62' title="bbox 2175 1749 3674 1821">
     <span class='ocr_line' id='line_1_62' title="bbox 2175 1749 3674 1821; baseline 0.011 -17"><span class='ocrx_word' id='word_1_380' title='bbox 2175 1749 2234 1805; x_wconf 83' lang='lat' dir='ltr'><strong>V.</strong></span> <span class='ocrx_word' id='word_1_381' title='bbox 2261 1752 2351 1807; x_wconf 68' lang='grc'><strong>44.</strong></span> <span class='ocrx_word' id='word_1_382' title='bbox 2407 1773 2425 1806; x_wconf 84' lang='grc' dir='ltr'><strong>ι</strong></span> <span class='ocrx_word' id='word_1_383' title='bbox 2455 1755 2510 1809; x_wconf 92' lang='lat' dir='ltr'><strong>In</strong></span> <span class='ocrx_word' id='word_1_384' title='bbox 2557 1757 2820 1812; x_wconf 66' lang='lat' dir='ltr'><strong>Gzetham.</strong></span> <span class='ocrx_word' id='word_1_385' title='bbox 2856 1779 2874 1811; x_wconf 77' lang='grc' dir='ltr'><strong>ι</strong></span> <span class='ocrx_word' id='word_1_386' title='bbox 2911 1759 3089 1816; x_wconf 92' lang='lat' dir='ltr'><strong>Locus</strong></span> <span class='ocrx_word' id='word_1_387' title='bbox 3119 1771 3202 1817; x_wconf 83' lang='lat' dir='ltr'><strong>est</strong></span> <span class='ocrx_word' id='word_1_388' title='bbox 3251 1763 3502 1820; x_wconf 83' lang='lat' dir='ltr'><strong>Jordanis</strong></span> <span class='ocrx_word' id='word_1_389' title='bbox 3553 1766 3674 1821; x_wconf 70' lang='lat' dir='ltr'><strong>Gaz-</strong></span> 
     </span>
    </p>
   </div>
   <div class='ocr_carea' id='block_1_63' title="bbox 2029 1831 2887 1905">
    <p class='ocr_par' dir='ltr' id='par_1_63' title="bbox 2029 1831 2887 1905">
     <span class='ocr_line' id='line_1_63' title="bbox 2029 1831 2887 1905; baseline 0.02 -19"><span class='ocrx_word' id='word_1_390' title='bbox 2029 1831 2073 1885; x_wconf 90' lang='lat' dir='ltr'><strong>B</strong></span> <span class='ocrx_word' id='word_1_391' title='bbox 2103 1841 2272 1905; x_wconf 90' lang='lat' dir='ltr'><strong>math,</strong></span> <span class='ocrx_word' id='word_1_392' title='bbox 2313 1843 2557 1900; x_wconf 88' lang='lat' dir='ltr'><strong>leonibus</strong></span> <span class='ocrx_word' id='word_1_393' title='bbox 2586 1848 2887 1904; x_wconf 89' lang='lat' dir='ltr'><strong>abundans.</strong></span> 
     </span>
    </p>
   </div>
   <div class='ocr_carea' id='block_1_64' title="bbox 2098 1931 3674 2074">
    <p class='ocr_par' dir='ltr' id='par_1_64' title="bbox 2098 1931 3674 2074">
     <span class='ocr_line' id='line_1_64' title="bbox 2098 1931 3674 2074; baseline 0.013 -92"><span class='ocrx_word' id='word_1_394' title='bbox 2098 2022 2114 2074; x_wconf 72' lang='lat' dir='ltr'><strong>l</strong></span> <span class='ocrx_word' id='word_1_395' title='bbox 2177 1950 2193 1982; x_wconf 84' lang='grc' dir='ltr'><strong>ι</strong></span> <span class='ocrx_word' id='word_1_396' title='bbox 2232 1931 2367 1998; x_wconf 85' lang='lat' dir='ltr'><strong>Quia</strong></span> <span class='ocrx_word' id='word_1_397' title='bbox 2425 1935 2535 1990; x_wconf 90' lang='lat' dir='ltr'><strong>cito</strong></span> <span class='ocrx_word' id='word_1_398' title='bbox 2592 1939 2858 2008; x_wconf 84' lang='lat' dir='ltr'><strong>expellam</strong></span> <span class='ocrx_word' id='word_1_399' title='bbox 2897 1956 3008 1996; x_wconf 88' lang='lat' dir='ltr'><strong>eos.</strong></span> <span class='ocrx_word' id='word_1_400' title='bbox 3052 1961 3070 1994; x_wconf 77' lang='grc' dir='ltr'><strong>ι</strong></span> <span class='ocrx_word' id='word_1_401' title='bbox 3114 1941 3454 2002; x_wconf 71' lang='grc' dir='ltr'><strong>Οιιοιόαιοεο</strong></span> <span class='ocrx_word' id='word_1_402' title='bbox 3498 1946 3674 2020; x_wconf 86' lang='lat' dir='ltr'><strong>Baby-</strong></span> 
     </span>
     <span class='ocr_line' id='line_1_65' title="bbox 2119 2037 2242 2074; baseline 0 0"><span class='ocrx_word' id='word_1_403' title='bbox 2119 2037 2242 2074; x_wconf 87' lang='lat' dir='ltr'><strong>one.</strong></span> 
     </span>
    </p>
   </div>
   <div class='ocr_carea' id='block_1_65' title="bbox 2119 2037 2242 2078">
    <p class='ocr_par' dir='ltr' id='par_1_65' title="bbox 2119 2037 2242 2078">
     <span class='ocr_line' id='line_1_66' title="bbox 2119 2037 2242 2078; baseline 0.016 -2"><span class='ocrx_word' id='word_1_404' title='bbox 2119 2037 2242 2078; x_wconf 88' lang='lat' dir='ltr'><strong>one.</strong></span> 
     </span>
    </p>
   </div>
   <div class='ocr_carea' id='block_1_66' title="bbox 2174 2113 3674 2197">
    <p class='ocr_par' dir='ltr' id='par_1_66' title="bbox 2174 2113 3674 2197">
     <span class='ocr_line' id='line_1_67' title="bbox 2174 2113 3674 2197; baseline 0.013 -31"><span class='ocrx_word' id='word_1_405' title='bbox 2174 2113 2238 2168; x_wconf 84' lang='lat' dir='ltr'><strong>Et</strong></span> <span class='ocrx_word' id='word_1_406' title='bbox 2277 2117 2400 2187; x_wconf 82' lang='lat' dir='ltr'><strong>quis</strong></span> <span class='ocrx_word' id='word_1_407' title='bbox 2458 2118 2556 2174; x_wconf 85' lang='lat' dir='ltr'><strong>iste</strong></span> <span class='ocrx_word' id='word_1_408' title='bbox 2591 2130 2795 2190; x_wconf 80' lang='lat' dir='ltr'><strong>pastor.</strong></span> <span class='ocrx_word' id='word_1_409' title='bbox 2828 2141 2846 2174; x_wconf 72' lang='grc' dir='ltr'><strong>ι</strong></span> <span class='ocrx_word' id='word_1_410' title='bbox 2880 2123 3015 2180; x_wconf 90' lang='lat' dir='ltr'><strong>Nam</strong></span> <span class='ocrx_word' id='word_1_411' title='bbox 3047 2139 3264 2197; x_wconf 85' lang='lat' dir='ltr'><strong>pastore</strong></span> <span class='ocrx_word' id='word_1_412' title='bbox 3297 2131 3440 2186; x_wconf 89' lang='lat' dir='ltr'><strong>bono</strong></span> <span class='ocrx_word' id='word_1_413' title='bbox 3476 2147 3578 2187; x_wconf 86' lang='lat' dir='ltr'><strong>nos</strong></span> <span class='ocrx_word' id='word_1_414' title='bbox 3606 2131 3674 2185; x_wconf 87' lang='lat' dir='ltr'><strong>li-</strong></span> 
     </span>
    </p>
   </div>
   <div class='ocr_carea' id='block_1_67' title="bbox 2100 2206 3522 2288">
    <p class='ocr_par' dir='ltr' id='par_1_67' title="bbox 2100 2206 3522 2288">
     <span class='ocr_line' id='line_1_68' title="bbox 2100 2206 3522 2288; baseline 0.014 -28"><span class='ocrx_word' id='word_1_415' title='bbox 2100 2206 2346 2271; x_wconf 87' lang='lat' dir='ltr'><strong>berante,</strong></span> <span class='ocrx_word' id='word_1_416' title='bbox 2374 2211 2510 2265; x_wconf 90' lang='lat' dir='ltr'><strong>nihil</strong></span> <span class='ocrx_word' id='word_1_417' title='bbox 2541 2214 2699 2268; x_wconf 89' lang='lat' dir='ltr'><strong>nobis</strong></span> <span class='ocrx_word' id='word_1_418' title='bbox 2726 2230 2924 2272; x_wconf 86' lang='lat' dir='ltr'><strong>nocere</strong></span> <span class='ocrx_word' id='word_1_419' title='bbox 2949 2228 3138 2288; x_wconf 62' lang='lat' dir='ltr'><strong>potest.</strong></span> <span class='ocrx_word' id='word_1_420' title='bbox 3155 2222 3522 2280; x_wconf 86' lang='lat' dir='ltr'><strong>adversarius.</strong></span> 
     </span>
    </p>
   </div>
   <div class='ocr_carea' id='block_1_68' title="bbox 2174 2389 3675 2471">
    <p class='ocr_par' dir='ltr' id='par_1_68' title="bbox 2174 2389 3675 2471">
     <span class='ocr_line' id='line_1_69' title="bbox 2174 2389 3675 2471; baseline 0.014 -28"><span class='ocrx_word' id='word_1_421' title='bbox 2174 2389 2238 2445; x_wconf 88' lang='lat' dir='ltr'><strong>V.</strong></span> <span class='ocrx_word' id='word_1_422' title='bbox 2267 2391 2354 2445; x_wconf 72' lang='grc'><strong>45.</strong></span> <span class='ocrx_word' id='word_1_423' title='bbox 2388 2413 2403 2444; x_wconf 85' lang='grc' dir='ltr'><strong>ι</strong></span> <span class='ocrx_word' id='word_1_424' title='bbox 2435 2392 2544 2448; x_wconf 83' lang='lat' dir='ltr'><strong>Nisi</strong></span> <span class='ocrx_word' id='word_1_425' title='bbox 2568 2407 2988 2466; x_wconf 82' lang='lat' dir='ltr'><strong>corrumpantur</strong></span> <span class='ocrx_word' id='word_1_426' title='bbox 3015 2401 3138 2470; x_wconf 83' lang='lat' dir='ltr'><strong>agni</strong></span> <span class='ocrx_word' id='word_1_427' title='bbox 3158 2403 3362 2458; x_wconf 85' lang='lat' dir='ltr'><strong>ovium.</strong></span> <span class='ocrx_word' id='word_1_428' title='bbox 3388 2423 3407 2456; x_wconf 81' lang='grc' dir='ltr'><strong>ι</strong></span> <span class='ocrx_word' id='word_1_429' title='bbox 3434 2405 3549 2462; x_wconf 86' lang='lat' dir='ltr'><strong>Hoc</strong></span> <span class='ocrx_word' id='word_1_430' title='bbox 3573 2417 3675 2471; x_wconf 88' lang='lat' dir='ltr'><strong>est,</strong></span> 
     </span>
    </p>
   </div>
   <div class='ocr_carea' id='block_1_69' title="bbox 2102 2483 3679 2561">
    <p class='ocr_par' dir='ltr' id='par_1_69' title="bbox 2102 2483 3679 2561">
     <span class='ocr_line' id='line_1_70' title="bbox 2102 2483 3679 2561; baseline 0.013 -27"><span class='ocrx_word' id='word_1_431' title='bbox 2102 2483 2418 2539; x_wconf 84' lang='lat' dir='ltr'><strong>charissima</strong></span> <span class='ocrx_word' id='word_1_432' title='bbox 2448 2486 2692 2557; x_wconf 82' lang='lat' dir='ltr'><strong>pignora,</strong></span> <span class='ocrx_word' id='word_1_433' title='bbox 2735 2488 2939 2545; x_wconf 90' lang='lat' dir='ltr'><strong>indicat</strong></span> <span class='ocrx_word' id='word_1_434' title='bbox 2974 2507 3134 2561; x_wconf 90' lang='lat' dir='ltr'><strong>porro</strong></span> <span class='ocrx_word' id='word_1_435' title='bbox 3182 2493 3288 2550; x_wconf 90' lang='lat' dir='ltr'><strong>hoc</strong></span> <span class='ocrx_word' id='word_1_436' title='bbox 3331 2497 3679 2554; x_wconf 87' lang='lat' dir='ltr'><strong>durissimam</strong></span> 
     </span>
    </p>
   </div>
   <div class='ocr_carea' id='block_1_70' title="bbox 2104 2576 2494 2644">
    <p class='ocr_par' dir='ltr' id='par_1_70' title="bbox 2104 2576 2494 2644">
     <span class='ocr_line' id='line_1_71' title="bbox 2104 2576 2494 2644; baseline 0.008 -15"><span class='ocrx_word' id='word_1_437' title='bbox 2104 2576 2494 2644; x_wconf 85' lang='lat' dir='ltr'><strong>captivitatem.</strong></span> 
     </span>
    </p>
   </div>
   <div class='ocr_carea' id='block_1_71' title="bbox 2763 2672 3030 2730">
    <p class='ocr_par' dir='ltr' id='par_1_71' title="bbox 2763 2672 3030 2730">
     <span class='ocr_line' id='line_1_72' title="bbox 2763 2672 3030 2730; baseline 0.004 -2"><span class='ocrx_word' id='word_1_438' title='bbox 2763 2672 2914 2730; x_wconf 84' lang='lat' dir='ltr'><strong>CAP.</strong></span> <span class='ocrx_word' id='word_1_439' title='bbox 2945 2675 3030 2729; x_wconf 85' lang='lat' dir='ltr'><strong>LI.</strong></span> 
     </span>
    </p>
   </div>
   <div class='ocr_carea' id='block_1_72' title="bbox 2177 2759 3684 2829">
    <p class='ocr_par' dir='ltr' id='par_1_72' title="bbox 2177 2759 3684 2829">
     <span class='ocr_line' id='line_1_73' title="bbox 2177 2759 3684 2829; baseline 0.011 -17"><span class='ocrx_word' id='word_1_440' title='bbox 2177 2759 2240 2813; x_wconf 79' lang='lat' dir='ltr'><strong>V&#39;.</strong></span> <span class='ocrx_word' id='word_1_441' title='bbox 2274 2763 2322 2815; x_wconf 79' lang='grc'><strong>1.</strong></span> <span class='ocrx_word' id='word_1_442' title='bbox 2359 2782 2375 2813; x_wconf 79' lang='grc' dir='ltr'><strong>ι</strong></span> <span class='ocrx_word' id='word_1_443' title='bbox 2411 2762 2642 2818; x_wconf 84' lang='lat' dir='ltr'><strong>Ventum</strong></span> <span class='ocrx_word' id='word_1_444' title='bbox 2673 2774 2941 2820; x_wconf 87' lang='lat' dir='ltr'><strong>urentem.</strong></span> <span class='ocrx_word' id='word_1_445' title='bbox 2975 2787 2992 2817; x_wconf 73' lang='grc' dir='ltr'><strong>ι</strong></span> <span class='ocrx_word' id='word_1_446' title='bbox 3047 2767 3174 2824; x_wconf 86' lang='lat' dir='ltr'><strong>Post</strong></span> <span class='ocrx_word' id='word_1_447' title='bbox 3225 2786 3445 2827; x_wconf 88' lang='lat' dir='ltr'><strong>sensum</strong></span> <span class='ocrx_word' id='word_1_448' title='bbox 3507 2773 3684 2829; x_wconf 84' lang='lat' dir='ltr'><strong>histo-</strong></span> 
     </span>
    </p>
   </div>
   <div class='ocr_carea' id='block_1_73' title="bbox 2064 2851 3680 2934">
    <p class='ocr_par' dir='ltr' id='par_1_73' title="bbox 2064 2851 3680 2934">
     <span class='ocr_line' id='line_1_74' title="bbox 2064 2851 3680 2934; baseline 0.012 -31"><span class='ocrx_word' id='word_1_449' title='bbox 2064 2897 2071 2902; x_wconf 93' lang='lat'><strong>.</strong></span> <span class='ocrx_word' id='word_1_450' title='bbox 2108 2851 2278 2908; x_wconf 81' lang='lat' dir='ltr'><strong>ricum</strong></span> <span class='ocrx_word' id='word_1_451' title='bbox 2311 2854 2545 2926; x_wconf 83' lang='lat' dir='ltr'><strong>intelligo</strong></span> <span class='ocrx_word' id='word_1_452' title='bbox 2580 2873 2675 2911; x_wconf 92' lang='lat' dir='ltr'><strong>eos</strong></span> <span class='ocrx_word' id='word_1_453' title='bbox 2710 2873 2848 2926; x_wconf 90' lang='lat' dir='ltr'><strong>quos</strong></span> <span class='ocrx_word' id='word_1_454' title='bbox 2897 2860 3118 2928; x_wconf 81' lang='lat' dir='ltr'><strong>adjuvat</strong></span> <span class='ocrx_word' id='word_1_455' title='bbox 3172 2862 3406 2933; x_wconf 90' lang='lat' dir='ltr'><strong>Spiritus</strong></span> <span class='ocrx_word' id='word_1_456' title='bbox 3438 2879 3680 2934; x_wconf 87' lang='lat' dir='ltr'><strong>sanctus,</strong></span> 
     </span>
    </p>
   </div>
   <div class='ocr_carea' id='block_1_74' title="bbox 2107 2945 3679 3022">
    <p class='ocr_par' dir='ltr' id='par_1_74' title="bbox 2107 2945 3679 3022">
     <span class='ocr_line' id='line_1_75' title="bbox 2107 2945 3679 3022; baseline 0.009 -24"><span class='ocrx_word' id='word_1_457' title='bbox 2107 2945 2441 3001; x_wconf 73' lang='lat' dir='ltr'><strong>exsiccantes</strong></span> <span class='ocrx_word' id='word_1_458' title='bbox 2497 2955 2552 3002; x_wconf 86' lang='lat' dir='ltr'><strong>et</strong></span> <span class='ocrx_word' id='word_1_459' title='bbox 2605 2959 3022 3019; x_wconf 87' lang='lat' dir='ltr'><strong>corrumpentes</strong></span> <span class='ocrx_word' id='word_1_460' title='bbox 3077 2953 3335 3022; x_wconf 71' lang='lat' dir='ltr'><strong>nequitiae</strong></span> <span class='ocrx_word' id='word_1_461' title='bbox 3393 2955 3679 3014; x_wconf 80' lang='lat' dir='ltr'><strong>ﬂuxiones.</strong></span> 
     </span>
    </p>
   </div>
   <div class='ocr_carea' id='block_1_75' title="bbox 2183 3128 3686 3204">
    <p class='ocr_par' dir='ltr' id='par_1_75' title="bbox 2183 3128 3686 3204">
     <span class='ocr_line' id='line_1_76' title="bbox 2183 3128 3686 3204; baseline 0.011 -22"><span class='ocrx_word' id='word_1_462' title='bbox 2183 3128 2243 3183; x_wconf 76' lang='grc' dir='ltr'><strong>ν.</strong></span> <span class='ocrx_word' id='word_1_463' title='bbox 2271 3131 2323 3184; x_wconf 83' lang='grc'><strong>5.</strong></span> <span class='ocrx_word' id='word_1_464' title='bbox 2382 3151 2399 3183; x_wconf 79' lang='grc' dir='ltr'><strong>ι</strong></span> <span class='ocrx_word' id='word_1_465' title='bbox 2431 3131 2496 3186; x_wconf 83' lang='lat' dir='ltr'><strong>Et</strong></span> <span class='ocrx_word' id='word_1_466' title='bbox 2542 3148 2610 3187; x_wconf 90' lang='lat' dir='ltr'><strong>ne</strong></span> <span class='ocrx_word' id='word_1_467' title='bbox 2635 3134 2888 3202; x_wconf 88' lang='lat' dir='ltr'><strong>parcatis.</strong></span> <span class='ocrx_word' id='word_1_468' title='bbox 2923 3154 2941 3188; x_wconf 74' lang='grc' dir='ltr'><strong>ι</strong></span> <span class='ocrx_word' id='word_1_469' title='bbox 2987 3135 3100 3191; x_wconf 85' lang='lat' dir='ltr'><strong>Hoc</strong></span> <span class='ocrx_word' id='word_1_470' title='bbox 3126 3149 3229 3204; x_wconf 84' lang='lat' dir='ltr'><strong>est,</strong></span> <span class='ocrx_word' id='word_1_471' title='bbox 3271 3155 3341 3194; x_wconf 91' lang='lat' dir='ltr'><strong>ne</strong></span> <span class='ocrx_word' id='word_1_472' title='bbox 3393 3141 3686 3198; x_wconf 87' lang='lat' dir='ltr'><strong>timueritis</strong></span> 
     </span>
    </p>
   </div>
   <div class='ocr_carea' id='block_1_76' title="bbox 2107 3219 3414 3293">
    <p class='ocr_par' dir='ltr' id='par_1_76' title="bbox 2107 3219 3414 3293">
     <span class='ocr_line' id='line_1_77' title="bbox 2107 3219 3414 3293; baseline 0.008 -20"><span class='ocrx_word' id='word_1_473' title='bbox 2107 3219 2412 3274; x_wconf 65' lang='lat' dir='ltr'><strong>daemonum</strong></span> <span class='ocrx_word' id='word_1_474' title='bbox 2442 3220 2638 3276; x_wconf 84' lang='lat' dir='ltr'><strong>minas.</strong></span> <span class='ocrx_word' id='word_1_475' title='bbox 2661 3222 2774 3293; x_wconf 79' lang='lat' dir='ltr'><strong>Ego</strong></span> <span class='ocrx_word' id='word_1_476' title='bbox 2797 3224 2944 3279; x_wconf 89' lang='lat' dir='ltr'><strong>enim</strong></span> <span class='ocrx_word' id='word_1_477' title='bbox 2970 3240 3092 3280; x_wconf 89' lang='lat' dir='ltr'><strong>sum</strong></span> <span class='ocrx_word' id='word_1_478' title='bbox 3115 3228 3414 3284; x_wconf 89' lang='lat' dir='ltr'><strong>vobiscum.</strong></span> 
     </span>
    </p>
   </div>
   <div class='ocr_carea' id='block_1_77' title="bbox 2177 3308 3686 3388">
    <p class='ocr_par' dir='ltr' id='par_1_77' title="bbox 2177 3308 3686 3388">
     <span class='ocr_line' id='line_1_78' title="bbox 2177 3308 3686 3388; baseline 0.012 -27"><span class='ocrx_word' id='word_1_479' title='bbox 2177 3308 2238 3362; x_wconf 84' lang='lat' dir='ltr'><strong>V.</strong></span> <span class='ocrx_word' id='word_1_480' title='bbox 2264 3309 2315 3364; x_wconf 83' lang='lat'><strong>5.</strong></span> <span class='ocrx_word' id='word_1_481' title='bbox 2346 3330 2362 3361; x_wconf 85' lang='grc' dir='ltr'><strong>ι</strong></span> <span class='ocrx_word' id='word_1_482' title='bbox 2393 3309 2530 3376; x_wconf 90' lang='lat' dir='ltr'><strong>Quia</strong></span> <span class='ocrx_word' id='word_1_483' title='bbox 2571 3321 2712 3368; x_wconf 89' lang='lat' dir='ltr'><strong>terra</strong></span> <span class='ocrx_word' id='word_1_484' title='bbox 2736 3329 2944 3371; x_wconf 90' lang='lat' dir='ltr'><strong>eorum.</strong></span> <span class='ocrx_word' id='word_1_485' title='bbox 2975 3335 2994 3367; x_wconf 76' lang='grc' dir='ltr'><strong>ι</strong></span> <span class='ocrx_word' id='word_1_486' title='bbox 3023 3316 3491 3388; x_wconf 87' lang='lat' dir='ltr'><strong>Complementum</strong></span> <span class='ocrx_word' id='word_1_487' title='bbox 3537 3323 3686 3379; x_wconf 81' lang='lat' dir='ltr'><strong>enim</strong></span> 
     </span>
    </p>
   </div>
   <div class='ocr_carea' id='block_1_78' title="bbox 2108 3401 3686 3480">
    <p class='ocr_par' dir='ltr' id='par_1_78' title="bbox 2108 3401 3686 3480">
     <span class='ocr_line' id='line_1_79' title="bbox 2108 3401 3686 3480; baseline 0.011 -27"><span class='ocrx_word' id='word_1_488' title='bbox 2108 3401 2386 3470; x_wconf 66' lang='lat' dir='ltr'><strong>injustitite</strong></span> <span class='ocrx_word' id='word_1_489' title='bbox 2407 3401 2784 3460; x_wconf 67' lang='lat' dir='ltr'><strong>Chaldaaorum</strong></span> <span class='ocrx_word' id='word_1_490' title='bbox 2818 3407 3106 3474; x_wconf 80' lang='lat' dir='ltr'><strong>aitl‘uisse,</strong></span> <span class='ocrx_word' id='word_1_491' title='bbox 3146 3413 3290 3480; x_wconf 91' lang='lat' dir='ltr'><strong>quod</strong></span> <span class='ocrx_word' id='word_1_492' title='bbox 3320 3421 3506 3468; x_wconf 89' lang='lat' dir='ltr'><strong>sancta</strong></span> <span class='ocrx_word' id='word_1_493' title='bbox 3556 3431 3686 3471; x_wconf 88' lang='lat' dir='ltr'><strong>vasa</strong></span> 
     </span>
    </p>
   </div>
   <div class='ocr_carea' id='block_1_79' title="bbox 2107 3496 3487 3569">
    <p class='ocr_par' dir='ltr' id='par_1_79' title="bbox 2107 3496 3487 3569">
     <span class='ocr_line' id='line_1_80' title="bbox 2107 3496 3487 3569; baseline 0.011 -22"><span class='ocrx_word' id='word_1_494' title='bbox 2107 3502 2436 3565; x_wconf 85' lang='lat' dir='ltr'><strong>sanctosque</strong></span> <span class='ocrx_word' id='word_1_495' title='bbox 2467 3496 2714 3551; x_wconf 84' lang='lat' dir='ltr'><strong>homines</strong></span> <span class='ocrx_word' id='word_1_496' title='bbox 2731 3497 3056 3569; x_wconf 85' lang='lat' dir='ltr'><strong>Babylonem</strong></span> <span class='ocrx_word' id='word_1_497' title='bbox 3088 3505 3487 3562; x_wconf 88' lang='lat' dir='ltr'><strong>transtulerint.</strong></span> 
     </span>
    </p>
   </div>
   <div class='ocr_carea' id='block_1_80' title="bbox 2181 3586 3687 3672">
    <p class='ocr_par' dir='ltr' id='par_1_80' title="bbox 2181 3586 3687 3672">
     <span class='ocr_line' id='line_1_81' title="bbox 2181 3586 3687 3672; baseline 0.014 -35"><span class='ocrx_word' id='word_1_498' title='bbox 2181 3586 2241 3638; x_wconf 75' lang='grc' dir='ltr'><strong>ν.</strong></span> <span class='ocrx_word' id='word_1_499' title='bbox 2298 3586 2350 3642; x_wconf 91' lang='grc'><strong>6.</strong></span> <span class='ocrx_word' id='word_1_500' title='bbox 2403 3607 2420 3640; x_wconf 81' lang='grc' dir='ltr'><strong>ι</strong></span> <span class='ocrx_word' id='word_1_501' title='bbox 2471 3587 2662 3660; x_wconf 80' lang='lat' dir='ltr'><strong>Fugite</strong></span> <span class='ocrx_word' id='word_1_502' title='bbox 2699 3591 2766 3646; x_wconf 89' lang='lat' dir='ltr'><strong>de</strong></span> <span class='ocrx_word' id='word_1_503' title='bbox 2810 3593 2992 3648; x_wconf 90' lang='lat' dir='ltr'><strong>medio</strong></span> <span class='ocrx_word' id='word_1_504' title='bbox 3036 3595 3344 3667; x_wconf 84' lang='lat' dir='ltr'><strong>Babylonis.</strong></span> <span class='ocrx_word' id='word_1_505' title='bbox 3388 3617 3407 3650; x_wconf 75' lang='grc' dir='ltr'><strong>ι</strong></span> <span class='ocrx_word' id='word_1_506' title='bbox 3477 3600 3687 3672; x_wconf 81' lang='lat' dir='ltr'><strong>Fugere</strong></span> 
     </span>
    </p>
   </div>
   <div class='ocr_carea' id='block_1_81' title="bbox 2103 3679 3686 3759">
    <p class='ocr_par' dir='ltr' id='par_1_81' title="bbox 2103 3679 3686 3759">
     <span class='ocr_line' id='line_1_82' title="bbox 2103 3679 3686 3759; baseline 0.008 -26"><span class='ocrx_word' id='word_1_507' title='bbox 2103 3679 2258 3748; x_wconf 85' lang='lat' dir='ltr'><strong>jubet</strong></span> <span class='ocrx_word' id='word_1_508' title='bbox 2287 3681 2551 3750; x_wconf 86' lang='lat' dir='ltr'><strong>propheta</strong></span> <span class='ocrx_word' id='word_1_509' title='bbox 2581 3683 2649 3737; x_wconf 89' lang='lat' dir='ltr'><strong>de</strong></span> <span class='ocrx_word' id='word_1_510' title='bbox 2683 3684 2862 3738; x_wconf 89' lang='lat' dir='ltr'><strong>medio</strong></span> <span class='ocrx_word' id='word_1_511' title='bbox 2894 3684 3187 3756; x_wconf 83' lang='lat' dir='ltr'><strong>Babylonis</strong></span> <span class='ocrx_word' id='word_1_512' title='bbox 3224 3704 3318 3743; x_wconf 89' lang='lat' dir='ltr'><strong>eos</strong></span> <span class='ocrx_word' id='word_1_513' title='bbox 3343 3689 3437 3759; x_wconf 88' lang='lat' dir='ltr'><strong>qui</strong></span> <span class='ocrx_word' id='word_1_514' title='bbox 3467 3691 3686 3746; x_wconf 83' lang='lat' dir='ltr'><strong>salvan-</strong></span> 
     </span>
    </p>
   </div>
   <div class='ocr_carea' id='block_1_82' title="bbox 2111 3773 3686 3846">
    <p class='ocr_par' dir='ltr' id='par_1_82' title="bbox 2111 3773 3686 3846">
     <span class='ocr_line' id='line_1_83' title="bbox 2111 3773 3686 3846; baseline 0.009 -22"><span class='ocrx_word' id='word_1_515' title='bbox 2111 3779 2216 3836; x_wconf 89' lang='lat' dir='ltr'><strong>tur,</strong></span> <span class='ocrx_word' id='word_1_516' title='bbox 2265 3773 2349 3827; x_wconf 87' lang='lat' dir='ltr'><strong>vel</strong></span> <span class='ocrx_word' id='word_1_517' title='bbox 2371 3787 2490 3842; x_wconf 71' lang='lat' dir='ltr'><strong>quae</strong></span> <span class='ocrx_word' id='word_1_518' title='bbox 2520 3773 2587 3828; x_wconf 89' lang='lat' dir='ltr'><strong>ad</strong></span> <span class='ocrx_word' id='word_1_519' title='bbox 2616 3788 2838 3829; x_wconf 87' lang='lat' dir='ltr'><strong>sensum</strong></span> <span class='ocrx_word' id='word_1_520' title='bbox 2870 3777 3124 3846; x_wconf 79' lang='lat' dir='ltr'><strong>pertinet,</strong></span> <span class='ocrx_word' id='word_1_521' title='bbox 3160 3780 3244 3832; x_wconf 88' lang='lat' dir='ltr'><strong>vel</strong></span> <span class='ocrx_word' id='word_1_522' title='bbox 3269 3780 3339 3834; x_wconf 89' lang='lat' dir='ltr'><strong>de</strong></span> <span class='ocrx_word' id='word_1_523' title='bbox 3363 3781 3686 3838; x_wconf 81' lang='lat' dir='ltr'><strong>confusione</strong></span> 
     </span>
    </p>
   </div>
   <div class='ocr_carea' id='block_1_83' title="bbox 2109 3862 2314 3917">
    <p class='ocr_par' dir='ltr' id='par_1_83' title="bbox 2109 3862 2314 3917">
     <span class='ocr_line' id='line_1_84' title="bbox 2109 3862 2314 3917; baseline 0.005 -2"><span class='ocrx_word' id='word_1_524' title='bbox 2109 3862 2314 3917; x_wconf 90' lang='lat' dir='ltr'><strong>mundi.</strong></span> 
     </span>
    </p>
   </div>
   <div class='ocr_carea' id='block_1_84' title="bbox 2181 3952 3685 4034">
    <p class='ocr_par' dir='ltr' id='par_1_84' title="bbox 2181 3952 3685 4034">
     <span class='ocr_line' id='line_1_85' title="bbox 2181 3952 3685 4034; baseline 0.01 -28"><span class='ocrx_word' id='word_1_525' title='bbox 2181 3952 2320 4007; x_wconf 85' lang='lat' dir='ltr'><strong>v.7.</strong></span> <span class='ocrx_word' id='word_1_526' title='bbox 2373 3972 2392 4005; x_wconf 79' lang='grc' dir='ltr'><strong>ι</strong></span> <span class='ocrx_word' id='word_1_527' title='bbox 2431 3953 2583 4017; x_wconf 72' lang='lat' dir='ltr'><strong>Gali:</strong></span> <span class='ocrx_word' id='word_1_528' title='bbox 2624 3970 2823 4012; x_wconf 86' lang='lat' dir='ltr'><strong>aureus</strong></span> <span class='ocrx_word' id='word_1_529' title='bbox 2873 3959 3132 4030; x_wconf 81' lang='lat' dir='ltr'><strong>Babylon.</strong></span> <span class='ocrx_word' id='word_1_530' title='bbox 3182 3980 3201 4014; x_wconf 75' lang='grc' dir='ltr'><strong>ι</strong></span> <span class='ocrx_word' id='word_1_531' title='bbox 3239 3962 3386 4017; x_wconf 83' lang='lat' dir='ltr'><strong>Calix</strong></span> <span class='ocrx_word' id='word_1_532' title='bbox 3437 3978 3580 4034; x_wconf 73' lang='lat' dir='ltr'><strong>saepe</strong></span> <span class='ocrx_word' id='word_1_533' title='bbox 3628 3965 3685 4020; x_wconf 92' lang='lat' dir='ltr'><strong>in</strong></span> 
     </span>
    </p>
   </div>
   <div class='ocr_carea' id='block_1_85' title="bbox 2109 4042 3686 4120">
    <p class='ocr_par' dir='ltr' id='par_1_85' title="bbox 2109 4042 3686 4120">
     <span class='ocr_line' id='line_1_86' title="bbox 2109 4042 3686 4120; baseline 0.01 -25"><span class='ocrx_word' id='word_1_534' title='bbox 2109 4042 2278 4097; x_wconf 84' lang='lat' dir='ltr'><strong>sacris</strong></span> <span class='ocrx_word' id='word_1_535' title='bbox 2302 4042 2521 4098; x_wconf 86' lang='lat' dir='ltr'><strong>Litteris</strong></span> <span class='ocrx_word' id='word_1_536' title='bbox 2547 4055 2735 4100; x_wconf 88' lang='lat' dir='ltr'><strong>vocata</strong></span> <span class='ocrx_word' id='word_1_537' title='bbox 2764 4056 2867 4112; x_wconf 90' lang='lat' dir='ltr'><strong>est,</strong></span> <span class='ocrx_word' id='word_1_538' title='bbox 2907 4064 3029 4119; x_wconf 76' lang='lat' dir='ltr'><strong>qua:</strong></span> <span class='ocrx_word' id='word_1_539' title='bbox 3055 4050 3252 4104; x_wconf 89' lang='lat' dir='ltr'><strong>dicitur</strong></span> <span class='ocrx_word' id='word_1_540' title='bbox 3283 4052 3357 4106; x_wconf 90' lang='lat' dir='ltr'><strong>ira</strong></span> <span class='ocrx_word' id='word_1_541' title='bbox 3390 4053 3502 4108; x_wconf 92' lang='lat' dir='ltr'><strong>Dei.</strong></span> <span class='ocrx_word' id='word_1_542' title='bbox 3538 4057 3686 4120; x_wconf 88' lang='lat' dir='ltr'><strong>Quo-</strong></span> 
     </span>
    </p>
   </div>
   <div class='ocr_carea' id='block_1_86' title="bbox 2109 4132 3686 4218">
    <p class='ocr_par' dir='ltr' id='par_1_86' title="bbox 2109 4132 3686 4218">
     <span class='ocr_line' id='line_1_87' title="bbox 2109 4132 3686 4218; baseline 0.01 -33"><span class='ocrx_word' id='word_1_543' title='bbox 2109 4132 2253 4186; x_wconf 89' lang='lat' dir='ltr'><strong>niam</strong></span> <span class='ocrx_word' id='word_1_544' title='bbox 2307 4133 2472 4204; x_wconf 75' lang='lat' dir='ltr'><strong>igitur</strong></span> <span class='ocrx_word' id='word_1_545' title='bbox 2513 4133 2652 4191; x_wconf 84' lang='lat' dir='ltr'><strong>Deus</strong></span> <span class='ocrx_word' id='word_1_546' title='bbox 2683 4138 2916 4194; x_wconf 88' lang='lat' dir='ltr'><strong>cultores</strong></span> <span class='ocrx_word' id='word_1_547' title='bbox 2949 4155 3077 4194; x_wconf 89' lang='lat' dir='ltr'><strong>suos</strong></span> <span class='ocrx_word' id='word_1_548' title='bbox 3120 4143 3331 4210; x_wconf 86' lang='lat' dir='ltr'><strong>punivit</strong></span> <span class='ocrx_word' id='word_1_549' title='bbox 3375 4160 3472 4214; x_wconf 89' lang='lat' dir='ltr'><strong>per</strong></span> <span class='ocrx_word' id='word_1_550' title='bbox 3514 4145 3686 4218; x_wconf 73' lang='lat' dir='ltr'><strong>Baby-</strong></span> 
     </span>
    </p>
   </div>
   <div class='ocr_carea' id='block_1_87' title="bbox 2110 4225 3683 4304">
    <p class='ocr_par' dir='ltr' id='par_1_87' title="bbox 2110 4225 3683 4304">
     <span class='ocr_line' id='line_1_88' title="bbox 2110 4225 3683 4304; baseline 0.01 -25"><span class='ocrx_word' id='word_1_551' title='bbox 2110 4225 2305 4292; x_wconf 87' lang='lat' dir='ltr'><strong>lonios,</strong></span> <span class='ocrx_word' id='word_1_552' title='bbox 2331 4226 2554 4282; x_wconf 82' lang='lat' dir='ltr'><strong>calicem</strong></span> <span class='ocrx_word' id='word_1_553' title='bbox 2587 4228 2948 4285; x_wconf 91' lang='lat' dir='ltr'><strong>inebrianlem</strong></span> <span class='ocrx_word' id='word_1_554' title='bbox 2968 4247 3084 4286; x_wconf 88' lang='lat' dir='ltr'><strong>eam</strong></span> <span class='ocrx_word' id='word_1_555' title='bbox 3108 4235 3397 4304; x_wconf 85' lang='lat' dir='ltr'><strong>appellavit</strong></span> <span class='ocrx_word' id='word_1_556' title='bbox 3421 4255 3433 4301; x_wconf 92' lang='lat'><strong>;</strong></span> <span class='ocrx_word' id='word_1_557' title='bbox 3461 4253 3683 4294; x_wconf 87' lang='lat' dir='ltr'><strong>aureum</strong></span> 
     </span>
    </p>
   </div>
   <div class='ocr_carea' id='block_1_88' title="bbox 2111 4321 2944 4392">
    <p class='ocr_par' dir='ltr' id='par_1_88' title="bbox 2111 4321 2944 4392">
     <span class='ocr_line' id='line_1_89' title="bbox 2111 4321 2944 4392; baseline 0.008 -20"><span class='ocrx_word' id='word_1_558' title='bbox 2111 4333 2261 4380; x_wconf 88' lang='lat' dir='ltr'><strong>vero,</strong></span> <span class='ocrx_word' id='word_1_559' title='bbox 2303 4329 2524 4390; x_wconf 90' lang='lat' dir='ltr'><strong>propter</strong></span> <span class='ocrx_word' id='word_1_560' title='bbox 2555 4322 2675 4392; x_wconf 83' lang='lat' dir='ltr'><strong>ejus</strong></span> <span class='ocrx_word' id='word_1_561' title='bbox 2705 4321 2944 4380; x_wconf 88' lang='lat' dir='ltr'><strong>divitias.</strong></span> 
     </span>
    </p>
   </div>
   <div class='ocr_carea' id='block_1_89' title="bbox 506 4498 2002 4585">
    <p class='ocr_par' dir='ltr' id='par_1_89' title="bbox 506 4509 1997 4585">
     <span class='ocr_line' id='line_1_90' title="bbox 506 4509 1997 4585; baseline -0.004 -19"><span class='ocrx_word' id='word_1_562' title='bbox 506 4515 768 4583; x_wconf 76' lang='grc' dir='ltr'><strong>«Ἤγειρε</strong></span> <span class='ocrx_word' id='word_1_563' title='bbox 817 4512 1021 4585; x_wconf 81' lang='grc' dir='ltr'><strong>Κύριος</strong></span> <span class='ocrx_word' id='word_1_564' title='bbox 1063 4511 1125 4566; x_wconf 76' lang='grc' dir='ltr'><strong>τὸ</strong></span> <span class='ocrx_word' id='word_1_565' title='bbox 1168 4510 1386 4581; x_wconf 81' lang='grc' dir='ltr'><strong>πνεῦμα</strong></span> <span class='ocrx_word' id='word_1_566' title='bbox 1421 4509 1684 4581; x_wconf 81' lang='grc' dir='ltr'><strong>βασιλέως</strong></span> <span class='ocrx_word' id='word_1_567' title='bbox 1715 4509 1934 4580; x_wconf 82' lang='grc' dir='ltr'><strong>Μήδων.</strong></span> <span class='ocrx_word' id='word_1_568' title='bbox 1979 4527 1997 4560; x_wconf 78' lang='grc' dir='ltr'><strong>ι</strong></span> 
     </span>
    </p>
   </div>
   <div class='ocr_carea' id='block_1_90' title="bbox 2100 4498 3687 4585">
    <p class='ocr_par' dir='ltr' id='par_1_90' title="bbox 2183 4498 3687 4578">
     <span class='ocr_line' id='line_1_91' title="bbox 2183 4498 3687 4578; baseline 0.009 -28"><span class='ocrx_word' id='word_1_569' title='bbox 2183 4499 2242 4554; x_wconf 87' lang='lat' dir='ltr'><strong>V.</strong></span> <span class='ocrx_word' id='word_1_570' title='bbox 2279 4499 2367 4553; x_wconf 81' lang='grc'><strong>11.</strong></span> <span class='ocrx_word' id='word_1_571' title='bbox 2409 4517 2428 4551; x_wconf 79' lang='grc' dir='ltr'><strong>ι</strong></span> <span class='ocrx_word' id='word_1_572' title='bbox 2469 4498 2765 4556; x_wconf 82' lang='lat' dir='ltr'><strong>Suscitavit</strong></span> <span class='ocrx_word' id='word_1_573' title='bbox 2805 4499 3068 4555; x_wconf 87' lang='lat' dir='ltr'><strong>Dominus</strong></span> <span class='ocrx_word' id='word_1_574' title='bbox 3111 4503 3362 4572; x_wconf 80' lang='lat' dir='ltr'><strong>Spiritum</strong></span> <span class='ocrx_word' id='word_1_575' title='bbox 3391 4506 3537 4578; x_wconf 78' lang='lat' dir='ltr'><strong>regis</strong></span> <span class='ocrx_word' id='word_1_576' title='bbox 3575 4506 3687 4564; x_wconf 83' lang='lat' dir='ltr'><strong>Me-</strong></span> 
     </span>
    </p>
   </div>
   <div class='ocr_carea' id='block_1_91' title="bbox 430 4598 2011 4678">
    <p class='ocr_par' dir='ltr' id='par_1_91' title="bbox 430 4598 2011 4678">
     <span class='ocr_line' id='line_1_92' title="bbox 430 4598 2011 4678; baseline -0.005 -19"><span class='ocrx_word' id='word_1_577' title='bbox 430 4604 738 4678; x_wconf 81' lang='grc' dir='ltr'><strong>Προφητῶν</strong></span> <span class='ocrx_word' id='word_1_578' title='bbox 766 4607 800 4675; x_wconf 85' lang='grc' dir='ltr'>ἡ</span> <span class='ocrx_word' id='word_1_579' title='bbox 830 4603 984 4674; x_wconf 84' lang='grc' dir='ltr'><strong>φωνὴ</strong></span> <span class='ocrx_word' id='word_1_580' title='bbox 1018 4601 1490 4674; x_wconf 75' lang='grc' dir='ltr'><strong>εὐχαριστοῦντων</strong></span> <span class='ocrx_word' id='word_1_581' title='bbox 1511 4641 1525 4665; x_wconf 90' lang='grc'><strong>,</strong></span> <span class='ocrx_word' id='word_1_582' title='bbox 1551 4602 1633 4653; x_wconf 83' lang='grc' dir='ltr'><strong>ὅτι</strong></span> <span class='ocrx_word' id='word_1_583' title='bbox 1675 4598 1952 4670; x_wconf 81' lang='grc' dir='ltr'><strong>ὲλυτρὼθη</strong></span> <span class='ocrx_word' id='word_1_584' title='bbox 1982 4600 2011 4652; x_wconf 90' lang='grc' dir='ltr'><strong>ό</strong></span> 
     </span>
    </p>
   </div>
   <div class='ocr_carea' id='block_1_92' title="bbox 430 4689 2012 4765">
    <p class='ocr_par' dir='ltr' id='par_1_92' title="bbox 430 4689 2012 4765">
     <span class='ocr_line' id='line_1_93' title="bbox 430 4689 2012 4765; baseline -0.005 -16"><span class='ocrx_word' id='word_1_585' title='bbox 430 4696 559 4759; x_wconf 78' lang='grc' dir='ltr'><strong>λαὸς</strong></span> <span class='ocrx_word' id='word_1_586' title='bbox 591 4695 690 4765; x_wconf 78' lang='grc' dir='ltr'><strong>τῆς</strong></span> <span class='ocrx_word' id='word_1_587' title='bbox 734 4711 796 4748; x_wconf 87' lang='grc' dir='ltr'><strong>τε</strong></span> <span class='ocrx_word' id='word_1_588' title='bbox 833 4693 953 4747; x_wconf 80' lang='grc' dir='ltr'><strong>καθ’</strong></span> <span class='ocrx_word' id='word_1_589' title='bbox 979 4693 1222 4763; x_wconf 78' lang='grc' dir='ltr'><strong>ἱστορίαν</strong></span> <span class='ocrx_word' id='word_1_590' title='bbox 1256 4690 1654 4763; x_wconf 78' lang='grc' dir='ltr'><strong>αἰχμαλωσίας,</strong></span> <span class='ocrx_word' id='word_1_591' title='bbox 1685 4689 1779 4742; x_wconf 75' lang='grc' dir='ltr'><strong>καὶ</strong></span> <span class='ocrx_word' id='word_1_592' title='bbox 1811 4689 1908 4758; x_wconf 76' lang='grc' dir='ltr'><strong>τῆς</strong></span> <span class='ocrx_word' id='word_1_593' title='bbox 1949 4691 2012 4742; x_wconf 77' lang='grc' dir='ltr'><strong>ἐκ</strong></span> 
     </span>
    </p>
   </div>
   <div class='ocr_carea' id='block_1_93' title="bbox 430 4776 2008 4852">
    <p class='ocr_par' dir='ltr' id='par_1_93' title="bbox 430 4776 2008 4852">
     <span class='ocr_line' id='line_1_94' title="bbox 430 4776 2008 4852; baseline -0.003 -17"><span class='ocrx_word' id='word_1_594' title='bbox 430 4781 528 4835; x_wconf 84' lang='grc' dir='ltr'><strong>τοῦ</strong></span> <span class='ocrx_word' id='word_1_595' title='bbox 565 4781 770 4852; x_wconf 85' lang='grc' dir='ltr'><strong>κόσμου</strong></span> <span class='ocrx_word' id='word_1_596' title='bbox 806 4781 1127 4851; x_wconf 83' lang='grc' dir='ltr'><strong>συγχύσεως</strong></span> <span class='ocrx_word' id='word_1_597' title='bbox 1149 4778 1239 4834; x_wconf 84' lang='grc' dir='ltr'><strong>διὰ</strong></span> <span class='ocrx_word' id='word_1_598' title='bbox 1261 4778 1355 4833; x_wconf 87' lang='grc' dir='ltr'><strong>τοῦ</strong></span> <span class='ocrx_word' id='word_1_599' title='bbox 1383 4778 1635 4850; x_wconf 83' lang='grc' dir='ltr'><strong>Σωτῆρος</strong></span> <span class='ocrx_word' id='word_1_600' title='bbox 1663 4779 1696 4849; x_wconf 78' lang='grc' dir='ltr'>ἡ</span> <span class='ocrx_word' id='word_1_601' title='bbox 1706 4777 1821 4848; x_wconf 91' lang='grc' dir='ltr'><strong>μῶν</strong></span> <span class='ocrx_word' id='word_1_602' title='bbox 1837 4776 2008 4848; x_wconf 84' lang='grc' dir='ltr'><strong>Ἰησοῦ</strong></span> 
     </span>
    </p>
   </div>
   <div class='ocr_carea' id='block_1_94' title="bbox 432 4871 696 4944">
    <p class='ocr_par' dir='ltr' id='par_1_94' title="bbox 432 4871 696 4944">
     <span class='ocr_line' id='line_1_95' title="bbox 432 4871 696 4944; baseline 0.004 -20"><span class='ocrx_word' id='word_1_603' title='bbox 432 4871 696 4944; x_wconf 79' lang='grc' dir='ltr'><strong>Χριστοῦ.</strong></span> 
     </span>
    </p>
   </div>
   <div class='ocr_carea' id='block_1_95' title="bbox 504 4955 2008 5031">
    <p class='ocr_par' dir='ltr' id='par_1_95' title="bbox 504 4955 2008 5031">
     <span class='ocr_line' id='line_1_96' title="bbox 504 4955 2008 5031; baseline -0.004 -17"><span class='ocrx_word' id='word_1_604' title='bbox 504 4980 526 5014; x_wconf 72' lang='grc' dir='ltr'>ι</span> <span class='ocrx_word' id='word_1_605' title='bbox 559 4959 1053 5031; x_wconf 79' lang='grc' dir='ltr'><strong>Κατασκηνοῦντας</strong></span> <span class='ocrx_word' id='word_1_606' title='bbox 1100 4957 1186 5027; x_wconf 77' lang='grc' dir='ltr'><strong>ἐφ’</strong></span> <span class='ocrx_word' id='word_1_607' title='bbox 1210 4956 1366 5010; x_wconf 79' lang='grc' dir='ltr'><strong>ὕδασι</strong></span> <span class='ocrx_word' id='word_1_608' title='bbox 1409 4958 1646 5020; x_wconf 81' lang='grc' dir='ltr'><strong>πολλοῖς.</strong></span> <span class='ocrx_word' id='word_1_609' title='bbox 1683 4976 1701 5008; x_wconf 72' lang='grc' dir='ltr'><strong>ι</strong></span> <span class='ocrx_word' id='word_1_610' title='bbox 1742 4955 1849 5009; x_wconf 89' lang='grc' dir='ltr'><strong>Τοῦ</strong></span> <span class='ocrx_word' id='word_1_611' title='bbox 1893 4956 2008 5008; x_wconf 86' lang='grc' dir='ltr'><strong>Κύ-</strong></span> 
     </span>
    </p>
   </div>
   <div class='ocr_carea' id='block_1_96' title="bbox 429 5047 2011 5120">
    <p class='ocr_par' dir='ltr' id='par_1_96' title="bbox 429 5047 2011 5120">
     <span class='ocr_line' id='line_1_97' title="bbox 429 5047 2011 5120; baseline -0.001 -19"><span class='ocrx_word' id='word_1_612' title='bbox 429 5066 531 5120; x_wconf 86' lang='grc' dir='ltr'><strong>ρου</strong></span> <span class='ocrx_word' id='word_1_613' title='bbox 553 5065 566 5080; x_wconf 79' lang='grc'><strong><em>⁸</em></strong></span> <span class='ocrx_word' id='word_1_614' title='bbox 597 5051 731 5118; x_wconf 78' lang='grc' dir='ltr'><strong>φασὶ</strong></span> <span class='ocrx_word' id='word_1_615' title='bbox 759 5049 816 5102; x_wconf 82' lang='grc' dir='ltr'><strong>δὲ</strong></span> <span class='ocrx_word' id='word_1_616' title='bbox 847 5049 1028 5119; x_wconf 72' lang='grc' dir='ltr'><strong>ἕτεροι</strong></span> <span class='ocrx_word' id='word_1_617' title='bbox 1059 5049 1311 5118; x_wconf 87' lang='grc' dir='ltr'><strong>Δαρείου.</strong></span> <span class='ocrx_word' id='word_1_618' title='bbox 1347 5049 1482 5101; x_wconf 80' lang='grc' dir='ltr'><strong>Καθ’</strong></span> <span class='ocrx_word' id='word_1_619' title='bbox 1510 5047 1774 5118; x_wconf 76' lang='grc' dir='ltr'><strong>ἱστορίαν,</strong></span> <span class='ocrx_word' id='word_1_620' title='bbox 1807 5049 1873 5116; x_wconf 80' lang='grc' dir='ltr'><strong>τῇ</strong></span> <span class='ocrx_word' id='word_1_621' title='bbox 1907 5064 2011 5101; x_wconf 70' lang='grc' dir='ltr'><strong>που</strong></span> 
     </span>
    </p>
   </div>
   <div class='ocr_carea' id='block_1_97' title="bbox 2109 4589 3686 4666">
    <p class='ocr_par' dir='ltr' id='par_1_97' title="bbox 2109 4589 3686 4666">
     <span class='ocr_line' id='line_1_98' title="bbox 2109 4589 3686 4666; baseline 0.005 -21"><span class='ocrx_word' id='word_1_622' title='bbox 2109 4591 2323 4645; x_wconf 88' lang='lat' dir='ltr'><strong>dorum.</strong></span> <span class='ocrx_word' id='word_1_623' title='bbox 2375 4609 2391 4641; x_wconf 79' lang='grc' dir='ltr'><strong>ι</strong></span> <span class='ocrx_word' id='word_1_624' title='bbox 2437 4589 2828 4660; x_wconf 85' lang='lat' dir='ltr'><strong>Prophetarum</strong></span> <span class='ocrx_word' id='word_1_625' title='bbox 2870 4605 2973 4644; x_wconf 84' lang='lat' dir='ltr'><strong>vox</strong></span> <span class='ocrx_word' id='word_1_626' title='bbox 2997 4591 3200 4660; x_wconf 85' lang='lat' dir='ltr'><strong>gratias</strong></span> <span class='ocrx_word' id='word_1_627' title='bbox 3248 4595 3358 4648; x_wconf 91' lang='lat' dir='ltr'><strong>Deo</strong></span> <span class='ocrx_word' id='word_1_628' title='bbox 3388 4599 3686 4666; x_wconf 86' lang='lat' dir='ltr'><strong>agentium,</strong></span> 
     </span>
    </p>
   </div>
   <div class='ocr_carea' id='block_1_98' title="bbox 2107 4677 3690 4761">
    <p class='ocr_par' dir='ltr' id='par_1_98' title="bbox 2107 4677 3690 4761">
     <span class='ocr_line' id='line_1_99' title="bbox 2107 4677 3690 4761; baseline 0.006 -25"><span class='ocrx_word' id='word_1_629' title='bbox 2107 4681 2250 4751; x_wconf 89' lang='lat' dir='ltr'><strong>quod</strong></span> <span class='ocrx_word' id='word_1_630' title='bbox 2283 4680 2545 4736; x_wconf 90' lang='lat' dir='ltr'><strong>liberatus</strong></span> <span class='ocrx_word' id='word_1_631' title='bbox 2573 4681 2644 4736; x_wconf 85' lang='lat' dir='ltr'><strong>sit</strong></span> <span class='ocrx_word' id='word_1_632' title='bbox 2686 4681 2919 4752; x_wconf 88' lang='lat' dir='ltr'><strong>populus</strong></span> <span class='ocrx_word' id='word_1_633' title='bbox 2962 4692 3017 4736; x_wconf 89' lang='lat' dir='ltr'><strong>et</strong></span> <span class='ocrx_word' id='word_1_634' title='bbox 3053 4684 3120 4738; x_wconf 88' lang='lat' dir='ltr'><strong>ab</strong></span> <span class='ocrx_word' id='word_1_635' title='bbox 3177 4685 3433 4744; x_wconf 83' lang='lat' dir='ltr'><strong>historica</strong></span> <span class='ocrx_word' id='word_1_636' title='bbox 3462 4677 3690 4761; x_wconf 79' lang='lat' dir='ltr'><strong>captivi-</strong></span> 
     </span>
    </p>
   </div>
   <div class='ocr_carea' id='block_1_99' title="bbox 2107 4772 3688 4841">
    <p class='ocr_par' dir='ltr' id='par_1_99' title="bbox 2107 4772 3688 4841">
     <span class='ocr_line' id='line_1_100' title="bbox 2107 4772 3688 4841; baseline 0.008 -15"><span class='ocrx_word' id='word_1_637' title='bbox 2107 4781 2243 4840; x_wconf 86' lang='lat' dir='ltr'><strong>tate,</strong></span> <span class='ocrx_word' id='word_1_638' title='bbox 2265 4782 2320 4828; x_wconf 92' lang='lat' dir='ltr'><strong>et</strong></span> <span class='ocrx_word' id='word_1_639' title='bbox 2344 4787 2374 4828; x_wconf 89' lang='lat' dir='ltr'><strong>e</strong></span> <span class='ocrx_word' id='word_1_640' title='bbox 2404 4772 2594 4828; x_wconf 82' lang='lat' dir='ltr'><strong>mundi</strong></span> <span class='ocrx_word' id='word_1_641' title='bbox 2618 4773 2941 4829; x_wconf 80' lang='lat' dir='ltr'><strong>confusione</strong></span> <span class='ocrx_word' id='word_1_642' title='bbox 2960 4790 3058 4841; x_wconf 86' lang='lat' dir='ltr'><strong>per</strong></span> <span class='ocrx_word' id='word_1_643' title='bbox 3081 4773 3418 4834; x_wconf 78' lang='lat' dir='ltr'><strong>Salvator‘em</strong></span> <span class='ocrx_word' id='word_1_644' title='bbox 3442 4792 3688 4838; x_wconf 89' lang='lat' dir='ltr'><strong>nostrum</strong></span> 
     </span>
    </p>
   </div>
   <div class='ocr_carea' id='block_1_100' title="bbox 2104 4863 2618 4918">
    <p class='ocr_par' dir='ltr' id='par_1_100' title="bbox 2104 4863 2618 4918">
     <span class='ocr_line' id='line_1_101' title="bbox 2104 4863 2618 4918; baseline 0 0"><span class='ocrx_word' id='word_1_645' title='bbox 2104 4863 2290 4918; x_wconf 84' lang='lat' dir='ltr'><strong>Jesum</strong></span> <span class='ocrx_word' id='word_1_646' title='bbox 2318 4864 2618 4918; x_wconf 82' lang='lat' dir='ltr'><strong>Christum.</strong></span> 
     </span>
    </p>
   </div>
   <div class='ocr_carea' id='block_1_101' title="bbox 2183 4953 3695 5036">
    <p class='ocr_par' dir='ltr' id='par_1_101' title="bbox 2183 4953 3695 5036">
     <span class='ocr_line' id='line_1_102' title="bbox 2183 4953 3695 5036; baseline 0.008 -28"><span class='ocrx_word' id='word_1_647' title='bbox 2183 4955 2241 5010; x_wconf 87' lang='lat' dir='ltr'><strong>V.</strong></span> <span class='ocrx_word' id='word_1_648' title='bbox 2277 4955 2364 5008; x_wconf 78' lang='grc'><strong>15.</strong></span> <span class='ocrx_word' id='word_1_649' title='bbox 2411 4975 2428 5007; x_wconf 83' lang='grc'><em>‹</em></span> <span class='ocrx_word' id='word_1_650' title='bbox 2466 4953 2783 5011; x_wconf 86' lang='lat' dir='ltr'><strong>Habitantes</strong></span> <span class='ocrx_word' id='word_1_651' title='bbox 2811 4955 2863 5011; x_wconf 89' lang='lat' dir='ltr'><strong>in</strong></span> <span class='ocrx_word' id='word_1_652' title='bbox 2907 4959 3064 5030; x_wconf 87' lang='lat' dir='ltr'><strong>aquis</strong></span> <span class='ocrx_word' id='word_1_653' title='bbox 3107 4962 3313 5018; x_wconf 88' lang='lat' dir='ltr'><strong>multis.</strong></span> <span class='ocrx_word' id='word_1_654' title='bbox 3362 4982 3382 5016; x_wconf 72' lang='grc' dir='ltr'><strong>ι</strong></span> <span class='ocrx_word' id='word_1_655' title='bbox 3416 4963 3541 5035; x_wconf 82' lang='lat' dir='ltr'><strong>Cyri</strong></span> <span class='ocrx_word' id='word_1_656' title='bbox 3576 4968 3695 5036; x_wconf 88' lang='lat' dir='ltr'><strong>qui-</strong></span> 
     </span>
    </p>
   </div>
   <div class='ocr_carea' id='block_1_102' title="bbox 2107 5047 3693 5126">
    <p class='ocr_par' dir='ltr' id='par_1_102' title="bbox 2107 5047 3693 5126">
     <span class='ocr_line' id='line_1_103' title="bbox 2107 5047 3693 5126; baseline 0.006 -25"><span class='ocrx_word' id='word_1_657' title='bbox 2107 5047 2231 5101; x_wconf 87' lang='lat' dir='ltr'><strong>dam</strong></span> <span class='ocrx_word' id='word_1_658' title='bbox 2254 5049 2440 5113; x_wconf 86' lang='lat' dir='ltr'><strong>aiunt;</strong></span> <span class='ocrx_word' id='word_1_659' title='bbox 2471 5048 2562 5102; x_wconf 89' lang='lat' dir='ltr'><strong>alii</strong></span> <span class='ocrx_word' id='word_1_660' title='bbox 2589 5048 2756 5104; x_wconf 90' lang='lat' dir='ltr'><strong>Darii.</strong></span> <span class='ocrx_word' id='word_1_661' title='bbox 2787 5047 2870 5104; x_wconf 83' lang='lat' dir='ltr'><strong>Ad</strong></span> <span class='ocrx_word' id='word_1_662' title='bbox 2902 5067 3126 5108; x_wconf 89' lang='lat' dir='ltr'><strong>sensum</strong></span> <span class='ocrx_word' id='word_1_663' title='bbox 3162 5055 3504 5121; x_wconf 89' lang='lat' dir='ltr'><strong>historicum,</strong></span> <span class='ocrx_word' id='word_1_664' title='bbox 3538 5057 3693 5126; x_wconf 82' lang='lat' dir='ltr'><strong>capia</strong></span> 
     </span>
    </p>
   </div>
   <div class='ocr_carea' id='block_1_103' title="bbox 426 5138 2002 5212">
    <p class='ocr_par' dir='ltr' id='par_1_103' title="bbox 426 5138 2002 5212">
     <span class='ocr_line' id='line_1_104' title="bbox 426 5138 2002 5212; baseline 0 -20"><span class='ocrx_word' id='word_1_665' title='bbox 426 5140 732 5212; x_wconf 78' lang='grc' dir='ltr'><strong>λυπληθείᾳ</strong></span> <span class='ocrx_word' id='word_1_666' title='bbox 777 5140 886 5194; x_wconf 90' lang='grc' dir='ltr'><strong>τῶν</strong></span> <span class='ocrx_word' id='word_1_667' title='bbox 934 5139 1167 5210; x_wconf 81' lang='grc' dir='ltr'><strong>ἀνδρῶν,</strong></span> <span class='ocrx_word' id='word_1_668' title='bbox 1193 5139 1330 5210; x_wconf 81' lang='grc' dir='ltr'><strong>πρὸς</strong></span> <span class='ocrx_word' id='word_1_669' title='bbox 1365 5138 1423 5192; x_wconf 81' lang='grc' dir='ltr'><strong>δὲ</strong></span> <span class='ocrx_word' id='word_1_670' title='bbox 1455 5139 1692 5193; x_wconf 85' lang='grc' dir='ltr'><strong>διάνοιαν</strong></span> <span class='ocrx_word' id='word_1_671' title='bbox 1712 5178 1726 5204; x_wconf 89' lang='grc'><strong>,</strong></span> <span class='ocrx_word' id='word_1_672' title='bbox 1752 5140 1866 5202; x_wconf 81' lang='grc' dir='ltr'><strong>τοῖς</strong></span> <span class='ocrx_word' id='word_1_673' title='bbox 1915 5141 2002 5211; x_wconf 79' lang='grc' dir='ltr'><strong>τῆς</strong></span> 
     </span>
    </p>
   </div>
   <div class='ocr_carea' id='block_1_104' title="bbox 2100 5138 3312 5212">
    <p class='ocr_par' dir='ltr' id='par_1_104' title="bbox 2112 5139 3312 5211">
     <span class='ocr_line' id='line_1_105' title="bbox 2112 5139 3312 5211; baseline 0.005 -17"><span class='ocrx_word' id='word_1_674' title='bbox 2112 5139 2394 5194; x_wconf 88' lang='lat' dir='ltr'><strong>hominum</strong></span> <span class='ocrx_word' id='word_1_675' title='bbox 2419 5157 2433 5207; x_wconf 90' lang='lat'><strong>;</strong></span> <span class='ocrx_word' id='word_1_676' title='bbox 2471 5140 2720 5211; x_wconf 81' lang='lat' dir='ltr'><strong>mystice,</strong></span> <span class='ocrx_word' id='word_1_677' title='bbox 2750 5139 3083 5199; x_wconf 66' lang='lat' dir='ltr'><strong>[lusionibus</strong></span> <span class='ocrx_word' id='word_1_678' title='bbox 3113 5146 3312 5200; x_wconf 90' lang='lat' dir='ltr'><strong>cordis.</strong></span> 
     </span>
    </p>
   </div>
   <div class='ocr_carea' id='block_1_105' title="bbox 430 5230 990 5302">
    <p class='ocr_par' dir='ltr' id='par_1_105' title="bbox 430 5230 990 5302">
     <span class='ocr_line' id='line_1_106' title="bbox 430 5230 990 5302; baseline 0.002 -18"><span class='ocrx_word' id='word_1_679' title='bbox 430 5230 663 5302; x_wconf 77' lang='grc' dir='ltr'><strong>καρδίας</strong></span> <span class='ocrx_word' id='word_1_680' title='bbox 695 5230 990 5302; x_wconf 80' lang='grc' dir='ltr'><strong>ῥεύμασιν.</strong></span> 
     </span>
    </p>
   </div>
   <div class='ocr_carea' id='block_1_106' title="bbox 511 5317 2010 5392">
    <p class='ocr_par' dir='ltr' id='par_1_106' title="bbox 511 5317 2010 5392">
     <span class='ocr_line' id='line_1_107' title="bbox 511 5317 2010 5392; baseline 0.002 -20"><span class='ocrx_word' id='word_1_681' title='bbox 511 5321 666 5374; x_wconf 77' lang='grc' dir='ltr'><strong>«Ὅτι</strong></span> <span class='ocrx_word' id='word_1_682' title='bbox 710 5319 898 5391; x_wconf 77' lang='grc' dir='ltr'><strong>ὤμοσε</strong></span> <span class='ocrx_word' id='word_1_683' title='bbox 929 5319 1135 5392; x_wconf 82' lang='grc' dir='ltr'><strong>Κύριος</strong></span> <span class='ocrx_word' id='word_1_684' title='bbox 1170 5319 1310 5375; x_wconf 84' lang='grc' dir='ltr'><strong>κατὰ</strong></span> <span class='ocrx_word' id='word_1_685' title='bbox 1338 5317 1431 5372; x_wconf 89' lang='grc' dir='ltr'><strong>τοῦ</strong></span> <span class='ocrx_word' id='word_1_686' title='bbox 1461 5318 1765 5390; x_wconf 86' lang='grc' dir='ltr'><strong>βραχίονος.</strong></span> <span class='ocrx_word' id='word_1_687' title='bbox 1799 5338 1818 5371; x_wconf 72' lang='grc' dir='ltr'><strong>ι</strong></span> <span class='ocrx_word' id='word_1_688' title='bbox 1854 5321 2010 5375; x_wconf 73' lang='grc' dir='ltr'><strong>Κατὰ</strong></span> 
     </span>
    </p>
   </div>
   <div class='ocr_carea' id='block_1_107' title="bbox 430 5413 1089 5486">
    <p class='ocr_par' dir='ltr' id='par_1_107' title="bbox 430 5413 1089 5486">
     <span class='ocr_line' id='line_1_108' title="bbox 430 5413 1089 5486; baseline -0.002 -18"><span class='ocrx_word' id='word_1_689' title='bbox 430 5415 534 5486; x_wconf 79' lang='grc' dir='ltr'><strong>τῆς</strong></span> <span class='ocrx_word' id='word_1_690' title='bbox 559 5413 754 5466; x_wconf 77' lang='grc' dir='ltr'><strong>ἑαυτοῦ</strong></span> <span class='ocrx_word' id='word_1_691' title='bbox 779 5413 1089 5484; x_wconf 83' lang='grc' dir='ltr'><strong>δυνάμεως.</strong></span> 
     </span>
    </p>
   </div>
   <div class='ocr_carea' id='block_1_108' title="bbox 511 5501 2007 5576">
    <p class='ocr_par' dir='ltr' id='par_1_108' title="bbox 511 5501 2007 5576">
     <span class='ocr_line' id='line_1_109' title="bbox 511 5501 2007 5576; baseline -0.001 -18"><span class='ocrx_word' id='word_1_692' title='bbox 511 5523 532 5558; x_wconf 76' lang='grc' dir='ltr'><strong>ι</strong></span> <span class='ocrx_word' id='word_1_693' title='bbox 559 5505 671 5559; x_wconf 72' lang='grc' dir='ltr'><strong>Καὶ</strong></span> <span class='ocrx_word' id='word_1_694' title='bbox 700 5503 1026 5576; x_wconf 79' lang='grc' dir='ltr'><strong>φθέγξονται</strong></span> <span class='ocrx_word' id='word_1_695' title='bbox 1053 5505 1145 5559; x_wconf 66' lang='lat' dir='ltr'><strong>tul</strong></span> <span class='ocrx_word' id='word_1_696' title='bbox 1174 5502 1290 5561; x_wconf 75' lang='grc' dir='ltr'><strong>σέ.»</strong></span> <span class='ocrx_word' id='word_1_697' title='bbox 1334 5503 1479 5559; x_wconf 78' lang='grc' dir='ltr'><strong>’Δντὶ</strong></span> <span class='ocrx_word' id='word_1_698' title='bbox 1506 5501 1625 5570; x_wconf 84' lang='grc' dir='ltr'><strong>τοῦ,</strong></span> <span class='ocrx_word' id='word_1_699' title='bbox 1659 5501 2007 5568; x_wconf 79' lang='grc' dir='ltr'><strong>ὀνειδίζοντές</strong></span> 
     </span>
    </p>
   </div>
   <div class='ocr_carea' id='block_1_109' title="bbox 434 5615 522 5655">
    <p class='ocr_par' dir='ltr' id='par_1_109' title="bbox 434 5615 522 5655">
     <span class='ocr_line' id='line_1_110' title="bbox 434 5615 522 5655; baseline 0.023 -2"><span class='ocrx_word' id='word_1_700' title='bbox 434 5615 522 5655; x_wconf 80' lang='grc' dir='ltr'><strong>σε.</strong></span> 
     </span>
    </p>
   </div>
   <div class='ocr_carea' id='block_1_110' title="bbox 507 5787 944 5862">
    <p class='ocr_par' dir='ltr' id='par_1_110' title="bbox 507 5787 944 5862">
     <span class='ocr_line' id='line_1_111' title="bbox 507 5787 944 5862; baseline 0.007 -17"><span class='ocrx_word' id='word_1_701' title='bbox 507 5789 554 5823; x_wconf 80' lang='grc'><strong>³⁸</strong></span> <span class='ocrx_word' id='word_1_702' title='bbox 580 5789 604 5846; x_wconf 91' lang='lat' dir='ltr'><strong>l</strong></span> <span class='ocrx_word' id='word_1_703' title='bbox 631 5787 777 5851; x_wconf 86' lang='lat' dir='ltr'><strong>Petr.</strong></span> <span class='ocrx_word' id='word_1_704' title='bbox 803 5807 860 5862; x_wconf 84' lang='grc' dir='ltr'><strong>ιι,</strong></span> <span class='ocrx_word' id='word_1_705' title='bbox 891 5789 944 5849; x_wconf 83' lang='grc'><strong>9.</strong></span> 
     </span>
    </p>
   </div>
   <div class='ocr_carea' id='block_1_111' title="bbox 2192 5315 3690 5388">
    <p class='ocr_par' dir='ltr' id='par_1_111' title="bbox 2192 5315 3690 5388">
     <span class='ocr_line' id='line_1_112' title="bbox 2192 5315 3690 5388; baseline 0.004 -19"><span class='ocrx_word' id='word_1_706' title='bbox 2192 5315 2250 5369; x_wconf 81' lang='grc' dir='ltr'><strong>ν.</strong></span> <span class='ocrx_word' id='word_1_707' title='bbox 2310 5315 2396 5370; x_wconf 77' lang='lat' dir='ltr'><strong>M.</strong></span> <span class='ocrx_word' id='word_1_708' title='bbox 2442 5335 2460 5368; x_wconf 81' lang='grc' dir='ltr'><strong>ι</strong></span> <span class='ocrx_word' id='word_1_709' title='bbox 2499 5317 2635 5382; x_wconf 89' lang='lat' dir='ltr'><strong>Quia</strong></span> <span class='ocrx_word' id='word_1_710' title='bbox 2693 5317 2897 5388; x_wconf 86' lang='lat' dir='ltr'><strong>juravit</strong></span> <span class='ocrx_word' id='word_1_711' title='bbox 2935 5319 3198 5374; x_wconf 84' lang='lat' dir='ltr'><strong>Dominus</strong></span> <span class='ocrx_word' id='word_1_712' title='bbox 3257 5333 3356 5388; x_wconf 86' lang='lat' dir='ltr'><strong>per</strong></span> <span class='ocrx_word' id='word_1_713' title='bbox 3407 5320 3690 5377; x_wconf 86' lang='lat' dir='ltr'><strong>brachium</strong></span> 
     </span>
    </p>
   </div>
   <div class='ocr_carea' id='block_1_112' title="bbox 2116 5407 2988 5465">
    <p class='ocr_par' dir='ltr' id='par_1_112' title="bbox 2116 5407 2988 5465">
     <span class='ocr_line' id='line_1_113' title="bbox 2116 5407 2988 5465; baseline 0.002 -3"><span class='ocrx_word' id='word_1_714' title='bbox 2116 5422 2296 5462; x_wconf 82' lang='lat' dir='ltr'><strong>suum.</strong></span> <span class='ocrx_word' id='word_1_715' title='bbox 2338 5426 2356 5458; x_wconf 73' lang='grc' dir='ltr'><strong>ι</strong></span> <span class='ocrx_word' id='word_1_716' title='bbox 2392 5407 2494 5463; x_wconf 88' lang='lat' dir='ltr'><strong>Per</strong></span> <span class='ocrx_word' id='word_1_717' title='bbox 2523 5424 2676 5463; x_wconf 90' lang='lat' dir='ltr'><strong>suam</strong></span> <span class='ocrx_word' id='word_1_718' title='bbox 2706 5411 2988 5465; x_wconf 88' lang='lat' dir='ltr'><strong>virtutem.</strong></span> 
     </span>
    </p>
   </div>
   <div class='ocr_carea' id='block_1_113' title="bbox 2191 5503 3694 5580">
    <p class='ocr_par' dir='ltr' id='par_1_113' title="bbox 2191 5503 3694 5580">
     <span class='ocr_line' id='line_1_114' title="bbox 2191 5503 3694 5580; baseline -0.001 -14"><span class='ocrx_word' id='word_1_719' title='bbox 2191 5522 2213 5566; x_wconf 70' lang='grc' dir='ltr'><strong><em>ς</em></strong></span> <span class='ocrx_word' id='word_1_720' title='bbox 2263 5505 2330 5562; x_wconf 85' lang='lat' dir='ltr'><strong>Et</strong></span> <span class='ocrx_word' id='word_1_721' title='bbox 2364 5506 2658 5578; x_wconf 82' lang='lat' dir='ltr'><strong>loquentur</strong></span> <span class='ocrx_word' id='word_1_722' title='bbox 2697 5520 2861 5578; x_wconf 88' lang='lat' dir='ltr'><strong>super</strong></span> <span class='ocrx_word' id='word_1_723' title='bbox 2897 5514 2969 5563; x_wconf 91' lang='lat' dir='ltr'><strong>te.</strong></span> <span class='ocrx_word' id='word_1_724' title='bbox 2997 5524 3015 5558; x_wconf 73' lang='grc' dir='ltr'><strong>ι</strong></span> <span class='ocrx_word' id='word_1_725' title='bbox 3066 5503 3192 5573; x_wconf 87' lang='lat' dir='ltr'><strong>Pro,</strong></span> <span class='ocrx_word' id='word_1_726' title='bbox 3229 5506 3324 5563; x_wconf 85' lang='lat' dir='ltr'><strong>tibi</strong></span> <span class='ocrx_word' id='word_1_727' title='bbox 3353 5505 3694 5580; x_wconf 79' lang='lat' dir='ltr'><strong>exprobran-</strong></span> 
     </span>
    </p>
   </div>
   <div class='ocr_carea' id='block_1_114' title="bbox 2116 5605 2217 5651">
    <p class='ocr_par' dir='ltr' id='par_1_114' title="bbox 2116 5605 2217 5651">
     <span class='ocr_line' id='line_1_115' title="bbox 2116 5605 2217 5651; baseline -0.01 0"><span class='ocrx_word' id='word_1_728' title='bbox 2116 5605 2217 5651; x_wconf 86' lang='lat' dir='ltr'><strong>tes.</strong></span> 
     </span>
    </p>
   </div>
  </div>
