4028 6226
407 410 512 474 719

1501 392 2017 459 OLYMPIODORI
2060 388 2586 475 ALEXANDRINI

3564 403 3670 467 ’ῖΞο

473 527 538 581 ν.
573 526 657 581 l5.
712 543 731 575 ι
770 520 1033 576 Dominus
1079 517 1286 573 faciens
1323 525 1544 570 terram.
1586 533 1606 566 ι
1646 513 1730 568 Ah
1755 509 1974 582 Opiﬁcio

2152 523 2171 556 ι
2200 504 2409 575 Κύριος
2447 501 2620 555 ποιῶν
2648 501 2774 571 γῆν.
2806 518 2823 550 ι
2859 497 2997 553 Ἀπὸ
3019 496 3118 567 τῆς
3144 496 3511 567 δημιουργίας
3535 498 3663 550 ἁνα-

403 618 570 671 Dcum
602 611 955 683 proportione
990 606 1427 678 cognoscendum
1454 605 1632 660 docet.
1668 602 1728 655 ln
1748 600 1887 656 crelo
1915 599 1982 654 ad

402 703 732 776 exploranda
774 702 1034 757 tonitrua.

472 793 538 847 ν.
571 792 658 847 l7.
716 809 735 843 ι
770 790 983 845 Stultus
1020 789 1195 845 factus
1226 794 1312 842 est
1338 784 1518 842 omnis
1548 784 1717 838 homo
1743 797 1772 836 a
1799 781 1982 835 scien-

403 887 499 941 tia.
539 884 725 939 ι.Νοιι
768 882 1047 938 intellecto
1087 878 1282 950 opiﬁce
1327 893 1393 933 ex
1433 874 1651 957 opiﬁcii‘
1675 872 1980 944 pulchritu-

402 979 551 1045 dine,
585 977 670 1033 vel
693 975 1038 1048 generaliter,
1081 973 1209 1044 quia
1246 983 1393 1026 nunc
1422 984 1488 1025 ex
1519 976 1673 1039 parte
1699 963 1983 1036 cognosci-

404 1085 549 1211 Μξί
581 1157 672 1213 9.0.
711 1173 730 1207 ι
780 1155 1054 1226 Dispergis
1097 1162 1152 1208 tu
1194 1153 1329 1207 mihi
1368 1164 1498 1207 vasa
1545 1148 1690 1203 belli.
1723 1165 1743 1199 ι
1786 1145 1865 1200 Ad
1891 1144 1981 1199 lit-

404 1262 575 1306 teram
609 1249 828 1319 quidem
890 1246 1217 1317 Babylonem
1256 1243 1480 1313 respicit
1515 1241 1604 1295 hic
1633 1253 1852 1302 sermo;
1888 1237 1981 1292 sed

403 1356 535 1395 vero
587 1339 813 1410 propius
869 1344 976 1399 est,
1017 1336 1198 1390 omnia
1246 1350 1368 1404 quas
1412 1338 1721 1402 sequuntur
1766 1329 1832 1384 ad
1881 1328 1982 1383 Sa-

405 1442 586 1487 tanam
616 1430 774 1501 dirigi
801 1444 868 1484 ex
891 1442 1124 1499 persona
1147 1425 1262 1484 Dei.
1285 1424 1390 1486 Tu.
1410 1424 1607 1493 inquit,
1636 1422 1741 1477 hoc
1774 1420 1889 1491 agis
1925 1425 1985 1474 ut

402 1525 680 1595 dispergas
723 1522 841 1591 pios
892 1519 1139 1573 homines
1188 1517 1281 1586 qui
1331 1526 1510 1571 tecum
1568 1528 1812 1585 pugnare
1857 1526 1985 1582 pos-

403 1627 554 1672 sunt.
614 1616 729 1686 Ego
773 1628 903 1669 vero
949 1612 1259 1682 dispergam
1314 1623 1626 1665 universam
1671 1607 1982 1662 daemonum

402 1706 826 1768 multitudinem,
856 1713 911 1759 et
941 1705 1032 1774 qui
1067 1703 1122 1758 in
1153 1703 1258 1758 illis
1286 1709 1416 1756 sunt
1448 1700 1518 1754 ad
1556 1699 1759 1753 malum
1790 1705 1985 1767 poten-

403 1798 588 1855 tiores.

472 1889 813 1959 Voluptatem
850 1887 1084 1943 feminea
1113 1885 1342 1941 libidine
1375 1893 1724 1949 aestuantem,
1755 1883 1984 1954 ejusque
2017 1868 2058 1922 Β

399 1978 652 2050 opiﬁcem
684 1978 1010 2034 damonem.

471 2069 538 2125 Υ.
602 2071 694 2125 21.
751 2088 768 2120 ι
802 2070 869 2124 Et
895 2069 1199 2140 dispergam
1248 2067 1301 2121 in
1356 2077 1407 2122 te
1460 2081 1685 2137 equum.
1721 2085 1739 2118 ›
1793 2064 1987 2119 lnanes

400 2162 584 2234 gloria:
603 2171 660 2216 et
683 2160 1034 2232 pecuniarum
1067 2159 1363 2230 appetitus,
1382 2171 1679 2228 eorumque
1708 2155 1987 2227 operarios

400 2256 694 2310 daemones.

472 2343 539 2398 V.
600 2344 691 2399 22.
756 2361 775 2394 ι
818 2341 885 2398 Et
929 2342 1233 2412 dispergam
1290 2340 1343 2394 in
1401 2348 1452 2394 te
1488 2337 1912 2394 adolescentem.
1962 2354 1980 2388 ι

401 2436 625 2494 Steriles
649 2435 714 2492 ad
738 2434 1021 2491 ferendum
1052 2434 1309 2488 fructum.

396 2554 405 2567 κ
478 2548 499 2582 ι
536 2528 603 2583 Ει
632 2528 941 2598 dispergam
972 2527 1028 2581 in
1077 2534 1129 2605 te
1162 2526 1336 2581 virum
1374 2534 1429 2580 et
1455 2525 1728 2580 mulieres.
1770 2542 1788 2575 ›
1821 2522 1987 2578 Volu-

402 2620 569 2689 ptatis
599 2619 861 2674 studium.

478 2708 537 2764 V.
575 2709 667 2764 ‘25.
705 2728 723 2761 ι
760 2707 826 2762 Et
854 2707 1158 2778 dispergam
1186 2708 1242 2762 in
1277 2717 1328 2762 te
1367 2720 1659 2777 pastorem.
1704 2727 1721 2759 ι
1758 2705 1987 2762 Fallacis

403 2801 646 2858 scientiae
675 2800 953 2864 doctores,
982 2807 1038 2853 et
1067 2798 1386 2853 obedientes
1417 2799 1540 2854 illis.

483 2993 501 3025 ι
549 2962 617 3029 Et
656 2972 968 3043 dispergam
1008 2971 1065 3027 in
1097 2980 1150 3027 te
1178 2971 1493 3043 agricolam.
1542 2988 1561 3022 ι
1596 2970 1869 3026 [dolorum
1901 2985 1986 3025 sa-

405 3065 638 3131 criﬁcos,
667 3073 724 3120 et
755 3064 1023 3121 sacriﬁcia
1055 3079 1267 3130 eorum,
1298 3075 1351 3118 et
1385 3064 1547 3119 idola.

2084 595 2259 665 λόγως
2290 594 2618 666 θεωρεῖσθαι
2646 592 2886 647 διδάσκει
2915 590 3010 644 τὸν
3037 589 3198 644 Θεόν.
3215 591 3303 644 Ἑν
3323 589 3403 661 τῷ
3425 590 3663 662 οὐρανῷ,

2083 688 2166 750 είς
2199 686 2259 739 τὸ
2286 684 2571 739 ἀποτελεῖν
2602 681 2855 754 βροντάς.

2157 797 2175 830 ι
2198 776 2521 849 Ἐμωράνθη
2574 778 2684 841 πᾶς
2726 776 3013 847 ἄνθρωπος
3060 756 3169 829 ἀπὸ
3204 772 3482 843 γνώσεως.
3521 792 3539 825 ι
3575 772 3668 846 Μὴ

2081 871 2282 941 νοήσας
2312 868 2421 923 ἀπὸ
2453 869 2554 940 τῆς
2585 868 2849 938 καλλονῆς
2878 867 2989 921 τῶν
3019 868 3339 937 κτισμάτων
3366 866 3460 919 τὸν
3488 865 3669 920 αὐτῶν

2080 960 2436 1034 δημιουργὸν,
2469 961 2502 1031 ἢ
2538 961 2630 1015 καὶ
2657 959 2913 1016 καθόλου.
2942 961 3025 1014 ὅτι
3054 959 3153 1013 νῦν
3181 960 3245 1012 ὲκ
3274 958 3475 1029 μέρους
3497 956 3669 1027 γινώ-

2084 1071 2312 1125 σκομεν.

2158 1166 2178 1200 ‹
2211 1147 2633 1216 Διασκορπίζεις
2667 1145 2730 1200 σύ
2770 1140 2861 1216 μοι
2894 1144 3061 1216 σκεύη
3111 1143 3376 1213 πολέμου.
3419 1160 3440 1195 r
3469 1142 3669 1213 Δίσθη·

2081 1237 2193 1301 τῶς
2232 1239 2352 1308 μὲν,
2384 1238 2459 1302 ὡς
2492 1238 2631 1309 πρὸς
2662 1238 2761 1311 τὴν
2792 1236 3137 1292 Βαὸυλῶναὸ
3158 1235 3315 1304 λόγος
3335 1253 3348 1265 ·
3376 1234 3672 1305 ἀληθέστε-

2086 1345 2178 1402 ρον
2209 1330 2266 1382 δὲ
2302 1331 2475 1384 πάντα
2510 1327 2710 1400 ἐφεξῆς
2744 1329 2881 1401 πρὸς
2909 1331 3002 1382 τὸν
3029 1329 3273 1381 Σατανᾶν
3304 1326 3524 1398 εἴρηται
3543 1340 3557 1358 ⁸
3592 1326 3671 1389 ὡς

2082 1418 2147 1470 ὲκ
2182 1416 2278 1471 τοῦ
2321 1417 2479 1471 Θεοῦ.
2531 1419 2627 1484 Σὺ,
2672 1419 2859 1488 φησὶν,
2906 1420 3209 1489 ἐπιχειρεῖς
3261 1417 3670 1490 διασκορπίζων

2081 1510 2208 1573 τοὺς
2248 1508 2571 1581 ἀνθρώπους
2596 1511 2725 1574 τοὺς
2756 1509 3050 1573 θεοσεϐεῖς,
3075 1510 3203 1573 τοὺς
3232 1508 3564 1579 δυναμένους
3588 1524 3669 1561 σοι

2085 1601 2375 1671 πολεμεῖψ
2405 1600 2521 1669 ἑγὼ
2541 1601 2601 1655 δὲ
2630 1601 3007 1672 διασκορπίζω
3035 1618 3129 1654 σου
3166 1604 3348 1655 πᾶσαν
3380 1600 3672 1670 δαιμονιώ-

2084 1692 2148 1762 δη
2180 1691 2412 1762 πληθὺν,
2447 1695 2544 1746 καὶ
2579 1694 2707 1758 τοὺς
2736 1693 2915 1748 αὐτῶν
2956 1695 3015 1746 ἐν
3057 1694 3229 1765 κακίᾳ
3274 1691 3671 1761 ἐπικρατεστέ-

2090 1799 2237 1854 ρους.

2170 1874 2394 1947 Ἡδονὴν
2414 1875 2512 1948 τὴν
2535 1876 2848 1948 θηλυμανῆ,
2875 1878 3084 1932 καὶτὸν
3105 1876 3309 1945 ταύτην
3335 1876 3671 1948 ἐνεργοῦντα

2087 1965 2342 2036 δαίμονα.

2165 2079 2182 2110 ι
2215 2061 2324 2113 Kal
2354 2059 2696 2130 διασκορπιῶ
2721 2060 2781 2114 ὲν
2808 2060 2892 2115 σο¹ι
2923 2061 3109 2115 ἵππον.
3139 2079 3158 2112 ι
3204 2062 3318 2125 Τὰς
3345 2061 3667 2131 φιλοδοξίας,

2085 2149 2186 2212 τὰς
2215 2148 2660 2220 φιλοχρηματίας
2692 2149 2785 2203 καὶ
2809 2149 2937 2213 τοὺς
2965 2150 3136 2214 αὑτὰς
3164 2150 3525 2221 ἐνεργοῦντας
3550 2151 3671 2205 δαί-

2090 2255 2281 2309 μονας.

2165 2349 2183 2382 ι
2221 2333 2327 2387 Kal
2358 2331 2700 2404 διασκορπιῶ
2747 2332 2806 2385 έν
2859 2331 2942 2385 σοὶ
2991 2333 3295 2387 νεανίσκον.
3327 2351 3346 2384 ι
3376 2333 3516 2397 Τοὺς
3544 2333 3672 2406 ἀγό-

2087 2440 2210 2487 νους
2238 2425 2320 2487 είς
2351 2424 2576 2495 ἀρετήν.

2162 2533 2181 2567 ι
2212 2515 2321 2568 Kal
2357 2514 2695 2586 διασκορπιῶ
2725 2518 2781 2569 ὲν
2812 2516 2897 2569 σοὶ
2925 2515 3093 2588 ἄνδρα
3117 2518 3213 2571 καὶ
3241 2521 3533 2584 γυναῖκα.»
3555 2517 3671 2590 Τὴν

2087 2606 2423 2678 φιληδονίαν.

2164 2716 2182 2749 ι
2214 2699 2327 2750 Καὶ
2349 2697 2692 2768 διασκορπιῶ
2715 2699 2775 2751 ὲν
2801 2699 2886 2751 σοὶ
2911 2700 3170 2769 ποιμένα..
3197 2720 3217 2751 ι
3248 2701 3387 2765 Τοὺς
3416 2703 3513 2773 τῆς
3540 2703 3676 2774 ψευ-

2086 2789 2338 2860 δωνύμου
2395 2789 2652 2856 γνώσεως
2699 2791 3057 2856 διδασκάλους
3102 2793 3200 2846 σὺν
3249 2796 3365 2858 τοῖς
3408 2795 3669 2867 πειθομέ-

2086 2900 2221 2947 νοις.

2162 2997 2181 3030 ι
2213 2978 2323 3032 Kal
2367 2978 2709 3050 διασκορπιῶ
2752 2981 2810 3033 ὲν
2861 2978 2947 3031 ool
2992 2978 3261 3050 γεωργόν.
3293 2998 3313 3032 ι
3373 2980 3516 3044 Τοὺς
3561 2980 3673 3034 τῶν

2084 3071 2322 3126 εἰδώλων
2362 3071 2706 3144 ίερουργοὺς,
2734 3070 2948 3135 καὶτὰς
2990 3071 3215 3136 τελετὰς
3246 3072 3447 3138 αὐτῶν,
3479 3075 3574 3129 καὶ
3602 3076 3673 3130 τὰ

2086 3162 2306 3216 είδωλα.

483 3267 501 3299 ι
538 3248 604 3302 Et
626 3247 932 3316 dispergam
958 3244 1013 3299 in
1041 3252 1093 3298 ιθ
1132 3242 1439 3313 Ρηίθοιοεο
1482 3262 1501 3295 ⁸
1564 3241 1849 3312 Ρτίηοῑρεε
1884 3256 1985 3297 ηε·
2012 3238 2056 3297 (ἶ
2164 3273 2184 3306 ι
2220 3257 2327 3310 Kal
2370 3259 2712 3331 διασκορπιῶ
2742 3262 3042 3332 ἡγεμόνας.
3078 3284 3096 3316 ι
3141 3263 3278 3327 Τοὺς
3312 3262 3579 3335 ἄρχοντας
3613 3262 3672 3315 ἐν

402 3339 590 3411 quitia:
618 3339 912 3393 daemonas.

478 3431 541 3485 ν.
585 3429 675 3484 25.
736 3447 755 3479 ι
796 3429 934 3484 Ecce
979 3443 1079 3499 ego
1117 3426 1187 3480 ad
1213 3436 1264 3480 te
1296 3435 1538 3481 montem
1581 3432 1917 3495 corruptum.
1962 3444 1980 3476 ι

407 3521 675 3587 Historice
693 3520 913 3590 quidem
943 3519 1560 3583 Nabuchodonosorem,
1596 3518 1828 3589 Spiritali
1855 3533 1986 3574 vero

407 3628 574 3669 sensu
625 3610 881 3667 Satanam
933 3620 1280 3681 corruptum,
1321 3610 1449 3680 quia
1498 3624 1622 3663 cum
1653 3619 1707 3663 et
1760 3610 1806 3664 is
1846 3624 1987 3663 unus

407 3713 555 3760 esset
574 3720 639 3760 ex
673 3702 1031 3773 archangelis,
1060 3712 1254 3773 sponte
1282 3717 1387 3758 sua
1412 3701 1685 3772 pr0priam
1725 3702 1987 3756 virtutem

406 3796 668 3852 deseruit.

483 3906 504 3938 ‹
538 3888 606 3943 Ει
633 3886 919 3942 extendam
949 3901 1169 3941 manum
1217 3900 1395 3941 meam
1425 3901 1589 3962 super
1622 3893 1695 3940 te.
1736 3904 1756 3938 ι
1793 3883 1989 3955 Expel-

409 3982 515 4035 lam
552 3987 605 4034 te
641 3979 710 4034 ab
760 3978 846 4035 his
901 3979 995 4050 qui
1033 3979 1402 4041 crediderunt.
1442 3979 1646 4044 sanctis
1692 3978 1985 4049 lapidibus,

409 4071 503 4140 qui
525 4085 691 4140 super
708 4077 908 4124 terram
937 4070 1271 4137 volutantur,
1296 4072 1384 4126 vel
1399 4073 1590 4127 eodem
1617 4072 1840 4126 nomine
1863 4086 1986 4126 cum

409 4171 593 4232 petra,
640 4162 693 4217 id
735 4169 838 4225 est,
893 4159 1115 4217 Christo
1144 4161 1329 4216 ﬁdeles
1351 4177 1569 4233 quoque
1600 4171 1770 4233 petra
1815 4161 1987 4217 vocati

411 4262 560 4319 sunt,
604 4266 671 4305 eo
711 4251 859 4320 quod
889 4251 1114 4307 credant
1152 4252 1208 4306 in
1245 4252 1444 4323 ipsum,
1473 4263 1530 4308 et
1559 4253 1720 4310 ﬁdem
1752 4254 1989 4309 habeant

411 4347 809 4401 inconcussam.

485 4454 505 4488 ι
551 4435 619 4490 Ει
644 4434 785 4489 dabo
825 4442 876 4489 te
914 4434 1057 4489 sicut
1085 4444 1323 4491 montem
1354 4437 1718 4493 combustum.
1751 4456 1770 4489 ι
1805 4438 1989 4493 lnl‘ru~

413 4535 660 4583 ctuosum
693 4525 927 4589 scilicet,
960 4525 1226 4586 inutilem.

482 4618 547 4670 γ.
579 4617 670 4672 26.
705 4635 723 4667 ι
756 4618 824 4673 Ει
851 4633 964 4673 non
988 4618 1258 4688 accipient
1278 4619 1347 4675 de
1369 4628 1423 4675 te
1446 4620 1701 4691 lapidem.
1737 4639 1756 4672 ι
1795 4619 1988 4675 Fortes

412 4726 475 4763 ac
509 4710 628 4765 duri
659 4709 868 4779 lapides
893 4710 960 4765 ad
987 4707 1337 4768 fundamenta
1353 4711 1633 4782 jaciuntnr
1660 4719 1715 4766 et
1738 4712 1791 4765 in
1819 4727 1992 4782 angu-

414 4800 514 4854 los.
547 4797 669 4852 Eris
696 4797 902 4868 itaque,
931 4798 1026 4865 ait,
1043 4797 1313 4868 inﬁmus,
1344 4800 1577 4868 inutilis,
1597 4811 1653 4857 et
1678 4800 1898 4871 ineptus
1922 4802 1991 4856 ad

416 4905 597 4945 usum.
1151 4882 1157 4887 ’

486 5002 506 5038 ι
545 4983 745 5039 Levate
774 4982 986 5054 signum
1010 4996 1175 5053 super
1208 4992 1428 5039 terram.
1471 5001 1491 5037 ι
1529 4984 1738 5040 Tubam
1772 4985 1985 5057 signum

412 5085 588 5134 vocat.
643 5074 896 5146 Praecipit
934 5089 1067 5131 vero
1123 5077 1229 5132 hoc
1260 5076 1406 5132 Deus
1448 5077 1678 5134 fortasse
1730 5079 1990 5149 angelicis

409 5168 735 5242 quibusdam
759 5167 1055 5224 virtutibus
1082 5169 1151 5224 ad
1181 5169 1504 5224 excitandos
1529 5169 1744 5225 animos
1773 5186 1987 5234 eorum,

409 5265 497 5333 qui
530 5262 730 5318 bellum
752 5272 942 5316 contra
970 5260 1295 5331 Babylonem
1315 5270 1476 5315 erant
1496 5261 1822 5330 suscepturi.
1847 5262 1991 5317 Prm-

408 5356 542 5423 cipit
574 5355 703 5410 item
749 5360 805 5407 et
837 5352 1098 5422 apostolis
1135 5361 1195 5406 ut
1228 5350 1414 5407 ﬁdeles
1458 5352 1712 5424 colligant
1743 5353 1991 5408 illaturos

410 5447 608 5500 bellum
647 5444 986 5500 idololatriae.
1504 5498 1517 5509 κ

486 5556 505 5586 ι
569 5535 915 5592 Sanctiﬁcate
975 5550 1142 5604 super
1185 5550 1305 5591 eam
1350 5544 1560 5606 gentes.
1617 5555 1637 5589 ι
1698 5535 1988 5610 Segregate

412 5636 599 5680 contra
630 5640 749 5680 eam
782 5635 1134 5697 pugnaturos.

486 5735 506 5773 ι
542 5716 734 5773 Tollite
758 5733 786 5771 a
818 5734 923 5773 mc.
973 5738 990 5771 ι
1046 5721 1238 5775 Arnrat
1286 5722 1553 5777 Armenia:
1587 5734 1712 5778 sunt
1753 5732 1985 5777 montes.

2088 3347 2259 3420 κακίᾳ
2290 3351 2572 3421 δαίμονας.

2167 3442 2341 3495 «Ἰδοὺ
2393 3443 2506 3512 ἐγὼ
2561 3444 2698 3516 πρὸς
2741 3444 2803 3498 σὲ
2843 3443 2905 3499 τὸ
2947 3445 3074 3517 ὅρος
3101 3449 3162 3499 τὸ
3188 3446 3610 3519 διεφθαρμένον.
3647 3467 3666 3500 ι

2087 3532 2371 3603 Αίσθητῶς
2408 3536 2507 3604 μὲν
2529 3534 2622 3589 τὸν
2654 3535 3153 3609 Ναϐουχοδονόσορ,
3190 3539 3324 3612 πρὸς
3349 3540 3407 3593 δὲ
3432 3540 3673 3596 διάνοιαν

2088 3623 2179 3676 τὸν
2224 3623 2469 3679 Σατανᾶν
2513 3624 2931 3697 διεφθαρμένον,
2986 3628 3068 3681 ὅτι
3111 3624 3194 3692 εἷς
3251 3630 3345 3683 καὶ
3378 3629 3546 3693 αὐτὸς
3575 3647 3673 3699 γε·-

2087 3713 2259 3781 γονὼς
2285 3714 2393 3767 τῶν
2423 3715 2804 3786 ἁρχαγγέλων,
2836 3718 3313 3790 αὐτοπροαιρέτως
3330 3721 3431 3793 τῆς
3459 3723 3671 3786 οἰκείας

2089 3807 2345 3872 ἐξέπεσεν
2382 3809 2604 3879 ἀρετῆς.

2161 3916 2181 3944 ε
2213 3899 2321 3952 Kal
2348 3899 2556 3953 ἐκτενῶ
2590 3899 2687 3972 τὴν
2711 3902 2869 3973 χεῖρά
2899 3918 3002 3972 μου
3034 3902 3128 3956 ἐπὶ
3157 3903 3237 3958 σέ.
3265 3923 3282 3954 ι
3326 3902 3543 3971 Ἐξὼσω
3561 3907 3670 3961 ἀπὸ

2087 3990 2194 4043 τῶν
2226 3993 2692 4059 πεπιστευκότων,
2727 3994 2837 4047 τῶν
2861 3993 3033 4063 ἁγίων
3063 3994 3378 4062 λίθων,τῶν
3410 3999 3662 4066 κυλιομέ-

2088 4098 2195 4135 νων
2218 4082 2309 4135 ἐπὶ
2328 4082 2430 4153 τῆς
2458 4083 2633 4156 γῆς,ἦ
2656 4085 2750 4138 καὶ
2773 4085 3084 4158 ὁμωνύμως
3106 4091 3173 4160 τῇ
3196 4089 3397 4161 πέτρᾳ,
3420 4089 3661 4144 τουτέστι

2087 4174 2330 4246 Χριστῷ,
2352 4177 2446 4230 καὶ
2485 4178 2533 4231 οἱ
2564 4179 2745 4231 πιστοὶ
2777 4179 2976 4253 πέτραι
3004 4181 3318 4254 ἐκλήθησαν
3346 4185 3436 4238 διὰ
3460 4184 3556 4258 τὴν
3588 4186 3667 4248 εἰς

2089 4266 2253 4321 αὑτὸν
2292 4268 2495 4335 πίστιν,
2530 4269 2626 4324 καὶ
2658 4270 2721 4324 τὸ
2752 4270 3052 4344 ἀκλόνητον
3079 4275 3179 4345 τῆς
3218 4277 3477 4341 πίστεως.

2167 4462 2185 4495 ι
2216 4445 2324 4498 Kal
2354 4444 2510 4499 δώσω
2539 4464 2599 4500 σε
2636 4448 2714 4508 ὡς
2757 4448 2881 4521 ὄρος
2925 4451 3434 4526 ἑμπεπυρισμένον.
3469 4475 3488 4507 ι
3529 4457 3676 4512 Ἀντὶ

2091 4534 2207 4602 τοῦ,
2242 4538 2512 4608 ἄκαρπον,
2538 4541 2772 4611 ἀχρεῖον.

2169 4644 2187 4675 ι
2220 4627 2328 4679 Καὶ
2351 4626 2411 4679 οὗ
2448 4627 2522 4697 μὴ
2549 4628 2757 4682 λάϐωσι
2791 4632 2900 4684 ἀπὸ
2929 4630 3025 4685 σοῦ
3083 4632 3252 4687 λίθον.
3284 4652 3303 4685 ι
3358 4635 3420 4689 Ol
3461 4637 3675 4707 στερεοὶ

2089 4720 2186 4771 καὶ
2221 4720 2528 4791 ἐρρωμένοι
2564 4721 2703 4776 λίθοι
2733 4725 2812 4786 εἰς
2839 4727 2964 4788 τοὺς
2997 4725 3277 4796 θεμελίους
3298 4728 3673 4784 καταϐάλλονο

2085 4826 2201 4877 ται,
2242 4816 2337 4868 καὶ
2379 4816 2467 4879 είς
2510 4818 2737 4884 γωνίας.
2766 4820 2905 4892 "Eon
2953 4817 3047 4874 οὖν
3094 4821 3350 4894 ἀσθενὴς,
3385 4826 3540 4895 φησὶ,
3577 4827 3674 4880 καὶ

2089 4908 2335 4976 ἀχρεῖος,
2368 4907 2464 4960 καὶ
2501 4911 2814 4979 ἀνωφελής.

2167 4998 2403 5070 «Ἄρατε
2454 5002 2682 5070 σημεῖον
2727 5001 2819 5053 ἐπὶ
2866 5001 2963 5071 τῆς
3017 5003 3139 5073 γῆς.
3173 5023 3191 5057 ι
3223 5005 3334 5077 Τὴν
3386 5005 3671 5078 σάλπιγγα

2086 5088 2315 5159 σημεῖόν
2348 5108 2503 5160 φησι.
2546 5090 2777 5145 Κελεύει
2810 5092 2867 5145 δὲ
2898 5093 3057 5147 τοῦτο
3113 5096 3246 5161 Θεὸς
3288 5097 3415 5161 ἴσως
3447 5098 3673 5167 ἀγγελι-

2085 5180 2211 5243 καῖς
2238 5196 2349 5233 τισι
2381 5181 2700 5252 δυνάμεσιν,
2719 5185 2811 5236 ἐπὶ
2844 5184 2921 5254 τῷ
2950 5184 3217 5256 διεγεῖραι
3241 5188 3338 5252 τὰς
3359 5189 3539 5261 ψυχὰς
3559 5192 3671 5245 τῶν

2090 5268 2394 5336 μελλόντων
2440 5270 2698 5338 πολεμεῖν
2735 5276 2798 5345 τῇ
2840 5273 3139 5332 Βαϐυλῶνι.
3190 5276 3422 5332 Κελεύει
3465 5278 3522 5333 δὲ
3573 5282 3673 5335 καὶ

2086 5359 2202 5422 τοῖς
2234 5359 2560 5425 ἀποστόλοις
2586 5363 2841 5431 συνάγειν
2870 5367 2995 5428 τοὺς
3020 5367 3270 5431 πιστοὺς.
3295 5370 3423 5433 τοὺς
3453 5370 3672 5441 μέλλον-

2030 5466 2033 5467 '
2090 5467 2187 5514 τας
2220 5452 2480 5523 πολεμεῖν
2506 5457 2571 5526 τῇ
2597 5456 3030 5530 εἰδωλολατρείᾳ.

2163 5542 2495 5611 «Ἀγιάσατε
2547 5547 2633 5599 ἐπ’
2671 5547 2841 5620 αὐτὴν
2887 5548 3039 5619 ἔθνη.
3085 5569 3102 5602 ι
3171 5550 3493 5622 ’Ᾱὶεορίσατε
3546 5555 3675 5619 τοὺς

2091 5634 2387 5706 μέλλοντας
2416 5638 2502 5689 ἐπ’
2520 5639 2656 5709 αὐτῇ
2682 5638 2959 5708 πολεμεῖν.

2164 5728 2403 5798 «Ἄρατε
2437 5729 2564 5801 παρ’
2586 5730 2741 5800 ἐμοῦ.
2778 5752 2794 5782 ι
2827 5733 2937 5803 Τῆς
2970 5733 3257 5804 ’Λρμενίας
3280 5735 3378 5807 ὅρη
3412 5740 3475 5791 τὰ
3508 5737 3679 5811 Ἀρσι-

2093 5832 2214 5886 ρατ.
