4028 6226
367 355 474 420 723

1457 363 1974 424 OLYﬂPIODORI
2013 365 2540 427 ALEXANDRINI

372 482 580 534 rursus,
610 469 862 525 abstersit
925 471 1065 525 Deus
1120 486 1335 524 omnem
1407 471 1694 542 lacrymam
1738 488 1767 525 a
1809 472 1942 526 facie

2058 461 2262 542 ἱφεῖλεν
2291 475 2318 526 6
2349 473 2482 537 Θεὸς
2507 474 2615 526 πᾶν
2649 473 2886 545 δάκρυον
2911 473 3020 527 ἀπδ
3050 473 3345 544 προσώπου
3379 474 3482 545 τῆς
3505 477 3635 545 γῆς,

371 569 546 612 terrae.

449 647 504 703 V.
538 649 625 704 50.
667 670 684 702 ι
724 650 828 717 Qui
854 654 1084 709 evaditis
1108 654 1175 708 de
1209 663 1372 709 terra.
1406 672 1424 705 ι
1455 653 1558 720 Qui
1593 664 1831 721 terrena,
1862 655 1946 710 in—

2131 698 2148 732 ι
2173 679 2603 751 Ἀνασωζόμενοι
2645 681 2711 734 ὲκ
2755 682 2880 752 γῆς.
2911 700 2930 734 ι
2969 683 3030 736 Oi
3051 683 3159 735 τῶν
3188 665 3413 754 γηΐνων,
3443 686 3629 755 φησὶν,
3695 729 3697 732 .

362 739 502 804 quit,
560 740 875 810 reliquistis,
901 758 1118 815 semper
1162 744 1219 798 in
1267 745 1470 800 virtute
1516 746 1802 816 proﬁcite;
1847 762 1942 804 nec

2058 739 2573 835 ἀποστάντες-..ἀεὶ
2618 739 2959 843 προκόπτετε
3012 775 3093 836 είς
3137 739 3362 845 ἀρετὴν,
3557 739 3633 848 μη

364 829 673 886 subsistatis
698 851 710 885 :
741 832 844 888 Sed
869 838 1081 899 currite,
1113 847 1169 890 ut
1190 838 1636 906 compte/tendatis
1649 839 1717 893 ³⁸.

445 939 463 970 ι
501 921 601 986 Qui
635 924 702 978 de
733 925 915 995 longe.
955 945 974 977 ι
1004 925 1109 992 Qui
1140 929 1269 982 olim
1313 930 1504 998 procul
1537 946 1567 984 a
1602 930 1734 998 Deo,
1773 931 1950 988 idolo-

369 1027 486 1066 rum
511 1015 770 1071 cultores.

440 1120 458 1152 ι
499 1104 563 1156 Et
606 1105 932 1161 Jerusalem.
977 1127 995 1159 ι
1047 1107 1437 1182 Hierosolymis
1481 1111 1703 1181 quidem
1741 1113 1950 1168 sacriﬁ-

367 1196 565 1251 cabant
619 1198 790 1254 Judaei
843 1219 855 1254 :
907 1201 1066 1270 jubet
1121 1217 1252 1257 vero
1306 1203 1572 1260 visionem
1621 1205 1804 1275 pacis,
1847 1207 1952 1262 hoc

367 1300 605 1356 namque
653 1288 957 1346 Jerusalem
1005 1293 1413 1362 interpretatur,
1454 1294 1751 1349 ascendere
1787 1310 1953 1364 super

371 1376 606 1432 ﬁdelium
639 1394 752 1448 cor,
796 1391 854 1437 ut
891 1398 1074 1452 pacem
1111 1385 1343 1440 habeant
1395 1385 1463 1441 ad
1502 1388 1691 1454 Deum,
1715 1403 1835 1458 qua:
1877 1389 1951 1444 illi

368 1469 569 1538 placita
601 1485 913 1542 operantes.

440 1560 502 1615 V.
545 1564 633 1617 5|.
697 1585 714 1616 ι
767 1567 1064 1635 (Σοορθωίι
1114 1568 1430 1636 ignominia.
1468 1588 1486 1620 ι
1547 1570 1628 1624 Ad
1689 1571 1951 1639 litteram,

367 1654 511 1720 quod
545 1656 728 1710 hostes
759 1658 813 1710 in
848 1673 1061 1713 sacrum
1091 1661 1350 1729 templum
1396 1662 1630 1734 ingressi
1657 1674 1806 1727 sunt,
1834 1681 1952 1736 my-

2052 861 2293 927 ῖστασθε,
2319 863 2483 917 ἀλλὰ
2521 863 2780 934 τρέχετε,
2814 863 2918 918 ἳνα
2942 863 3340 933 καταλάϐητε.

2127 971 2146 1004 ι
2178 953 2241 1006 Οἱ
2269 955 2561 1023 μακρόθεν.
2595 973 2614 1007 ι
2649 955 2712 1008 Ul
2747 955 2914 1010 πάλαι
2945 955 3038 1009 τοῦ
3075 955 3212 1009 Θεοῦ
3249 956 3525 1027 μακρόθεν
3552 957 3635 1011 εί-

2050 1046 2408 1117 δωλολάτραι.

2129 1158 2145 1191 ι
2177 1137 2287 1191 Καὶ
2322 1136 2699 1209 Ἰερουσαλήμ.
2727 1157 2745 1189 ι
2765 1135 2855 1190 Ἑν
2880 1137 2980 1208 μὲν
3003 1140 3068 1208 τῇ
3095 1134 3457 1208 Ἰερουσαλὴμ
3478 1136 3636 1192 ἔθυον

2063 1229 2304 1283 Ἰουδαῖοι
2325 1246 2338 1259 ·
2367 1227 2579 1282 κελεύει
2605 1230 2663 1283 δὲ
2691 1230 2789 1300 τὴν
2821 1231 3010 1300 ὅρασιν
3050 1230 3150 1300 τῆς
3180 1231 3404 1298 εἰρήνης
3423 1243 3438 1256 ⁸
3473 1229 3636 1283 τοῦτο

2052 1322 2159 1391 γὰρ
2205 1322 2569 1393 ἑρμηνεύεται
2605 1321 2998 1393 ἰερουσαλήμ’
3049 1319 3365 1376 ἀναϐαίνειν
3408 1321 3490 1383 είς
3526 1315 3636 1383 ’τὰς

2052 1413 2161 1466 τῶν
2206 1410 2416 1466 πιστῶν
2457 1411 2706 1482 καρδίας,
2739 1410 2827 1465 τνα
2853 1410 3179 1481 είρηνεύωσι
3212 1409 3348 1480 πρὸς
3389 1409 3523 1463 Θεὸν
3567 1407 3637 1462 τὰ

2053 1500 2258 1572 ἀρεστὰ
2281 1501 2429 1572 αὐτῷ
2461 1499 2760 1564 ποιοῦντες.

2132 1611 2152 1645 ι
2180 1592 2576 1667 Κατεκάλυψεν
2618 1591 2834 1662 ἀτιμία.
2872 1611 2891 1644 ι
2928 1591 3070 1663 Πρὸς
3127 1591 3226 1662 μὲν
3257 1591 3316 1644 τὺ
3344 1591 3527 1662 ῥητὸν,
3551 1591 3634 1645 δτι

2055 1684 2135 1747 είς
2181 1684 2274 1739 τὸν
2320 1683 2464 1737 θεῖον
2515 1685 2642 1737 ναδν
2690 1683 2937 1754 είσῆλοον
2989 1683 3038 1735 οἱ
3080 1681 3367 1750 πολέμιοι·
3394 1680 3532 1750 πρὸς
3576 1680 3635 1732 δὲ

367 1744 520 1806 stice,
545 1748 690 1815 quod
737 1748 935 1818 impuri
977 1750 1250 1806 daemones
1308 1752 1362 1806 in
1411 1755 1609 1808 anima:
1651 1756 1942 1825 penetralia

2058 1744 2316 1839 διάνοιαν,
2347 1777 2428 1830 ὅτι
2482 1777 2564 1838 είς
2610 1775 2680 1828 τὰ
2725 1744 2893 1830 ἄδυτα
2941 1775 3039 1844 τῆς
3073 1744 3250 1842 ψυχῆς
3295 1744 3542 1840 ἐσκηῷαν
3583 1771 3634 1823 oi

366 1840 704 1908 irrepserint.

439 1932 498 1987 V.
533 1936 618 1988 55.
673 1957 690 1987 ι
729 1937 793 1990 Et
835 1939 1093 2007 perdidit.
1136 1959 1154 1992 ι
1178 1942 1258 1996 Ad
1288 1943 1544 2011 litteram,
1582 1945 1950 2001 multitudinis

364 2025 589 2080 deorum
612 2044 674 2081 ex
714 2029 1064 2097 hominibus;
1097 2034 1416 2104 spiritaliter
1449 2053 1600 2101 vero,
1621 2053 1726 2108 qua
1757 2054 1945 2094 vocem

363 2117 624 2173 tollebant
652 2120 1054 2179 debacchantes
1086 2124 1272 2180 furore
1305 2126 1636 2184 daemonum.

431 2207 496 2260 ν.
551 2208 638 2262 58.
701 2229 719 2262 ι
784 2213 910 2267 Haec
964 2213 1100 2270 dicit
1144 2216 1429 2273 Dominus.
1490 2239 1509 2272 ι
1573 2220 1801 2277 Satanas
1853 2225 1945 2294 qui

358 2316 457 2372 per
489 2311 663 2358 totum
717 2315 987 2362 terrarum
1033 2309 1220 2364 orbem
1270 2309 1395 2366 fana
1445 2313 1712 2370 idolorum
1753 2332 1948 2372 erexe-

359 2402 462 2449 rat.
1189 2445 1192 2449 .

429 2481 495 2536 V.
555 2485 644 2540 53.
700 2504 720 2538 ι
769 2485 834 2541 Ει
893 2497 1081 2557 νοτ-ιω.
1128 2509 1146 2540 ι
1180 2489 1313 2558 Quae
1368 2493 1423 2546 in
1482 2496 1783 2564 perniciem
1841 2499 1947 2554 du-

358 2584 492 2630 eunt
527 2577 674 2632 :hoc
722 2595 851 2633 vero
891 2580 1132 2650 perfecte
1163 2583 1305 2638 litin
1346 2585 1638 2642 universali
1684 2603 1947 2646 consum-

358 2668 618 2724 matione.

435 2777 454 2809 ι
500 2758 565 2814 Et
601 2776 713 2815 non
749 2761 1094 2819 laborabunt.
1145 2785 1164 2818 ι
1209 2765 1526 2840 Babylonio,
1559 2771 1643 2826 vel
1667 2773 1830 2828 etiam
1855 2790 1945 2829 er-

357 2848 466 2903 rori
492 2849 886 2907 servientes.—
907 2853 1024 2908 Non
1050 2855 1322 2921 deﬁcient,
1349 2858 1463 2912 ait:
1496 2873 1598 2913 vox
1620 2862 1789 2925 enim,
1818 2879 1941 2929 non,

355 2942 664 2997 communis
709 2943 927 3014 utrique
967 2955 1089 3012 est;
1135 2947 1238 3002 sub
1283 2947 1701 3020 Babyloniorum
1757 2961 1942 3022 tyran-

2053 1867 2354 1938 ἀκάθαρτοι
2378 1867 2653 1938 δαίμονες.

2126 1979 2145 2012 ι
2172 1960 2284 2017 Καὶ
2314 1958 2619 2014 ἀπώλεσεν.
2647 1976 2666 2010 ι
2705 1957 2849 2028 Πρὸς
2883 1955 2983 2026 μὲν
3012 1955 3072 2010 τὸ
3096 1955 3281 2026 ῥητὸν,
3310 1953 3411 2023 τῆς
3437 1954 3503 2006 ὲκ
3525 1952 3635 2005 τῶν

2048 2048 2353 2121 ἀνθρώπων
2379 2049 2677 2112 πολυθεϊας
2701 2065 2714 2080 ·
2748 2047 2886 2120 πρὸς
2914 2048 2974 2101 δὲ
3006 2047 3269 2106 διάνοιαν.
3292 2045 3376 2098 ὅτι
3398 2045 3636 2114 ἀνέκραο

2049 2137 2141 2201 ζον
2174 2139 2634 2210 ἐκβακχευόμενοι
2664 2137 2771 2191 ὑπὸ
2802 2137 2913 2190 τῶν
2944 2137 3234 2207 δαιμόνων.

2124 2248 2143 2280 ι
2175 2229 2314 2283 Τάδε
2339 2211 2509 2299 ’λέγει
2544 2229 2773 2301 Κύριος.
2806 2248 2824 2281 ι
2863 2229 2920 2282 Ὀ
2947 2229 3189 2291 Σατανᾶς
3225 2228 3346 2282 καθ’
3376 2228 3504 2298 ὅλης
3532 2227 3638 2299 τῆς

2047 2320 2376 2389 οἰκουμένης
2403 2321 2471 2374 τὰ
2499 2320 2703 2391 τεμένη
2729 2318 2964 2372 εἰδώλων
3001 2319 3243 2389 ἱδρύσας.

2122 2513 2141 2545 ι
2176 2494 2284 2547 Καὶ
2317 2495 2376 2546 ai
2413 2493 2599 2547 πύλαι.
2630 2511 2647 2543 ι
2676 2491 2740 2545 Ai
2761 2492 3075 2559 ἀπάγουσαι
3104 2492 3183 2554 είς
3204 2493 3306 2560 τὴν
3331 2490 3632 2546 ἀπώλειαν

2046 2585 2206 2638 τοῦτο
2246 2585 2302 2637 δὲ
2337 2584 2560 2646 τελείως
2594 2582 2805 2651 γίνεται
2839 2584 2897 2634 ὲν
2930 2583 2993 2652 τῇ
3029 2580 3264 2635 καθόλου
3296 2581 3595 2652 συντελείᾳ.

2122 2800 2142 2834 ι
2169 2781 2247 2835 Οὐ
2279 2781 2631 2845 κοπιάζουσι.
2652 2799 2672 2832 ι
2694 2779 2787 2851 Τῷ
2812 2779 3160 2850 Βαϐυλωνίῳ,
3181 2778 3213 2849 ἢ
3237 2778 3334 2832 καὶ
3362 2780 3427 2849 τῇ
3454 2778 3634 2850 πλάνῃ

2043 2874 2408 2937 δουλεύοντες.
2449 2903 2520 2914 -
2549 2873 2668 2927 Οὐκ
2706 2872 3043 2947 ὲκλείψουσι,
3075 2872 3240 2942 φησί’
3275 2870 3337 2924 τὸ
3378 2871 3508 2941 γὰρ,
3536 2869 3633 2937 οῦ,

2046 2967 2190 3023 κατά
2213 2966 2393 3021 κοινοῦ
2425 2969 2631 3021 κεῖται·
2667 2967 2774 3020 ὑπὸ
2801 2967 2900 3038 τῆς
2935 2960 3118 3037 ἀρχῆς
3140 2964 3251 3018 τῶν
3277 2962 3636 3020 Βαϐυλωνίων

357 3033 504 3097 nide,
540 3035 623 3090 vel
670 3036 842 3104 ipsius
887 3035 1099 3093 Satanae
1135 3040 1439 3094 constituti.
1475 3038 1720 3112 Namque
1749 3059 1942 3100 omnes

2058 3057 2496 3128 τυραννούμενοι,
2533 3059 2566 3128 ἢ
2617 3058 2712 3111 καὶ
2743 3033 3214 3110 τοῦτΣατανᾶΆΕν
3262 3053 3370 3124 γὰρ
3412 3053 3637 3126 Χριστῷ

355 3124 410 3178 in
433 3125 649 3181 Christo
679 3127 811 3182 Jesu
843 3126 1280 3186 viviﬁcabuntur.

427 3217 490 3270 V.
534 3218 622 3273 59.
662 3237 680 3270 ι
719 3219 789 3274 Ut
814 3222 1020 3277 diceret
1047 3221 1250 3276 Sareze.
1290 3242 1309 3274 ι
1365 3222 1510 3278 Misit
1539 3222 1799 3281 Sedecias
1834 3223 1941 3280 Sa-

356 3323 505 3362 ream
547 3309 805 3380 legatum,
849 3326 1072 3365 munera
1113 3311 1634 3370 Nabuchodonosori
1686 3315 1942 3372 deferen-

355 3409 486 3452 tem.
519 3398 619 3454 llic
639 3401 840 3455 dicitur
865 3417 984 3456 esse
1018 3403 1250 3457 Baruch.

431 3487 489 3542 V.
516 3490 606 3548 6|.
636 3509 654 3542 ι
692 3493 760 3546 Et
783 3493 917 3548 dixit
952 3492 1216 3550 Jeremias
1242 3495 1309 3549 ad
1351 3493 1593 3550 Saream.
1629 3515 1647 3547 ι
1683 3495 1780 3553 Hic
1804 3498 1941 3555 dici-

353 3590 444 3636 tur
504 3598 628 3638 esse
672 3584 906 3651 Barucb,
964 3586 1049 3642 cui
1097 3587 1398 3643 secundum
1449 3589 1678 3659 gratiam
1737 3606 1938 3647 nomen

354 3682 624 3731 mutatum
647 3685 748 3732 εει.

988 3771 1142 3827 CAP.
1190 3772 1299 3827 LII.

422 3859 488 3916 γ.
516 3863 564 3915 l.
592 3883 610 3916 ι
649 3861 782 3917 Filia
808 3863 1082 3920 Jeremiaa.
1119 3884 1140 3918 ι
1171 3866 1294 3921 Νοιι
1326 3868 1626 3938 prophetae.
1653 3867 1936 3924 Traditum

352 3955 553 4025 quippe
589 3964 673 4011 est
706 3957 974 4029 virginem
1017 3957 1186 4014 fuisse
1212 3961 1562 4030 prophetam,
1609 3971 1669 4016 ut
1691 3962 1785 4033 qui
1816 3963 1938 4032 jus-

353 4063 447 4102 sus
470 4057 588 4103 erat
617 4064 842 4104 uxorem
875 4067 986 4106 non
1013 4050 1218 4106 ducere
1253 4066 1284 4106 a
1316 4050 1504 4108 Deo".
1535 4052 1604 4108 Et
1635 4062 1789 4122 pater
1813 4053 1939 4124 qui-

352 4141 477 4194 dem
505 4141 651 4197 illius
677 4143 745 4196 de
777 4143 1019 4209 Lobena,
1045 4144 1310 4213 propheta
1338 4158 1472 4199 vero
1499 4160 1564 4199 ex
1605 4146 1890 4201 Anathoth
1920 4164 1934 4201 :

352 4231 520 4298 hujus
553 4233 885 4288 mentionem
928 4233 1123 4288 factam
1164 4233 1405 4304 reperies
1443 4235 1585 4289 etin
1620 4234 1728 4290 ﬁne
1759 4235 1938 4306 quarti

352 4324 474 4376 libri
503 4323 732 4394 Regum.

429 4412 489 4469 V.
552 4415 604 4469 9.
662 4434 679 4467 ι
735 4415 802 4468 Ει
861 4417 1074 4471 locutus
1126 4425 1210 4472 est
1245 4416 1315 4473 ei.
1372 4442 1393 4477 ι
1451 4416 1605 4473 Juste
1634 4417 1701 4472 de
1735 4417 1825 4472 illo
1850 4417 1939 4487 ju-

1971 3157 2014 3215 ρ
2059 3144 2238 3216 Ἰησοῦ
2268 3145 2467 3207 πάντες
2504 3145 3032 3215 ζωοποιηθήσονται.

2127 3255 2146 3289 ι
2177 3237 2363 3290 Είπεῑν
2408 3236 2487 3308 τῷ
2533 3236 2816 3308 Σαραίᾳη»
2857 3237 3146 3307 Ἔπεμψεν
3175 3239 3204 3290 6
3235 3239 3492 3303 Σεδεκίας
3539 3239 3633 3293 τὸν

2049 3327 2260 3400 Σαρέαν
2294 3326 2657 3398 πρεσϐευτὴν,
2687 3326 2835 3396 δῶρα
2864 3327 3158 3396 κομίζοντα
3185 3326 3262 3398 τῷ
3289 3327 3631 3399 Ναϐουχοδο-

2049 3417 2229 3488 νόσορ.
2260 3409 2430 3482 Οὗτος
2458 3418 2672 3486 λέγεται
2712 3415 2856 3471 εἶναι
2879 3420 2907 3470 6
2938 3417 3176 3489 Βαρούχ.

2125 3528 2144 3562 ι
2177 3511 2287 3564 Kal
2316 3507 2470 3563 εἷπεν
2504 3508 2775 3581 Ἱερεμίας
2806 3510 2941 3580 πρὸς
2971 3509 3231 3580 Σαραίαν.
3266 3529 3284 3560 ι
3332 3505 3502 3574 Οὗτος
3539 3511 3630 3564 λέ-

2049 3620 2204 3672 γεται
2233 3599 2421 3657 εἶναιὸ
2451 3603 2689 3672 Βαροὺχ,
2721 3603 2864 3656 κατὰ
2887 3601 3050 3672 χάριν
3083 3602 3591 3673 μετωνομασμένος.

2628 3776 2875 3829 ΚΕΦΑΛ.
2920 3776 3046 3830 NB’.

2125 3887 2143 3921 ι
2175 3867 2434 3937 Θυγάτηρ
2467 3866 2754 3937 Ἰερεμίου.
2788 3884 2807 3918 ι
2848 3866 2920 3920 Οὐ
2955 3866 3047 3919 τοῦ
3087 3867 3394 3938 προφήτου.
3421 3865 3630 3938 Παρθέ-

2048 3939 2136 4024 νος
2167 3960 2276 4031 γὰρ
2321 3961 2614 4029 ἱστορεῖται
2647 3955 2788 4012 εῖναι
2815 3959 2843 4011 6
2872 3958 3181 4028 προφήτης,
3209 3957 3287 4020 ὡς
3313 3957 3628 4020 κελευσθεὶς

2047 4051 2153 4104 ὑπὸ
2177 4051 2270 4105 τοῦ
2297 4049 2432 4103 Θεοῦ
2465 4049 2768 4121 μὴγῆμαι.
2802 4049 2914 4102 Kal
2945 4051 2973 4102 6
3012 4048 3113 4119 μὲν
3144 4049 3326 4118 πατὴρ
3351 4048 3522 4118 αὐτῆς
3563 4049 3628 4100 ὲκ

2045 4141 2274 4209 Λοϐενὰ,
2305 4144 2334 4195 6
2378 4141 2435 4194 δὲ
2485 4144 2771 4212 προφήτης
2815 4139 2874 4204 ἐξ
2904 4137 3145 4193 Ἀναθώο
3169 4155 3184 4170 ·
3215 4139 3420 4208 ταύτην
3459 4138 3626 4209 εὑρή-

2048 4252 2164 4298 σεις
2198 4236 2292 4288 καὶ
2324 4236 2382 4288 ὲν
2407 4235 2486 4307 τῷ
2515 4233 2662 4288 τέλει
2694 4234 2794 4305 τῆς
2828 4232 3095 4304 τετάρτης
3123 4231 3232 4286 τῶν
3267 4230 3584 4285 Βασιλειῶν.

2126 4431 2144 4462 ‹
2173 4409 2283 4464 Καὶ
2321 4409 2584 4480 ἐλάλησεν
2607 4408 2778 4480 αὐτῷ.
2809 4427 2828 4458 ι
2877 4407 3132 4468 Ἐνδίκως
3179 4407 3342 4461 αὑτὸν
3385 4405 3618 4477 ἔκρινεν,

353 4510 571 4571 dicavit,
629 4519 689 4565 ut
724 4509 1082 4581 jurisjurandi
1121 4511 1179 4566 in
1249 4511 1454 4583 templo
1497 4509 1726 4566 exhibiti
1763 4510 1934 4566 viola-

2058 4506 2113 4570 ὓς
2143 4503 2569 4575 παραϐεϐηκότα
2598 4500 2698 4564 τὰς
2725 4501 2783 4554 ὲν
2813 4499 2891 4570 τῷ
2920 4498 3050 4571 θείῳ
3079 4499 3191 4570 ναῷ
3218 4498 3586 4568 ὁρκωμοσίας.

356 4610 495 4653 tore.

425 4691 489 4744 V.
522 4692 607 4747 ll.
644 4712 663 4743 ι
696 4693 763 4746 Ει
787 4693 973 4748 oculos
1002 4693 1242 4751 Sedeciae
1276 4695 1438 4751 eruit.
1470 4712 1491 4747 ι
1517 4693 1593 4750 Ut
1613 4700 1940 4764 operaretur

355 4784 408 4836 in
451 4784 698 4852 pistrino.

428 4869 491 4926 V.
531 4874 614 4928 t7.
651 4891 670 4925 ι
724 4873 790 4930 Ει
846 4875 1024 4931 bases.
1063 4897 1082 4928 ι
1145 4877 1566 4948 Receptaculum
1613 4885 1731 4932 erat
1759 4891 1933 4946 aqua,

352 4970 685 5034 propterque
711 4966 830 5037 ejus
856 4967 1213 5037 capacitatem
1238 4983 1388 5022 mare
1411 4977 1684 5024 vocatum.

423 5051 486 5106 ν.
515 5052 605 5109 24.
639 5075 658 5108 ι
696 5055 761 5111 Et
788 5063 919 5113 tres.
957 5075 974 5109 ›
1009 5057 1310 5114 Janitorum
1345 5057 1649 5128 praefectos.

428 5229 491 5287 ν.
545 5232 637 5288 25.
677 5252 695 5286 ι
752 5235 819 5288 Ει
869 5234 1121 5289 scribam.
1164 5254 1182 5286 ι
1230 5233 1454 5289 Tributa
1511 5234 1930 5298 describentem,

353 5326 827 5397 ingredientesque
852 5337 1013 5397 atque
1041 5325 1387 5398 egredientes
1412 5327 1479 5381 ad
1509 5326 1733 5381 bellum.
1761 5326 1928 5381 Com-

352 5414 527 5470 bustis
555 5416 761 5472 scilicet
801 5426 856 5472 et
893 5413 1116 5485 reliquis
1159 5417 1412 5473 omnibus
1443 5416 1611 5472 sacris
1641 5417 1784 5472 vasis
1811 5432 1933 5486 quae

355 5510 623 5574 asportari
679 5510 893 5565 diﬂicile
940 5519 1209 5579 poterant.
1247 5509 1345 5565 Pcr
1373 5512 1488 5566 haec
1532 5510 1808 5568 crassities
1839 5526 1932 5566 co-

353 5597 552 5653 lumnte
579 5602 908 5671 explicatur.

439 5789 548 5844 ³³11
582 5791 810 5857 Comx,
843 5794 930 5844 ‘27.
1013 5795 1052 5825 ³⁷
1089 5795 1287 5851 Jercm.
1327 5814 1434 5863 xvr,
1465 5801 1511 5852 l.

2119 4703 2138 4738 ι
2169 4685 2277 4740 Καὶ
2301 4682 2426 4746 τοὺς
2448 4681 2762 4751 ὀφθαλμοὺς
2787 4678 3040 4733 Σεδεκίου
3064 4675 3433 4746 ἑξετύφλωσε.
3455 4693 3474 4726 ι
3497 4673 3624 4745 Ἑρ-

2041 4773 2306 4849 γάζεσθαι
2333 4779 2391 4830 ὲν
2413 4773 2491 4846 τῷ
2516 4774 2744 4844 μύλωνι.

2117 4889 2136 4922 ι
2162 4870 2273 4924 Kal
2301 4866 2399 4931 τὰς
2433 4866 2638 4937 βάσεις.
2666 4881 2684 4914 ι
2722 4864 2937 4934 Δοχεῖον
2966 4855 3034 4932 ἦν
3071 4859 3282 4925 ὕδατος,
3314 4858 3402 4912 διὰ
3432 4858 3492 4911 τὸ
3523 4873 3619 4910 πο-

2040 4958 2355 5033 λυχώρητον
2386 4958 2628 5014 Θάλασσα
2659 4955 3016 5024 καλούμενον.

2118 5052 2273 5104 «Kal
2321 5050 2447 5112 τοὺς
2490 5051 2657 5120 τρεῖς.
2690 5067 2707 5098 ι
2742 5047 2884 5108 Τοὺς
2938 5045 3242 5106 ἐπιστάτας
3285 5043 3396 5095 τῶν
3441 5043 3620 5112 Θυρω-

2045 5157 2262 5286 ch’Kal
2277 5231 2365 5284 τὸν
2389 5227 2740 5300 γραμματέα.
2756 5246 2774 5278 ι
2785 5226 2889 5279 Τὸν
2909 5224 3365 5296 ἀπογραφόμενον
3379 5223 3448 5277 τὰ
3463 5223 3614 5294 τέλη,

2037 5324 2134 5378 καὶ
2177 5323 2304 5385 τοὺς
2335 5321 2598 5382 εἰσιόντας
2627 5320 2722 5372 καὶ
2772 5320 2900 5382 τοὺς
2935 5317 3176 5382 ἐξιόντας
3205 5318 3284 5379 είς
3325 5315 3414 5368 τὸν
3459 5314 3619 5367 πόλει

2045 5403 2554 5486 μονζΚατακαύσας
2586 5411 2826 5481 δηλονότι
2855 5409 2948 5463 καὶ
2977 5408 3046 5462 τὰ
3070 5407 3206 5462 ἄλλα
3238 5407 3418 5460 πάντα
3449 5405 3616 5474 σκεύη

2041 5507 2110 5561 τὰ
2143 5507 2264 5578 ἱερὰ
2297 5506 2366 5558 τὰ
2412 5502 2912 5571 δυσκατακόμιστα.
2951 5499 3216 5554 Τοσοῦτον
3254 5497 3510 5571 δηλοῦται
3553 5495 3618 5548 τὸ

2046 5601 2220 5670 πάχος
2251 5596 2346 5650 τοῦ
2384 5595 2591 5648 στύλου.

3524 367 3636 431 ⁸124
3721 395 3724 398 ’
