4050 6226
387 384 494 447 7‘25

1397 391 1863 453 FRAGMENTA
1898 391 1977 450 ΙΝ
2026 390 2298 450 JEREM.
2335 389 2660 450 LAMENT.

3555 386 3658 451 726

464 513 484 545 ο
508 495 597 548 Ἐν
628 497 697 566 γῇ
731 495 930 566 Ἦμάθ.
959 516 978 548 ι
1015 496 1194 568 Ἠμάθ
1233 497 1386 568 ἡνῦν
1415 499 1730 570 καλουμένη
1762 499 1964 552 Ἀντιό-

2139 497 2201 551 ν.
2239 497 2350 550 οΞἹ.
2406 514 2424 546 ι
2485 495 2541 548 In
2583 505 2722 550 terra
2762 494 2977 550 Emath.
3023 515 3039 546 ι
3080 495 3274 550 Emath
3333 514 3453 567 quae
3511 515 3658 555 nunc

387 605 509 658 χεια
529 606 542 620 ⁸
571 590 814 644 Δεϐλαθὰ
833 591 889 644 δὲ
919 592 981 644 τὸ
1005 592 1210 662 ταύτης
1243 592 1568 662 προάστειον
1594 594 1626 664 ὴ
1656 593 1866 663 Δάφνη.

465 785 485 818 t
502 767 730 820 Ἔλαϐεν
765 770 1217 839 Οὐλαιμαδάχαρ.
1252 790 1270 820 ι
1294 770 1512 840 Ἐπειδὴ
1533 772 1589 824 δὲ
1613 773 1660 824 οἱ
1688 771 1971 841 αἰχμάλωο

389 875 472 910 τοι
506 859 656 912 κάτω
689 858 936 912 νεύουσιν
977 861 1080 914 ὑπὸ
1108 861 1206 929 τῆς
1238 863 1545 930 συμφορᾶς,
1580 862 1775 923 ἔλαϐε.
1814 863 1969 934 φησὶ,

391 947 492 1018 τὴν
518 949 793 1017 κεφαλὴν
820 950 1028 1016 αὐτοῦ,
1067 952 1186 1004 ἀντὶ
1211 951 1328 1016 τοῦ,
1356 952 1704 1022 ἀνώρθωσεν,
1732 953 1970 1021 ὕψωσεν,

392 1040 504 1094 άνω
557 1041 776 1108 βλέπειν
833 1045 1265 1115 παρεσκεύασεν.
1308 1045 1396 1108 Ὠς
1438 1047 1529 1099 καὶ
1573 1046 1738 1098 Δαϐὶδ
1784 1045 1972 1114 λέγει·

403 1132 550 1187 Ἰδοὺ
583 1134 793 1202 ὕψωσσ
825 1135 1102 1204 κεφαλήν
1139 1153 1260 1205 μου
1307 1135 1398 1190 ἐπ’
1421 1137 1673 1205 ἐχθρούς
1694 1155 1835 1206 μου.
1875 1136 1970 1200 Τὸ,

391 1224 614 1278 ἔλαϐεν
645 1226 769 1278 ἀντὶ
795 1226 912 1292 τοῦ,
945 1226 1191 1297 ὕψωσεν,
1224 1228 1300 1292 ὡς
1348 1231 1407 1282 ὲν
1454 1227 1531 1298 τῷ
1577 1229 1724 1282 τέλει
1749 1228 1850 1297 τῆς
1887 1245 1976 1282 τε·

390 1315 599 1388 τάρτης
625 1317 733 1371 τῶν
751 1317 1048 1373 Βασιλειῶν
1072 1337 1259 1392 φησιν.

463 1496 508 1529 ³⁸
587 1495 729 1552 Psal.
757 1512 836 1563 ut,
861 1497 913 1552 4.

2075 591 2362 645 Antiochia
2411 576 2674 654 vocatur;
2720 589 2941 644 Deblata
2993 605 3124 643 vero
3169 591 3289 659 ejus
3335 593 3656 646 suburbiuni

2075 681 2319 749 Daphne.

2149 772 2210 825 V.
2243 773 2330 826 5|.
2383 791 2399 822 ι
2430 770 2651 840 Accepit
2692 769 3104 826 Vallebardach.
3141 793 3158 823 ι
3221 773 3489 839 Quoniam
3530 791 3661 827 vero

2076 863 2272 934 captivi
2303 863 2555 918 deorsum
2587 870 2833 930 spectant
2871 862 3107 918 miseriis
3139 865 3408 933 Oppressi,
3435 867 3656 935 accepit,

2077 956 2270 1025 inquit,
2305 963 2462 1022 caput
2497 953 2660 1016 illius,
2697 954 2798 1006 hoc
2823 962 2908 1008 est
2942 956 3135 1018 erexit,
3168 957 3420 1023 elevavit,
3453 968 3513 1012 ut
3537 975 3660 1012 sur-

2071 1063 2191 1101 sum
2219 1046 2427 1100 videret
2448 1045 2666 1100 elIecit:
2702 1045 2859 1100 sicuti
2885 1054 2940 1100 et
2969 1045 3137 1101 David
3165 1048 3242 1102 ait
3272 1065 3285 1100 :
3321 1048 3454 1103 Ecce
3477 1049 3662 1103 eleua-

2070 1140 2142 1192 vit
2193 1146 2348 1206 caput
2407 1153 2578 1192 meum
2629 1152 2787 1206 super
2830 1137 3072 1190 inimicos
3129 1155 3269 1192 meo:
3291 1139 3356 1194 ³³.
3422 1140 3660 1209 Accepit,

2070 1231 2124 1285 id
2181 1239 2285 1296 est,
2338 1229 2602 1294 elevavit,
2657 1237 2716 1284 ut
2771 1227 2826 1282 ln
2885 1228 2994 1282 line
3039 1229 3218 1298 quarti
3250 1230 3456 1302 Regum
3485 1231 3662 1287 habe—

2076 1331 2190 1378 tur.

405 1693 3624 1723 *Ἣ

606 1878 1322 1968 FRAGMENTA
1443 1879 1571 1968 IN
1690 1880 2256 1968 JEREMIAE
2380 1881 3437 1975 LAMENTATIONES.

932 2249 1328 2305 ΚΕΦΑΛΔῘΟΝ
1367 2251 1446 2304 A'.

479 2367 498 2400 ι
529 2348 638 2403 Καὶ
668 2346 906 2415 ἐγένετο.
939 2363 956 2395 ι
989 2344 1189 2416 Θρηνεῖ
1221 2343 1318 2414 μὲν
1372 2340 1515 2396 κατὰ
1549 2342 1648 2412 τὴν
1685 2342 1928 2414 ἱστορίαν
1951 2345 1980 2398 ὁ

403 2443 690 2513 προφήτης
707 2439 806 2510 τὴν
829 2439 946 2492 τότε
965 2438 1066 2506 τῆς
1091 2435 1446 2508 Ἰερουσαλὴμ
1463 2437 1766 2506 γενομένην
1781 2437 1980 2506 αίχμα·

407 2533 633 2596 λωσίαν,
653 2531 1009 2603 προφητικῶς
1033 2529 1092 2580 δὲ
1123 2529 1215 2580 καὶ
1241 2527 1603 2598 ἀληθέστερον
1621 2527 1720 2596 τὴν
1744 2528 1837 2579 ἐπὶ
1853 2527 1982 2580 Ῥω-

407 2626 583 2696 μαίων
615 2625 748 2694 αὐτῇ
787 2622 1071 2693 συμϐᾶσαν
1099 2620 1188 2673 διὰ
1225 2620 1321 2690 τὴν
1356 2618 1448 2672 τοῦ
1480 2618 1717 2690 Χριστοῦ
1741 2620 1983 2690 παράνο-

408 2735 510 2788 μον
537 2718 763 2786 τόλμαν.
783 2716 931 2768 Ἐκεῖ
963 2715 1059 2784 μὲν
1086 2711 1198 2782 γὰρ
1230 2713 1292 2764 ἐκ
1332 2709 1648 2774 Βαϐυλῶνος
1679 2709 1981 2781 ἀνεκλήθη-

408 2829 535 2874 σαν,
585 2809 723 2878 μετά
752 2807 810 2862 δὲ
844 2809 942 2878 τὴν
983 2806 1088 2858 ὑπὸ
1121 2803 1412 2874 Ῥωμαίων
1457 2803 1728 2858 ἀνάλωσιν
1774 2802 1980 2856 οὐκέτι.

417 2902 778 2972 ’Δναφέρεται
808 2900 862 2953 δὲ
889 2899 959 2952 τα
988 2896 1353 2967 γεγραμμένα
1404 2896 1497 2949 καὶ
1530 2897 1617 2948 ἐπὶ
1645 2894 1850 2965 ψυχὴν,
1889 2895 1981 2946 ικ-

406 2995 683 3048 πεσοῦσαν
737 2991 836 3064 μὲν
881 2992 980 3061 τῆς
1021 2990 1243 3060 ἀρετῆς,
1274 2987 1696 3057 κατενεχθεῖσαν
1721 2986 1778 3040 δὲ
1807 2988 1887 3049 είς
1917 2985 1984 3040 τὰ

404 3088 506 3158 τῆς
536 3087 735 3149 κακίας
769 3085 907 3153 εἴδη,
936 3085 1031 3138 καὶ
1057 3083 1144 3136 διὰ
1171 3082 1331 3134 τοῦτο
1370 3086 1427 3134 ὲν
1468 3080 1725 3151 συγχύσει
1751 3079 1984 3148 γενομέ-

404 3199 501 3252 νην
519 3197 534 3212 ο
561 3179 816 3232 Βαϐυλὼν
844 3178 952 3246 γὰρ
980 3177 1282 3244 σύγχυσις
1311 3172 1678 3245 ἑρμηνεύεται
1702 3189 1715 3202 °
1751 3171 1846 3225 καὶ
1881 3169 1986 3223 ὑπὸ

404 3271 514 3325 τῶν
542 3269 748 3340 νοητῶν
778 3268 1056 3339 πολεμίων
1086 3262 1641 3337 αἰχμαλωτισθεῖσαν.

482 3362 789 3435 ιἘγενήοη
841 3363 918 3426 ὡς
963 3361 1128 3432 χήρα.
1163 3379 1182 3412 ι
1227 3359 1334 3414 Τοῦ
1383 3359 1617 3430 νυμφίου
1660 3354 1988 3428 στερηθεῐσα

406 3457 591 3528 λόγου.

481 3565 501 3599 ι
530 3545 985 3618 Πεπληθυσμένη.
1023 3562 1042 3596 ›
1089 3543 1154 3596 Ἦ
1207 3541 1396 3613 πρώτη
1443 3537 1712 3612 [πρώην]
1771 3536 1988 3612 πλήρης

403 3639 627 3708 ἀγαθῶν
645 3639 942 3708 λογισμῶν.

485 3733 796 3804 ι’Λρχουσα
825 3734 882 3784 ὲν
909 3729 1137 3801 χώραις.
1171 3748 1190 3781 ι
1236 3727 1302 3781 Ἦ
1343 3725 1452 3779 τῶν
1500 3723 1710 3779 κακιῶν
1756 3726 1990 3796 ἐπικρα-

402 3820 574 3876 τοῦσα
607 3822 882 3892 ύπόφορος
915 3820 1140 3882 ταύταις
1167 3819 1416 3886 γέγονεν.

486 3933 505 3966 ι
554 3914 833 3968 κλαίουσα
880 3912 1169 3966 ἔκλαυσεν.
1225 3930 1242 3962 ι
1312 3911 1399 3964 Ἐν
1453 3913 1520 3980 τῇ
1571 3909 1833 3980 ἐπαγωγῇ
1883 3905 1990 3960 τῶν

404 4005 852 4078 ὲχθρῶν.’1στέον
893 4003 948 4056 δὲ
993 4002 1068 4065 ὡς
1111 4001 1257 4072 ψυχὴ
1314 4000 1711 4071 ἁμαρτάνουσα
1745 4001 1801 4050 ὲν
1834 3995 1990 4050 νυκτὶ

405 4100 643 4168 γίνεται,
679 4093 1074 4168 μακρυνομὲνη
1096 4091 1193 4145 τοῦ
1230 4091 1413 4145 Ἡλίου
1442 4091 1538 4160 τῆς
1577 4087 1950 4157 δικαιοσύνης.

484 4209 502 4241 ι
529 4191 652 4243 Ἐπὶ
683 4187 792 4240 τῶν
824 4185 1108 4253 σιαγόνων.
1138 4184 1378 4254 »Ὥσπερ
1401 4181 1630 4251 νοοῦμεν
1654 4179 1987 4249 ὀφθαλμοὺς,

404 4280 552 4333 οῦτω
597 4279 848 4345 λέγονται
901 4277 996 4328 καὶ
1048 4274 1297 4342 σιαγόνες
1341 4272 1541 4342 ψυχῆς,
1582 4271 1736 4335 δι’ἃς
1766 4269 1867 4333 τὰς
1894 4268 1990 4322 τοῦ

403 4373 567 4440 λόγου
596 4373 858 4441 τρέφεται
891 4368 1289 4438 [reponendum
1313 4367 1528 4422 videtur
1557 4362 1792 4436 τροφὰς]
1825 4361 1991 4416 δυνά-

410 4481 556 4536 μεις,
587 4461 1024 4516 καταλεαίνουσα
1056 4458 1260 4522 ταύτας
1289 4458 1382 4512 καὶ
1417 4456 1819 4528 μαρυκωμένη.

489 4575 505 4606 ι
542 4555 650 4606 Καὶ
693 4553 791 4622 οὐχ
844 4552 1089 4622 ὑπῆρχεν
1121 4552 1148 4602 ὁ
1178 4547 1513 4618 παρακαλῶν
1545 4548 1741 4617 αὑτήν.
1766 4566 1786 4598 ι
1839 4546 1994 4600 Κατὰ

413 4648 514 4717 μὲν
543 4647 639 4717 τὴν
667 4645 932 4715 ἱστορίαν,
963 4645 1046 4696 ὅτι
1073 4642 1166 4694 ἐπὶ
1197 4641 1408 4704 πάντας
1436 4636 1503 4710 ἧν
1533 4641 1566 4709 ἡ
1596 4640 1758 4709 ὀργὴ,
1780 4639 1874 4692 καὶ
1895 4639 1994 4692 οὐκ

410 4741 493 4793 ἔτι
517 4740 702 4809 ἕτερος
732 4738 824 4790 τὸν
855 4738 1043 4807 ἕτερον
1074 4733 1524 4806 παρεκάλει.Ἕτι
1553 4731 1715 4804 [ἔστι]
1745 4733 1802 4784 δὲ
1831 4735 1992 4797 νοεῖν,

410 4834 495 4885 ὅτι
524 4833 573 4883 οἱ
607 4829 798 4899 πρώην
829 4827 1152 4894 ἀγαπῶντες
1206 4825 1307 4895 τὴν
1339 4825 1520 4894 ψυχὴν
1552 4825 1700 4890 ἆγιοι
1745 4822 1990 4890 ἄγγελοι,

2574 2261 2803 2320 CAPUT
2870 2258 3158 2316 PRIMUM.

2158 2370 2176 2401 ι
2215 2351 2284 2406 Ει
2327 2351 2527 2408 factum
2567 2365 2670 2411 est.
2718 2375 2736 2406 ι
2799 2356 2983 2410 Plorat
3031 2353 3253 2422 quidem
3299 2350 3562 2421 prepbeta
3592 2349 3662 2407 ad

2082 2444 2364 2499 veritatem
2399 2447 2637 2503 historiae
2666 2448 3056 2518 captivitatem,
3085 2460 3247 2514 quam
3282 2453 3413 2499 tunc
3437 2443 3664 2499 Jerusa-

2083 2531 2187 2586 lem
2238 2551 2395 2603 passa
2447 2547 2570 2591 est:
2626 2539 2946 2607 prophetice
2990 2546 3173 2590 autem
3209 2543 3266 2589 et
3293 2533 3480 2589 verius
3512 2549 3659 2601 eam,

2082 2640 2243 2694 quam
2273 2643 2302 2680 a
2331 2627 2588 2683 Romanis
2628 2645 2785 2699 passa
2819 2638 2924 2690 est.
2957 2636 3178 2696 propter
3209 2626 3506 2680 nefandum
3537 2641 3659 2682 sce-

2084 2717 2167 2771 lus
2183 2717 2239 2771 in
2263 2717 2557 2773 Christum.
2585 2717 2739 2773 Tunc
2761 2719 2905 2773 enim
2928 2732 2958 2771 e
2979 2717 3248 2786 Babylone
3274 2713 3483 2769 reducti
3513 2723 3663 2780 sunt,

2083 2820 2134 2864 at
2158 2819 2280 2880 post
2301 2811 2500 2865 illatam
2522 2811 2823 2866 aRomanis
2859 2811 3071 2864 ruinam
3100 2823 3377 2877 nunquam
3403 2806 3660 2876 amplius.

2083 2899 2363 2967 Quadrant
2387 2903 2550 2956 etiam
2571 2917 2692 2972 qua:
2743 2902 2944 2972 scripta
2968 2908 3096 2955 sunt
3145 2899 3201 2953 in
3249 2897 3516 2960 animam,
3544 2911 3667 2966 qua!

2083 2993 2282 3048 virtute
2321 2994 2600 3055 exciderit,
2648 3002 2702 3048 et
2747 2993 2800 3047 in
2846 2993 2994 3047 varia
3053 2990 3415 3061 improbitatis
3469 3003 3668 3060 genera

2085 3087 2306 3156 delapsa
2355 3087 2425 3142 oh
2463 3087 2516 3142 id
2566 3088 2621 3141 in
2674 3085 2998 3142 confusione
3033 3084 3208 3155 posita
3250 3083 3322 3138 sit
3359 3101 3373 3137 :
3433 3081 3670 3152 Babylon

2086 3193 2322 3246 namque
2385 3179 2621 3249 confusio
2665 3177 3058 3247 interpretatur
3096 3193 3110 3230 :
3161 3182 3219 3230 et
3262 3190 3292 3228 a
3337 3172 3672 3244 spiritalibus

2087 3267 2335 3322 hostibus
2364 3269 2632 3338 captivata
2663 3269 2751 3323 sit.
3457 3257 3475 3271 ⁸

2156 3357 2222 3413 ν.
2263 3360 2314 3414 1.
2355 3379 2375 3413 ‹
2412 3360 2575 3416 Facta
2600 3369 2682 3416 est
2707 3360 2861 3430 quasi
2893 3359 3076 3414 vidua.
3118 3376 3137 3410 ι
3177 3357 3413 3429 Sponso,
3445 3355 3676 3412 rationis

2087 3452 2316 3514 lumine,
2348 3453 2578 3522 privata.

2172 3563 2191 3597 ι
2225 3543 2411 3600 Plena.
2453 3564 2472 3597 ι
2511 3543 2676 3600 Plena
2723 3559 2900 3615 nuper
2953 3545 3221 3600 bonarum
3261 3541 3672 3615 cogitationum.

2169 3737 2187 3770 ι
2225 3718 2488 3788 Princeps
2516 3719 2569 3772 in
2603 3717 2917 3788 provinciis.
2955 3736 2971 3768 ι
3015 3716 3148 3782 Quae
3181 3716 3332 3771 vitiis
3357 3713 3677 3770 dominaba-

2091 3818 2199 3871 tur,
2233 3811 2339 3865 illis
2368 3811 2649 3865 tributaria
2680 3810 2817 3864 facta
2845 3817 2952 3864 est.

2161 3899 2228 3954 ν.
2254 3902 2309 3954 2.
2338 3921 2354 3952 ι
2380 3900 2606 3954 Plorans
2640 3899 2891 3968 ploravit.
2925 3917 2941 3949 ι
2971 3898 3029 3950 In
3059 3895 3384 3950 adductione
3409 3894 3671 3951 hostium.

2091 3990 2385 4047 Sciendum
2414 4005 2578 4061 porro
2607 3989 2869 4050 animam,
2902 4002 3025 4042 cum
3057 3998 3274 4055 peccat,
3299 3995 3460 4039 nocte
3492 3985 3672 4050 obrui,

2092 4085 2281 4158 procul
2319 4099 2349 4139 a
2388 4083 2516 4138 Sole
2540 4081 2767 4151 iustitiae
2792 4079 3164 4133 constitutam.

2170 4197 2188 4230 ι
2224 4176 2288 4231 In
2327 4173 2576 4230 maxillis.
2628 4193 2646 4224 ι
2691 4173 2845 4227 Sicut
2884 4169 3237 4241 intelligimus
3270 4167 3476 4233 oculos,
3521 4166 3592 4223 ita
3619 4175 3676 4223 et

2093 4270 2287 4324 anima:
2325 4267 2590 4331 maxillas,
2618 4281 2712 4336 per
2742 4280 2878 4334 quas
2906 4263 3132 4318 rationis
3160 4262 3323 4316 alitur
3348 4260 3503 4328 cibis,
3533 4273 3678 4315 com-

2094 4364 2350 4418 minuens
2377 4376 2472 4416 eos
2502 4368 2558 4414 et
2587 4357 2888 4414 ruminans.

2173 4562 2192 4596 ι
2231 4543 2298 4598 Et
2343 4558 2449 4596 non
2515 4548 2598 4595 est
2638 4537 2729 4608 qui
2776 4535 3094 4591 consoletur
3125 4549 3265 4589 eam.
3307 4551 3326 4584 ι
3365 4531 3680 4588 Secundum

2095 4636 2380 4692 historiam
2401 4633 2644 4705 quidem,
2689 4630 2948 4700 quoniam
2974 4629 3050 4682 ira
3085 4627 3345 4682 saviebat
3375 4627 3430 4680 in
3459 4641 3678 4694 omnes,

2098 4741 2276 4796 neque
2322 4733 2435 4778 tum
2487 4722 2623 4776 alter
2667 4721 2896 4773 alterum
2938 4717 3347 4772 consolabatur.
3375 4715 3526 4770 Licet
3549 4729 3682 4769 vero

2097 4816 2260 4872 etiam
2293 4814 2614 4885 intelligere,
2640 4820 2856 4866 sanctos
2879 4809 3118 4880 angelos,
3146 4808 3239 4878 qui
3268 4807 3422 4879 prius
3443 4806 3681 4860 animam

411 4924 543 4976 ὅταν
591 4896 976 4989 ἑκδῷνὲαυτὴν
1029 4919 1096 4988 τῇ
1143 4916 1333 4988 κακία,
1377 4913 1772 4984 άπαράκλητον
1822 4914 1982 4982 αὐτὴν

2099 4906 2413 4977 diligebant,
2469 4918 2594 4958 cum
2646 4901 2733 4955 illa
2790 4899 3138 4968 semetipsam
3190 4898 3336 4952 vitiis
3383 4896 3677 4959 dediderit,

414 5013 600 5066 ἐῶσιν.

493 5126 512 5158 ι
547 5107 754 5169 Πάντες
785 5107 835 5157 οἱ
872 5105 1172 5173 φιλοῦντες.
1207 5122 1224 5154 ι
1263 5098 1706 5170 Παραϐαίνοντες
1757 5097 1828 5151 τὰ
1876 5096 1997 5152 θεία

414 5199 622 5269 νόμιμα
655 5201 703 5252 οἱ
737 5196 1205 5269 τῆςἹερουσαλὴμ
1235 5196 1540 5265 οἰκήτορες,
1573 5193 1668 5246 καὶ
1695 5191 1998 5262 ψευδοπρο-

414 5289 617 5359 φῆται·
657 5289 752 5342 καὶ
780 5290 830 5340 oi
857 5287 1048 5358 πρώην
1077 5287 1135 5340 δὲ
1164 5283 1622 5358 προσποιούμενοι
1652 5283 1750 5352 τὴν
1784 5281 1998 5336 τοιάνδε

414 5381 594 5452 ψυχὴν
642 5383 864 5452 ἀγαπᾷν
922 5379 1223 5449 ἀκάθαρτοι
1275 5377 1550 5446 δαίμονες,
1579 5376 1791 5447 ἐχθρῶν
1842 5375 2000 5444 δίκην

418 5473 797 5543 ιπιχαίρουσιν
829 5474 896 5542 τῇ
928 5471 1101 5539 αὐτῆς
1131 5473 1358 5522 πτώσει.

496 5583 515 5616 ι
546 5565 876 5635 Μετῳκίσθη
921 5561 1170 5616 Ἰουδαία.
1198 5580 1216 5610 ι
1263 5559 1394 5611 Ἀπὸ
1422 5557 1514 5610 τοῦ
1546 5558 1712 5610 τόπου
1737 5557 1838 5626 τῆς
1866 5559 1998 5628 ἁρε-

422 5654 518 5727 τῆς
548 5657 632 5719 είς
655 5656 746 5709 τὸν
772 5656 873 5724 τῆς
906 5655 1124 5716 κακίας.

497 5767 515 5800 ι
540 5747 651 5801 Καὶ
680 5747 789 5801 ἀπὸ
821 5747 1078 5816 πλήθους.
1104 5766 1119 5797 ι
1167 5746 1550 5816 Ἀφαιρεοεῖσα
1581 5746 1687 5815 γὰρ
1713 5743 1816 5813 τῆς
1843 5743 2000 5813 δόξης

423 5835 492 5913 ἧς
520 5837 684 5912 εἶχεν,
713 5842 793 5906 εἰς
821 5839 1063 5894 δουλείαν
1094 5838 1468 5910 παραδίδοται.

2105 4998 2224 5052 sine
2253 4994 2622 5051 consolatione
2651 5008 2771 5046 eam
2800 4991 3124 5059 relinquere.

2184 5107 2201 5140 ι
2236 5086 2439 5142 Omnes
2476 5083 2632 5138 amici
2659 5084 2796 5151 ejus.
2831 5103 2848 5135 ι
2888 5081 3338 5136 Praevaricatores
3371 5079 3682 5132 divinarqu

2105 5185 2281 5255 legum
2320 5179 2624 5235 habitantes
2667 5175 3004 5234 Jerusalem.
3059 5181 3113 5227 et
3171 5168 3681 5243 pseudolirophetm,

2105 5287 2162 5333 et
2211 5276 2304 5346 qui
2351 5274 2502 5344 prius
2557 5273 2697 5326 hanc
2761 5269 3028 5337 ejusmodi
3104 5267 3343 5320 animam
3391 5277 3577 5316 amare
3609 5262 3684 5315 si-

2105 5369 2385 5424 mulabant
2413 5363 2608 5433 impuri
2637 5364 2936 5426 daemones,
2958 5360 3131 5412 instar
3157 5355 3398 5410 hostium
3430 5355 3498 5408 de
3529 5353 3681 5408 illius

2106 5463 2261 5517 ruina
2285 5462 2552 5514 laetantur.

2177 5549 2241 5604 V.
2273 5551 2326 5604 5.
2369 5567 2387 5599 ι
2417 5545 2668 5616 Migravit
2692 5543 2902 5599 Judtca.
2948 5558 2965 5590 ι
3011 5537 3052 5591 Ε
3087 5536 3306 5591 virtutis
3340 5536 3459 5591 loco
3483 5535 3548 5590 ad
3582 5537 3683 5590 im-

2106 5641 2392 5714 probitatis
2420 5641 2621 5693 locum.

2183 5757 2200 5788 ‹
2231 5737 2299 5790 Et
2329 5742 2551 5804 pr0pter
2582 5725 3004 5784 multitudinem.
3039 5741 3056 5772 ι
3084 5719 3260 5776 Gloria
3283 5717 3502 5791 quippe,
3523 5733 3684 5790 quam

2108 5829 2338 5884 hahehat
2361 5825 2607 5894 spoliata,
2646 5818 2891 5873 servituti
2923 5814 3175 5868 traditur.
