4050 6226
400 356 502 425 ἸΞῚ

1486 374 2003 436 DLYMPIODORI
2037 331 2572 435 ALEIEANDRIXI

3557 368 3668 433 ’728

476 505 497 538 ι
533 485 688 541 sedit
709 486 760 538 in
790 486 1061 555 gentibus.
1104 505 1120 537 ι
1161 487 1459 543 Adhrerens
1479 491 1628 544 enim
1654 489 1973 545 adversariis

2156 507 2176 539 ι
2198 490 2482 546 Ἐκάθισεν
2511 470 2793 544 ὲνκξδνεσι.
2826 507 2845 540 ι
2880 462 3254 559 Προστεθεῑσα
3281 484 3389 555 γὰρ
3428 487 3546 547 τοῖς
3577 487 3666 540 ὲν-

403 579 561 649 longe
598 578 736 633 facta
775 587 860 632 est
883 594 914 632 a
949 579 1134 649 quiete
1164 580 1279 635 Dei.

478 686 499 719 ι
533 668 1032 736 Apprehenderunt
1079 684 1221 724 eam.
1258 689 1278 722 ›
1332 671 1614 726 Dirertens
1644 672 1790 727 enim
1822 673 1987 727 homo

400 773 432 811 ε
466 756 551 810 via
610 757 700 811 Dei
754 756 1051 813 affectuum
1104 773 1297 814 servus
1330 761 1406 826 iit,
1445 762 1854 824 tribulantibus,
1884 763 1981 826 ait,

402 847 633 917 impuris
696 849 1038 905 daemonibus
1096 869 1108 904 :
1185 854 1445 923 quoniam
1530 854 1693 924 igitur
1756 854 1986 910 aﬂ'eetus

401 939 639 993 animam
694 939 1098 1010 insequuntur,
1139 951 1195 997 et
1238 957 1429 998 eorum
1483 946 1808 1000 excitatores
1873 947 1985 1000 dae-

400 1042 615 1094 mones,
645 1031 894 1102 praecipit
929 1032 1225 1102 Apostolus
1255 1035 1445 1089 dicens
1475 1052 1489 1088 :
1530 1035 1717 1106 Fugite
1749 1039 1984 1106 fornica-

402 1121 595 1177 tionem
610 1123 674 1176 ³⁸.

473 1215 613 1272 ν.ι.
654 1236 672 1270 ι
704 1218 819 1275 γεω
844 1218 977 1275 Sion
1025 1221 1233 1293 lugent.
1274 1244 1292 1276 ι
1339 1223 1539 1280 Tribus
1563 1227 1688 1279 anni
1723 1228 1980 1297 tempori—

400 1307 503 1364 bus
526 1309 646 1380 lege
688 1319 949 1367 statutum
977 1323 1094 1370 erat
1118 1329 1282 1370 onme
1309 1318 1670 1372 masculinum
1700 1320 1811 1374 Deo
1841 1321 1978 1381 sisti,

402 1399 456 1453 in
504 1400 736 1469 Pascha,
790 1404 844 1457 in
895 1403 1032 1460 festo
1081 1406 1467 1474 Primitiarum,
1508 1419 1563 1463 et
1598 1409 1974 1482 Seenopegia:

2087 582 2310 646 αντίοις,
2337 581 2659 654 ὲμακρύνθη
2686 583 2785 653 τῆς
2817 580 3181 641 ἀναπαύσεως
3205 577 3301 630 τοῦ
3329 575 3492 632 Θεοῦ.

2161 697 2182 732 ι
2214 679 2528 732 Κατέλαϐον
2568 680 2761 749 αὐτήν.
2792 696 2810 730 ι
2858 676 3187 746 Ἐκτραπεὶς
3228 676 3337 744 γὰρ
3381 673 3665 743 ἄνθρωπος

2086 772 2151 824 ἐκ
2182 775 2281 842 τῆς
2306 771 2428 825 ὁδοῦ
2460 772 2553 825 τοῦ
2583 771 2741 835 Θεοῦ,
2770 770 3082 840 ὑποχείριος
3130 770 3245 831 τοῖς
3292 766 3490 820 πάθεσι
3520 766 3670 835 γίνε-

2082 880 2193 931 ται,
2217 863 2531 929 θλιϐόντων,
2548 864 2703 935 φησὶ,
2721 863 2831 917 τῶν
2859 863 3187 933 ἀκαθάρτων
3211 861 3485 929 δαιμόνων
3502 876 3521 892 ο
3540 860 3667 912 ἐπεὶ

2084 950 2178 1008 οὖν
2207 954 2275 1008 τὰ
2306 955 2456 1026 πάθη
2487 954 2893 1008 ’καταδιώκουσι
2925 954 3027 1025 τὴν
3052 952 3252 1021 ψυχὴν,
3285 950 3380 1003 καὶ
3419 952 3468 1003 ol
3509 950 3667 1019 ἐνερ-

2083 1047 2307 1114 γοῦντες
2336 1047 2476 1101 αὐτὰ
2507 1045 2792 1116 δαίμονες,
2846 1042 3218 1113 παραγγέλλει
3274 1043 3303 1094 ὁ
3343 1038 3667 1105 Ἀπόστολος

2083 1138 2287 1209 λέγων’
2321 1140 2573 1208 Φεύγετε
2611 1137 2727 1205 τὴν
2761 1137 3068 1206 πορνείαν.

2160 1250 2178 1283 ι
2202 1231 2342 1284 ’ίιδοὶ
2372 1230 2512 1283 Σιὼν
2547 1228 2826 1284 πενθοῦσι.
2858 1248 2877 1281 ι
2918 1229 3080 1298 Τρεῖς
3107 1228 3336 1297 καιροὺς
3361 1225 3455 1279 τοῦ
3482 1227 3666 1279 ἐνιαυ-

2081 1319 2177 1374 τοῦ
2209 1319 2498 1373 ἐκέλευσεν
2529 1321 2557 1372 ὁ
2585 1317 2754 1388 νόμος
2780 1318 2961 1375 πάντα
2982 1316 3053 1370 τά
3071 1317 3342 1387 ἀρσενικὰ
3367 1315 3448 1385 τῷ
3474 1316 3667 1386 Κυρίῳ
3774 1374 3777 1377 _

2083 1411 2390 1482 φαίνεσθαι,
2421 1408 2501 1480 τῷ
2547 1411 2763 1479 Πάσχα.
2800 1410 2865 1479 τῇ
2898 1410 3058 1479 ἑορτῇ
3110 1406 3219 1461 τῶν
3271 1409 3664 1479 Πρωτογεννη-

401 1492 487 1545 his
562 1492 744 1563 itaque
810 1496 982 1552 tribus
1043 1497 1428 1554 festivitatibus
1495 1501 1668 1556 Judmi
1740 1504 1973 1574 undique

2084 1504 2292 1573 μάτων,
2327 1503 2424 1556 καὶ
2468 1504 2535 1572 τῇ
2589 1500 2974 1571 Σκηνοπηγίᾳ·
3024 1503 3081 1553 ἐν
3132 1500 3361 1562 ταύταις
3406 1495 3501 1552 οὖν
3544 1500 3664 1561 ταῖς

399 1581 698 1638 Jerusalem
729 1590 1082 1642 conveniunt.
1133 1588 1444 1645 Secundum
1486 1592 1768 1647 historiam
1817 1595 1973 1666 igitur

2079 1598 2262 1668 τρισὶν
2306 1597 2524 1666 ἑορταῖς
2567 1595 2616 1647 οἱ
2663 1592 3000 1662 πανταχόθεν
3032 1593 3278 1645 Ἰουδαῖοι
3310 1590 3662 1661 συνέρχονται

401 1674 620 1728 nemine
670 1677 802 1730 Sion
841 1687 1061 1747 petente
1117 1681 1186 1735 ob
1217 1681 1450 1737 civitatis
1489 1685 1830 1740 eversionem
1879 1687 1973 1742 viae

2080 1691 2159 1754 εἰς
2191 1687 2569 1760 Ἰερουσαλήμ.
2604 1685 2764 1738 Κατὰ
2788 1685 2968 1737 τοίνυν
3016 1685 3115 1754 τὴν
3166 1684 3410 1755 ἱστορίαν
3446 1682 3663 1745 οὐδενὸς

400 1766 755 1840 Ιιιεθηι..8ιξι1
793 1771 1091 1825 secundum
1124 1772 1439 1829 interiorem
1485 1791 1726 1843 sensum,
1758 1779 1977 1833 institu-

2081 1782 2379 1856 ἐρχομένου
2409 1782 2465 1833 ἐν
2490 1782 2555 1851 τῇ
2586 1777 2723 1832 Σιὼν
2758 1778 2851 1831 διὰ
2875 1777 2972 1848 τὴν
3011 1777 3378 1847 κατασκαφὴν
3420 1776 3519 1846 τῆς
3555 1776 3661 1830 πό-

399 1856 576 1912 tiones
598 1875 696 1929 per
722 1875 857 1931 quas
911 1863 1077 1917 homo
1128 1865 1192 1919 ad
1251 1867 1503 1922 virtutem
1561 1869 1864 1937 ingreditur
1920 1873 1972 1925 in

2081 1873 2219 1935 λεως
2250 1869 2539 1924 πενθοῦσιν
2564 1868 2622 1922 al
2644 1867 2772 1920 ὁδοί.
2808 1866 2951 1937 Πρὸς
2982 1866 3040 1919 δὲ
3067 1866 3330 1931 διάνοιαν,
3361 1865 3433 1917 τὰ
3472 1863 3660 1931 διδάγ-

397 1965 631 2006 maerore
663 1961 807 2017 sunt,
848 1953 1137 2009 deﬁciente
1161 1956 1553 2013 addiscentium
1585 1962 1787 2015 studio.

469 2261 486 2289 ι
539 2239 740 2296 Omnes
787 2252 958 2312 portae
1011 2244 1149 2314 ejus.
1203 2264 1221 2296 ι
1266 2245 1527 2302 Doctores
1578 2250 1670 2318 qui
1719 2265 1820 2306 nec
1872 2252 1973 2320 ipsi

290 2358 293 2367 -
395 2348 620 2403 regnum
681 2335 774 2390 Dei
855 2334 1271 2406 ingrediuntur,
1325 2346 1381 2392 et
1430 2339 1700 2396 adeuntes
1783 2344 1972 2413 psolti-

392 2426 539 2481 bent.

469 2534 488 2567 ι
548 2515 873 2573 Sacerdotes
927 2520 1068 2588 ejus.
1112 2539 1132 2571 ι
1182 2521 1262 2576 Ad
1317 2522 1594 2578 litteram:
1660 2526 1793 2591 Quia
1864 2545 1973 2584 non

392 2609 637 2677 suntqui
685 2608 921 2664 oﬂerant
949 2627 965 2676 ;
994 2612 1312 2680 Spiritaliter
1336 2655 1351 2679 ,
1396 2616 1771 2673 Sacerdotales
1799 2621 1973 2675 virtu.

395 2694 464 2748 tis
519 2696 702 2762 modi,
757 2706 1054 2763 sacrantes,
1094 2700 1311 2756 virtutis
1363 2718 1564 2771 mores,
1611 2705 1737 2775 quia
1812 2724 1975 2763 nemo

391 2787 645 2842 accurrit.

469 2897 489 2930 ι
530 2880 780 2949 Virgines
824 2883 965 2952 ejus.
1018 2901 1039 2936 ι
1080 2882 1280 2957 lntegri
1318 2885 1727 2959 iucorruptique
1770 2906 1969 2957 mores,

391 2985 502 3025 non
531 2971 699 3026 libere
720 2974 1030 3044 gradientes
1058 2987 1282 3048 propter
1306 2978 1643 3035 mortiferam
1678 2982 1968 3054 magistro-

391 3068 515 3111 rum
545 3056 909 3117 traditionem.

2086 1982 2251 2035 ματα,
2284 1963 2351 2016 δι’
2395 1955 2470 2015 ὧν
2519 1960 2830 2032 εἰσέρχεται
2860 1957 3151 2029 ἄνθρωπος
3179 1959 3258 2019 εἰς
3301 1956 3401 2026 τὴν
3433 1955 3661 2026 ἀρετὴν.

2077 2058 2140 2109 ἐν
2170 2053 2448 2124 κατηφείᾳ
2475 2052 2649 2115 εἰσιν,
2684 2048 3016 2118 ἐκκοπείσης
3041 2046 3144 2117 τῆς
3175 2045 3517 2116 προθεσμίας
3544 2044 3658 2118 lla.
3722 2070 3739 2084 -ε

2083 2144 2416 2219 προθυμίας]
2451 2142 2560 2195 τῶν
2591 2140 2995 2210 μανθανόντων.

2155 2257 2173 2289 ι
2206 2238 2386 2291 Πᾶσαι
2420 2235 2476 2288 αἱ
2508 2232 2694 2287 πύλαι.
2729 2250 2748 2283 ι
2787 2231 2851 2285 0i
2877 2227 3220 2290 διδάσκαλοι,
3251 2227 3302 2280 oi
3333 2227 3471 2298 μήτε
3505 2225 3663 2280 αὐτοὶ

2082 2330 2458 2399 εἰσερχόμενοι
2487 2325 2567 2387 εἰς
2599 2323 2702 2394 τὴν
2752 2320 3034 2393 βασιλείαν
3079 2320 3174 2373 τοῦ
3208 2317 3369 2382 Θεοῦ,
3405 2317 3502 2370 καὶ
3531 2318 3662 2379 τοὺς

2080 2420 2411 2494 ἐρχομένους
2435 2414 2764 2476 κωλύοντες.

2154 2533 2173 2563 ι
2198 2513 2385 2582 Ἱερεῖς
2413 2510 2605 2580 αὐτῆς.
2634 2527 2654 2560 ι
2700 2504 2849 2576 Πρὸς
2889 2503 2989 2574 μὲν
3032 2502 3095 2555 τὸ
3139 2499 3324 2572 ῥητὸν,
3351 2498 3441 2553 διὰ
3480 2498 3543 2553 τδ
3583 2499 3662 2571 μὴ

2079 2599 2218 2657 εἶναι
2265 2601 2393 2662 τοὺς
2435 2598 2844 2671 προσφέροντας
2864 2611 2878 2626 ·
2910 2593 3046 2666 πρδς
3070 2592 3128 2647 δὲ
3153 2592 3414 2659 διάνοιαν,
3449 2592 3500 2645 oi
3544 2592 3659 2661 ἱερ-

2078 2694 2271 2767 ουργοὶ
2315 2693 2415 2763 τῆς
2457 2691 2661 2763 ἀρετῆς
2693 2689 2908 2760 τρόποι,
2932 2687 3022 2741 διὰ
3047 2685 3109 2740 τὸ
3139 2685 3348 2757 μηδένα
3382 2686 3661 2757 προστρέ-

2114 2806 2212 2842 ειν.

2080 2807 2472 2949 χεὶνίΙαρθένοι
2501 2876 2692 2946 αὐτῆς.
2722 2894 2740 2930 ι
2776 2876 2837 2930 Ol
2869 2874 3002 2929 σῶοι
3048 2873 3144 2927 καὶ
3190 2872 3412 2942 ἄμωμοι
3441 2870 3659 2940 τρόποι,

2081 2973 2142 3026 οὺ
2172 2972 2295 3029 κατ’
2324 2970 2577 3035 ἐξουσίαν
2609 2968 2918 3039 βαδίζοντες
2946 2966 3036 3022 διὰ
3058 2966 3157 3036 τήν
3183 2962 3511 3036 φθοροποιὸν
3545 2961 3660 3016 τῶν

2079 3063 2414 3117 διδασκάλων
2440 3060 2765 3132 παράδοσιν.

462 3143 529 3200 ν.
561 3146 616 3201 5.
653 3164 671 3198 ι
711 3147 861 3203 Facti
890 3160 1020 3206 sunt
1049 3153 1376 3211 tribulantes
1409 3172 1552 3213 eam.
1587 3177 1605 3211 ι
1648 3157 1816 3215 Valde
1846 3161 1971 3216 elati

2154 3175 2173 3208 ι
2221 3155 2503 3224 Ἐγένοντο
2541 3154 2592 3206 oi
2623 3150 2901 3213 θλίϐοντες
2942 3150 3134 3218 αὐτὴν.
3170 3167 3188 3200 ι
3234 3145 3661 3218 Ὑπερεπήρθη-

393 3244 523 3289 sunt
552 3236 857 3307 Babylonii,
893 3248 948 3295 et
979 3240 1179 3298 funesti
1213 3245 1512 3302 daemones.

470 3342 490 3376 ι
527 3324 748 3382 Parvuli
796 3329 938 3399 ejus.
982 3349 1001 3383 ι
1060 3332 1130 3386 Et
1172 3334 1264 3403 qui
1303 3345 1526 3405 propter
1577 3350 1861 3408 peceatum
1918 3343 1972 3396 in

388 3416 657 3484 judicium
692 3421 873 3475 vocari
906 3438 1015 3477 non
1046 3435 1297 3493 possunt,
1334 3428 1400 3482 ad
1434 3444 1648 3498 poenam
1686 3442 1974 3501 parentum

398 3506 539 3571 mala
591 3508 692 3579 ipsi
742 3509 945 3566 ferunt.
985 3512 1083 3569 Vel
1137 3516 1394 3585 parvulos
1439 3528 1600 3575 vocat
1646 3530 1863 3579 sanctos
1905 3524 1975 3578 ob

394 3599 569 3668 plebis
616 3612 837 3670 peccata
893 3615 1146 3671 vexatos,
1202 3608 1289 3664 vel
1351 3610 1591 3679 parvulae
1646 3612 1843 3668 animae
1898 3631 1976 3669 ear.

395 3699 546 3757 sunt,
572 3709 695 3763 qua:
731 3710 854 3750 cum
900 3695 1071 3752 Deum
1120 3699 1301 3755 colere
1345 3717 1523 3771 nuper
1569 3705 1884 3774 coepissent,
1922 3716 1977 3762 ct

395 3787 451 3836 iu
502 3799 667 3839 cursu
714 3786 979 3842 virtutum
1035 3790 1200 3859 lapsae
1245 3801 1459 3857 essent,
1506 3793 1574 3849 ad
1618 3794 1746 3849 vitia
1797 3799 1973 3853 redie-

392 3885 542 3931 runt.

467 3986 486 4018 ι
525 3968 668 4024 Ante
709 3969 926 4026 faciem.
962 3992 980 4024 ι
1020 3971 1121 4040 Qui
1155 3973 1210 4028 in
1242 3975 1613 4044 captivitatem
1646 3990 1818 4051 agunt
1844 3992 1972 4037 ante

390 4074 450 4111 se
497 4060 721 4115 mittunt
774 4079 995 4131 pueros,
1055 4076 1366 4137 coguntque
1418 4067 1531 4134 ire;
1601 4070 1705 4125 hoc
1768 4072 1974 4132 faciunt

390 4151 668 4205 daemones
722 4156 1113 4223 compellentes
1167 4156 1404 4211 animam
1472 4174 1801 4233 quocunque
1867 4165 1971 4220 illis

392 4241 634 4300 libuerit.

464 4332 526 4386 V.
559 4334 613 4388 6.
651 4352 672 4386 ι
709 4336 896 4392 Umnis
925 4337 1091 4393 decor
1129 4342 1265 4411 ejus.
1306 4364 1326 4396 ι
1362 4345 1443 4401 Ad
1485 4347 1719 4401 litteram
1748 4346 1969 4416 quidem

394 4425 680 4494 templum,
711 4426 901 4498 legalis
934 4429 1148 4496 cultus;
1179 4434 1244 4488 ad
1283 4449 1505 4492 sensum
1533 4446 1716 4492 autem
1746 4438 1968 4507 spirita-

392 4514 522 4579 lem,
550 4516 651 4572 Dei
675 4518 938 4588 cognitio,
968 4529 1189 4590 propter
1210 4525 1490 4583 inductum
1519 4536 1824 4598 peccatum.

467 4626 486 4655 ι
528 4604 675 4662 Facti
726 4617 875 4665 sunt.
908 4629 928 4663 ι
976 4612 1103 4667 Sive
1149 4616 1485 4680 sacerdotes,
1519 4617 1636 4673 sive
1669 4618 1778 4673 alio
1807 4618 1970 4673 modo

392 4697 577 4767 populi
603 4698 792 4766 duces,
821 4716 933 4756 non
962 4703 1227 4760 habentes
1249 4707 1486 4778 amplius
1505 4707 1600 4778 qui
1630 4707 1738 4764 illis
1766 4708 1968 4779 aliquid

392 4789 675 4845 «inertem.
708 4791 958 4850 lnteriori
998 4808 1129 4851 vero
1165 4811 1351 4863 sensu,
1380 4798 1518 4865 Quia
1556 4809 1843 4871 peccatum
1883 4800 1972 4856 in-

391 4889 508 4937 star
542 4883 688 4938 venti
728 4886 939 4941 urentis
976 4888 1272 4944 exsiccavit
1309 4904 1406 4945 eos
1442 4890 1533 4961 qui
1571 4892 1630 4946 in
1668 4892 1970 4964 disciplinis

388 4980 548 5027 erant
600 4989 921 5046 progressus
974 4978 1199 5046 facturi,
1255 4980 1540 5039 doctorum
1595 4984 1967 5042 institutiones

387 5079 588 5135 pascua
616 5082 728 5122 non
760 5067 1067 5124 inveniunt.

463 5178 482 5210 ι
520 5158 589 5215 Et
624 5162 872 5219 abibant.
909 5182 928 5214 ›
966 5161 1107 5218 Dum
1129 5165 1550 5233 abducerentur,
1578 5169 1674 5235 ait,
1708 5169 1776 5224 ad
1804 5169 1971 5241 capti-

393 5246 634 5311 vitatem,
675 5251 871 5306 robore
913 5251 1161 5308 destituti
1207 5263 1355 5309 sunt.
1400 5255 1495 5311 Vel
1536 5266 1592 5314 et
1640 5258 1740 5327 sic,
1779 5269 1969 5329 contra

389 5350 679 5406 peccatum
731 5343 968 5408 intueri,
1014 5354 1069 5400 et
1127 5347 1202 5401 illi
1260 5347 1512 5404 resistere
1561 5365 1671 5405 non
1718 5351 1965 5408 valentes

390 5431 649 5487 infirmati
681 5444 831 5490 sunt.

463 5523 525 5576 V.
560 5525 611 5577 7.
646 5544 664 5577 ι
697 5526 995 5584 llecordata
1032 5542 1114 5585 est
1137 5532 1459 5587 Jerusalem.
1491 5551 1509 5584 ι
1536 5534 1593 5589 lu
1613 5536 1956 5603 memoriam,

389 5618 485 5672 ait.
530 5628 799 5672 venerunt
832 5621 1043 5678 dierum
1097 5635 1222 5680 ante
1276 5640 1431 5680 suam
1486 5625 1954 5695 huntiliationem,

487 5819 532 5851 δν
573 5814 585 5869 Ι
615 5817 738 5877 Cor.
772 5836 833 5886 rt,
871 5823 946 5877 l8.

2079 3268 2179 3303 σαν
2204 3247 2556 3310 Βαϐυλώνιοι,
2588 3247 2683 3299 καὶ
2707 3245 2758 3296 οἱ
2787 3243 3062 3314 ἀλιτήριοι
3097 3241 3376 3312 δαίμονες.

2157 3363 2176 3394 ι
2212 3340 2293 3394 Τὰ
2325 3342 2496 3410 νήπια
2528 3338 2720 3408 αὐτῆς.
2750 3355 2770 3390 ι
2820 3336 2933 3395 Καὶ
2960 3335 3030 3388 τὰ
3060 3336 3228 3404 μήπω
3272 3334 3340 3389 δι’
3375 3331 3659 3403 ἁμαρτίας

2078 3430 2376 3500 κρινόμενα
2420 3428 2515 3482 ἐπὶ
2561 3426 2836 3498 τιμωρίαν
2870 3426 2977 3478 τῶν
3009 3424 3392 3493 γεννησάντων
3415 3421 3662 3490 πάσχου-

2081 3539 2185 3581 σιν.
2217 3523 2286 3574 Ἢ
2321 3521 2417 3574 καὶ
2457 3520 2629 3589 νήπια
2666 3518 2793 3579 τοὺς
2833 3516 3023 3583 ἁγίους
3053 3516 3243 3578 καλεῖ,
3268 3512 3656 3583 ταλαιπωρου-

2081 3614 2279 3683 μένους
2309 3612 2400 3666 διὰ
2428 3611 2528 3673 τὰς
2554 3610 2662 3664 τῶν
2691 3608 2908 3661 πολλῶν
2942 3606 3242 3678 ἁμαρτίας,
3272 3605 3305 3677 ἢ
3337 3605 3431 3659 καὶ
3459 3604 3658 3675 νήπιαι

2076 3704 2248 3777 ψυχαὶ
2285 3705 2341 3759 αἱ
2373 3704 2497 3773 ἄρτι
2525 3701 2801 3757 θεοσεϐεῖν
2849 3699 3156 3773 ἀρξάμεναι
3179 3741 3196 3766 ,
3221 3700 3318 3752 καὶ
3350 3697 3657 3751 ὀκλάσασαι

2078 3797 2209 3866 περὶ⁵
2236 3795 2330 3849 τὸν
2360 3794 2562 3866 δρόμον
2591 3794 2691 3865 τῆς
2733 3793 2961 3863 ἀρετῆς,
2988 3792 3082 3845 καὶ
3116 3790 3530 3863 ὑποστρέψασαι
3570 3787 3656 3857 είς

2076 3886 2177 3959 τὴν
2207 3886 2428 3940 κακίαν.

2153 3999 2173 4031 ι
2204 3980 2360 4034 Κατὰ
2390 3978 2703 4050 πρόσωπον.
2738 3997 2758 4030 ι
2790 3977 2854 4030 Ol
2874 3974 3382 4047 αἰχμαλωτεύοντες
3410 3974 3660 4043 ἔμπροσ-

2077 4073 2169 4127 θεν
2224 4072 2509 4142 βάλλοντες
2573 4068 2644 4123 τὰ
2712 4068 2891 4139 βρέφη
2948 4066 3323 4134 ἀναγκάζουσι
3381 4064 3651 4137 βαδίζειν·

2076 4164 2219 4220 οὕτω
2247 4164 2304 4218 δὲ
2332 4161 2583 4218 ποιοῦσιν
2611 4162 2708 4215 καὶ
2728 4162 2777 4215 oi
2805 4161 3080 4229 δαίμονες,
3110 4157 3528 4225 συνελαύνοντες
3549 4157 3654 4229 τὴν

2074 4255 2255 4326 ψυχὴν
2294 4257 2373 4318 είς
2405 4255 2434 4308 ὃ
2472 4254 2774 4325 βούλονται.

2153 4368 2171 4399 ι
2203 4348 2360 4402 Πᾶσα
2386 4349 2420 4418 ἠ
2452 4344 2759 4415 εὐπρέπεια
2792 4341 2986 4413 αὐτῆς.
3031 4361 3048 4392 ι
3088 4341 3233 4412 Πρὸς
3271 4341 3369 4411 μὲν
3397 4340 3459 4394 τὸ
3487 4339 3652 4410 ῥητὸν

2074 4439 2103 4490 ό
2128 4438 2277 4501 ναὸς,
2306 4440 2339 4508 ή
2369 4437 2571 4508 νομικὴ
2600 4438 2827 4507 λατρεία
2846 4455 2860 4468 ι
2895 4438 3035 4508 πρὸς
3062 4437 3120 4491 δὲ
3152 4437 3412 4500 διάνοιαν,
3450 4437 3484 4505 ή
3530 4434 3653 4488 θεο-

2000 4515 2047 4573 Ῑ)
2074 4530 2281 4598 γνωσία
2307 4529 2397 4584 διὰ
2425 4532 2526 4601 τήν
2552 4531 2652 4600 τῆς
2680 4529 2961 4601 ἁμαρτίας
2993 4530 3320 4603 ὲπαγωγήν.

2147 4641 2167 4675 ι
2211 4623 2510 4691 Ἐγένοντο.
2545 4642 2565 4673 ι
2604 4622 2728 4675 Εἴτε
2769 4624 2819 4675 οἱ
2863 4622 3064 4692 ἱερεῖς,
3106 4622 3216 4674 εἴτε
3255 4621 3349 4674 καὶ
3377 4620 3428 4673 οί
3471 4617 3650 4683 άλλως

2069 4714 2369 4787 ἡγούμενοι
2395 4713 2491 4768 τοῦ
2519 4713 2673 4779 λαοῦ,
2710 4714 2895 4767 οὐκέτι
2918 4712 3133 4783 ἔχοντες
3160 4712 3287 4774 τοὺς
3309 4710 3649 4781 προσφέρον-

2068 4808 2170 4873 τάς
2199 4825 2252 4861 τι
2291 4808 2496 4871 αὺτοῖς.
2541 4806 2685 4877 Πρὸς
2722 4806 2780 4859 δὲ
2808 4806 3074 4868 διάνοιαν,
3119 4806 3220 4876 τῆς
3253 4801 3533 4873 ἁμαρτίας
3570 4799 3651 4855 δί-

2071 4917 2175 4972 κην
2228 4898 2542 4964 καύσωνος,
2591 4898 2721 4961 τοὺς
2766 4886 2830 4950 ἓν
2885 4899 2952 4967 τῇ
3017 4894 3255 4967 μαθήσει
3309 4892 3649 4964 προκόπτειν

2074 4990 2366 5063 μέλλοντας
2418 4989 2883 5060 ἀποξηρανάσης,
2926 4989 2975 5041 οἱ
3018 4987 3401 5042 διδασκαλικοὶ
3451 4986 3649 5057 τρόποι

2069 5081 2168 5154 οὐχ
2206 5083 2524 5153 εὑρίσκουσι
2556 5083 2752 5151 νομήν.

2147 5191 2168 5225 ι
2207 5173 2320 5227 Καὶ
2369 5170 2718 5244 ἐπορεύοντο.
2757 5191 2776 5223 ι
2832 5171 3317 5244 Συνελαυνόμενοι,
3343 5172 3532 5243 φησὶν,
3562 5174 3645 5237 είς

2071 5265 2171 5336 τήν
2213 5264 2630 5336 αἰχμαλωσίαν·
2679 5263 2867 5319 οὐκέτι
2914 5261 3163 5334 ἴσχυσαν.
3200 5265 3271 5318 Ἢ
3314 5267 3411 5320 καὶ
3448 5265 3650 5333 οὕτως,

2070 5356 2405 5428 ήσθένησαν,
2444 5357 2765 5428 ἁντωπῆσαι
2810 5357 2905 5411 καὶ
2936 5358 3257 5421 ἀντιστῆναι
3290 5359 3359 5429 τῇ
3399 5358 3653 5430 ἁμαρτίᾳ

1966 5478 1971 5483 ~
2075 5448 2152 5521 μὴ
2178 5447 2516 5519 δυνηθέντες.

2146 5556 2164 5588 ι
2208 5536 2488 5608 Ἐμνήσθη
2523 5537 2904 5608 Ἰερουσαλήμ.
2939 5556 2957 5589 ι
2982 5538 3076 5601 Et;
3099 5538 3426 5609 ἀνάμνησιν,
3457 5540 3646 5608 φησὶν,

2067 5624 2230 5701 ἦλθον
2284 5629 2392 5682 τῶν
2441 5629 2547 5700 πρὸ
2593 5630 2692 5700 τῆς
2745 5629 3129 5694 ταπεινώσεως
3176 5630 3346 5701 αὐτῆς
3396 5631 3648 5703 ήμερῶν,
