4050 6226
462 286 559 345 7'29
1011 327 1015 330 -
1440 297 1902 361 FRAGMENTA
1941 303 2022 362 IN
2062 306 2333 368 JEREM.
2375 309 2729 370 LABIENT.‘
3599 316 3702 383 730

459 392 561 446 τῶν
592 392 676 445 ὅτε
703 391 879 464 ῷκουν
901 395 1000 466 τὴν
1040 397 1414 471 Ἰερουσαλὴμ,
1440 408 1534 457 καὶ
1555 402 1700 476 εἶχον
1729 409 1827 472 τὰς
1859 428 2007 481 προσ·

2128 432 2250 468 eum
2286 417 2604 470 habitabant
2633 415 2952 482 Jerusalem,
2984 427 3037 472 et
3067 420 3368 476 oblationes
3408 422 3699 480 habebant.

456 483 624 554 φοράς
650 499 663 512 '
697 486 850 555 ἣκαὶ
891 487 1066 572 οὕτως
1097 506 1110 520 ·
1145 489 1239 554 Εἰς
1280 494 1587 564 ἁιὰμνησιν
1618 495 1781 569 ἦλθον
1811 503 1918 554 τῶν
1947 507 2007 556 οἱ·

2134 505 2225 558 Vel
2259 516 2314 557 et
2343 506 2421 558 sic
2457 524 2469 558 :
2510 506 2856 574 PrOpriorum
2891 509 3214 567 delictorum
3253 514 3516 568 recordati
3551 525 3699 581 sunt,

454 576 618 628 κείων
673 578 1126 649 ἁμαρτημάτων,
1185 581 1253 635 δι’
1311 583 1346 638 ἂ
1403 586 1628 654 γέγονεν
1677 594 1756 654 εἰς
1819 594 2024 662 αἰχμα-

453 665 684 720 λωσίαν.

529 776 550 810 ι
584 761 768 814 Πάντα
799 761 866 814 τὰ
900 764 1314 836 ἐπιθυμήματα.
1357 790 1374 820 ›
1418 771 1564 841 Πρὸς
1596 774 1693 842 μὲν
1737 776 1797 828 τὸ
1838 778 2022 846 ῥητὸν,

450 850 478 902 ὁ
507 850 654 914 ναὸς,
685 853 741 904 αἱ
772 854 1130 925 πανηγύρεις,
1164 859 1217 908 αἱ
1257 858 1465 924 θυσίαι,
1495 862 1549 912 αί
1581 866 1915 932 προσφοραὶ,
1957 867 2024 920 τὰ

454 940 570 1008 ίερὰ
599 942 792 1012 σκεύη.
814 945 952 1014 Πρὸς
971 946 1027 997 δὲ
1050 947 1284 1000 διάνοιαν
1303 965 1316 978 ⁶
1338 949 1699 1021 ’Λνεμνήσθῃ
1732 957 1884 1022 φησὶ,
1915 956 2022 1008 τῶν

447 1031 754 1102 ἐπιθυμιῶν
786 1035 978 1108 αὐτῆς,
1013 1031 1099 1099 αἷς
1129 1038 1606 1111 ἐξακολουθήσασα
1637 1044 1861 1113 γέγονεν
1901 1048 2022 1116 αἰχ-

452 1119 718 1188 μὰλωτος.

523 1231 542 1262 ι
590 1213 809 1277 ’ἰδόντες
842 1217 892 1268 οί
930 1217 1116 1288 ἐχθροὶ
1147 1221 1319 1290 αὐτῆς
1353 1223 1638 1289 ἐγέλασαν.
1672 1245 1690 1276 ι
1731 1227 2019 1296 Πεφύκασι

448 1303 558 1373 γὰρ
587 1307 636 1357 ol.
668 1305 920 1376 δαίμονες
953 1311 1092 1378 μετὰ
1112 1312 1173 1364 τὸ
1203 1315 1531 1374 καταὸαλεῖν
1563 1317 1658 1388 τὴν
1680 1319 2017 1390 ψυχὴν,τότε

449 1396 541 1447 καὶ
571 1399 833 1469 ἐπιγελᾷν
871 1402 1035 1472 αὐτῇ.

521 1505 541 1537 ι
588 1488 890 1560 Ἀμαρτίαν
929 1494 1198 1564 ἥμαρτεν.
1237 1515 1255 1547 ι
1308 1500 1422 1564 Πᾶς
1474 1501 1572 1568 μὲν
1611 1503 1640 1554 ό
1685 1502 2017 1573 ἁμαρτάνων

445 1579 603 1648 δῆλον
651 1581 732 1634 ὅτι
786 1583 883 1652 τὴν
931 1587 1208 1658 ἁμαρτίαν
1251 1591 1577 1658 ἐργάζεταυ
1629 1593 1906 1664 ἁμαρτίαν
1959 1597 2016 1648 δὲ

444 1672 787 1743 ἁμαρτάνειν
816 1675 1057 1745 λέγεται,
1088 1683 1116 1732 ὁ
1141 1683 1199 1733 ὲν
1229 1682 1429 1750 γνώσει
1456 1685 1803 1755 ἁμαρτάνων.
1831 1690 2015 1741 Λίνίτ-

443 1782 596 1819 τεται
622 1767 680 1819 δὲ
709 1770 834 1831 τοὺς
874 1771 1161 1833 Ἰουδαίους
1187 1815 1200 1836 ,
1234 1775 1317 1828 ὄτι
1357 1777 1448 1830 τὸν
1475 1781 2012 1850 προκηρυττόμενον,

441 1858 538 1910 καὶ
589 1861 1040 1932 προσδοκώμενον
1090 1866 1181 1919 ὑπ’
1233 1869 1413 1921 αὐτῶν
1448 1871 1670 1941 Κύριον,
1707 1891 2018 1945 παραγεγο-

443 1948 570 1999 νότα
605 1950 976 2021 ἐσταύρωσαν.

517 2057 536 2090 ι
575 2040 784 2104 Πάντες
811 2043 861 2095 οἱ
883 2043 1200 2109 δοξάζοντες
1227 2049 1417 2116 αὑτήν.
1456 2067 1473 2099 ι
1514 2049 1660 2122 ῌρὸς
1689 2052 1786 2119 μὲν
1827 2053 2011 2122 ῥητὸν,

441 2132 472 2199 ἡ
508 2134 798 2206 συναγωγὴ
829 2137 1330 2205 αίχμαλωτισθεῖσα
1353 2178 1367 2202 ,
1412 2144 1548 2211 πρὸς
1587 2143 1644 2194 δὲ
1675 2143 1935 2205 διάνοιαν,
1978 2146 2009 2215 ἡ

445 2227 685 2295 ομαρτίᾳ
716 2227 946 2281 νοσοῦσα
990 2229 1136 2300 ψυχὴ
1162 2271 1176 2297 ,
1221 2232 1319 2302 τῆς
1359 2233 1528 2301 ὀρθῆς
1557 2235 1800 2298 στάσεως
1840 2254 2011 2306 παρα-

440 2315 744 2382 κινηθεῖσα.

511 2428 532 2461 ι
557 2411 964 2466 Ἐταπείνωσαν
992 2415 1186 2485 αὐτήν.
1212 2435 1230 2468 ι
1258 2417 1329 2470 Ἦ
1356 2419 1404 2470 οἱ
1432 2419 1687 2488 δαίμονες
1708 2464 1720 2487 ,
1745 2421 1795 2474 οἱ
1822 2423 2009 2493 πρώην

434 2502 606 2574 αὐτὴν
635 2507 1092 2577 ἁναπτεροῦντες,
1111 2511 1199 2564 ὅτε
1235 2511 1419 2573 αὐτοῖς
1449 2511 1606 2565 ἔθυεν
1631 2514 1663 2583 ἡ
1691 2516 2004 2585 συναγωγὴ,

433 2593 528 2658 οὒς
572 2596 664 2648 καὶ
715 2597 942 2668 ὕστερον
991 2601 1342 2672 ἀπεστράφη,
1393 2603 1423 2673 ἢ
1476 2605 1570 2657 καὶ
1600 2607 1656 2657 αἱ
1693 2607 1801 2659 τῶν
1835 2609 2008 2676 ἁγίων

432 2685 625 2754 ψυχαὶ,
665 2689 720 2740 αἱ
759 2691 824 2741 ἐκ
859 2690 1156 2755 διαθέσεως
1179 2694 1472 2760 ἀγαπῶσαι
1504 2695 1604 2766 τὴν
1631 2697 2005 2770 Ἰερουσαλὴμ,

435 2778 530 2828 καὶ
557 2777 879 2842 δοξάζουσαι
902 2781 1072 2851 αὐτὴν
1105 2782 1550 2851 εὐπρὰττουσαν,
1585 2786 2008 2856 ἁμαρτάνουσαν

433 2868 490 2922 δὲ
522 2871 1022 2941 ἀποστρεφόμεναι.

511 2977 529 3010 ι
569 2956 721 3013 Εἶδον
761 2962 868 3034 γὰρ
897 2965 996 3034 τὴν
1034 2964 1428 3036 ἀσχημοσύνην
1471 2969 1662 3038 αὐτῆς.
1698 2989 1716 3022 ι
1761 2972 1860 3025 Διὰ
1899 2974 2006 3042 γὰρ

2128 607 2349 666 prepter
2385 614 2508 666 qua:
2539 599 2826 668 captivitas
2857 601 3023 656 venit.

2203 791 2221 824 ι
2257 773 2510 828 Omnium
2536 775 2948 832 desideriorum.
2977 797 2996 830 ι
3025 779 3106 834 Ad
3132 781 3386 845 litteram,
3412 785 3694 854 templum,

2125 866 2526 932 solemnitates,
2591 869 2880 934 sacriﬁcia,
2941 871 3274 937 oblationes,
3333 889 3460 928 vasa
3520 891 3696 931 sacra.

2127 955 2300 1010 Sensu
2344 973 2472 1013 vero
2517 960 2766 1028 mystico,
2801 963 3082 1016 recordata
3129 973 3233 1027 est,
3265 965 3359 1028 ait,
3397 966 3691 1021 desiderio-

2123 1063 2243 1102 rum
2270 1064 2516 1113 suorum,
2545 1067 2666 1120 quae
2691 1061 2916 1118 sectata,
2945 1055 3157 1123 captiva
3186 1054 3324 1110 facta
3345 1066 3447 1111 est.

2197 1241 2214 1272 ι
2265 1221 2520 1276 Videntcs
2580 1223 2785 1278 inimici
2844 1225 2962 1294 ejus
3022 1225 3278 1278 riserunt.
3327 1244 3346 1276 ι
3405 1226 3689 1296 Proprium

2118 1313 2319 1382 quippe
2371 1315 2676 1368 daemonum
2724 1325 2826 1379 est,
2875 1317 2966 1371 ubi
3011 1319 3247 1371 animam
3271 1320 3689 1388 prostraverint,

2124 1413 2250 1457 tunc
2281 1405 2442 1458 etiam
2477 1406 2724 1460 irridere.

2191 1492 2253 1546 V.
2287 1494 2338 1547 8.
2377 1514 2393 1545 ι
2425 1494 2713 1548 Peccatum
2744 1495 3005 1564 peccavit.
3038 1515 3054 1547 ο
3087 1495 3281 1564 Liquet
3310 1511 3526 1550 omnem
3557 1511 3687 1566 pec-

2119 1594 2331 1639 cantem
2417 1596 2699 1656 peceatum
2772 1588 3100 1652 admittere;
3188 1598 3470 1656 peccatum
3555 1605 3687 1642 vero

2121 1693 2344 1745 peccare
2407 1678 2451 1732 is
2506 1679 2726 1741 dicitur,
2785 1679 2876 1748 qui
2934 1679 3167 1732 scienter
3231 1689 3438 1748 peccat.
3505 1679 3688 1734 lnnuit

2047 1745 2087 1799 Β
2120 1784 2281 1837 porro
2334 1769 2580 1833 Judazos,
2632 1772 2724 1839 qui
2792 1745 3244 1839 praenuntiatum-
3275 1781 3329 1825 et
3400 1782 3687 1840 exspecta-

2120 1869 2232 1914 tum
2314 1861 2420 1915 illis
2493 1861 2816 1930 Dominum,
2875 1863 2964 1917 ubi
3026 1863 3279 1926 advenit,
3338 1863 3392 1917 in
3467 1880 3684 1918 crucem

2115 1959 2364 2020 egerunt.

2189 2063 2207 2093 ι
2246 2043 2450 2099 Omnes
2496 2045 2586 2115 qui
2638 2045 3013 2114 gloriﬁrabant
3064 2061 3203 2100 eam.
3244 2065 3262 2098 ι
3317 2045 3397 2100 Ad
3444 2046 3682 2100 litteram

2111 2137 2354 2207 quidem,
2381 2137 2658 2208 Synagoga
2719 2138 2774 2190 in
2828 2138 3199 2206 captivitatem
3247 2138 3407 2192 ducta
3457 2157 3469 2190 :
3516 2154 3680 2192 sensu

2110 2244 2241 2283 vero
2266 2229 2463 2294 altiori,
2489 2229 2774 2298 iniquitate
2799 2229 3052 2283 laborans
3081 2229 3283 2292 anima,
3309 2244 3338 2283 a
3363 2239 3512 2284 recto
3537 2239 3678 2284 statu

2109 2323 2333 2378 dimota.

2186 2433 2204 2465 ι
2243 2413 2681 2468 Humiliaverunt
2715 2413 2881 2467 illam.
2920 2432 2936 2462 ι
2974 2411 3066 2465 Vel
3098 2412 3373 2466 daemones
3405 2413 3494 2480 qui
3530 2412 3680 2482 prius

2109 2521 2234 2558 eam
2304 2504 2594 2567 inﬂabant,
2648 2519 2768 2555 eum
2827 2502 2931 2554 illis
2986 2499 3261 2571 Synagoga
3317 2500 3677 2566 sacrificabat,

2108 2612 2246 2665 quos
2275 2596 2438 2649 etiam
2474 2605 2750 2664 postremo
2791 2601 3033 2645 aversata
3073 2599 3156 2645 est
3185 2609 3199 2645 :
3225 2591 3309 2644 vel
3349 2592 3511 2643 etiam
3554 2605 3678 2644 san-

2109 2700 2318 2743 etorum
2365 2688 2579 2748 animae,
2617 2702 2736 2755 quae
2770 2701 2834 2738 ex
2871 2684 3032 2738 corde
3066 2682 3320 2736 amabant
3355 2681 3676 2745 Jerusalem,

2108 2795 2335 2849 eamque
2392 2787 2536 2832 recte
2593 2785 2844 2847 agentem
2898 2774 3302 2845 glorilicabant,
3360 2782 3675 2842 peccantem

2109 2890 2237 2928 vero
2266 2870 2715 2925 adversabantur.

2184 2983 2202 3015 ι
2228 2962 2496 3016 Viderunt
2517 2961 2661 3013 enim
2688 2958 3042 3027 ignominiam
3073 2957 3210 3025 ejus.
3239 2974 3258 3004 ι
3285 2953 3448 3008 Gravi
3477 2953 3676 3023 quippe

431 3045 532 3116 τῆς
567 3052 804 3122 σφοδρᾶς
837 3055 1106 3124 τιμωρίας
1149 3055 1605 3126 ἁνεκαλύςρθησαν
1650 3063 1743 3112 καὶ
1805 3064 2001 3130 ἐφανε-

2108 3055 2375 3126 snpplicio
2409 3054 2636 3107 detecta:
2679 3060 2805 3104 sunt
2838 3059 2892 3102 et
2926 3049 3100 3118 palam
3152 3046 3306 3100 facta?
3339 3045 3674 3114 iniquitates,

432 3137 689 3207 ρὼθησαν
712 3141 769 3192 αἱ
796 3141 1102 3213 ἁμαρτίαι,
1129 3143 1195 3196 δι’
1226 3143 1290 3205 ἃς
1325 3146 1418 3199 καὶ
1447 3148 1548 3210 τὰς
1586 3152 1857 3222 τιμωρίας
1897 3155 2002 3206 ὑπ-

432 3228 586 3299 έστη.

506 3341 526 3373 ι
569 3325 740 3391 Καίγε
788 3328 926 3399 αὑτὴ
970 3335 1328 3399 στενάζουσα.
1369 3357 1388 3390 ι
1441 3339 1505 3391 Ἥ
1565 3338 1665 3407 μὲν
1711 3340 2001 3409 συναγωγὴ

429 3413 613 3469 οὐκέτι
641 3417 967 3476 δουλεύουσα
1001 3425 1286 3497 δαίμοσιν’
1333 3433 1364 3500 ἡ
1395 3430 1451 3483 δὲ
1477 3431 1701 3500 τοιαύτη
1734 3431 1880 3502 ψυχὴ
1923 3435 2001 3494 εἰς

431 3509 785 3579 συναίσθησιν
815 3515 1110 3586 ἐρχομένη,
1159 3520 1252 3572 καὶ
1287 3522 1648 3588 στεγάζουσα,
1682 3526 1774 3575 καὶ
1805 3525 2002 3593 τρόπον

428 3601 552 3654 τι.νὰ
582 3601 882 3676 βουλομένη
903 3610 1258 3676 ἁποποδίζειν
1299 3616 1362 3667 ἐκ
1407 3616 1516 3668 τῶν
1563 3616 1998 3685 ἁμαρτημάτων.

507 3709 526 3742 ι
575 3694 910 3768 Ἀκαθαρσία
953 3703 1122 3771 αὐτῆς
1171 3705 1277 3775 πρὸ
1330 3706 1506 3759 ποδῶν
1555 3707 1746 3776 αὐτῆς.
1788 3727 1802 3756 ι
1858 3707 2001 3758 Ἀντί.

426 3782 544 3848 τοῦ,
579 3803 646 3854 με
656 3788 992 3859 μολυσμέναι
1025 3795 1183 3849 εἰσίν.

507 3892 524 3923 ι
562 3875 672 3928 Οὐκ
694 3879 943 3951 ἐμνήσθη
983 3883 1188 3954 ἔσχατα
1215 3886 1408 3953 αὐτῆς.
1442 3906 1460 3938 υ
1500 3888 1564 3940 Εἰ
1596 3887 1840 3958 ἐμνήσθη
1866 3928 1878 3950 ν
1906 3905 2001 3958 (ΡΨ

427 3967 535 4031 σὶν,
581 3969 660 4022 ὅτι
706 3973 854 4025 ἐστὶν
887 3976 1270 4040 ἅνταπόδοσις,
1311 3976 1456 4048 εἶχεν
1494 3980 1696 4048 ἑαυτῆς
1725 3981 1999 4032 ταπεινώ-

425 4075 542 4112 σειν
589 4062 686 4125 τὴν
727 4065 1130 4136 ὑπερηφανίαν,
1167 4070 1252 4123 ἵνα
1284 4073 1359 4140 μὴ
1391 4072 1532 4143 πέσῃ
1569 4071 1672 4124 ὑπὸ
1702 4071 1800 4142 τὴν
1838 4089 2000 4140 τιμω-

425 4152 581 4221 ρίαν·
609 4157 637 4208 ὀ
669 4157 768 4224 μὲν
799 4162 905 4230 γὰρ
934 4161 1242 4231 ὑπέρογκος
1272 4162 1647 4225 ταπεινοῦται,
1670 4165 1697 4215 ό
1721 4164 1776 4216 δὲ
1803 4179 1998 4215 ταπει-

421 4244 512 4305 νὸς
545 4245 794 4314 ὑψοῦται.

501 4353 519 4386 ι
555 4337 680 4402 Ἴδε,
728 4340 951 4409 Κύριος.
989 4360 1008 4392 ι
1063 4345 1483 4397 υἰκειοποιεῖται
1528 4347 1555 4398 ὁ
1589 4345 1744 4414 ἅγιος
1788 4347 1998 4400 ἐκεῖθεν

2107 3150 2176 3202 ob
2205 3162 2338 3216 quas
2370 3145 2532 3199 etiam
2560 3143 2736 3213 poenis
2764 3142 2976 3197 addicta
3003 3149 3106 3197 est.

2183 3365 2200 3396 ι
2244 3347 2420 3412 Atque
2460 3343 2574 3412 ipsa
2619 3356 2862 3411 gemens.
2903 3359 2921 3391 ι
2968 3338 3246 3410 Synagoga
3302 3338 3522 3408 quidem
3566 3350 3675 3389 non

2105 3433 2337 3502 amplius
2367 3432 2705 3486 dat-monibus
2737 3429 2998 3494 serviens,
3033 3430 3299 3499 ejusmodi
3333 3443 3461 3482 vero
3493 3427 3676 3480 anima

2105 3524 2157 3576 in
2195 3539 2252 3577 se
2299 3522 2533 3585 rediens,
2565 3529 2619 3574 et
2665 3535 2909 3589 gemens,
2944 3527 2998 3572 et
3048 3517 3446 3588 quodammodo
3487 3515 3676 3570 volens

2106 3613 2296 3682 pedem
2327 3613 2394 3667 de
2428 3621 2652 3680 peccato
2680 3611 2977 3664 retrahere.

2175 3702 2237 3756 V.
2269 3703 2320 3756 9.
2361 3721 2378 3752 ι
2421 3700 2768 3754 lmmunditia
2815 3700 2934 3768 ejus
2976 3707 3102 3751 ante
3135 3696 3301 3765 pedes
3329 3695 3466 3763 ejus.
3507 3711 3526 3744 ι
3563 3691 3677 3746 lloc

2103 3801 2203 3858 est,
2235 3793 2450 3860 pollutae
2481 3798 2626 3845 sunt.

2180 3903 2196 3933 ι
2237 3884 2354 3935 Non
2385 3891 2466 3935 est
2496 3880 2776 3934 recordata
2806 3877 3226 3931 novissimorum
3274 3890 3518 3928 suorum.
3556 3891 3575 3923 ›
3619 3873 3674 3927 Si

2106 3971 2382 4024 recordata
2426 3977 2592 4032 esset,
2618 3966 2814 4035 inquit,
2850 3964 3265 4018 retributionem
3316 3963 3490 4032 sequi,
3522 3977 3674 4016 suam

2104 4063 2288 4131 utique
2324 4060 2633 4129 Superbiam
2664 4057 3100 4128 compressisset,
3133 4071 3201 4108 ne
3237 4055 3414 4124 pinnis
3442 4053 3673 4108 obnoxia

2103 4157 2257 4208 lierct
2291 4171 2303 4206 :
2339 4151 2558 4206 inﬂatus
2597 4149 2746 4208 enim
2798 4148 3135 4212 humiliatur,
3178 4156 3232 4200 at
3257 4145 3478 4200 humilis
3527 4146 3672 4198 exal-

2103 4255 2270 4301 tatur.

2177 4354 2195 4387 ‹
2245 4334 2397 4398 Vide,
2433 4332 2684 4389 Domine.
2731 4349 2748 4383 ι
2811 4330 2924 4386 Sibi
2977 4329 3200 4382 ascribit
3263 4328 3391 4382 inde
3454 4337 3673 4381 sanctus

421 4428 532 4480 τῶν
566 4430 987 4500 ἁμαρτανόντων
1013 4434 1079 4487 τὰ
1111 4435 1218 4502 πλη
1229 4436 1407 4507 μμέλη
1419 4455 1594 4505 ματα,
1623 4439 1717 4491 καὶ
1741 4437 1836 4508 τὴν
1859 4439 1998 4509 ὑπὲρ

2106 4440 2451 4496 peccatorum
2484 4426 2700 4489 delicta,
2738 4433 2899 4492 atque
2935 4437 3034 4491 pro
3066 4421 3170 4474 illis
3201 4434 3390 4489 preces
3419 4419 3670 4472 ellundit.

421 4520 604 4573 αὐτῶν
638 4524 902 4592 προσάγει
937 4523 1139 4593 δέησιν.

504 4631 522 4661 ι
568 4613 743 4676 Χεῖρα
785 4613 950 4666 αὑτοῦ
993 4615 1288 4678 ὲξεπὲτασε
1324 4618 1544 4672 θλίϐων.
1588 4638 1606 4669 ι
1644 4620 1788 4690 Πρὸς
1815 4619 1914 4687 μὲν
1939 4620 2000 4672 τὸ

426 4702 612 4774 ῥητὸν,
639 4703 906 4774 πρότερος
948 4706 975 4757 ὁ
1015 4705 1356 4769 Βαϐυλώνιος
1381 4746 1394 4768 ,
1443 4707 1670 4777 ὕστερον
1708 4709 1764 4761 δὲ
1803 4710 1898 4762 καὶ
1950 4711 1998 4761 oi

438 4792 699 4861 Ῥωμαῖοι
728 4797 794 4848 τὰ
823 4796 1138 4867 ἐπιθυμητὰ
1172 4799 1361 4866 σκεύη,
1399 4801 1492 4852 καὶ
1528 4802 1627 4853 ὅσα
1648 4796 1715 4870 ἦν
1746 4799 1999 4864 ἀξιόλογα

421 4885 482 4938 ὲν
510 4887 575 4953 τῇ
604 4884 958 4956 Ἰερουσαλὴμ
990 4887 1294 4963 εζλήφασιν.
1321 4889 1459 4958 Πρὸς
1484 4887 1541 4942 δὲ
1561 4889 1820 4952 διάνοιαν,
1852 4889 2000 4942 ἐτόλ-

426 4991 590 5043 μησε,
631 4977 816 5045 φησὶν,
853 4979 885 5047 ἡ
923 4978 1114 5044 κακία,
1136 4980 1461 5048 ὲφήπλωσεν
1501 4981 1699 5052 ἑαυτὴν
1717 4983 1858 5035 κατὰ
1901 4985 2000 5053 τῆς

422 5065 625 5135 ψυχῆς,
656 5071 751 5122 καὶ
781 5069 1128 5124 ἐπεσκότισεν
1159 5072 1328 5140 αὐτῆς
1368 5076 1467 5142 τὴν
1515 5073 1858 5144 ἐπιθυμητὴν
1884 5074 2001 5127 θεο-

422 5159 686 5226 γνωσίαν.

502 5270 521 5301 ι
561 5250 678 5302 [diris
716 5253 822 5321 γὰρ
855 5252 1002 5322 ἔθνη.
1036 5274 1053 5306 ι
1107 5256 1424 5308 Ἐκὲλευσεν
1469 5259 1495 5308 ό
1529 5257 1662 5320 Θεὸς
1704 5259 2000 5320 Μωαϐίτας

423 5345 521 5395 καὶ
559 5341 898 5412 Ἀμμανίτας
930 5345 1003 5412 μὴ
1048 5347 1128 5407 εἰς
1181 5347 1476 5412 ἐκκλησίαν
1501 5349 1707 5416 Κυρίου
1739 5349 1995 5401 εἰσιέναι·

423 5430 810 5501 ἐρημωθείσης
840 5429 931 5484 οὖν
955 5433 1053 5500 τῆς
1097 5433 1485 5504 Ἰερουσαλὴμ,
1516 5437 1767 5505 εἰσῆλθον
1800 5439 1890 5489 καὶ
1913 5432 2002 5490 οῦ-

423 5541 510 5578 τοι
547 5525 625 5584 είς
652 5523 740 5574 τὸν
773 5524 921 5576 ναόν.
961 5524 1099 5594 Πρός
1143 5526 1199 5578 δὲ
1231 5526 1490 5591 διάνοιαν,
1525 5527 1826 5596 ἁκὰθαρτοί
1859 5547 2000 5591 τινες

421 5612 679 5697 λογισμοὶ
703 5618 782 5679 είς
815 5619 873 5670 τὸ
899 5620 1090 5673 ἄδυτον
1127 5625 1224 5692 τῆς
1255 5622 1431 5692 ψυχῆς
1462 5623 1770 5693 ἐχώρησαν.

499 5726 544 5759 ⁵³
575 5727 730 5782 Deut.
761 5746 819 5793 tt,
845 5732 929 5784 ξιτ).

2174 4624 2235 4678 V.
2272 4623 2356 4675 lil.
2406 4641 2424 4674 ι
2461 4621 2675 4674 Manum
2729 4632 2882 4671 suam
2934 4615 3174 4670 extendit
3203 4614 3489 4668 tribulans.
3528 4632 3549 4666 ι
3591 4613 3673 4669 Ad

2101 4718 2334 4772 litteram
2366 4716 2574 4786 priores
2606 4710 2906 4781 Babylonii.
2939 4709 3138 4763 deinde
3178 4716 3233 4760 et
3271 4705 3499 4761 Romani
3530 4707 3676 4760 desi-

2101 4809 2360 4864 derabilia
2394 4821 2543 4868 vasa,
2572 4814 2626 4859 et
2655 4802 2916 4873 quidquid
2952 4808 3070 4854 erat
3113 4799 3412 4869 pretiosum
3453 4798 3676 4851 .Ieroso-

2100 4901 2256 4970 lymis
2294 4900 2660 4969 diripuerunt.
2712 4897 2791 4948 Ad
2848 4893 3178 4948 sententiam
3230 4900 3408 4945 autem
3459 4890 3670 4958 spirita-

2102 4995 2207 5048 lem
2240 5013 2251 5047 :
2284 4993 2449 5055 Ausa,
2483 4989 2683 5058 inquit,
2719 4999 2799 5041 est
2830 4986 3101 5055 nequitia;
3131 4984 3322 5037 effudit
3365 4998 3422 5036 se
3463 4983 3513 5033 in
3554 4981 3680 5032 ani-

2101 5099 2279 5143 mam,
2324 5081 2851 5148 desiderabilemque
2908 5077 2960 5130 in
3024 5078 3111 5130 illa
3171 5075 3264 5128 Dei
3309 5073 3674 5143 cognitionem

2102 5175 2503 5230 obtenebravit.

2177 5285 2195 5315 ι
2241 5263 2380 5317 Vidit
2414 5263 2559 5317 enim
2599 5273 2806 5333 gentes.
2847 5279 2864 5311 ›
2897 5261 3143 5314 .lusserat
3170 5256 3310 5310 Deus
3335 5254 3380 5285 ‘°
3413 5253 3670 5308 Moabitas

2103 5364 2155 5408 et
2194 5354 2530 5409 Ammonitas
2579 5355 2631 5406 in
2686 5351 2898 5405 Domini
2929 5347 3210 5401 ecclesiam
3251 5359 3367 5421 ‘non
3411 5339 3623 5412 ingredi
3657 5361 3668 5394 :

2104 5445 2343 5500 desolata
2394 5443 2558 5515 igitur
2602 5441 2955 5511 Jerosolyma,
2987 5434 3215 5505 ingressi
3249 5443 3378 5488 sunt
3413 5431 3676 5500 templum

2105 5548 2159 5591 et
2187 5537 2286 5605 ipsi
2317 5554 2329 5590 :
2358 5536 2712 5604 spiritualiter
2737 5549 2886 5594 vero,
2915 5531 3142 5598 impura:
3183 5527 3428 5598 quaedam
3467 5525 3676 5597 cogita—

2107 5628 2283 5681 tiones
2315 5627 2366 5680 in
2397 5627 2509 5682 loca
2537 5626 2730 5680 anim-.0
2761 5631 2971 5678 secreta
3001 5626 3378 5690 penetrarunt.
