4028 6226
385 309 482 376 733i

1480 312 1995 374 OLYMPIODORI
2036 312 2563 373 ALEXANDRINI

3546 311 3655 374 732

453 426 518 479 V.
552 427 638 480 ιιι.
679 445 697 478 ι
724 426 1041 495 Qitmrentes
1065 443 1314 498 panem.»
1346 425 1445 482 Vel
1468 429 1808 498 corporalem
1838 442 1964 496 pro-

2144 445 2163 477 σ
2205 429 2505 497 Ζητοῦντες
2530 431 2710 500 ἄρτον.
2751 447 2768 479 ι
2811 428 2882 480 Ἦ
2908 427 2998 479 τὸν
3024 426 3279 496 αἰσθητὸν
3309 426 3396 480 διὰ
3422 425 3523 496 τὴν
3549 443 3654 478 πο-

384 525 506 584 pter
527 515 903 585 obsidionem;
929 519 1014 573 vel
1039 532 1372 582 sermonem,
1397 534 1505 587 quo
1523 519 1738 573 animus
1779 519 1962 573 alitur.

464 629 483 660 ι
526 609 800 665 Dederunt
839 612 1244 667 desiderabilia.
1283 631 1302 664 ι
1352 610 1622 682 Tempore
1666 612 1966 667 obsidionis

385 699 650 769 quidquid
701 710 817 755 erat
865 703 1095 758 charum
1139 703 1360 765 dabam,
1396 710 1455 756 ut
1503 703 1654 757 cibos
1697 713 1962 767 emerent,

384 800 442 848 et
503 793 669 848 vitam
722 794 866 850 tueri
929 806 1187 864 possent,
1247 795 1701 864 deﬁcientemque
1759 795 1968 849 alerent

382 882 646 938 animam.
697 883 794 938 Vel
827 887 990 940 etiam
1023 886 1102 940 sic
1136 905 1148 940 :
1185 885 1610 941 Desiderabilem
1645 887 1738 940 Dei
1777 886 1967 957 cogni-

386 974 596 1030 tionem
627 991 751 1030 cum
786 977 1173 1045 perdidissent,
1208 977 1410 1046 aliquid
1450 993 1481 1032 e
1521 978 1967 1048 pseudoprophe-

387 1065 460 1120 tis
508 1068 700 1121 audire
752 1068 1028 1134 volebant,
1060 1085 1168 1139 quo
1215 1080 1536 1126 maerentem
1586 1049 1827 1126 animum
1879 1089 1966 1127 re-

396 1164 668 1215 crearent.

462 1245 527 1300 ν.
569 1247 655 1301 12.
691 1267 709 1299 ι
745 1248 850 1315 Qui
880 1251 946 1306 ad
974 1266 1070 1306 vos
1101 1267 1314 1307 omnes.
1357 1271 1375 1304 ι
1419 1253 1555 1307 Cum
1601 1261 1771 1306 staret
1808 1254 1970 1311 ,ιρι-ιι-

393 1337 588 1399 salem,
622 1352 717 1408 per
753 1342 988 1397 mediam
1037 1342 1184 1396 illam
1232 1343 1383 1398 ibant
1423 1359 1566 1414 saepe
1608 1345 1862 1412 viatores,
1896 1347 1969 1402 ibi

393 1427 557 1482 etiam
593 1430 956 1498 quiescentes.
1000 1432 1202 1487 Eversa
1254 1434 1419 1503 igitur
1451 1444 1602 1490 extra
1650 1436 1795 1490 illam
1831 1451 1971 1506 pra:-

395 1515 648 1570 teribant.
678 1517 768 1574 Ait
795 1520 976 1588 itaque
1015 1536 1026 1572 :
1059 1521 1139 1574 Ad
1177 1536 1293 1582 vos,
1323 1523 1578 1586 viatores,
1613 1522 1705 1593 qui
1727 1524 1972 1579 exterius

394 1607 836 1672 prattercurritis,
870 1608 1031 1664 verba
1065 1610 1203 1666 facio
1229 1629 1243 1676 ;
1270 1623 1486 1668 moveat
1513 1629 1608 1669 vos
1638 1629 1820 1670 meum
1851 1624 1971 1670 tan-

395 1702 509 1748 tum
550 1695 765 1754 vulnus.
811 1696 1180 1766 Spiritualiler
1229 1719 1378 1768 vero,
1425 1703 1528 1768 Qui
1583 1717 1692 1760 non
1745 1717 1971 1771 rectam.

2070 516 2397 587 λιορκίαν,ἣ
2431 516 2523 572 τὸν
2547 519 2816 589 τρόφιμον
2839 520 2936 589 τῆς
2969 518 3148 588 ψυχῆς
3185 518 3368 585 λόγον.

2148 626 2166 657 ι
2206 607 2452 661 Ἐδωκαν
2500 609 2568 662 τὰ
2613 609 3033 680 ἐπιθυμήματα.
3072 626 3090 658 ι
3138 605 3227 661 Ἐν
3265 610 3330 676 τῇ
3361 605 3651 676 πολιορκίᾳ

2070 699 2179 752 πᾶν
2204 698 2258 751 εἴ
2277 715 2330 751 τι
2361 699 2617 752 ἐκλεκτὸν
2645 702 2907 770 παρεῖχον
2925 700 3007 762 είς
3034 698 3178 769 ὠνὴν
3210 698 3534 768 βρωμάτων,
3557 697 3650 749 ἵνα

2071 787 2175 840 κᾶν
2223 788 2385 857 μόνον
2427 787 2667 858 ζήσωσιν
2689 830 2702 856 ,
2748 790 2845 842 καὶ
2876 788 3116 858 θρέψωσι
3145 788 3244 858 τὴν
3281 786 3650 839 ἐκλείπουσαν

2067 880 2266 950 ψυχήν.
2304 878 2372 934 Ἢ
2415 880 2510 933 καὶ
2550 879 2759 942 οὕτως’
2793 879 2896 949 τὴν
2939 877 3287 947 ἐπιθυμητὴν
3314 875 3649 941 θεογνωσίαν

2071 971 2475 1042 προδεδωκότες
2500 1012 2515 1036 ,
2563 971 2756 1040 ἡθελόν
2799 988 2849 1023 τι
2891 969 3112 1022 ἀκούειν
3143 967 3296 1039 παρὰ
3325 967 3433 1019 τῶν
3453 966 3648 1034 ψευδο-

2070 1058 2390 1131 προῳητῶν,
2416 1061 2502 1130 ἐφ’
2592 1059 2689 1130 τὴν
2713 1058 2924 1112 ἑαυτῶν
2948 1057 3186 1128 ἀθυμίαν
3211 1054 3572 1110 ἀνακτᾶσθαι.

2147 1256 2166 1287 ι
2210 1238 2271 1289 Οἱ
2318 1239 2456 1308 πρὸς
2487 1237 2634 1306 ὑμᾶς
2682 1235 2901 1296 πάντες.
2933 1253 2950 1284 ι
2999 1232 3274 1298 Ἐστώσης
3320 1231 3419 1299 τῆς
3458 1227 3651 1298 Ἱερουο

2073 1328 2289 1400 σαλὴμ,
2322 1329 2409 1382 διὰ
2444 1327 2616 1398 μέσης
2658 1327 2905 1390 ἐϐάδιζον
2949 1327 2998 1379 οἱ
3042 1323 3313 1394 ὁδοιπόροι
3360 1321 3644 1384 πολλάκις.

2074 1418 2167 1472 καὶ
2208 1419 2673 1488 διαναπαυόμενοι
2719 1419 2776 1470 ὲν
2825 1417 2988 1486 αὐτῇ.
3032 1413 3500 1483 Κατασκαφείσης
3555 1405 3648 1464 οὖν

2073 1509 2242 1576 αὐτῆς
2269 1548 2283 1572 ,
2323 1507 2526 1573 ἔξωθεν
2575 1508 2746 1576 αὐτῆς
2788 1508 3154 1577 παρήρχοντο.
3199 1504 3367 1573 Φησὶν
3409 1498 3524 1563 οὖν,
3565 1503 3647 1554 ὅτι

2087 1600 2286 1653 Ὀδίται.
2307 1602 2356 1654 ot
2386 1600 2586 1665 ἔξωθέν
2619 1617 2684 1667 με
2713 1599 3172 1669 παρατρέχοντες,
3201 1597 3335 1666 πρὸς
3372 1596 3516 1664 ὑμᾶς
3557 1611 3647 1662 μοι

2075 1694 2103 1745 ὁ
2137 1693 2289 1760 λόγος
2314 1708 2327 1720 ·
2360 1689 2754 1763 συμπαθήσατέ
2789 1707 2878 1762 μοι
2914 1690 3003 1742 ἐπὶ
3054 1688 3129 1758 τῷ
3159 1686 3460 1757 τηλικούτῳ
3490 1685 3649 1755 τραύ-

389 1784 486 1847 ait,
518 1794 573 1839 et
623 1786 915 1856 legitimam
973 1791 1225 1849 inceditis
1281 1796 1443 1860 viam,
1493 1797 1736 1854 dolorem
1780 1815 1962 1854 meum

2073 1801 2221 1854 ματι.
2252 1784 2393 1855 Πρὸς
2424 1784 2479 1836 δὲ
2507 1783 2746 1838 διάνοιάν
2776 1800 2939 1852 φησιν
2962 1799 2976 1812 ·
2998 1782 3060 1833 Οί
3087 1779 3164 1849 μὴ
3193 1781 3290 1847 τὴν
3321 1777 3532 1830 εὐθεῖαν
3554 1778 3649 1829 καὶ

391 1872 638 1928 videntes
670 1878 1051 1936 convertimini
1083 1883 1150 1936 ad
1188 1882 1276 1937 Dei
1307 1885 1700 1954 cognitionem.

464 2075 483 2108 ι
527 2057 766 2114 Locutus
810 2062 866 2115 in
904 2077 1010 2118 me.
1053 2082 1072 2114 δ
1115 2064 1348 2121 Minatus
1399 2067 1779 2138 redargutione
1824 2072 1966 2127 veri.-

393 2147 519 2201 tatis
551 2166 563 2202 :
594 2156 650 2204 et
676 2153 895 2221 quando
937 2153 1074 2208 dixit
1112 2154 1407 2230 Synagogse
1439 2177 1451 2213 :
1485 2159 1617 2213 Ecce
1653 2159 1970 2231 relinquetur

388 2239 574 2293 domus
602 2252 773 2296 vestra
801 2248 1006 2298 deserta
1040 2247 1106 2298 “.

460 2328 524 2383 ν.
561 2331 646 2385 15.
685 2351 703 2384 ι
740 2333 814 2388 De
844 2336 1063 2390 excelso
1093 2352 1195 2391 suo
1224 2339 1372 2393 misit
1407 2340 1604 2411 ignem.
1639 2364 1657 2396 ι
1707 2344 1810 2400 Pro
1845 2346 1969 2403 alti—

389 2419 578 2474 tudine
605 2438 722 2488 sua,
740 2424 942 2494 inquit,
965 2428 1230 2497 supplicio
1263 2445 1351 2484 me
1375 2434 1727 2492 acerbissimo
1757 2436 1966 2503 aﬂecit;

389 2512 655 2582 signiﬁcat
703 2532 918 2586 quoque
975 2534 1096 2574 eam
1145 2537 1266 2591 quae
1298 2534 1420 2593 post
1449 2529 1829 2584 ascensionem
1863 2529 1966 2584 Do-

389 2603 523 2657 mini
571 2620 667 2674 per
715 2606 1020 2665 Romanum
1056 2611 1259 2668 bellum
1292 2615 1527 2687 irrogata
1555 2618 1627 2672 illi
1662 2635 1823 2689 pmna
1857 2632 1962 2676 est.

464 2796 486 2830 ι
520 2778 580 2835 In
621 2785 836 2840 ossibus
882 2789 1039 2844 meis.
1079 2810 1097 2842 ι
1134 2794 1214 2848 Ad
1250 2796 1397 2865 ipsos
1445 2815 1615 2871 usque
1654 2803 1808 2860 artus
1849 2783 1966 2862 me-

389 2867 672 2943 dullasque
703 2881 969 2946 pervenit,
1007 2897 1313 2957 sensusque
1341 2899 1394 2944 et
1425 2867 1806 2964 cogitationes.

475 2981 496 3014 ι
534 2963 824 3034 Expandit.
865 2987 884 3020 ›
940 2971 1311 3046 Punitionem,
1345 2995 1468 3050 qua:
1506 2963 1674 3039 uitari
1721 2983 1829 3042 non
1874 3006 1968 3059 po-

392 3055 519 3109 tuit.

467 3165 485 3198 ι
521 3147 804 3206 Convertit
830 3167 936 3208 me.
974 3175 992 3207 ι
1028 3157 1069 3211 Ε
1099 3159 1260 3215 bonis
1291 3163 1357 3217 ad
1385 3165 1549 3220 mala.
1585 3138 1591 3144 θ

415 3354 430 3364 -
467 3344 486 3377 ‹
528 3327 683 3382 Dedit
733 3346 820 3384 me
877 3332 1156 3393 Dominus.
1205 3357 1225 3390 ι
1279 3339 1394 3397 Hoc
1449 3355 1554 3411 est,
1589 3349 1833 3406 ostendit
1881 3368 1968 3409 me

389 3416 712 3474 desolatam.

463 3527 505 3599 ι-
524 3508 657 3564 Tota
685 3511 792 3567 die.
829 3531 847 3564 ι
886 3516 1167 3586 Perpetuis
1198 3521 1471 3580 addictam
1500 3530 1804 3599 suppliciis.

460 3595 523 3652 ν.
558 3599 642 3692 ιι.
683 3621 701 3652 ι
735 3602 1002 3675 γῑςίιαγίι.
1033 3627 1050 3660 ›
1083 3608 1324 3680 Nullum,
1353 3617 1447 3683 ait,
1470 3595 1652 3676 mea...
1684 3634 1968 3692 peccatum

388 3691 725 3756 praeteritum
762 3704 867 3748 est.

464 3799 482 3830 ι
517 3779 576 3834 In
613 3785 867 3840 manibus
913 3791 1068 3846 meis.
1112 3811 1131 3843 ι
1167 3794 1300 3859 Qum
1343 3813 1442 3867 per
1471 3815 1636 3871 Opera
1681 3806 1968 3874 seminavi,

387 3869 504 3926 inec
533 3881 589 3929 et
637 3879 867 3933 messui.
920 3879 995 3937 Eo
1045 3887 1192 3954 quod
1248 3869 1624 3965 unusquisque
1682 3869 1966 3968 preprium

385 3977 527 4017 onus
561 3975 773 4033 portare
798 3981 1034 4039 oportet.

463 4071 480 4104 ι
523 4054 796 4114 Inﬁrmata
831 4072 914 4116 est
944 4065 1118 4121 virtus
1146 4083 1286 4124 mea.
1325 4091 1346 4122 ι
1396 4071 1657 4130 Hostibus
1691 4077 1966 4134 adversari

387 4160 500 4237 non
534 4147 700 4237 valui.
756 4150 848 4205 Vel
897 4153 968 4207 ita
998 4173 1010 4208 :
1046 4155 1343 4230 Synagoge
1381 4163 1549 4218 robur
1585 4165 1692 4231 lex,
1727 4181 1848 4237 quae
1893 4169 1968 4225 illi

385 4234 678 4292 subvenire
711 4254 820 4293 non
855 4244 1056 4310 potuit.

461 4343 480 4375 ι
516 4324 652 4391 Quia
683 4329 830 4385 dedit
874 4330 1152 4391 Dominus.
1190 4358 1210 4390 ι
1243 4339 1302 4395 id
1338 4352 1442 4411 est,
1477 4346 1716 4403 ostendit
1761 4363 1849 4405 me
1868 4350 1970 4407 do-

385 4411 591 4473 loribus
622 4418 780 4491 digna
811 4433 1078 4492 patrasse.

463 4527 491 4602 ι
521 4510 640 4567 Non
669 4523 879 4583 potero.
916 4538 936 4572 ι
981 4518 1258 4581 Coneussa
1283 4536 1367 4581 est
1396 4530 1666 4587 stabilitas
1695 4548 1848 4602 mea,
1883 4537 1967 4590 vi-

387 4601 591 4657 delicet
621 4605 845 4662 ﬁrmitas
873 4625 1018 4666 mea.

455 4695 518 4748 ν.
552 4697 639 4750 15.
697 4717 714 4750 ι
745 4701 986 4758 Abstulit
1016 4721 1226 4762 omnes.
1259 4729 1277 4761 ι
1313 4711 1392 4767 Ad
1439 4713 1676 4769 litteram
1722 4716 1965 4786 quidem,

385 4787 684 4859 principes.
737 4793 1028 4866 legumque
1079 4798 1334 4856 doctores
1376 4821 1388 4856 :
1437 4804 1756 4874 spiritaliter
1811 4822 1964 4871 vero,

385 4881 646 4949 propositi
692 4887 903 4952 modos,
937 4904 1076 4958 quos
1137 4894 1464 4951 exterminat
1503 4914 1562 4953 se
1592 4915 1878 4970 opponens
1911 4911 1966 4956 et

384 4987 651 5040 superans
681 4974 964 5046 iniquitas.

457 5084 476 5116 ι
513 5066 739 5123 Vocavit
765 5086 928 5140 super
956 5091 1061 5129 me.
1096 5096 1114 5127 ι
1150 5078 1410 5147 Tempus,
1439 5082 1537 5145 ait,
1581 5086 1965 5143 tenebrarum:

383 5155 672 5213 deﬁciente
707 5161 910 5231 quippe
941 5165 1267 5238 intelligibili
1305 5169 1531 5236 lumine,
1567 5177 1806 5232 tenebrae
1843 5196 1967 5234 sue-

383 5247 608 5302 cedunt.

460 5355 478 5387 ι
517 5337 582 5392 Ut
629 5351 961 5399 contereret.
1001 5367 1018 5397 ι
1058 5349 1129 5402 Ut
1171 5366 1332 5404 omne
1373 5353 1575 5407 bonum
1617 5371 1798 5411 meum
1840 5375 1967 5427 pro-

383 5427 624 5494 positum
656 5436 1074 5494 exterminetur.

461 5537 482 5568 ι
518 5517 781 5576 Torcular
812 5527 1063 5582 calcavit.
1103 5549 1119 5581 ι
1165 5532 1278 5588 Hoc
1321 5544 1423 5599 est,
1473 5537 1652 5590 omnia
1698 5555 1816 5594 mea
1856 5541 1966 5594 eri-

459 5713 499 5743 “
533 5711 720 5768 Matth.
758 5734 915 5785 χχιιι,
954 5725 1038 5777 58.

2074 1875 2298 1944 ἔννομον
2347 1872 2653 1944 βαδίζοντες
2694 1873 2830 1938 ὁδὸν,
2858 1873 2920 1925 τὸ
2955 1870 3088 1942 ἐμὸν
3125 1869 3350 1940 ἄλγημα
3377 1868 3648 1939 θεωροῦνο

2071 1985 2183 2032 τες,
2216 1964 2581 2036 ἐπιστρέψατε
2609 1967 2686 2028 εἰς
2719 1964 3072 2032 θεογνωσίαν.

2148 2079 2164 2111 ι
2203 2060 2583 2130 Φθεγξάμενος
2610 2061 2666 2112 ἐν
2697 2061 2842 2129 ἐμοί.
2865 2078 2882 2108 ι
2916 2058 3246 2127 Ἀπειλήσας
3273 2053 3489 2123 ἐλεγμῷ
3518 2053 3648 2122 ἁλη-

2073 2152 2251 2214 θείας·
2301 2151 2398 2204 καὶ
2425 2153 2515 2204 ὅτε
2574 2150 2628 2203 δὲ
2674 2154 2742 2221 τῇ
2801 2151 3136 2219 Συναγωγῇ·
3197 2146 3352 2202 ἰὄοὺ
3412 2146 3648 2215 ἀφίεται

2070 2243 2212 2312 ὑμῖν
2235 2245 2266 2295 d
2293 2237 2460 2306 οἶκος
2501 2239 2669 2310 ὑμῶν
2695 2240 2934 2309 ἕρημος.

2145 2353 2163 2383 ι
2189 2333 2275 2403 Ἓξ
2300 2332 2466 2402 ὕψους
2495 2332 2658 2385 αὐτοῦ
2687 2331 2971 2385 ἀπέστειλε
3002 2331 3133 2401 πῦρ.
3163 2351 3181 2381 ι
3220 2329 3378 2382 Κατὰ
3403 2327 3464 2379 τὸ
3509 2325 3646 2394 ὕψος

2071 2426 2257 2490 αὐτοῦ,
2297 2429 2478 2495 φησὶν,
2509 2424 2680 2487 οὕτως
2710 2424 3052 2494 ὲξηκρίϐωσε
3094 2425 3194 2493 τὴν
3227 2423 3348 2474 κατ’
3387 2419 3522 2490 ἐμοῦ
3561 2435 3644 2471 τι-

2074 2519 2288 2588 μωρίαν
2309 2536 2320 2548 ·
2342 2517 2494 2587 δηλοί
2524 2517 2578 2569 δὲ
2611 2517 2705 2570 καὶ
2735 2515 2877 2587 μετὰ
2899 2515 2999 2585 τὴν
3025 2514 3296 2585 ἀνάληψιν
3319 2512 3414 2564 τοῦ
3445 2511 3647 2580 Κυρίου

2069 2608 2166 2677 τὴν
2210 2607 2597 2677 ἐπενεχθεῖσαν
2639 2610 2704 2678 τῇ
2747 2606 3111 2678 Ἰερουσαλὴμ
3151 2605 3374 2659 κόλασιν
3415 2603 3506 2656 διὰ
3553 2601 3647 2654 τοῦ

2082 2697 2186 2751 Ῥω
2192 2699 2388 2768 μαῖκοῦ
2419 2699 2550 2751 πολέ
2558 2715 2656 2768 μου
2667 2738 2680 2751 .

2145 2809 2164 2840 ι
2208 2791 2298 2845 Ἑν
2352 2791 2462 2852 τοῖς
2500 2791 2710 2854 ὀστέοις
2748 2807 2872 2860 μου.
2918 2809 2937 2843 ι
3007 2791 3341 2858 Ἐφικνεῐται
3387 2786 3496 2857 γὰρ
3545 2785 3650 2847 ἕως

2071 2880 2262 2953 ἁρμῶν
2291 2899 2347 2934 τε
2387 2882 2483 2934 καὶ
2518 2881 2752 2951 μυελῶν,
2795 2881 3147 2952 ἐνθυμήσεων
3180 2898 3238 2934 τε
3269 2879 3365 2933 καὶ
3403 2877 3641 2932 ἐννοιῶν.

2146 2993 2163 3024 ι
2200 2975 2525 3029 Διεπέτασε.
2565 2995 2584 3027 ι
2617 2975 2728 3039 Τὴν
2754 2973 2997 3043 ἄφυκτον
3021 2975 3314 3046 τιμωρίαν.

1995 3136 2038 3193 C
2148 3168 2166 3200 ι
2211 3149 2547 3221 ’Λπὲστρεψέ
2581 3167 2670 3220 με.
2710 3168 2729 3202 ι
2782 3151 2875 3204 Ἐκ
2907 3149 3015 3206 τῶν
3050 3149 3272 3218 ἀγαθῶν
3304 3151 3399 3202 ἐπὶ
3440 3149 3506 3203 τὰ
3534 3149 3642 3220 χεί-

2074 3254 2228 3309 ρονα.

2145 3351 2163 3382 ι
2223 3329 2432 3385 Ἐδωκέ
2489 3348 2557 3400 με
2620 3330 2844 3402 Κύριος.
2891 3350 2911 3383 ι
2971 3331 3117 3385 ’Δντὶ
3163 3330 3296 3397 τοῦ,
3352 3330 3521 3395 ἔδειεέ
3577 3348 3646 3400 με

2070 3426 2170 3497 ἐρη
2176 3444 2300 3496 μον.

2148 3535 2166 3567 ι
2208 3517 2377 3587 Ὅλην
2407 3516 2507 3586 τὴν
2533 3516 2767 3587 ἡμέραν.
2808 3536 2826 3569 ι
2857 3516 3130 3586 Διηνεκῶς
3162 3517 3561 3588 κολαζομένην.

2146 3626 2163 3658 ι
2209 3607 2611 3678 Ἐγρηγορήθη.
2633 3626 2652 3660 ι
2677 3608 2865 3673 Οὐδὲν,
2888 3609 3042 3679 φησὶ,
3072 3609 3358 3680 ὲσιωπήθη
3377 3610 3485 3663 τῶν
3498 3610 3646 3678 ἐμῶν

2069 3700 2507 3771 ἁμαρτημάτων.
3189 3761 3197 3769 _

2147 3810 2166 3840 ι
2217 3788 2304 3843 Ἐν
2338 3790 2496 3861 χερσί
2531 3807 2654 3861 μου.
2693 3810 2712 3843 ι
2749 3793 2816 3845 Ἀ
2852 3792 2942 3847 διὰ
2963 3793 3073 3848 τῶν
3111 3793 3367 3865 πράξεων
3394 3795 3644 3865 ἔσπειρα,

2069 3881 2243 3934 ταῦτα
2277 3881 2370 3934 καὶ
2405 3879 2649 3952 ὲθέρισα.
2682 3883 2782 3936 Διὰ
2811 3883 2874 3936 τὸ
2904 3884 3136 3937 ἕκαστον
3173 3885 3236 3938 τὸ
3263 3885 3394 3938 ἴδιον
3425 3885 3646 3956 φορτίον

2073 3971 2390 4042 βαστάζειν.
3167 4004 3177 4024 .

2147 4080 2168 4113 ι
2213 4061 2508 4134 Ἥσθένησε
2541 4065 2574 4134 ἡ
2625 4065 2777 4135 ἰσχύς
2824 4084 2948 4136 μου.
2987 4087 3006 4120 ›
3046 4069 3160 4122 Οὐκ
3189 4068 3462 4138 ἠδυνήθην
3500 4069 3647 4121 ἀντι-

2071 4154 2279 4226 πρᾶξαι
2327 4157 2440 4219 τοῖς
2495 4158 2782 4222 ἐναντίοις.
2817 4160 2888 4213 Ἦ
2935 4161 3029 4214 καὶ
3079 4161 3284 4222 οὕτως·
3327 4161 3505 4230 ’ἰσχὺς
3548 4161 3646 4229 τῆς

2074 4248 2398 4316 συναγωγῆς
2423 4251 2450 4302 ὁ
2475 4249 2659 4320 νόμος,
2702 4251 2762 4304 οὗ
2789 4251 3044 4322 δυνηθεὶς
3074 4253 3214 4324 αὐτῇ
3242 4253 3540 4322 ἐπαμῦναι.

2149 4358 2167 4391 ι
2194 4341 2315 4392 Ὀτι
2343 4339 2514 4394 ἔδωκε
2555 4343 2778 4414 Κύριος.
2812 4363 2829 4395 ι
2866 4344 3012 4398 Ἀντί
3051 4345 3145 4397 τοῦ
3168 4385 3182 4409 ,
3212 4344 3412 4412 ἔδειξέν
3445 4362 3512 4415 με
3537 4343 3644 4397 όδύ·

2003 4476 2046 4531 D
2073 4449 2170 4500 νης
2201 4431 2329 4496 ἄξια
2360 4433 2834 4507 διαπραξαμὲνην.

2151 4543 2170 4572 ‹
2214 4526 2289 4580 Οὐ
2321 4525 2643 4596 δυνήσομαι.
2692 4546 2710 4580 ι
2763 4527 3064 4599 Ἐσαλεύθη
3106 4530 3296 4592 στάσις
3329 4545 3452 4599 μου,
3488 4544 3644 4580 τουτ-

2073 4616 2187 4668 έστι
2221 4618 2526 4688 στηριγμός
2558 4636 2683 4689 μου.

2149 4727 2166 4760 ι
2219 4710 2409 4781 Ἐξῆρε
2441 4712 2669 4774 πάντας.
2709 4729 2728 4762 ι
2765 4714 2909 4783 Πρὸς
2939 4713 3038 4783 μὲν
3079 4715 3242 4786 ρητδν
3261 4755 3275 4778 ,
3307 4717 3432 4778 τοὺς
3463 4714 3646 4784 ἄρχον⁹

2067 4819 2164 4865 τας
2205 4804 2299 4855 καὶ
2343 4804 2469 4866 τοὺς
2522 4805 3044 4874 νομοδιδασκάλους’
3089 4809 3226 4879 πρὸς
3269 4808 3328 4860 δὲ
3387 4808 3642 4872 διάνοιαν,

2068 4896 2193 4957 τοὺς
2218 4896 2454 4965 τρόπους
2499 4896 2599 4964 τῆς
2646 4896 2960 4968 προθέσεως
2981 4938 2995 4962 ,
3026 4899 3118 4962 οὓς
3151 4898 3466 4968 ὲξαφανίζει
3495 4900 3643 4950 ἀντι-

2065 4984 2462 5055 καθισταμένη.
2492 4987 2586 5040 καὶ
2615 4988 2993 5058 ἐπικρατοῦσα
3019 4991 3051 5057 ἡ
3086 4989 3358 5060 ἁμαρτία.

2141 5097 2158 5124 ε
2209 5074 2498 5128 Ἐκάλεσεν
2535 5075 2772 5145 ὲπ¹ὲμέ.
2812 5096 2830 5127 ι
2871 5077 3075 5147 Καιρόν
3111 5095 3245 5148 φησι
3272 5079 3366 5133 τὸν
3391 5077 3486 5131 τοῦ
3516 5077 3642 5129 σκό-

2065 5185 2209 5230 τους.
2253 5167 2630 5230 Ἐκλείποντος
2658 5169 2767 5240 γὰρ
2796 5169 2889 5222 τοῦ
2914 5171 3106 5240 νοητοῦ
3146 5172 3344 5240 φωτὸς,
3368 5171 3426 5224 τὸ
3453 5171 3642 5234 σκότος

2067 5259 2500 5329 ἀντεισέρχεται.

2149 5369 2167 5400 ι
2205 5351 2246 5401 Τ
2251 5350 2309 5402 οὖ
2344 5351 2649 5421 συντρῖψαι.
2685 5372 2702 5404 ι
2734 5354 2899 5407 Ὥστε
2922 5355 3292 5424 ἀφανισθῆναί
3328 5373 3428 5426 μου
3465 5355 3639 5409 πάντα

2069 5444 2272 5514 τρόπον
2303 5444 2526 5508 ἀγαθόν.

2148 5559 2165 5589 ι
2206 5538 2379 5608 Ληνδν
2431 5541 2690 5604 ἐπάτησε.
2725 5560 2744 5584 ι
2805 5541 2948 5592 ’Ᾱυτὶ
2997 5542 3131 5596 τοῦ.
3197 5543 3378 5597 Πάντα
3428 5559 3528 5614 μου
3577 5543 3639 5596 τὰ
