4050 6226
380 303 485 364 7.33

1383 315 1844 377 FRAGMENTA
1887 317 1970 376 ΙΝ
2009 318 2279 378 JEREM.
2322 320 2649 381 LAMENT.

3529 327 3635 390 ’134

382 415 757 506 ἁμαρτήματα
812 418 1116 506 συνήγαγεν
1177 420 1257 483 εἰς
1327 422 1408 486 ἓν,
1463 423 1620 479 ἅτινα
1714 427 1954 496 πατήσας

2066 427 2211 482 mina
2243 429 2300 482 in
2326 445 2497 485 unum
2526 429 2770 502 collegit;
2802 447 2922 502 quae
2947 433 3164 488 calcans
3195 433 3379 488 viuum
3411 450 3638 506 expres-

379 504 780 579 ὲποίησενοῖνον
800 527 813 540 υ
837 512 968 578 περὶ
983 504 1045 564 οὗ
1078 527 1242 580 φησιν
1259 513 1286 564 ό
1305 513 1629 586 Ψαλμῳδὸς,
1648 517 1726 572 ὅτι
1765 517 1955 584 Horri-

375 616 514 668 ριον
562 599 635 652 ἐν
667 600 817 668 χειρί
851 601 1073 668 Κυρίου
1122 603 1294 657 οτνου
1349 605 1629 673 ἀκράτου.
1672 609 1948 661 τουτέστιν

375 691 568 760 ὀργῆς.
600 690 992 761 Ἐξεταζόμενα
1015 695 1122 764 γὰρ
1152 693 1222 748 τὰ
1241 696 1634 766 ἁμαρτήματα,
1653 698 1746 751 καὶ
1767 698 1955 770 ὥσπερ

384 782 772 851 ἐκθλιϐόμενα,
802 783 954 837 θείαν
981 785 1148 856 ὀργὴν
1169 786 1588 854 ἀποστάζουσιν,
1609 790 1681 860 ἢν
1707 789 1956 853 ποτίζονο

380 888 471 925 ται
505 873 554 925 oi
585 872 1014 943 ἁμαρτάνοντες,

387 961 394 968 ’
458 983 478 1017 ι
529 963 591 1017 '0
617 963 899 1036 ὀφθαλμός
943 984 1048 1036 μου
1093 968 1413 1038 κατήγαγεν
1448 967 1614 1041 ὕδωρ.
1648 989 1670 1023 ι
1721 971 1796 1023 Τὸ
1836 970 1955 1024 δια-

378 1056 627 1126 νοητικδν
671 1060 770 1128 τῆς
819 1056 1001 1128 ψυχῆς
1032 1059 1233 1127 τρόπον
1257 1059 1380 1114 τινὰ
1405 1061 1672 1136 δακρύει,
1709 1063 1802 1116 καὶ
1832 1063 1955 1115 ἐπι-

379 1147 626 1212 στενάζει
655 1151 768 1212 τοῖς
799 1149 1220 1220 ἁμαρτήμασιν.

455 1259 476 1291 ι
495 1240 555 1292 ’0
583 1241 928 1310 ἐπιστρέφων
946 1241 1127 1312 ψυχήν
1161 1259 1283 1312 μου.
1319 1263 1338 1296 ι
1381 1244 1525 1314 Πρὸς
1559 1245 1658 1316 μέν
1678 1245 1742 1298 τὸ
1765 1247 1960 1324 ῥητὸν,¹

378 1330 459 1383 ὅτι
491 1331 652 1403 μέχρι
687 1331 782 1386 νῦν
818 1333 1060 1387 Ἰουδαῖοι
1091 1335 1504 1406 ταλαιπωροῦσι
1532 1377 1548 1400 ,
1589 1335 1726 1407 πρὸς
1752 1337 1808 1389 δὲ
1844 1337 1960 1390 διά-

380 1441 549 1489 νοιαν,
573 1426 602 1476 ό
625 1425 824 1492 τρόπος
853 1429 953 1496 τῆς
988 1427 1211 1498 μνήμης
1241 1427 1336 1481 τοῦ
1369 1427 1527 1495 Θεοῦ,
1551 1431 1578 1482 ὁ
1607 1430 1956 1499 ἐπιστρέφων

379 1514 479 1586 τὴν
503 1514 681 1586 ψυχὴν
708 1520 771 1570 ἐκ
802 1516 1036 1573 Θανάτου
1067 1521 1150 1582 είς
1175 1520 1342 1590 ζωήν.

370 1663 380 1668 ,
451 1629 467 1660 ι
523 1607 805 1674 Ἐγένοντο
837 1609 890 1663 oi
916 1610 1023 1663 υἱοί
1068 1628 1192 1681 μου.
1234 1630 1252 1662 ι
1307 1613 1374 1664 Ai
1412 1612 1666 1682 διάφοροι
1705 1611 1933 1682 πράξεις

379 1697 476 1751 τοῦ
528 1699 724 1769 ἐχθροῦ
779 1700 936 1770 ήμῶν
983 1703 1232 1756 διαϐόλου
1281 1703 1744 1774 ἐπικρατεστέρου
1814 1721 1959 1772 γινο-

383 1790 567 1859 μένου.

455 1899 474 1932 ι
504 1883 802 1938 Διεπέτασε
831 1883 990 1940 Σιών.
1024 1905 1041 1936 ι
1079 1884 1214 1938 Ὑπὸ
1248 1886 1563 1957 ἐκπλήξεως
1616 1889 1956 1958 παρειμένας

379 1971 506 2043 εσχε
531 1973 630 2036 τὰς
655 1977 865 2045 χεῖρας,
895 1977 1075 2039 πάσας
1099 1977 1309 2045 ἀγαθὰς
1335 1977 1540 2048 ῥίψασα
1556 1979 1807 2049 πράξεις.

453 2081 473 2114 ι
511 2063 626 2117 Οὐκ
651 2066 800 2118 ἐστιν
834 2068 862 2118 ό
902 2067 1240 2136 παρακαλῶν
1261 2069 1456 2138 αὑτήν.
1500 2085 1520 2118 ι
1561 2069 1635 2122 Οὐ
1665 2071 1852 2139 νόμος,
1893 2074 1954 2125 οὐ

379 2153 685 2224 προφήτης.

455 2259 474 2293 ι
522 2241 858 2296 Ἐνετείλατο
885 2244 1111 2315 Κύριος.
1149 2262 1167 2294 ι
1201 2246 1568 2316 Παρήγγειλε
1589 2289 1602 2314 ,
1630 2247 1764 2318 φησὶ
1790 2289 1804 2312 ,
1842 2249 1956 2302 Κύ-

375 2349 522 2399 ριος.
552 2333 676 2386 Ὅτι
706 2333 892 2405 κύκλῳ
924 2337 1060 2388 εἰσὶν
1091 2337 1141 2388 οἱ
1173 2336 1450 2402 θλίϐοντές
1486 2356 1543 2391 σε
1564 2377 1579 2400 ,
1611 2339 1800 2408 νῆψον·
1841 2340 1869 2391 ό
1895 2339 1954 2392 δὲ

377 2425 459 2487 είς
486 2424 760 2496 ρᾳθυμίαν
803 2425 1098 2490 ἐξέκλινεν.
1135 2429 1205 2481 Ἢ
1234 2428 1442 2491 οὕτως·
1488 2431 1710 2502 Ἐντολὴ
1747 2431 1956 2500 Κυρίου

377 2517 575 2585 φησίν·
623 2516 766 2572 Ἰδοὺ
816 2519 1050 2573 τέθεικα
1099 2521 1212 2590 πρὸ
1259 2522 1586 2591 προσώπου
1630 2521 1800 2591 ὑμῶν
1837 2522 1954 2591 τὴν

377 2607 530 2676 ζωὴν
551 2649 566 2673 ,
596 2609 696 2662 καὶ
734 2610 841 2663 τὸν
877 2610 1154 2666 θάνατον.
1206 2612 1426 2684 Ἐπειδὴ
1463 2614 1644 2666 τοίνυν
1678 2612 1953 2667 ἀνθείλετο

377 2701 477 2768 τῆς
509 2696 654 2768 ζωῆς
683 2701 775 2752 τὸν
807 2699 1038 2752 θάνατον
1060 2689 1104 2752 ό.
1124 2699 1337 2766 Ἰακὼϐ,
1365 2701 1615 2769 ἐγένοντο
1641 2698 1826 2769 κύκλῳ
1855 2701 1954 2752 αὑ-

379 2789 474 2842 τοῦ
505 2791 554 2842 oi
586 2789 863 2854 θλίϐοντες
896 2792 1078 2846 αὐτόν.

453 2895 472 2928 ι
505 2877 597 2940 Εἰς
651 2879 1104 2951 ἀποκαθημένην.
1148 2898 1166 2932 ι
1220 2882 1366 2936 Ἀντὶ
1423 2880 1550 2935 τοῦ·
1594 2881 1765 2952 ’Υπὲρ
1826 2884 1954 2946 τοὺς

380 2967 633 3039 ἐχθροὺς,
665 2963 740 3022 ὧν
783 2971 842 3023 ἐν
887 2969 1042 3041 μέσῳ
1082 2972 1364 3041 τυγχάνει,
1411 2971 1676 3044 βδελυκτὴ
1707 2972 1949 3040 γέγονεν.

2061 519 2160 586 sit;
2186 521 2252 575 de
2283 536 2390 590 quo
2419 521 2710 578 Psalmista
2743 541 2756 576 :
2790 523 2948 578 Catia:
2990 527 3043 579 in
3087 543 3249 580 manu
3285 527 3498 580 Domini
3527 531 3633 588 vini

2060 613 2190 667 meri
2216 612 2282 678 δ’,
2313 614 2363 668 id
2401 623 2483 669 est
2513 615 2627 668 iral.
2652 615 2940 686 Disquisita
2973 619 3118 671 cnim
3157 628 3400 688 peccata,
3430 629 3486 673 et
3515 619 3634 673 vel-

2062 701 2140 756 uti
2195 702 2424 766 calcata,
2456 704 2697 759 divinam
2747 706 3012 761 distillant
3056 709 3214 772 iram,
3238 725 3398 778 quam
3443 724 3637 780 pecca-

2064 798 2208 846 tores
2240 791 2453 846 bibunt.

2130 971 2195 1027 ν.
2232 972 2318 1027 16.
2364 992 2382 1024 ι
2418 971 2620 1028 Oculus
2659 987 2815 1029 meus
2857 972 3082 1027 deduxit
3123 961 3341 1042 aquam.
3376 991 3397 1025 ι
3435 973 3629 1029 Facul-
3679 957 3682 959 Α

2064 1068 2146 1114 tas
2182 1061 2376 1116 animae
2402 1061 2817 1131 contemplatrix
2853 1063 3254 1131 quodammodo
3284 1063 3629 1132 lacrymatur,

2063 1159 2119 1206 et
2147 1151 2372 1223 ingemit
2400 1167 2565 1221 super
2597 1154 2858 1221 peccatis.

2138 1263 2156 1295 ι
2175 1244 2508 1298 (lonvertens
2522 1244 2756 1298 animam
2776 1257 2970 1298 meam.
2985 1263 3002 1294 ι
3030 1243 3109 1298 Ad
3129 1243 3366 1300 litteram
3387 1245 3630 1314 quidem,

2063 1335 2206 1406 quod
2257 1335 2540 1404 hucusque
2585 1333 2756 1388 Judaei
2805 1335 3006 1390 misere
3051 1344 3261 1406 agunt:
3296 1350 3459 1390 sensu
3505 1351 3634 1391 vero

2064 1427 2328 1490 interiori,
2370 1426 2704 1495 propositum
2731 1425 3010 1482 memoriae
3041 1426 3135 1481 Dei
3171 1436 3500 1482 convertens
3524 1428 3634 1480 ani-

2062 1517 2209 1572 mam
2240 1518 2308 1572 de
2335 1525 2512 1570 morte
2540 1517 2606 1570 ad
2639 1516 2822 1570 vitam.

2140 1628 2158 1660 ι
2201 1609 2350 1663 Facti
2393 1616 2520 1662 sunt
2558 1607 2650 1662 ﬁlii
2679 1608 2805 1662 mei.
2848 1627 2867 1659 ›
2919 1607 3140 1662 Diversa
3184 1621 3366 1676 opera,
3411 1605 3634 1660 inimico

2064 1711 2254 1756 nostro
2281 1701 2495 1755 diabolo
2526 1699 2874 1770 praevalente.

2132 1883 2194 1937 V.
2227 1883 2312 1937 l7.
2355 1901 2374 1934 ι
2410 1882 2677 1952 Expendit
2727 1881 2878 1936 Sion.
2911 1901 2928 1934 ι
2996 1881 3111 1936 Prae
3157 1893 3380 1950 stupore
3427 1882 3633 1937 solutas

2062 1974 2250 2029 habuit
2277 1989 2495 2036 manus,
2523 1973 2779 2030 omnibus
2807 1973 3033 2042 abiectis
3065 1973 3372 2028 actionibus
3399 1973 3576 2027 bonis.

2135 2083 2152 2114 ι
2194 2065 2262 2119 Et
2289 2080 2398 2122 non
2430 2075 2515 2120 cst
2538 2066 2630 2134 qui
2656 2067 2968 2119 consoletur
3009 2080 3148 2118 eam.
3186 2084 3204 2116 ι
3239 2065 3352 2118 Νοιι
3391 2063 3496 2128 lex,
3525 2080 3633 2118 non

2059 2155 2344 2227 propheta.

2133 2267 2150 2299 ι
2186 2247 2461 2303 Mandavit
2504 2247 2788 2303 Dominus.
2825 2267 2843 2300 ι
2892 2247 3182 2311 Mandavit,
3217 2247 3312 2311 ait,
3355 2247 3629 2300 Dominus.

2055 2341 2326 2409 Quoniam
2367 2341 2424 2396 in
2474 2341 2707 2396 circuitu
2752 2349 2881 2396 sunt
2909 2339 2998 2410 qui
3045 2339 3360 2408 opprimunt
3399 2351 3470 2402 te,
3502 2353 3634 2396 cau-

2055 2445 2145 2491 tus
2167 2442 2322 2500 esto;
2361 2435 2453 2489 ille
2484 2448 2610 2488 vero
2633 2433 2922 2504 segnitiem
2955 2433 3176 2488 amavit.
3205 2432 3302 2486 Vel
3331 2431 3442 2487 sic:
3483 2427 3633 2485 Man-

2056 2527 2244 2581 datum
2274 2524 2490 2580 Domini
2533 2524 2644 2578 ait:
2673 2522 2807 2578 Ecce
2837 2525 2988 2590 posui
3030 2533 3152 2577 ante
3185 2523 3374 2594 faciem
3405 2534 3634 2576 vestram

2055 2621 2218 2674 vitam
2262 2629 2310 2673 et
2339 2627 2558 2672 mortem
2584 2617 2650 2670 ⁵³.
2699 2617 2965 2680 Quoniam
3007 2616 3174 2691 igitur
3205 2614 3371 2669 Jacob
3397 2613 3635 2682 pra-tulit

2055 2713 2178 2766 vitae
2207 2721 2458 2773 mortem,
2491 2710 2618 2764 facti
2664 2717 2792 2762 sunt
2829 2709 2884 2761 in
2921 2708 3155 2762 circuitu
3185 2706 3305 2775 ejus
3330 2705 3632 2775 allligentes

2056 2819 2202 2856 eum.

2131 2911 2148 2943 ι
2175 2892 2337 2958 Quasi
2365 2893 2567 2962 polluta
2588 2892 2886 2948 menstruis
2911 2891 2964 2944 in
2990 2889 3172 2944 medio
3195 2903 3439 2942 eorum.»
3464 2884 3632 2951 Quasi

2055 2985 2261 3039 diceret
2289 3001 2303 3037 :
2334 2983 2622 3054 Plusquam
2662 2983 2898 3037 inimicis
2937 2981 3074 3050 ipsis
3107 2994 3339 3049 quorum
3370 2978 3424 3030 in
3452 2977 3634 3032 medio

378 3065 490 3116 Καὶ
543 3063 715 3128 οὕτως
779 3064 920 3134 μετὰ
968 3065 1068 3136 τὴν
1105 3067 1485 3138 αἰχμαλωσίαν
1528 3067 1744 3158 ἔμεινεν
1788 3068 1845 3120 ἐν
1885 3070 1950 3139 τῇ

2060 3085 2161 3141 est,
2189 3077 2569 3132 abominabilis
2606 3077 2745 3130 facta
2775 3083 2877 3128 est.
2908 3073 2970 3126 Et
3001 3073 3079 3127 sic
3106 3081 3229 3142 post
3258 3069 3633 3140 captivitatem

379 3157 488 3227 ἰδίᾳ
517 3157 853 3230 ἀκαθαρσίᾳ,
883 3159 956 3231 μὴ
989 3160 1342 3230 μετανοοῦσα.

455 3268 473 3299 ι
504 3250 771 3304 Ἐκάλεσα
793 3241 1052 3322 γάρ’τοὺς
1078 3253 1316 3323 ἐραστάς
1350 3271 1476 3324 μου.
1519 3274 1537 3306 ι
1567 3252 1828 3326 Ἐρασταὶ
1854 3255 1954 3308 αὐο

376 3339 478 3406 τῆς
518 3339 962 3410 ψευδοπροφῆται
987 3385 1004 3407 ,
1035 3343 1128 3394 καὶ
1151 3345 1545 3413 τερατοσκόποι
1564 3384 1578 3408 ,
1614 3345 1708 3396 καὶ
1738 3345 1787 3396 οι
1819 3345 1956 3398 ἀκά-

377 3433 569 3504 θαρτοι
611 3433 887 3503 δαίμονες.
945 3434 1208 3505 Ἐρασταὶ
1249 3435 1306 3488 δὲ
1343 3434 1515 3504 αὐτῆς
1557 3435 1880 3502 καλοῦνται,
1923 3437 1954 3508 ἢ

375 3529 460 3607 ϐτι
492 3529 630 3599 αὑτὴ
660 3530 762 3600 ἐρᾷ
795 3529 894 3598 τῆς
923 3529 1104 3582 αὐτῶν
1137 3531 1375 3602 ἀπάτης.
1410 3531 1442 3601 ἢ
1475 3531 1556 3584 ὅτι
1581 3532 1737 3584 αὐτοὶ
1781 3549 1956 3603 προσ-

377 3623 696 3692 ποιούμενοι
730 3623 904 3691 φιλεῖν
942 3623 1137 3693 αὐτὴν,
1179 3625 1274 3691 τῆς
1307 3623 1458 3686 θείας
1505 3624 1675 3694 ὀργῆς
1707 3624 1956 3691 ἐγένοντο

379 3715 632 3784 πρόξενοι
657 3754 672 3779 ,
709 3715 860 3768 οὐδὲν
891 3715 1032 3786 αὐτῇ
1069 3716 1392 3786 δυνηθέντες
1439 3716 1740 3785 ἐπαμῦναι,
1786 3710 1955 3770 Τοῦτο

377 3810 488 3878 γὰρ
521 3808 778 3880 σημαίνει
816 3809 897 3873 τὸ,
929 3809 1420 3878 Παρελοτίσαντό
1436 3827 1532 3878 με.

453 4007 473 4040 α
514 3991 576 4042 Οί
619 3990 785 4058 ἱερεῖς
820 4006 940 4058 μου.
1000 4006 1018 4039 ι
1059 3987 1249 4041 Ταῦτα
1299 3986 1400 4054 μὲν
1448 3987 1507 4038 ἐν
1550 3988 1618 4057 τῇ
1668 3985 1954 4056 πολιορκίᾳ

377 4081 600 4151 συνέϐη.
628 4081 770 4151 Πρὸς
803 4081 860 4134 δὲ
893 4081 1158 4143 διάνοιαν,
1208 4079 1256 4132 οἱ
1287 4078 1626 4140 διδάσκαλοι,
1659 4079 1711 4130 oi
1748 4078 1954 4142 ἀνάξιοι

375 4174 468 4227 τοῦ
503 4173 662 4241 λόγου
693 4171 784 4226 τοῦ
817 4171 952 4224 Θεοῦ
978 4171 1282 4242 κριθέντες,
1308 4171 1358 4222 οί
1388 4170 1486 4241 τῆς
1517 4169 1629 4223 τῶν
1662 4169 1806 4222 λαῶν
1844 4187 1953 4222 σω-

374 4266 573 4336 τηρίας
632 4263 707 4335 μὴ
755 4264 940 4317 πιστοὶ
968 4263 1243 4332 οἰκονόμοι
1299 4262 1605 4330 γενόμενοι,
1656 4263 1755 4333 οὐχ
1799 4257 1954 4332 εὖρον

374 4359 504 4420 τοὺς
529 4355 975 4424 διδασκομένους,
1001 4355 1200 4417 οἵτινές
1232 4356 1371 4408 εἰσιν
1393 4355 1574 4409 αὐτῶν
1611 4355 1834 4425 βρῶσις,
1859 4354 1952 4406 τοῦ

375 4445 507 4500 λαοῦ
541 4445 1026 4516 συνολισθήσαντος
1051 4448 1114 4513 τῇ
1140 4444 1250 4497 τῶν
1270 4445 1610 4499 διδασκάλων
1639 4445 1880 4516 ἀσεϐείᾳ.

455 4555 475 4588 ι
529 4535 590 4590 Ἦ
619 4536 798 4588 κοιλία
820 4552 944 4605 μου.
986 4553 1002 4585 ι
1048 4535 1200 4588 Ἀντί
1223 4533 1338 4599 τοῦ,
1365 4535 1625 4590 πάντατὰ
1656 4536 1806 4598 ἐντός
1828 4553 1950 4606 μου.

2058 3168 2114 3223 in
2141 3184 2239 3223 sua
2270 3169 2473 3222 mansit
2504 3166 2868 3231 Immunditia,
2911 3164 3283 3235 paenitentiam
3308 3178 3419 3217 non
3443 3176 3631 3230 agens.

2127 3259 2190 3312 ν.
2229 3257 2315 3313 l9.
2364 3276 2383 3309 ι
2416 3257 2616 3312 γοωιί
2657 3257 2804 3311 enim
2869 3264 3140 3309 amatores
3175 3264 3346 3306 meos.
3388 3269 3406 3302 ι
3457 3254 3632 3304 Ama-

2057 3359 2204 3404 tores
2228 3348 2346 3418 ejus
2365 3355 2492 3402 sunt
2525 3345 3035 3416 pseudoprophetis,
3063 3341 3434 3412 prodigiorum
3461 3339 3662 3393 inter-‘

2056 3450 2259 3513 pretes,
2293 3450 2349 3495 et
2397 3439 2595 3510 impuri
2644 3438 2940 3493 daemones.
2971 3436 3254 3489 Amatores
3284 3448 3413 3486 vero
3441 3430 3634 3486 dicun-

2057 3547 2165 3592 tur.
2199 3533 2284 3587 vel
2328 3533 2471 3602 quod
2515 3531 2629 3602 ipsa
2661 3529 3031 3586 seductionem
3055 3541 3244 3581 eorum
3283 3531 3509 3584 amaret,
3549 3521 3633 3575 vel

2055 3631 2200 3700 quod
2229 3628 2303 3682 illi
2331 3626 2652 3680 simulantes
2688 3639 2746 3677 se
2788 3622 2934 3676 illius
2964 3635 3147 3675 amore
3181 3615 3631 3680 tcneri,divinam

2056 3723 2110 3775 in
2138 3736 2257 3775 eam
2288 3720 2632 3773 concitarunt
2675 3715 2834 3777 iram,
2860 3727 2986 3766 eum
3031 3711 3172 3766 ferre
3199 3709 3274 3764 illi
3298 3708 3499 3761 nullam
3533 3720 3633 3774 po-

2055 3815 2288 3867 tuissent
2321 3825 2516 3880 opem:
2545 3807 2598 3862 id
2639 3806 2785 3861 enim
2824 3802 3095 3875 signiﬁcat
3132 3817 3236 3855 vox
3260 3800 3370 3862 illa,
3411 3798 3634 3865 Decepe-

1985 3938 1988 3942 ι
2056 3914 2178 3958 runt
2220 3919 2318 3956 me.

2131 4014 2150 4046 ι
2191 3991 2512 4047 Sacerdotes
2540 3987 2668 4042 mei.
2703 4005 2722 4037 ι
2743 3985 2870 4039 Hzec
2892 3982 3109 4052 quidem
3137 3981 3191 4034 in
3221 3981 3336 4049 ipsa
3350 3978 3633 4033 obsidione

2055 4092 2375 4141 evenerunt.
2401 4081 2621 4152 Mystice
2646 4094 2796 4141 vero,
2822 4076 3074 4131 doctores
3100 4073 3267 4128 verbo
3296 4071 3388 4126 Del
3424 4071 3632 4141 indigni

2049 4177 2300 4248 iudicati,
2333 4175 2424 4244 qui
2484 4171 2674 4228 salutis
2704 4168 3030 4240 populorum
3077 4180 3187 4220 non
3249 4163 3434 4218 ﬁdeles
3481 4161 3633 4217 fuere

2054 4272 2479 4340 dispensatores,
2498 4278 2605 4318 non
2635 4263 2965 4316 invenerunt
2992 4256 3350 4317 erudiendos.
3373 4255 3465 4326 qui
3500 4264 3633 4309 sunt

2055 4363 2210 4416 cibus
2242 4374 2452 4422 eorum,
2481 4356 2720 4425 collapso
2741 4354 2851 4423 jam
2876 4350 3078 4422 populo
3107 4363 3215 4403 una
3244 4363 3369 4403 cum
3427 4363 3631 4416 praece-

1992 4443 2030 4496 ι)
2061 4462 2276 4523 piorum
2305 4448 2603 4519 impietate.
3066 4493 3071 4497 _

2129 4543 2194 4600 ν.
2221 4543 2311 4597 20.
2345 4560 2363 4594 ι
2395 4541 2596 4596 Venter
2654 4552 2831 4592 meus.
2863 4554 2881 4586 ι
2924 4535 3037 4588 lloc
3057 4541 3162 4594 est,
3190 4531 3371 4586 omnia
3423 4531 3632 4586 viscera

376 4625 574 4678 Κοιλία
601 4624 659 4678 δὲ
680 4625 776 4678 καὶ
819 4624 1034 4695 καρδία,
1067 4623 1211 4678 κατὰ
1239 4625 1366 4687 τοὺς
1398 4624 1611 4694 τροπῆς
1639 4625 1859 4693 νόμους,
1897 4626 1953 4677 αἱ

2060 4635 2404 4694 mea.Venter
2419 4641 2600 4690 autem
2633 4639 2690 4685 et
2729 4643 2844 4693 cor,
2888 4626 3192 4682 secundum
3245 4624 3460 4692 regulas
3499 4624 3634 4692 ﬁgu-

377 4717 692 4773 ἁναδοτικα¹ι
755 4717 848 4769 καὶ
887 4717 1118 4780 ζωτικαὶ
1139 4716 1238 4786 τῆς
1273 4716 1448 4786 ψυχῆς
1479 4716 1760 4785 δυνάμεις.
1793 4715 1857 4768 δι’
1879 4710 1953 4770 ὦν

2061 4737 2190 4783 ratae
2215 4722 2526 4787 locutionis,
2542 4719 2940 4777 distributrices
2977 4725 3106 4772 sunt
3135 4725 3190 4772 et
3217 4716 3408 4770 vitales
3438 4715 3634 4767 anima:

377 4811 549 4880 αὐτῆς
581 4809 839 4880 τρέφεται
864 4809 957 4860 καὶ
983 4807 1324 4878 γυμνάζεται
1353 4807 1420 4859 τὰ
1451 4805 1808 4876 αἰσθητήρια.

2060 4820 2368 4879 facultates,
2399 4829 2496 4884 per
2551 4827 2687 4883 quas
2749 4810 2970 4871 aluntur
3010 4815 3066 4863 et
3125 4815 3450 4862 exercentur
3512 4806 3632 4875 ejus

983 4962 988 4968 .
2053 4911 2321 4968 sensoria.

460 5010 480 5044 ι
517 4991 756 5056 Ἔξωθεν
810 4989 1087 5061 ὴτέκνωσέ
1135 5006 1201 5058 με
1257 4987 1525 5058 μάχαιρα.
1586 5007 1603 5039 ι
1666 4987 1809 5052 Πρὸς
1859 4988 1954 5056 μὲν

2133 5025 2150 5056 ι
2189 5001 2344 5057 Foris
2370 4998 2582 5054 orbavit
2607 5013 2692 5052 me
2723 4996 2848 5050 ﬁliis
2868 4995 3108 5067 gladius.
3146 4987 3163 5048 ι
3199 4994 3280 5049 Ad
3311 4991 3630 5046 historicum

380 5084 652 5154 ἱστορίαν,
690 5083 814 5146 τοὺς
845 5085 910 5135 ἐκ
943 5083 1038 5152 τῆς
1079 5080 1399 5150 πολιορκίας
1449 5079 1694 5142 ἐξιόντας
1724 5077 1954 5148 ἀνῄρουν

2060 5091 2276 5163 quidem
2301 5101 2543 5150 sensum,
2573 5101 2635 5141 ex
2672 5085 2958 5140 obsidione
2985 5083 3258 5155 fugientes
3293 5077 3634 5150 perimebaut

381 5178 430 5230 οί
447 5175 709 5246 Ῥωμαῖοι
725 5193 738 5205 ·
761 5176 894 5244 πρὸς
911 5174 966 5226 δέ
985 5173 1245 5233 διάνοιαν,
1267 5173 1329 5224 Ἦ
1344 5171 1451 5224 τῶν
1467 5172 1712 5241 ἀοράτων
1727 5169 1958 5240 ἐχθρῶν,

383 5272 571 5340 φησιν,
603 5271 790 5338 ἔφοδος
823 5267 1042 5334 ἔξωθεν,
1092 5268 1370 5320 τουτέστιν
1427 5267 1486 5318 οὗ
1520 5265 1771 5336 συμφυὴς
1830 5267 1960 5335 ἡμῖν

381 5362 539 5426 οὖσα,
572 5363 751 5417 ἀνεῖλέ
799 5380 900 5432 μου
952 5361 1081 5424 τοὺς
1118 5359 1358 5428 ἀγαθοὺς
1405 5358 1702 5428 λογισμούς
1725 5377 1737 5390 ·
1771 5357 1960 5428 ὥσπερ

381 5453 594 5510 ἔνδοθεν
620 5458 655 5526 ἡ
678 5455 778 5526 τῆς
801 5455 1173 5525 προαιρέσεως
1198 5453 1354 5523 ἡμῶν
1377 5454 1468 5505 ἐπὶ
1487 5454 1546 5506 τὸ
1565 5455 1745 5523 χεῖρον
1774 5452 1917 5522 ὁρμή
1939 5469 1952 5482 ·

381 5548 542 5601 τοῦτο
567 5547 675 5617 γὰρ
703 5547 854 5617 δηλοῖ
876 5545 1128 5610 θάνατος
1164 5545 1231 5596 ἐν
1264 5543 1424 5607 οἴκῳ.

463 5747 504 5777 δ’
533 5745 878 5810 Psal.t.x.\1v,
914 5743 964 5798 9.
1045 5743 1083 5775 ³³
1120 5741 1275 5795 Deut.
1307 5756 1432 5802 nx,
1463 5737 1546 5794 l9.

2060 5179 2324 5242 Romani;
2387 5178 2452 5231 ad
2484 5190 2704 5231 sensum
2770 5190 2901 5228 vero
2933 5175 3200 5236 altiorem,
3263 5169 3522 5230 hostium,
3548 5167 3633 5219 in-

2066 5271 2202 5342 quit,
2245 5267 2597 5323 invisibilium
2626 5266 2856 5334 irruptio
2892 5264 3042 5326 foris,
3073 5263 3123 5316 id
3180 5269 3282 5322 est,
3315 5274 3422 5312 non
3468 5257 3630 5310 insita

2065 5363 2223 5417 nobis
2281 5377 2309 5415 a
2359 5370 2572 5422 natura,
2605 5361 2774 5413 bonas
2807 5355 3161 5426 cogitationes
3187 5351 3320 5405 mihi
3363 5345 3626 5420 peremit;

2064 5453 2518 5523 quemadmodum
2543 5451 2690 5504 intus
2717 5447 3004 5500 voluntatis
3036 5453 3234 5504 nostra:
3299 5440 3365 5495 ad
3429 5442 3622 5496 malum

2070 5557 2346 5596 assensus.
2379 5536 2488 5592 lloc
2517 5538 2659 5593 cnim
2689 5537 2789 5591 δίιιὶ
2817 5536 2928 5590 vult
2958 5552 3095 5589 mors
3126 5536 3286 5593 domi.
