4050 6226
431 298 532 363 735

1513 278 2033 356 OLYMPIODORI
2065 290 2599 351 ALEXANDRINI

3587 282 3693 347 736

499 411 564 467 V.
589 408 679 466 21.
718 426 736 458 ι
758 406 968 463 Omnes
986 407 1194 463 inimici
1226 408 1356 463 mei.
1393 427 1411 461 ι
1447 408 1662 463 lnimici
1694 406 2002 463 animaim-

2183 424 2201 456 ι
2246 405 2454 467 Πάντες
2482 406 2534 457 ot
2564 401 2749 472 ἐχθροί
2785 416 2908 472 μου.
2952 419 2970 452 ι
3023 400 3243 472 Ἐχθροὶ
3283 399 3386 469 τῆς
3422 398 3604 471 ψυχῆς
3642 416 3672 451 ο

433 502 555 573 puri
577 500 851 554 daemones
881 509 1028 562 sunt,
1058 498 1157 568 qui
1190 507 1245 554 et
1269 509 1541 553 amatores
1572 499 1694 568 ejus
1726 499 2004 553 dicuntur.

430 591 565 646 Nam
583 606 707 645 cum
732 591 916 644 hostes
945 590 1075 654 sint,
1094 606 1277 645 amare
1303 592 1589 656 simulant;
1611 592 1705 660 qui
1724 602 2009 660 postquam

431 681 498 737 ad
527 689 804 751 peccatum
830 681 1207 750 perduxerint,
1240 682 1486 738 demoliri
1522 700 1738 753 quoque
1769 698 1889 737 eam
1914 698 2009 753 ag-

433 775 779 846 grediuntur.

511 885 529 917 ι
552 864 835 919 Adduxisti
866 864 1029 918 diem.
1057 884 1076 917 ι
1119 865 1446 921 Punitionis.

508 972 528 1005 ‹
572 952 687 1008 Heu
724 947 878 1017 mihi,
912 955 1016 1007 heu
1052 954 1205 1008 mihi.
1240 974 1260 1005 ›
1322 953 1596 1026 Repetitio
1617 957 1818 1012 doloris
1848 958 2012 1013 velte-

433 1046 696 1102 mentiam
730 1046 1019 1115 signiﬁcat.

507 1135 572 1189 V.
602 1138 693 1190 2‘2.
733 1156 752 1187 ι
794 1138 1132 1208 lngrediatur
1171 1139 1369 1193 omnis.
1410 1157 1430 1188 ι
1497 1137 1635 1204 Fiat,
1676 1140 1872 1210 inquit,
1927 1141 2012 1194 in-

437 1227 657 1295 quisitio
677 1229 1044 1296 prementium
1073 1245 1160 1283 me
1185 1231 1489 1286 secundum
1512 1232 1798 1287 veritatem
1836 1242 2015 1310 tuam.

2108 496 2412 566 ἀκάθαρτοι
2445 495 2722 566 δαίμονες,
2753 492 2952 555 οἵτινες
3012 494 3106 546 καὶ
3149 492 3380 557 ἐρασταὶ
3404 491 3574 561 αὐτῆς
3608 490 3691 544 λι-

2110 604 2319 654 γονται.
2353 586 2464 639 Καὶ¹
2489 585 2599 654 γὰρ
2629 583 2817 654 ἐχθροὶ
2842 582 3018 649 ὄντες,
3052 583 3186 652 ἐρᾷν
3230 581 3693 654 προσποιοῦνταν

2110 679 2305 740 οἵτινες
2353 677 2490 746 μετά
2515 677 2573 731 τὸ
2599 676 2820 746 ποιῆσαι
2841 674 3177 747 ἁμαρτάνειν
3224 676 3321 729 καὶ
3348 673 3696 747 ἐπιχειροῦσι

2112 773 2178 840 τῇ
2213 768 2381 837 αὐτῆς
2413 765 2640 821 πτώσει.

2189 880 2208 913 ι
2256 859 2569 928 Ἐπήγαγες
2600 858 2837 929 ἡμέραν.
2874 876 2893 910 ι
2924 857 3034 929 Τὴν
3058 857 3163 926 τῆς
3184 858 3482 923 κολάσεως.

2187 970 2207 1002 ι
2237 954 2416 1021 Οἴμοι,
2461 951 2630 1021 οἴμοι.
2664 969 2684 1002 ι
2738 951 2795 1005 '0
2822 950 3219 1021 διπλασιασμὸς
3249 950 3311 1005 τὸ
3367 953 3700 1023 ἐπιτεταμέ-

2114 1062 2201 1099 νον
2231 1045 2329 1113 τῆς
2356 1045 2551 1113 ὀδύνης
2586 1045 2869 1114 σημαίνει.

2190 1158 2209 1190 ι
2249 1138 2494 1190 Εἰσέλοοι
2518 1139 2689 1192 πᾶσα.
2737 1157 2756 1189 ι
2779 1139 3015 1203 Γένοιτο,
3049 1139 3238 1209 φησὶν,
3265 1139 3297 1209 ἡ
3321 1137 3699 1202 ὲξέτασιςτῶν

2114 1228 2473 1297 ἀμυνομένων
2518 1243 2587 1295 με
2616 1231 2763 1281 κακὰ
2799 1227 2916 1299 [τσ.
2955 1228 3122 1300 κατὰ]
3153 1230 3254 1300 τὴν
3278 1229 3538 1301 ἀλήθειάν
3569 1245 3694 1283 σουο

439 1319 626 1373 Facies
651 1321 797 1373 enim
831 1321 923 1373 Dei
958 1322 1153 1376 veritas
1184 1333 1288 1377 est.

2119 1320 2174 1373 τὸ
2203 1320 2310 1389 γάρ
2341 1321 2633 1389 πρόσωπον
2656 1320 2747 1373 τοῦ
2768 1320 2910 1374 Θεοῦ
2941 1323 2973 1391 ὴ
3010 1321 3263 1393 ἀλήθεια.

515 1431 533 1462 ι
574 1409 864 1465 Vindemio
894 1428 1007 1468 eos.
1042 1432 1060 1464 ι
1086 1413 1365 1468 Racemuli
1416 1424 1548 1469 sunt
1602 1416 1797 1469 minuti
1846 1416 2011 1482 botri,

2192 1430 2211 1462 ι
2266 1411 2683 1479 Ἐπιφύλλισσον
2742 1413 2949 1475 αὐτοῖς.
2985 1432 3005 1465 ι
3037 1411 3423 1483 Ἐπιφυλλίδες
3468 1413 3576 1464 εἰσὶ
3626 1412 3696 1464 τά

440 1499 535 1568 qui
556 1515 933 1568 saepenumero
965 1502 1389 1558 vindemiatores
1428 1506 1716 1575 ell'ugiunt.
1748 1506 1850 1571 Qui
1882 1522 2012 1576 ergo

2121 1501 2292 1572 μικρᾶ
2343 1502 2615 1572 βοτρύδια,
2670 1502 2706 1557 ἃ
2746 1503 3013 1568 πολλάκις
3057 1504 3154 1558 καὶ
3202 1505 3329 1567 τοὺς
3376 1502 3697 1573 τρυγῶντας

438 1591 693 1660 reliquias
712 1593 987 1662 colligunt,
1020 1595 1139 1648 illos
1196 1596 1533 1651 vindemiant
1572 1599 1784 1671 curiosa
1822 1600 2012 1669 exqui-

2119 1594 2494 1649 λανθάνουσιν.
2512 1596 2574 1649 Οί
2595 1595 2722 1662 γοῦν
2745 1597 3136 1667 καλαμώμενοι
3153 1595 3328 1650 ταῦτα
3356 1595 3693 1662 ἐκλέγονται.

440 1677 638 1732 sitione
663 1679 798 1733 vites
828 1682 1197 1750 explorantes.
1234 1685 1390 1739 Sicut
1429 1686 1705 1754 igitur'me
1740 1689 2013 1744 dzemones

2119 1686 2363 1755 ἀκριϐῶς
2411 1689 2510 1749 τὰς
2575 1687 2856 1757 ἀμπέλους
2904 1688 3277 1753 ἐξετάζοντες.
3334 1688 3545 1756 Ὠσπερ
3598 1682 3696 1739 οὗν

440 1768 635 1822 acerbe
672 1768 1075 1838 impetiverunt,
1110 1774 1195 1829 vel
1229 1776 1370 1830 sicut
1398 1788 1662 1832 curarunt
1684 1789 1743 1834 ut
1787 1781 2015 1851 diligen-

2119 1778 2335 1848 πικρῶς
2386 1778 2648 1831 ἐπέθεντό
2706 1796 2795 1848 μοι
2833 1780 2881 1831 οί
2929 1779 3213 1848 δαίμονεςο
3270 1779 3305 1849 ἢ
3352 1778 3446 1831 καὶ
3500 1776 3693 1847 ὥσπερ

441 1867 524 1912 ter
570 1859 939 1929 inquireretur
987 1865 1040 1919 in
1080 1876 1300 1934 peccata
1360 1883 1482 1923 mea
1529 1871 2016 1943 pseudoprophetce

440 1959 495 2004 et
521 1952 970 2025 pseudomagistri
1002 1957 1340 2027 decipieutes
1371 1976 1477 2026 me,
1504 1962 1576 2016 ita
1612 1964 1904 2034 diligenter
1958 1967 2014 2019 in

442 2038 498 2094 in
535 2054 650 2107 eos,
685 2041 929 2108 Domine,
965 2044 1178 2115 inquire
1198 2048 1502 2103 secundum
1538 2049 1810 2119 judicium
1841 2060 2013 2106 tuum.

1111 2222 1259 2279 CAP.
1289 2223 1352 2279 ll.

420 2309 425 2313 ’
511 2306 654 2364 V.l.
694 2328 713 2359 ι
748 2309 1032 2376 Quomodo
1082 2314 1295 2369 obtexit
1360 2317 1608 2388 caligine.
1656 2338 1676 2372 ι
1734 2317 2019 2386 Quomodo

441 2399 591 2454 velut
616 2402 828 2456 cuidam
864 2403 1079 2475 caligini
1147 2406 1385 2463 hostium
1456 2410 1743 2481 irruptioni
1779 2412 2016 2467 tradidit.

407 2489 430 2518 ¹
517 2507 538 2542 ι
573 2488 807 2559 Projecit
833 2493 902 2547 de
933 2496 1072 2550 cmlo
1124 2497 1180 2551 in
1221 2506 1444 2558 terram.
1477 2520 1496 2554 ι
1565 2503 1789 2559 Caelesti
1826 2518 2018 2572 parem

442 2580 740 2649 splendori,
770 2583 863 2647 ait,
889 2585 1141 2641 decorem
1174 2591 1767 2647 convertitJerusalem
1817 2594 1871 2646 in
1921 2594 2019 2649 dc-

442 2671 630 2736 decus,
662 2673 904 2742 projecta
940 2676 1029 2729 illa
1061 2679 1128 2732 ab
1162 2680 1334 2748 ipsius
1372 2693 1635 2752 perpetua
1670 2668 2010 2740 visitatione.
2049 2697 2053 2701 '

519 2864 539 2898 ι
570 2846 632 2902 Et
658 2859 864 2905 nonest
894 2852 1230 2909 recordatus.
1255 2875 1275 2908 ι
1303 2856 1608 2913 Scabellum
1638 2858 1732 2912 Dei
1757 2860 2017 2929 templum

444 2948 619 3003 vocat,
648 2949 904 3011 tanquam
936 2942 1023 2998 Dei
1059 2948 1344 3014 praesentia
1364 2949 1430 3003 de
1458 2952 1596 3003 ccelo
1642 2951 1696 3004 in
1722 2951 1855 3004 illud
1889 2967 2015 3020 per-

446 3030 706 3102 tingente,
750 3035 833 3089 vel
861 3036 1023 3091 etiam
1042 3039 1398 3096 lsraeliticum
1423 3044 1682 3112 populum
1707 3044 1803 3098 Dei
1830 3046 2014 3115 cogni-

447 3121 594 3177 tione
622 3123 923 3194 dignatum.
964 3128 1216 3186 Thronus
1247 3133 1450 3202 quippe
1484 3132 1576 3188 Dei
1629 3136 1826 3190 omium
1857 3153 2017 3191 voca-

446 3220 552 3271 tur,
612 3215 758 3282 quod
805 3215 860 3270 in
917 3220 1225 3287 purissimis
1267 3223 1376 3279 illic
1429 3226 1705 3281 mentibus
1752 3227 2012 3296 quiescat.

444 3300 751 3359 Scabellum
780 3316 962 3363 autem
991 3311 1138 3366 illius
1170 3323 1333 3379 terra,
1372 3316 1517 3385 quod
1576 3333 1747 3386 usque
1805 3319 1872 3373 ad
1915 3335 2017 3373 nos

442 3407 546 3463 pro
567 3404 751 3453 nostra
775 3403 1078 3469 capacitate
1112 3405 1353 3475 cognitio
1386 3407 1437 3477 ej
1450 3424 1515 3463 us
1544 3409 1838 3478 perveniat.

514 3689 580 3745 V.
611 3691 666 3744 Ξ.
698 3709 717 3740 ι
754 3689 947 3747 Omnia
974 3695 1244 3762 speciosa.
1286 3715 1305 3748 ι
1352 3698 1430 3751 Ad
1468 3699 1699 3753 litteram
1729 3740 1743 3761 ,
1796 3716 2014 3754 omnem

445 3781 668 3851 legalem
696 3784 1025 3850 cultum;ad
1060 3800 1286 3842 sensum
1332 3798 1516 3843 autem
1571 3791 1854 3851 latentem,
1896 3809 2015 3860 pro-

444 3875 618 3943 posita
648 3875 889 3944 pietatis.

520 3984 539 4016 ι
568 3966 860 4024 Destruxit.
902 3989 921 4021 ι
954 3969 1385 4028 Destructionem
1414 3983 1571 4029 vocat
1595 3975 1664 4029 ab
1710 3975 1843 4045 ipsis
1887 3977 2015 4031 l'un—

441 4057 714 4113 damentis
738 4062 1061 4117 motionem.

519 4166 539 4199 ι
577 4149 922 4207 Munitiones.
961 4173 981 4205 ρ
1041 4155 1122 4209 Ad
1149 4156 1411 4220 litteram,
1447 4160 1730 4228 templum,
1766 4162 1851 4215 vel
1905 4178 2017 4214 ma-

444 4248 633 4308 gnetes
655 4242 826 4302 urbis,
853 4243 1167 4299 adsensum
1223 4263 1354 4301 vero
1412 4250 1719 4319 mysticum,
1785 4251 2016 4308 virtutes

444 4328 891 4401 inexpugnabiles
917 4334 971 4388 in
1006 4343 1207 4390 terram
1228 4338 1449 4405 deiecit.

2117 1868 2360 1939 ἀκριϐῶς
2410 1867 2766 1939 ἐξετασθῆναι
2820 1870 3157 1939 πεποιήκασι
3201 1869 3271 1922 τὰ
3316 1867 3697 1939 ἁμαρτήματά

2122 1976 2223 2030 μου
2253 1961 2302 2013 οἱ
2350 1958 2831 2028 ψευδοδιδάσκαλοι
2865 1961 2957 2013 καὶ
2976 1958 3433 2029 ’ψευδοπροφῆται
3474 1959 3693 2024 ἀπατή-

2118 2051 2313 2113 σαντές
2345 2067 2433 2119 με,
2465 2049 2640 2113 οὕτως
2671 2050 2918 2122 ἀκριϐῶς
2967 2051 3161 2105 ἐτασον
3203 2050 3399 2112 αὐτοὺς
3446 2049 3586 2103 κατὰ
3632 2047 3695 2101 τὸ

2119 2141 2210 2192 σον
2241 2141 2434 2211 κρίμα,
2466 2138 2662 2210 Κύριε.

2775 2229 2934 2283 ΚΕΦ.
2971 2227 3047 2284 Β’.

2196 2339 2216 2374 ι
2254 2320 2378 2383 Πῶς
2411 2321 2743 2389 ἐγνόφωσεν.
2784 2337 2804 2372 ι
2852 2319 3001 2382 Πῶς,
3035 2319 3227 2389 ὥσπερ
3253 2319 3357 2375 τινὶ
3388 2320 3595 2390 γνόφῳ,
3629 2324 3697 2390 τῇ

2117 2413 2227 2468 τῶν
2254 2412 2468 2486 ἐχθρῶν
2500 2412 2677 2483 ἐφόδῳ
2707 2410 3114 2480 παραδέδωκεν.

2196 2524 2216 2557 ι
2255 2504 2603 2575 Κατέρριψεν
2642 2502 2703 2567 ἐξ
2735 2502 2969 2573 οὐρανοῦ
3002 2504 3081 2566 εἰς
3111 2503 3235 2571 γῆν.
3285 2521 3305 2554 ι
3336 2502 3447 2574 Τὴν
3473 2503 3698 2573 οὐρανο-

2119 2597 2339 2667 πρεπῆ,
2390 2599 2598 2666 φησὶν,
2669 2596 3008 2665 εὐπρέπειαν
3063 2598 3161 2664 τῆς
3202 2593 3559 2665 Ἰερουσαλὴμ
3614 2595 3698 2656 είς

2118 2689 2346 2758 ἀτιμίαν
2385 2688 2742 2758 μετέστησεν,
2771 2688 3139 2758 ἀπωσάμενος
3160 2686 3327 2756 αὐτὴν
3350 2686 3415 2739 ἐκ
3439 2688 3538 2757 τῆς
3563 2687 3698 2740 ἑαυ-

2119 2780 2212 2834 τοῦ
2239 2779 2522 2849 διηνεκοῦς
2555 2779 2924 2849 ἐπισκέψεως.

2195 2889 2212 2921 ι
2249 2869 2355 2922 Καὶ
2380 2869 2481 2922 οὐκ
2512 2869 2782 2940 ἐμνήσθη.
2826 2888 2846 2922 ι
2899 2868 3223 2923 Ὑποπόδιόν
3271 2884 3408 2940 φησι
3437 2864 3573 2921 Θεοῦ
3600 2868 3698 2922 τὸν

2120 2958 2267 3023 ναὸν,
2313 2960 2389 3022 ὡς
2420 2957 2732 3028 φθανούσης
2760 2961 2842 3022 είς
2878 2959 3041 3012 αὐτὸν
3089 2960 3154 3012 ἐκ
3193 2958 3287 3011 τοῦ
3333 2958 3564 3029 οὐρανοῦ
3592 2957 3696 3027 τῆς

2122 3050 2272 3114 Θείας
2307 3051 2790 3123 ἐπιφοιτήσεως,ἢ
2842 3053 2937 3105 καὶ
2972 3051 3064 3105 τὸν
3119 3051 3515 3122 Ἶσραηλιτικὸν
3542 3050 3694 3123 λαὸν,

2119 3145 2209 3197 τὸν
2240 3142 2546 3213 ἠξιωμένον
2594 3144 2693 3214 τῆς
2733 3130 2989 3213 γνώσεως
3017 3143 3113 3197 τοῦ
3161 3142 3317 3197 Θεοῦ.
3364 3143 3563 3214 Θρόνος
3592 3142 3698 3212 μὲν

2119 3237 2224 3303 γὰρ
2251 3236 2386 3289 Θεοῦ
2428 3236 2676 3289 καλεῖται
2706 3237 2735 3288 ό
2761 3235 3011 3305 οὐρανὸς,
3048 3234 3125 3298 ὡς
3150 3236 3263 3298 τοῖς
3292 3235 3407 3287 ἐκεῖ
3437 3233 3694 3302 καθαρω-

2117 3324 2300 3386 τάτοις
2341 3323 2582 3391 λογικοῖς
2610 3325 3103 3394 ὲπαναπαυομένου
3129 3323 3222 3377 τοῦ
3251 3322 3408 3378 Θεοῦ.
3454 3323 3694 3377 ’Υποπό-

2116 3415 2228 3468 διον
2272 3416 2329 3469 δὲ
2377 3416 2542 3470 αὐτοῦ
2587 3418 2619 3487 ἠ
2656 3417 2748 3487 γῆ,
2795 3417 2870 3479 ὡς
2909 3416 3000 3469 καὶ
3049 3417 3130 3477 at;
3178 3417 3327 3485 ἡμᾶς
3382 3414 3698 3486 φθανούσης

2119 3506 2259 3561 κατὰ
2288 3508 2389 3576 τὴν
2440 3508 2841 3562 ἐπιϐάλλουσαν
2873 3510 3005 3578 ἡμῖν
3049 3507 3343 3576 ἀναλογίαν
3384 3511 3483 3578 τῆς
3524 3508 3694 3561 αὑτοῦ

2118 3597 2394 3665 γνώσεως.

2154 3692 2211 3741 ἰ
2251 3692 2434 3745 Πάντα
2462 3693 2529 3745 τὰ
2575 3692 2779 3761 ὡραῖα.
2818 3709 2837 3741 ›
2892 3690 3038 3762 Πρὸς
3090 3688 3189 3758 μὲν
3243 3688 3307 3743 τὸ
3367 3690 3551 3761 ῥητὸν,
3591 3690 3694 3759 τὴν

2118 3782 2351 3853 νομικὴν
2378 3786 2560 3836 πᾶσαν
2580 3782 2840 3854 λατρείαν
2863 3799 2877 3815 ·
2909 3782 3046 3854 πρὸς
3075 3783 3135 3836 δὲ
3166 3782 3426 3849 διάνοιαν,
3446 3784 3573 3846 τοὺς
3594 3784 3695 3853 τῆς

2117 3870 2403 3934 εὐσεϐείας
2435 3872 2696 3942 τρόπους.

2192 3984 2212 4015 ι
2251 3964 2534 4020 Καϐεῖλεν.
2587 3984 2607 4018 ι
2645 3965 2984 4038 Καϐαίρεσίν
3021 3983 3187 4038 φησιν
3218 3966 3316 4035 τὴν
3336 3968 3400 4020 ὲκ
3427 3965 3697 4037 θεμελίων

2118 4056 2357 4127 κίνησιν.
2572 4065 2579 4071 “

2194 4167 2213 4201 ι
2262 4148 2343 4201 Τὰ
2374 4148 2728 4221 ὀχυρώματα.
2767 4169 2787 4202 ο
2826 4150 2973 4220 Πρὸς
3013 4150 3114 4220 μὲν
3146 4149 3328 4219 ῥητὸν,
3362 4148 3455 4202 τὸν
3483 4149 3630 4214 ναὸν,
3660 4149 3694 4219 ἢ

2117 4241 2364 4303 καὶτοὺς
2409 4242 2469 4293 ὲν
2518 4242 2658 4312 αὐτῇ
2690 4241 2982 4305 δυνατούςο
3030 4240 3168 4312 πρὸς
3205 4240 3262 4294 δὲ
3300 4242 3564 4306 διάνοιαν,
3592 4241 3695 4305 τὰς

2118 4333 2579 4401 ἀκαταμαχήτους
2607 4332 2814 4403 ἀρετάς
2852 4335 2966 4397 τοῖς
2988 4334 3201 4403 γηῒνοις
3224 4333 3551 4405 ἀπέρριψεν.

519 4439 538 4472 ι
574 4421 772 4478 Polluit
799 4441 980 4497 regem
1008 4427 1147 4497 ejus.
1185 4447 1205 4480 ι
1266 4429 1348 4483 Ad
1379 4430 1641 4494 litteram,
1676 4432 2013 4501 potentiores

2198 4443 2217 4476 ι
2269 4424 2639 4495 Ἐόεσήλωσεν
2671 4426 2898 4495 βασιλέα
2927 4427 3118 4497 αὐτῆς.
3156 4445 3174 4477 ι
3204 4425 3345 4496 Πρὸς
3383 4427 3480 4494 μὲν
3508 4427 3691 4497 ῥητὸν,

439 4508 594 4578 ejus;
622 4513 940 4583 spiritaliter
962 4532 1113 4583 vero,
1157 4518 1425 4587 impuros,
1468 4521 1563 4585 ait,
1613 4522 1852 4577 ostendit
1878 4538 2012 4590 prm-

439 4603 804 4660 stantissimos
842 4609 1139 4665 voluntatis
1171 4612 1292 4682 ejus
1317 4622 1518 4667 motus.

513 4689 577 4744 ν.
601 4693 654 4746 5.
693 4712 712 4744 ι
761 4693 933 4752 Omne
973 4714 1167 4754 cornu.
1207 4720 1225 4754 ι
1285 4700 1369 4755 Ad
1422 4701 1704 4757 historiam
1768 4702 2010 4771 quidem,

440 4794 634 4838 omnes
670 4785 862 4850 tribus,
904 4790 986 4843 vel
1033 4805 1225 4847 omnes
1278 4801 1576 4861 potentes:
1615 4794 1680 4847 ad
1742 4794 2011 4850 internum

441 4886 573 4927 vero
596 4874 1026 4947 intelligentiam,
1088 4898 1307 4937 omnem
1368 4883 1537 4937 animi
1586 4883 1847 4939 victorem
1898 4900 2015 4940 mo-

436 4966 592 5023 dum.
1725 4984 1731 4991 '

515 5077 535 5112 ι
575 5060 897 5117 Retrorsum
949 5063 1204 5118 avertit.»
1239 5063 1337 5119 Vel
1378 5066 1548 5135 ipsius
1611 5065 1772 5121 Israel
1835 5074 2015 5121 rectas

438 5151 703 5215 actiones,
764 5154 1066 5222 posteriora
1141 5156 1286 5210 enim
1352 5165 1479 5220 sunt
1541 5156 1761 5211 sinistra
1830 5156 2014 5213 omnia

440 5241 664 5305 dextris,
693 5243 748 5298 in
781 5245 935 5312 pejus
961 5245 1176 5306 avertit,
1204 5248 1305 5301 hoc
1330 5249 1484 5302 estin
1512 5248 1700 5302 laevam
1724 5267 1737 5300 :
1766 5248 1848 5302 vel
1874 5248 2016 5302 Deus

442 5348 569 5387 snas
596 5335 738 5389 vires
759 5336 1012 5403 detinuit,
1037 5353 1137 5392 nec
1165 5338 1271 5392 illis
1292 5354 1451 5409 opem
1481 5340 1622 5398 tulit.
1652 5354 1776 5393 cum
1811 5341 1880 5395 ab
1912 5341 2012 5394 lm-

444 5423 621 5478 stibus
651 5425 794 5481 bello
822 5441 1221 5497 premerentur.

521 5531 539 5562 ‹
572 5512 635 5567 Et
654 5519 919 5574 accendit.
964 5541 981 5572 ιι
1026 5523 1247 5578 Factum
1297 5537 1393 5591 per
1424 5522 1699 5577 Romanos
1721 5525 2014 5578 excidium.

449 5599 529 5655 lra
559 5603 739 5674 itaque
768 5609 858 5663 Dei
884 5613 1033 5679 quasi
1069 5615 1247 5682 ignem
1281 5616 1528 5670 accendit
1556 5616 1817 5671 adversus
1851 5614 2017 5671 Jacob

450 5691 695 5751 ultricem
726 5697 844 5768 ejus
860 5700 1132 5757 virtutem.

2118 4517 2243 4579 τοὺς
2260 4517 2316 4568 ὲν
2336 4516 2473 4588 αὑτῇ
2492 4516 2750 4579 δυνατούς
2774 4534 2787 4548 ·
2806 4516 2943 4588 πρὸς
2965 4517 3020 4570 δὲ
3045 4516 3304 4578 διάνοιαν,
3327 4516 3692 4588 ἀκαθάρτους,

2120 4610 2310 4678 φησιν.
2337 4609 2589 4674 ἀπέδειξε
2616 4610 2743 4674 τοὺς
2766 4610 2887 4663 κατ’
2919 4607 3109 4679 ἐξοχὴν
3133 4610 3301 4677 αὐτῆς
3334 4609 3588 4678 τρόπους.

2196 4717 2214 4748 ι
2256 4699 2372 4752 Πᾶν
2418 4699 2608 4768 κέρας.
2674 4718 2693 4750 ι
2753 4698 2890 4752 Καθ’
2944 4696 3184 4767 ἱστορίαν
3229 4696 3350 4766 μὲν,
3383 4695 3561 4759 πάσας
3594 4695 3693 4760 τὰς

2120 4789 2313 4859 φυλάς,
2344 4791 2376 4861 ἢ
2413 4792 2623 4854 πάντας
2659 4791 2786 4853 τοὺς
2822 4789 3087 4854 δυνατούς
3108 4803 3122 4817 ·
3173 4789 3314 4860 πρὸς
3345 4788 3403 4842 δὲ
3434 4786 3691 4860 θεωρίαν,

2120 4882 2301 4936 πάντα
2331 4882 2598 4935 ἐπινίκιον
2631 4882 2731 4951 τῆς
2761 4881 2942 4952 ψυχῆς
2970 4882 3196 4953 τρόπον.

2128 5084 2133 5095 π
2200 5081 2220 5113 ι
2262 5058 2657 5131 ’Ᾱπέστρεψεν.
2694 5076 2714 5110 ι
2749 5060 2821 5112 Ἢ
2851 5058 3018 5113 αὐτοῦ
3047 5058 3144 5112 τοῦ
3210 5060 3432 5132 Ἰσραὴλ
3474 5062 3576 5128 τάς
3603 5063 3690 5117 iis—

2123 5151 2242 5218 ξιὰς
2267 5152 2495 5221 πράξεις
2523 5152 2603 5212 εἰς
2630 5150 2694 5203 τὸ
2730 5144 2895 5221 ἦττον
2921 5150 3283 5220 ἀπέστρεψεν,
3313 5154 3593 5209 τουτέστιν
3615 5157 3693 5219 είς

2120 5245 2191 5299 τά
2210 5244 2512 5315 ἀριστεράο
2548 5244 2725 5297 ὀπίσω
2767 5244 2876 5313 γὰρ
2905 5242 3012 5296 τῶν
3054 5242 3247 5308 δεξιῶν
3287 5244 3357 5298 τὰ
3395 5247 3692 5319 ἀριστερά·

2121 5338 2155 5407 ἢ
2186 5339 2214 5389 ὁ
2235 5336 2370 5398 Θεὸς
2398 5334 2497 5404 τὴν
2545 5335 2712 5387 αὐτοῦ
2734 5333 2964 5405 δύναμιν
3009 5335 3264 5404 ἐπέσχεν,
3295 5336 3391 5389 καὶ
3432 5338 3533 5391 οὐκ
3592 5339 3689 5390 ὲπ-

2127 5430 2337 5497 ήμυνεν
2371 5428 2557 5489 αὐτοῖς
2588 5427 3019 5497 πολεμουμένοις
3052 5426 3159 5479 ὑπὸ
3194 5426 3305 5479 τῶν
3335 5428 3571 5500 ιχϋρῶν.

2201 5539 2219 5571 ι
2264 5521 2372 5571 Καὶ
2403 5520 2631 5588 ἀνῆψεν.
2690 5539 2708 5570 ι
2761 5519 2873 5588 Τὴν
2904 5519 2994 5573 διὰ
3043 5519 3331 5589 Ῥωμαίων
3371 5520 3592 5574 ἅλωσιν.
3633 5522 3695 5572 'll

2124 5611 2263 5681 ὀργὴ
2296 5610 2389 5663 οῦν
2419 5610 2513 5662 τοῦ
2554 5609 2689 5663 Θεοῦ
2720 5611 2795 5672 ὡς
2828 5609 2937 5680 πῦρ
2962 5610 3168 5681 ἀνῆψεν
3202 5611 3342 5664 κατὰ
3373 5614 3469 5666 τοῦ
3503 5612 3695 5665 ’ῐακωε

2126 5704 2223 5773 τὴν
2264 5701 2553 5773 ἐταστικὴν
2591 5703 2760 5775 αὐτῆς
2782 5700 3029 5773 δύναμιν.
