4028 6226
343 350 446 416 737

1344 346 1805 407 FRAGMENTA
1843 349 1925 409 IN
1965 349 2237 409 JEREM.
2278 352 2609 411 LAMENT.

3510 358 3615 421 738
3638 420 3645 425 τ

420 490 437 520 ι
483 466 749 521 Ἐνέτεινε
780 461 937 528 τόξον
954 458 1156 529 ρύτοῦ.
1197 477 1216 509 ι
1243 458 1355 532 Τὴν
1386 459 1632 531 παντελῆ
1660 460 1929 532 ἀποστρο-

2112 463 2177 519 V.
2208 463 2257 518 ι.
2291 484 2308 516 ι
2344 462 2599 518 'l'etendit
2626 477 2813 519 arcum
2869 479 3053 521 suum.
3093 482 3115 517 ι
3179 463 3482 521 Perfectam
3519 466 3613 522 Dei

346 561 451 633 φὴν
476 556 571 613 τοῦ
606 554 742 610 Θεοῦ
774 550 963 622 λέγει)
995 547 1063 624 ἦς
1083 551 1378 622 γινομένης
1406 549 1623 623 καιρίαι
1655 551 1805 623 παρὰ
1823 551 1935 606 τῶν

344 653 557 727 ἐχθρῶν
588 646 946 718 ἐπιφέρονται
986 642 1217 713 πληγαί.

420 764 440 798 ι
485 744 596 797 Καὶ
626 739 975 793 ἀπέκτεινεν.
1018 753 1036 786 ι
1090 734 1240 805 Πρὸς
1288 733 1391 805 μὲν
1432 732 1597 806 ῥητὸν
1628 735 1752 798 τοὺς
1780 733 1934 798 υἱοὺς

346 838 547 897 αὐτῶν,
591 830 815 894 καὶτὰς
859 828 1192 899 θυγατέρας,
1240 828 1339 882 καὶ
1390 826 1446 880 εί
1478 845 1532 881 τι
1563 828 1696 898 παρ’
1745 828 1933 891 αὐτοῖς

346 931 488 996 ζῶον
518 928 698 997 τίμιον
722 940 736 956 ο
765 922 900 993 πρὸς
943 921 999 975 δὲ
1046 920 1310 983 διάνοιαν,
1351 920 1450 982 τὰς
1489 920 1805 988 κρείττονας
1833 919 1934 988 τῆς

345 1020 527 1091 ψυχῆς
572 1015 804 1088 ὀρέξεις.
858 1011 1032 1065 Τοῦτο
1071 1012 1182 1081 γὰρ
1232 1011 1378 1063 ποιεὶ
1405 1013 1437 1081 ή
1468 1010 1791 1079 ἀποστροφὴ
1834 1009 1930 1063 τοῦ

348 1110 504 1165 Θεοῦ.
551 1108 614 1161 Ἦ
647 1107 757 1179 γὰρ
790 1103 1089 1173 ἐπίσκεψις
1118 1102 1289 1157 αὐτοῦ
1320 1100 1437 1172 ζωὴ
1466 1102 1744 1172 τυγχάνει.

422 1222 441 1255 ι
477 1201 659 1270 Σκηνῇ
698 1195 972 1267 θυγατρὸς
1007 1195 1170 1249 Σιών.
1229 1212 1248 1247 ι
1300 1193 1441 1248 Καθ’
1508 1194 1754 1265 ἱστορίαν
1807 1192 1928 1264 μὲν,

344 1295 404 1346 ἐν
431 1292 508 1362 τῷ
545 1291 660 1360 ναῷ
693 1281 739 1357 ᾧ
786 1285 1203 1359 ἐφονεύθησαν
1249 1286 1387 1356 πρὸς
1434 1285 1490 1338 δὲ
1546 1284 1820 1350 διάνοιαν,
1871 1286 1930 1339 ἐν

343 1384 467 1445 ταῖς
503 1380 604 1447 τῆς
631 1380 813 1450 ψυχῆς
852 1376 1252 1431 ἀναπαύσεσιν.

420 1491 441 1525 ι
483 1470 755 1541 Ἐγενήθη
790 1468 1018 1541 Κύριος.
1074 1487 1094 1520 ι
1136 1466 1327 1521 Αὐτῶν
1376 1468 1610 1529 ἑαυτοὺς
1654 1484 1931 1538 καταστη-

348 1565 563 1619 σάντων
601 1562 831 1633 ὲχθροῦς
871 1560 966 1613 τοῦ
1001 1559 1140 1613 Θεοῦ
1178 1559 1266 1613 διὰ
1295 1558 1404 1611 τῶν
1435 1560 1517 1622 εἰς
1540 1558 1708 1612 αὐτὸν
1742 1575 1921 1630 παρα·

345 1654 549 1725 νομιῶν
571 1670 585 1685 ⁶
621 1654 754 1716 Θεὸς
786 1652 896 1723 γάρ
921 1652 979 1705 οὐ
1016 1654 1184 1722 μισεῖ.

424 1761 443 1795 ι
485 1743 776 1813 Διέφθειρε
804 1743 893 1796 τά.
935 1762 953 1794 ο
994 1741 1139 1813 Πρὸς
1175 1741 1274 1812 μέν
1314 1740 1494 1813 ῥητὸν.
1527 1741 1595 1794 τὰ
1619 1741 1797 1811 τείχη,
1835 1742 1931 1794 καὶ

2041 556 2387 609 aversionem
2414 554 2544 609 dicit
2575 573 2586 607 :
2615 570 2684 610 ex
2710 571 2819 626 quo
2849 555 2910 611 tit
2940 566 2999 611 ut
3030 557 3251 612 letbalia
3279 559 3503 613 vulnera
3531 560 3617 612 in-

2039 645 2310 718 ﬂigantur.

2116 756 2134 790 ι
2169 738 2233 793 Et
2266 738 2482 793 occidit.
2527 757 2547 791 ι
2576 739 2657 793 Ad
2685 738 2945 806 litteram,
2982 740 3121 795 ﬁlios
3138 755 3328 796 eorum
3370 751 3426 797 et
3455 741 3615 813 tilias,

2039 840 2093 885 et
2119 830 2165 884 si
2204 831 2350 900 quod
2376 830 2574 884 animal
2604 840 2723 886 erat
2744 833 2800 886 in
2848 832 3025 901 pretio
3053 833 3198 902 apud
3232 848 3347 887 eos.
3384 834 3463 888 Ad
3485 848 3605 888 sen-

2038 936 2158 975 sum
2189 937 2319 976 vero
2347 921 2687 988 interiorem,
2720 924 2960 993 potiores
3005 923 3172 977 animi
3198 924 3565 994 appetitioues

2040 1014 2204 1083 hujus
2226 1015 2372 1068 enim
2399 1029 2562 1069 causa
2588 1022 2673 1071 est
2725 1015 2942 1073 aversio
2975 1016 3095 1070 Dei.
3120 1018 3335 1071 Etenim
3377 1016 3613 1070 visitatio

2035 1107 2155 1176 ejus
2179 1106 2286 1160 vita
2324 1115 2427 1161 est.
3419 1108 3429 1117 ’

2116 1216 2132 1249 ι
2168 1197 2222 1251 In
2243 1197 2592 1252 tabernaculo
2610 1198 2731 1253 lilite
2750 1198 2900 1253 Sion.
2918 1218 2936 1250 ι
2968 1196 3281 1252 Secundum
3306 1198 3613 1264 historiam,

2036 1286 2092 1341 in
2125 1288 2327 1358 templo
2355 1288 2410 1341 in
2434 1304 2544 1358 quo
2565 1289 2738 1343 necati
2761 1299 2887 1343 sunt
2912 1308 2926 1341 :
2954 1288 3292 1358 spiritaliter,
3311 1288 3402 1342 ubi
3430 1288 3613 1342 anima

2035 1379 2369 1448 quiescebat.
3228 1370 3229 1373 “

2108 1470 2173 1525 γ.
2213 1472 2265 1526 5.
2300 1491 2318 1523 ι
2352 1470 2553 1526 Factus
2601 1480 2686 1526 est
2728 1472 3013 1526 Dominus.
3049 1490 3071 1525 ι
3120 1469 3257 1541 Ipsis
3294 1470 3615 1540 semetipsos

2037 1558 2289 1614 inimicos
2309 1560 2401 1614 Dei
2433 1560 2897 1615 constituentibus
2914 1570 3137 1630 propter
3162 1570 3384 1631 peccata
3416 1558 3617 1612 ineunt

2039 1651 2276 1706 admissa
2313 1669 2327 1706 :
2360 1652 2506 1707 Deus
2543 1653 2692 1706 enim
2733 1651 3009 1705 neminem
3045 1651 3181 1706 odit.

2116 1762 2135 1795 ι
2173 1744 2446 1813 Corrupit.
2479 1764 2497 1794 ι
2524 1744 2605 1798 Ad
2637 1744 2894 1808 litteram,
2929 1752 2987 1797 et
3007 1742 3229 1807 moenia,
3254 1750 3309 1796 et
3331 1740 3612 1811 templum,

346 1835 440 1889 τὸν
468 1835 620 1899 ναὸν,
670 1835 765 1887 καὶ
795 1834 894 1898 τὰς
925 1833 1102 1897 οἰκίας
1151 1833 1325 1903 φησί⁹
1375 1833 1513 1905 πρὸς
1566 1833 1622 1886 δέ
1668 1833 1933 1897 διάνοιαν,

2043 1841 2093 1886 et
2116 1833 2307 1888 domos
2334 1835 2427 1887 ait.
2449 1832 2689 1902 Spiritali
2720 1833 3092 1896 sensu,bonas
3118 1834 3473 1903 cogitationes
3499 1832 3617 1886 ani-

346 1927 475 1989 τοὺς
503 1925 981 1996 περιφράττοντας
1011 1923 1109 1995 τὴν
1131 1922 1310 1995 ψυχὴν
1343 1924 1588 1992 ἀγαθοὺς
1616 1923 1936 1994 λογισμούς.

350 2016 485 2090 [Καὶ
516 2016 750 2088 ἄλλωςο]
779 2018 903 2072 Ὀτι
936 2017 1122 2070 οὐκέτι
1152 2016 1305 2087 παρὰ
1364 2016 1638 2080 Ἰουδαίοις
1668 2018 1806 2087 μετὰ
1841 2016 1939 2088 τὴν

349 2108 495 2162 κατὰ
533 2107 627 2162 τοῦ
675 2107 918 2179 Χριστοῦ
954 2108 1165 2178 τόλμαν
1197 2109 1259 2161 ού
1302 2109 1612 2180 προφήτης,
1650 2109 1757 2162 οὐκ
1804 2110 1940 2163 ἁπο-

356 2201 613 2266 κάλυψις,
644 2201 744 2255 οὐκ
776 2201 1002 2271 ἔννομος
1035 2200 1338 2273 ἱερουργία.

398 2313 444 2360 ,ι
484 2293 928 2365 Ταπεινούμενα.
966 2312 985 2345 ›
1021 2293 1178 2347 Μετὰ
1224 2292 1324 2362 τὴν
1354 2290 1617 2362 ἱστορίαν,
1664 2294 1790 2357 τοὺς
1833 2294 1940 2347 ύπὸ

348 2386 449 2456 τῆς
476 2386 749 2457 ἁμαρτίας
780 2384 1177 2454 ἁλισκομένους
1216 2384 1403 2453 φησίν.

426 2496 446 2528 ι
490 2477 617 2531 Καὶ,
641 2475 965 2529 διεπέτασεν
1002 2475 1078 2538 ὡς
1106 2473 1373 2544 ἄμπελον.
1419 2493 1438 2526 ι
1479 2476 1551 2529 Ἢ
1589 2475 1746 2529 τοῦτό
1779 2492 1936 2546 φησι,

349 2567 431 2621 ὅτι
465 2568 565 2636 τὴν
600 2565 794 2637 πρώην
827 2565 904 2628 ὠς
961 2563 1210 2633 ἄμπελον
1242 2563 1568 2619 ἐκταθεῖσαν
1606 2566 1939 2635 Συναγωγὴν

350 2659 644 2729 παρέδωκε
670 2659 786 2721 τοῖς
814 2655 1035 2727 ἐχθροῖς
1056 2672 1071 2687 ’
1102 2654 1135 2725 ἢ
1167 2653 1362 2722 οὕτως,
1388 2657 1469 2709 ὅτι
1486 2656 1657 2727 αὐτὴν
1681 2656 1939 2726 ἥπλωσεν

350 2756 459 2819 τοῖς
500 2752 899 2824 διαρπάζουσιν
927 2750 1004 2812 ὠς
1033 2750 1283 2819 ἄμπελον
1311 2751 1682 2805 άσκέπαστον.

426 2864 444 2896 ι
480 2844 800 2914 Διὲφθειρεν
824 2843 1020 2913 ἑορτὴν
1042 2840 1230 2895 αὑτοῦ.
1264 2860 1283 2893 ›
1309 2841 1422 2912 Τῆς
1448 2842 1548 2911 μὲν
1583 2842 1940 2914 Ἰερουσαλὴμ

353 2936 453 2999 τὰς
482 2936 715 3007 νομικὰς
744 2934 939 3006 ἐορτάς
962 2950 974 2963 ·
1000 2933 1102 3005 τῆς
1129 2933 1188 2987 δὲ
1209 2934 1390 3004 ψυχῆς
1415 2933 1516 3005 τὴν
1548 2934 1642 2988 ἐπὶ
1662 2935 1739 3007 τῷ
1757 2935 1939 3006 κρείτ-

354 3044 470 3081 Ιιςονι
498 3028 804 3098 χαρμονήν.

437 3136 457 3168 ι
500 3115 828 3170 Ἐπελάθετο
866 3113 1095 3187 Κύριος.
1136 3135 1155 3168 ι
1197 3117 1613 3190 Κατεφρόνησξ,
1652 3120 1805 3190 φησὶ,
1844 3119 1939 3173 καὶ

2042 1938 2189 1980 mam
2255 1924 2543 1979 vallantes.
2593 1922 2875 1996 [Aliterz]
2932 1924 3200 1989 Quoniam
3228 1923 3371 1993 apud
3401 1923 3618 1979 Judaaos

2040 2024 2166 2087 post
2197 2016 2398 2078 scelus,
2431 2016 2575 2085 quod
2607 2016 2661 2069 in
2686 2015 2971 2070 Christum
3011 2016 3130 2070 ausi
3163 2023 3313 2080 sunt,
3356 2030 3466 2069 non
3498 2030 3616 2069 amo

2040 2107 2184 2178 plius
2208 2106 2495 2177 propheta,
2519 2120 2630 2160 non
2660 2106 2940 2170 revelatio,
2969 2121 3080 2160 non
3114 2104 3415 2176 legitimum
3444 2104 3617 2158 sacri-

2041 2198 2246 2253 ﬁcium.

2116 2308 2135 2341 ε
2167 2290 2541 2345 Humiliatam.
2586 2307 2605 2341 ι
2643 2290 2773 2344 Post
2802 2288 3125 2344 historicum
3153 2304 3375 2344 sensum
3396 2302 3492 2343 eos
3526 2286 3616 2342 in—

2040 2380 2252 2447 telligit,
2283 2381 2375 2450 qui
2406 2380 2783 2449 iniquitatibus
2811 2379 3154 2449 captivantur

2112 2468 2177 2524 V.
2206 2469 2259 2524 6.
2301 2487 2319 2519 ι
2360 2470 2431 2523 Ει
2447 2470 2706 2537 expandit
2731 2469 2883 2537 quasi
2918 2468 3103 2523 vitem.
3137 2486 3155 2519 ι
3185 2466 3281 2523 Vel
3316 2468 3421 2523 hoc
3440 2466 3610 2522 dicit:

2043 2549 2401 2629 Synagogam,
2432 2574 2552 2626 qua:
2573 2565 2735 2612 antea
2781 2567 3038 2627 tanquam
3098 2556 3223 2611 vitis
3257 2556 3479 2610 dilatata
3500 2564 3617 2611 erat

2041 2650 2292 2705 traditam
2326 2650 2618 2704 hostibus:
2652 2649 2738 2703 vel
2775 2649 2875 2713 sic,
2912 2649 3056 2717 quod
3084 2648 3257 2717 ipsam
3314 2646 3617 2716 diripienti-

2040 2742 2144 2797 bus
2173 2741 2511 2811 expanderit,
2546 2741 2699 2812 quasi
2725 2740 2888 2795 vitem
2915 2740 3253 2795 derelictam.

2117 2851 2136 2884 ι
2170 2832 2428 2902 Corrupit
2457 2832 2805 2887 festivitatem
2831 2845 3008 2885 suam.
3039 2849 3056 2882 ι
3095 2829 3400 2884 Jerusalem
3416 2826 3617 2900 legales

2040 2922 2433 2987 solemnitates,
2460 2921 2658 2976 anima;
2678 2936 2809 2977 vero
2842 2920 3101 2992 gaudium
3132 2920 3200 2975 de
3233 2920 3365 2976 Deo.

2088 3109 2092 3113 ⁴
2119 3140 2140 3175 ι
2175 3121 2391 3179 Oblitus
2419 3131 2503 3177 est
2532 3120 2817 3176 Dominus.
2847 3139 2868 3170 ι
2890 3118 3028 3174 Suas
3045 3120 3231 3185 etiam,
3262 3121 3458 3189 inquit,
3471 3119 3617 3191 leges

356 3210 454 3279 τῆς
485 3209 680 3262 ἑαυτοῦ
712 3169 1059 3279 νομοθεσίας,
1077 3209 1178 3278 τῆς
1207 3169 1729 3281 παρακελεύομένξς
1749 3169 1935 3280 ἑορτά-

2043 3215 2393 3284 contempsit,
2424 3228 2546 3283 quae
2571 3212 2687 3269 dies
2714 3211 2884 3267 festos
2919 3226 3101 3282 agere,
3127 3220 3183 3266 et
3225 3212 3450 3267 sabbata
3476 3169 3617 3283 p22-

355 3298 470 3364 ζειν
506 3300 601 3352 καὶ
627 3297 1000 3363 σαϐϐατίζειν.

430 3409 450 3443 ι
491 3391 602 3444 Καὶ
653 3388 993 3462 παρώξυνεν.
1038 3409 1058 3442 ι
1105 3389 1401 3445 Ἐπιπλέον
1450 3390 1801 3445 ἐκθλίϐεσθαι
1835 3392 1937 3446 αὐ·-

353 3482 483 3546 τοῦς
514 3481 916 3554 συνεχώρησεν,
967 3481 1000 3554 ἢ
1051 3481 1217 3546 αὐτὸς
1258 3482 1789 3556 παροξυνόμενος,ἥ
1841 3484 1937 3537 καὶ

354 3577 516 3641 αὐτὸς
550 3575 873 3648 παροξύνων
896 3575 992 3628 ἐπὶ
1032 3578 1098 3646 τῇ
1131 3575 1240 3629 τῶν
1282 3576 1495 3646 ἐχθρῶν
1521 3577 1764 3649 εὐθηνίᾳ.

431 3688 449 3719 ι
483 3669 773 3722 Ἀπώσατο
835 3667 1062 3739 Κύριος.
1099 3686 1117 3718 ι
1152 3666 1225 3720 Τὸ
1272 3666 1517 3736 νομικὸν,
1581 3666 1671 3719 ἵνα
1723 3669 1938 3721 ἀντεισο

353 3759 545 3829 ενεχθῇ
565 3759 628 3811 τδ
657 3757 757 3827 τῆς
775 3757 987 3827 Καινῆς
1016 3758 1296 3828 Διαθήκης
1318 3759 1711 3825 πνευματικόν.
1730 3758 1854 3811 Ἐὰν
1877 3759 1936 3812 δὲ

355 3851 449 3903 ἐπὶ
472 3851 568 3921 τῆς
584 3847 931 3920 αἱχμαλώτου
955 3848 1134 3919 ψυχῆς
1157 3848 1596 3919 ἐκλαμεὰνηται,
1623 3849 1714 3901 διὰ
1747 3850 1806 3902 τὸ
1839 3852 1936 3903 ἀν-

355 3939 513 4006 αξίαν
544 3939 716 4011 αὐτὴν
741 3940 976 4009 φανῆναι
1003 3941 1102 4009 τῆς
1131 3938 1227 3992 τοῦ
1258 3939 1396 3992 θεοῦ
1427 3938 1701 4009 λατρείας.

433 4052 452 4086 ι
500 4029 878 4095 Ἀπετίναξεν.
928 4048 947 4082 ι
1000 4030 1324 4100 ’Δποτόμως
1356 4029 1686 4084 ἁπεόάλετο.

434 4144 453 4178 ι
500 4122 692 4196 ⁴Ρωνὴν
750 4122 985 4176 ἔδωκαν.
1047 4141 1066 4174 ι
1140 4122 1265 4175 Ἐπὶ
1328 4121 1494 4176 πλέον
1554 4119 1837 4192 χαίροντες
1886 4124 1936 4174 οἱ

355 4215 562 4288 ἐχθροί.

432 4327 452 4360 ι
491 4308 683 4378 Τεῖχος
711 4306 1004 4378 θυγατρός.
1036 4324 1054 4358 ι
1082 4305 1309 4378 Ἔκρινε
1328 4306 1437 4379 [ἴθ’.
1465 4307 1709 4381 ἔφθειρε]
1736 4311 1934 4378 τεῖχος,

354 4398 446 4454 τδν
482 4399 666 4469 νόμον.

2041 3306 2338 3378 cipiebant.

2118 3415 2136 3448 ι
2177 3397 2246 3451 Et
2277 3393 2528 3450 irritavit.
2565 3392 2861 3448 tPermisit
2906 3401 2965 3448 ut
3008 3393 3390 3450 vehementius
3417 3394 3620 3467 aﬂlige-

2041 3496 2252 3553 rentur,
2292 3487 2379 3542 vel
2406 3487 2522 3557 ipse
2541 3484 2805 3551 irritatus,
2830 3486 2918 3541 vel
2947 3494 3004 3541 et
3027 3485 3143 3555 ipse
3173 3486 3393 3541 irritans
3416 3488 3484 3542 de
3514 3488 3619 3543 ho-

2042 3579 2207 3634 stium
2229 3579 2613 3649 prOSperitate.

2112 3670 2177 3724 γ.
2212 3673 2265 3725 7.
2295 3689 2314 3722 ι
2352 3671 2573 3742 Repulit
2608 3669 2895 3726 Dominus.
2936 3689 2955 3723 ι
2991 3670 3209 3740 Legale,
3242 3681 3302 3728 ut
3329 3673 3619 3744 spirituale

2038 3762 2178 3818 Novi
2206 3763 2540 3817 Testamenti
2561 3764 2897 3818 succederet.
2926 3763 3082 3829 Quod
3110 3765 3154 3818 si
3192 3765 3259 3819 de
3309 3766 3492 3819 anima
3528 3781 3619 3820 ca-

2041 3859 2184 3927 ptiva
2222 3859 2325 3913 hoc
2348 3859 2665 3928 accipiatur,
2695 3858 2952 3927 quoniam
3003 3859 3189 3914 divino
3218 3859 3371 3914 cultu
3397 3859 3617 3930 indigna

2040 3949 2155 4003 visa
2189 3956 2293 4003 est.

2116 4058 2136 4091 ι
2168 4038 2434 4094 Excussit.
2472 4056 2489 4087 ι
2511 4037 2709 4093 Severe
2729 4037 2944 4107 abiecit.

2116 4150 2136 4183 ι
2178 4128 2375 4185 Vocem
2397 4128 2688 4184 dederunt.
2728 4146 2748 4181 ι
2787 4126 2988 4183 Hostes
3015 4125 3245 4181 nimium
3292 4126 3612 4197 gaudentes.

2111 4305 2175 4360 V.
2210 4306 2264 4360 8.
2293 4323 2311 4356 ι
2362 4304 2576 4359 Murum
2619 4301 2764 4359 tiliae.
2810 4321 2830 4356 ι
2885 4302 3170 4359 Destruxit
3233 4317 3474 4367 murum,
3533 4300 3614 4357 le-

2041 4411 2181 4467 gem.

435 4510 456 4543 r
490 4491 604 4545 Οὐκ
654 4490 991 4560 ἀπέστρεψε.
1043 4509 1061 4541 ι
1102 4489 1177 4543 Τὸ
1218 4489 1505 4563 σύγκριμα
1545 4492 1655 4564 Vc.
1700 4492 1761 4545 τὸ
1817 4491 1935 4544 σύν-

2118 4507 2137 4541 ι
2175 4486 2294 4543 Non
2325 4487 2541 4543 avertit.
2582 4507 2601 4540 ι
2629 4486 3112 4542 (Ionculcationem
3140 4484 3310 4542 auxit.

357 4599 484 4653 τριμ
496 4581 596 4655 μα]
627 4584 965 4653 παρέτεινεν.

434 4690 454 4725 ι
488 4673 599 4727 Καὶ
638 4671 928 4741 ἐπένθησε.
968 4690 987 4724 ι
1029 4672 1144 4726 Ούκ
1175 4672 1437 4741 ἐφείσατο
1464 4672 1558 4727 τοῦ
1592 4673 1936 4745 παραρρίψαι

358 4762 438 4826 εἰς
469 4761 869 4832 καταπάτημα,
921 4761 1047 4825 τοὺς
1073 4765 1154 4826 είς
1188 4765 1352 4817 αὑτὸν
1397 4762 1653 4835 ἐμμόνως
1684 4766 1937 4836 ἁμαρτά-

359 4871 567 4918 νοντας.

434 4965 456 4999 r
489 4945 893 5015 Ἐνεπάτησαν.
928 4965 948 4999 ι
974 4948 1039 5001 Οἱ
1069 4947 1168 5018 τὴν
1197 4946 1548 5001 διδασκαλίαν
1575 4949 1937 5018 πεπιστευμέ-

360 5052 441 5090 νοι
469 5035 959 5107 κατεσυθήσθησαν
983 5038 1064 5100 είς
1101 5036 1173 5089 τά
1202 5037 1366 5106 γήϊνα
1396 5037 1721 5106 πράγματα.

435 5145 457 5180 ι
493 5125 791 5182 Ἀπῶλισε.
817 5145 836 5179 ι
863 5127 1160 5197 Ἠφάνισεν
1180 5127 1348 5196 αὐτῆς
1377 5127 1445 5180 τὰ
1471 5127 1933 5197 παραγγέλματτ,

362 5218 501 5272 ὥστε
544 5217 636 5271 τὸν
679 5218 1002 5289 βουλόμενον
1043 5217 1389 5289 εἰσέρχεσθαι
1428 5219 1685 5289 ἀπορεῖν,
1718 5221 1811 5271 καὶ
1840 5218 1933 5290 ζη-

360 5312 495 5367 τείν.

435 5419 455 5453 ι
491 5399 781 5456 Ἐκάθισαν
809 5401 889 5466 εἱς
907 5401 1009 5472 τὴν
1041 5402 1164 5473 γῆν.
1196 5421 1215 5453 ι
1236 5400 1640 5471 Ἦδαφὶσθησαν
1677 5402 1745 5455 τά
1773 5404 1935 5473 γήϊνα

362 5494 754 5565 φρονήσαντες.

435 5604 455 5637 ι
491 5584 893 5657 Ἐσιώπησανη
922 5585 1239 5640 Ἀπώλεσαν
1271 5586 1330 5638 τὸ
1361 5584 1741 5659 διδασκαλικὸν
1771 5585 1935 5652 ἀξίω-

364 5696 458 5740 μα,
492 5677 843 5747 ἁποκωφώοη
852 5694 967 5730 σαν.

438 5789 455 5821 ι
496 5770 871 5825 Ἀνεϐίσασαν.
916 5788 934 5818 ›
973 5769 1129 5822 Κατὰ
1173 5769 1269 5838 μὲν
1311 5768 1408 5839 τὴν
1435 5769 1677 5839 ἱστορίαν
1708 5769 1765 5822 τὸ
1800 5774 1934 5841 σχῆ-

2114 4682 2132 4713 ι
2170 4663 2460 4733 Luxitque.
2485 4682 2503 4714 ι
2536 4663 2630 4717 Eis
2667 4677 2778 4716 non
2810 4663 3074 4732 pepercit,
3105 4663 3200 4718 sed
3215 4664 3615 4722 conculcandos

2038 4756 2285 4825 proiecit,
2325 4754 2419 4825 qui
2438 4755 2654 4811 assidue
2674 4755 2732 4809 in
2756 4770 2881 4808 eum
2904 4754 3222 4825 peccabant.

2108 4934 2173 4989 V.
2207 4937 2260 4990 9.
2298 4954 2316 4986 ι
2341 4934 2538 4990 Deliras
2559 4942 2707 4989 sunt.
2735 4952 2752 4984 ι
2785 4933 2996 5000 Quibus
3020 4932 3249 4987 docendi
3275 4947 3476 4987 munus
3496 4945 3614 4987 cre-

2038 5028 2210 5083 ditum
2242 5036 2347 5087 est,
2382 5027 2436 5081 in
2466 5042 2553 5082 res
2590 5035 2837 5081 terrenas
2865 5024 3111 5079 immersi
3157 5032 3307 5078 sunt.

2118 5134 2135 5166 ι
2174 5114 2437 5169 Perdidit.
2477 5132 2497 5165 ι
2535 5113 2738 5169 Monita
2769 5129 2864 5168 seu
2888 5112 3114 5168 consilia
3170 5110 3318 5165 illius
3351 5106 3612 5178 perdidit,

2040 5216 2101 5263 ut
2128 5207 2220 5278 qui
2250 5207 2455 5262 intrare
2484 5205 2636 5272 velit,
2659 5205 2866 5260 bmreat
2892 5213 2948 5260 et
2976 5209 3203 5273 quarat.

2108 5405 2175 5459 ν.
2216 5405 2300 5461 10.
2333 5425 2351 5457 ι
2392 5405 2664 5460 Sederunt
2696 5404 2748 5458 in
2799 5412 2963 5457 terra.
2992 5420 3011 5453 ι
3056 5398 3330 5455 Sederunt
3356 5397 3413 5454 in
3469 5406 3615 5455 terra

2042 5506 2257 5554 terrena
2287 5498 2580 5567 sapientes.

2116 5590 2570 5646 «Conticuerunt.
2606 5609 2623 5640 ι
2689 5584 2983 5657 Magistcrii
3044 5582 3361 5654 dignitatem
3415 5583 3615 5638 amise-

2040 5689 2186 5745 runt,
2215 5679 2349 5733 muti
2383 5678 2507 5732 facti
2534 5684 2680 5731 sunt.

2117 5790 2132 5821 ι
2176 5771 2576 5840 litipnsucrunt.
2611 5786 2627 5817 ι
2665 5764 2975 5819 Secundum
3018 5765 3321 5823 historiam.
3374 5761 3616 5834 lugubris
