4028 6226
441 303 542 366 739

1518 293 2042 355 OLYMPIODORI
2078 295 2118 349 Α
2130 294 2321 350 ΙᾸΞΧΛ
2334 289 2615 361 ΝΒΗΙΝΙ

3598 281 3708 349 740

439 410 658 466 habitus
681 406 1008 477 captivitatis
1034 418 1294 476 tempore.
1313 405 1378 460 At
1400 405 1645 476 mystice,
1677 415 1874 475 sponte
1901 420 2011 464 sua,

2129 422 2202 472 μα
2239 403 2494 455 πενθικὺν
2517 442 2530 465 ,
2565 403 2638 463 ώς
2665 402 2724 453 ὲν
2747 398 3115 472 αἰχμαλωσίᾳ.
3167 400 3322 454 Κατὰ
3346 402 3402 456 δὲ
3429 400 3670 474 θεωρίαν
3695 442 3714 462 .

440 503 537 563 ait,
558 513 646 554 res
668 507 915 554 terrenas
946 511 1058 553 suae
1099 497 1262 553 saluti
1314 505 1755 568 praxposuerunt.

513 702 532 734 ι
574 682 930 738 Deduxerunt
956 683 1011 738 in
1055 692 1278 739 terram.
1317 703 1335 734 ι
1379 683 1460 738 Ad
1500 698 1590 738 res
1652 691 1901 737 terrenas
1929 699 2018 753 sy-

435 788 674 846 nagogas
706 776 1050 830 deduxerunt
1089 775 1172 829 vel
1208 773 1420 829 animas
1480 789 1601 843 quae
1631 773 1832 828 salvari
1861 785 2017 842 pute-

437 873 584 918 rant.

506 961 574 1017 ν.
614 965 701 1020 Η.
733 982 752 1015 ι
793 962 1124 1018 Delecerunt
1156 962 1211 1016 in
1249 963 1519 1032 lacrymis.
1561 980 1579 1012 ι
1616 960 1881 1026 Quoniam
1905 977 2020 1021 non

437 1069 468 1110 a
497 1055 792 1125 gentilibus
811 1055 987 1124 pietas
1016 1053 1281 1123 impedita
1337 1061 1441 1118 est,
1476 1053 1571 1107 sed
1604 1069 1634 1106 a
1671 1052 1872 1122 spuriis
1900 1051 2021 1105 ﬁliis

441 1143 725 1212 depravati
745 1152 895 1198 sunt.

511 1232 578 1286 ν.
614 1233 702 1287 1‘2.
733 1251 751 1285 ι
793 1233 1057 1288 Matribus
1091 1233 1227 1288 suis.
1257 1252 1275 1284 ι
1334 1231 1674 1288 Peccatrices
1695 1233 1890 1287 anima:
1918 1232 2020 1288 Ec-

441 1325 642 1381 clesiis.
1938 1394 1942 1397 _

519 1435 537 1466 c
567 1415 672 1470 Ubi
691 1425 776 1470 est
798 1415 1072 1470 triticum?
1097 1434 1116 1466 ι
1142 1415 1242 1472 Ubi
1260 1417 1584 1471 sacramenti
1611 1415 1873 1470 libertas?
1895 1412 2021 1469 llaec

440 1508 597 1564 aiunt
651 1517 908 1578 tanquam
966 1524 997 1561 a
1067 1510 1430 1564 sacramentis
1513 1509 1743 1578 repulsa:
1798 1494 2021 1580 propter

441 1607 684 1668 peccata.

513 1709 534 1742 ι
563 1691 697 1745 Cum
724 1691 1171 1748 dissolverentur.
1208 1711 1226 1745 I
1275 1693 1389 1748 Hoc
1417 1702 1520 1760 est,
1547 1693 1617 1749 ob
1644 1702 1928 1764 peccatum
1959 1693 2017 1747 in

441 1791 670 1837 mortem
679 1824 693 1838 .

514 1891 533 1923 ι
566 1873 702 1928 Cum
737 1873 1106 1929 ell’underent.
1145 1874 1453 1940 rQuamvis
1510 1875 1563 1929 in
1615 1876 1740 1930 sinu
1782 1884 2016 1932 matrum

436 1975 641 2029 essent,
676 1975 859 2020 tamen
881 1967 1148 2022 doctrina:
1167 1967 1309 2021 Fame
1330 1966 1614 2022 deﬁciunt.

508 2146 575 2202 V.
608 2149 694 2202 15.
723 2167 740 2199 ι
779 2147 920 2214 Quid
953 2146 1285 2204 testiﬁcabor
1315 2147 1454 2203 tibi?
1483 2167 1500 2200 ι
1525 2148 1664 2215 Quid
1689 2149 1816 2204 boni
1838 2150 2016 2204 inesse

437 2239 536 2295 tibi
572 2240 834 2294 attester?
921 2299 926 2304 ,

513 2347 531 2379 ‹
565 2328 672 2383 Aut
693 2329 824 2398 quid
846 2321 1159 2384 asSimilabo
1183 2327 1327 2382 tibi?
1362 2347 1381 2380 ι
1415 2327 1700 2394 Quodnam
1728 2337 2015 2399 peccatum

435 2434 562 2473 cum
599 2427 692 2473 tuo
715 2419 1029 2474 conferam?
1062 2419 1199 2475 Vere
1226 2421 1369 2474 enim
1403 2420 1580 2475 caedes
1610 2421 1826 2477 Domini
1852 2437 2014 2492 supe-

437 2517 525 2562 rat
560 2509 764 2562 omnia‘.

515 2598 829 2665 «Quoniam
875 2600 1276 2670 magniﬁcatum
1335 2609 1436 2655 est.
1483 2621 1502 2654 ι
1557 2603 1863 2672 lniquitatis
1913 2615 2016 2660 tum

438 2689 594 2742 ultio.

514 2797 532 2829 ‹
573 2777 707 2843 Quis
729 2779 1034 2834 medebitur
1062 2779 1197 2834 tibi?
1229 2801 1247 2831 ι
1271 2780 1390 2838 Hoc
1412 2789 1518 2849 est,
1542 2798 1706 2839 nemo
1735 2785 1840 2839 nisi
1868 2787 2017 2842 solus

439 2869 604 2924 Deus.

507 2960 573 3016 ν.
612 2962 700 3017 14.
736 2981 754 3014 ‹
788 2961 1076 3033 Prophetas
1092 2964 1192 3018 tui.
1230 2985 1248 3016 ι
1275 2963 1769 3038 Ρειειιάορτοριιοιεε
1793 2970 2012 3038 quidem

2123 497 2186 548 ἐκ
2211 496 2604 565 προαιρέσεως,
2630 494 2815 563 φησὶν,
2839 493 2904 546 τὰ
2931 494 3099 563 γήϊνα
3123 494 3427 564 πράγματα
3446 495 3544 564 τῆς
3573 496 3713 548 ἐαυ-

2123 587 2230 642 τῶν
2263 588 2538 658 σωτηρίας
2567 588 2922 656 προέκριναν.

2197 698 2215 730 ι
2251 680 2579 749 Κατήγαγον
2617 682 2696 741 εἰς
2723 679 2849 747 γῆν.
2883 696 2906 729 ι
2947 679 3306 746 Κατήνεγκαν
3330 679 3409 740 εἰς
3437 676 3506 728 τὰ
3539 681 3714 746 γηῖνα

2121 771 2430 842 πράγματα
2455 771 2552 832 τὰς
2583 770 2926 838 συναγωγὰς,
2963 769 2996 840 ἢ
3019 771 3113 822 καὶ
3137 769 3236 831 τὰς
3261 768 3565 838 δυναμένας
3599 767 3680 820 σώ
3696 799 3712 808 ο

2122 863 2314 928 ζεσθαι
2345 863 2542 934 ψυχὰς.

2205 976 2224 1008 ι
2259 957 2536 1020 Ἐξέλιπον
2558 957 2617 1008 ὲν
2646 955 2928 1023 δάκρυσιν.
2969 972 2987 1003 ι
3023 953 3143 1005 Ὀτι
3175 953 3275 1022 οὐχ
3305 952 3411 1005 ὑπὸ
3430 950 3535 1005 τῶν
3566 953 3709 1005 ἐθνιο

2122 1048 2236 1102 κῶν
2286 1046 2506 1117 ώχλήθη
2543 1045 2862 1117 ἡεύσέὅεια
2887 1085 2902 1111 ,
2925 1044 3043 1098 ἀλλ’
3085 1044 3193 1097 ὑπὸ
3233 1043 3343 1098 τῶν
3379 1043 3549 1097 νόθων
3575 1041 3712 1096 υίῶν

2122 1138 2579 1210 παρεφθάρησαν,

2198 1248 2217 1279 ι
2257 1229 2389 1291 Ταῖς
2421 1227 2716 1299 μητράσιν.
2745 1247 2764 1280 ι
2793 1229 2857 1280 At
2892 1226 3218 1298 ἁμαρτωλαὶ
3246 1225 3418 1297 ψυχαὶ
3441 1229 3561 1290 ταῖς
3578 1227 3709 1281 Ἐκ-

2122 1321 2394 1391 κλησίαις.
3075 1379 3085 1388 ,

2198 1430 2216 1463 ι
2254 1413 2366 1466 Ποῦ
2417 1415 2583 1475 σῖτος.
2630 1431 2649 1464 ι
2693 1410 2807 1466 Ποῦ
2835 1410 2933 1464 τοῦ
2972 1410 3276 1482 μυστηρίου
3315 1411 3348 1481 ἡ
3385 1409 3704 1480 παρρησίας

2121 1503 2309 1558 Ταῦτά
2337 1517 2523 1572 φασιν,
2552 1504 2629 1566 ώς
2661 1503 2740 1574 μὴ
2774 1501 3095 1572 ἀξιούμεναι
3121 1501 3230 1555 τῶν
3265 1503 3577 1572 μυστηρίων
3615 1501 3707 1553 διὰ

2120 1597 2219 1660 τὰς
2247 1597 2545 1668 ἁμαρτίας.

2197 1706 2216 1740 ι
2251 1689 2342 1742 Ἐν
2365 1689 2442 1758 τῷ
2469 1688 2777 1743 ἐκλύεσθαι.
2817 1707 2836 1740 ι
2867 1687 3160 1741 Τουτὲστιν
3193 1687 3282 1755 ὑφ’
3312 1684 3584 1756 ἁμαρτίας
3609 1685 3705 1738 καὶ

2050 1753 2092 1811 Β
2124 1780 2235 1853 [ἵσ.
2277 1779 2382 1852 είς]
2414 1753 2677 1834 θάνατον.

2197 1893 2216 1926 ι
2266 1875 2358 1926 Ἑν
2410 1872 2490 1942 τῷ
2537 1871 2840 1943 ὲκχεῖσθαι.
2880 1889 2898 1922 ι
2938 1868 3133 1922 Καίτοι
3179 1868 3240 1920 ὲν
3266 1865 3484 1928 κόλποις
3524 1864 3704 1937 μητέ-

2121 1983 2231 2038 ρων
2277 1964 2656 2035 ὑπάρχοντες,
2705 1961 2852 2032 λιμῷ
2899 1959 3249 2022 διδασκαλίας
3289 1958 3371 2012 ἔτι
3415 1957 3703 2011 ἐκλείπου-

2120 2077 2305 2203 συἵΤί
2331 2148 2671 2220 μαρτυρήσω
2697 2164 2814 2211 σοι;
2844 2164 2862 2198 ι
2893 2144 2958 2196 Τί
2979 2143 3214 2214 χρηστόν
3244 2159 3326 2195 σοι
3349 2155 3703 2213 προσμαρτυ-

2121 2259 2326 2386 Mihin,
2351 2333 2402 2385 τί
2427 2329 2683 2400 ὁμοιώσω
2715 2345 2834 2393 σοι;
2869 2345 2887 2378 ι
2927 2325 3093 2378 Ποίαν
3116 2321 3394 2393 ἁμαρτίαν
3424 2319 3701 2391 συγκρίνω

2117 2425 2252 2494 πρὸς
2278 2422 2376 2493 τὴν
2403 2423 2502 2492 σήν
2522 2437 2538 2486 ;
2557 2421 2665 2472 Καὶ
2688 2417 2799 2489 γὰρ
2824 2415 3040 2487 ἀληθῶς
3063 2417 3162 2469 ὑπε
3173 2413 3478 2486 ρὸάλλουσα
3496 2413 3530 2483 ἡ
3561 2411 3701 2464 κατὰ

2115 2513 2211 2567 τοῦ
2251 2513 2458 2582 Κυρίου
2489 2512 2698 2581 σφαγή.

2194 2626 2211 2656 ι
2255 2606 2376 2659 ’Ότι
2408 2601 2780 2674 ὲμεγαλύνθη.
2833 2619 2851 2652 ι
2897 2601 2961 2653 Ἦ
2991 2599 3270 2670 ἐκδίκησις
3295 2597 3395 2667 τῆς
3425 2593 3698 2666 ἁμαρτίας

2119 2713 2234 2750 σου.

2193 2804 2212 2837 ι
2249 2786 2343 2850 Τίς
2373 2783 2584 2838 ἰάσεταί
2617 2800 2712 2848 σε;
2752 2801 2770 2834 ι
2817 2782 2964 2836 Ἀντὶ
2993 2779 3108 2845 τοῦ,
3139 2780 3334 2847 οὐδεὶς,
3361 2780 3410 2832 εί
3436 2777 3512 2851 μὴ
3535 2778 3697 2849 μόνος

2117 2879 2270 2939 Θεὸς.

2195 2969 2536 3043 «Προφῆταί
2558 2986 2676 3022 σου.
2729 2985 2748 3019 ι
2786 2968 2848 3020 Ol
2893 2967 2992 3037 μὲν
3034 2963 3478 3036 ψευδοπροφῆται
3526 2959 3694 3030 ψευδῆ

438 3051 569 3106 falsa
608 3053 988 3122 prmdicentcs,
1026 3055 1275 3110 doctores
1321 3067 1500 3113 autem
1539 3058 1700 3114 falsas
1726 3060 2011 3129 opiniones

2125 3064 2494 3132 προλέγοντες,
2519 3066 2567 3118 οἱ
2596 3063 2654 3117 δὲ
2673 3061 2988 3115 διδάσκαλοι
3007 3058 3220 3130 ψευδεῖς
3253 3057 3412 3122 δόξας
3437 3054 3691 3125 εἰσηγού-

435 3145 874 3203 introducentes.

512 3256 529 3285 ι
563 3235 629 3291 Ει
653 3251 763 3291 non
817 3240 1154 3295 revelarnnt.
1203 3260 1221 3292 ι
1287 3240 1407 3296 Non
1468 3242 1848 3301 indicaverunt
1892 3243 2009 3308 tibi,

434 3325 532 3389 ait,
561 3326 704 3395 quod
728 3343 918 3382 verum
939 3339 1046 3394 est,
1079 3339 1142 3385 ut
1171 3345 1493 3402 agnoscens,
1526 3341 1578 3386 te
1605 3331 1788 3402 iniqua
1821 3349 2008 3402 agere,

437 3418 852 3483 convertereris,
883 3428 938 3473 et
977 3405 1198 3490 captiva
1229 3437 1337 3475 non
1369 3421 1547 3478 ﬁeres.

512 3526 529 3558 ι
558 3507 625 3562 Ει
656 3507 910 3565 viderunt
940 3511 1056 3566 tibi.
1097 3530 1115 3562 ι
1143 3511 1406 3567 Vaticinla
1437 3512 1589 3578 falsa,
1614 3514 1900 3584 opiniones
1919 3530 2013 3569 va-

435 3616 558 3665 nas,
587 3618 709 3671 qum
734 3613 787 3658 te
823 3621 853 3659 a
876 3604 990 3660 Deo
1010 3607 1294 3676 ejicerent.
1375 3599 1379 3602 ’

512 3694 569 3749 ν.
596 3695 684 3749 l5.
722 3713 739 3745 ι
785 3693 1127 3756 Plauserunt.
1168 3717 1186 3749 ι
1237 3697 1546 3753 Secundum
1575 3697 1880 3764 historiam,
1922 3698 2012 3768 qui

431 3787 618 3856 populi
653 3787 864 3842 ruinam
893 3789 1246 3844 intuebantur
1259 3798 1484 3860 stupore
1499 3789 1732 3860 correpti
1752 3790 2012 3844 manibus

432 3878 717 3946 plaudunt,
747 3879 1076 3950 sibilumqne
1096 3881 1289 3944 edunt,
1349 3889 1518 3951 caput
1559 3891 1865 3936 moventes.
1906 3879 2014 3936 Oc~

431 3968 648 4024 cultiori
676 3984 808 4030 vero
854 3984 1041 4033 sensu,
1079 3971 1174 4041 qui
1205 3979 1356 4026 extra
1409 3971 1664 4041 pietatem
1706 3972 2010 4037 ambulant,

431 4057 684 4114 homines
707 4060 883 4131 impii.
915 4061 1001 4117 vel
1019 4061 1183 4116 etiam
1214 4060 1414 4133 impuri
1436 4063 1711 4117 datmones
1767 4064 1883 4119 hazc
1942 4065 2015 4117 fa-

431 4149 586 4204 ciunt
609 4150 765 4220 lapsu
787 4165 976 4204 eorum
1008 4151 1102 4220 qui
1127 4160 1290 4205 antea
1327 4151 1513 4206 virtuti
1547 4153 1839 4208 studebant
1879 4171 2010 4223 gau-

430 4241 645 4296 dentes.

508 4348 528 4381 ι
560 4331 808 4386 tlteccine
856 4331 1122 4386 esturbs.
1162 4349 1186 4389 ι
1225 4329 1302 4385 De
1333 4333 1539 4402 templo
1587 4334 1830 4402 quidem,
1886 4336 2009 4404 quia

2118 3172 2287 3225 μενοι.

2193 3268 2211 3299 ι
2252 3247 2364 3302 Καὶ
2406 3247 2506 3302 οὐκ
2553 3246 2934 3316 ἀπεκάλυψαν.
2976 3267 2993 3298 ι
3029 3247 3144 3300 οὐκ
3184 3242 3537 3315 ὲφανὲρωσάν
3568 3257 3690 3306 σοι,

2117 3342 2273 3412 φησι,
2301 3341 2362 3394 τὸ
2388 3339 2610 3410 ἀληθὲς,
2635 3339 2723 3392 ἵνα
2747 3338 2949 3407 γνοῦσα
2966 3338 3042 3401 ώς
3069 3338 3233 3392 ἄδικα
3265 3337 3544 3407 πράττεις,
3576 3334 3694 3385 ἑπι-

2118 3430 2378 3502 στρέψῃς,
2405 3431 2500 3483 καὶ
2529 3430 2606 3500 μὴ
2643 3429 2774 3499 γένῃ
2806 3427 3175 3498 αἰχμάλωτος.

2193 3543 2211 3574 ι
2251 3525 2361 3576 Καὶ
2396 3522 2608 3576 εἰδοσὸω
2639 3539 2744 3575 σοι.
2785 3539 2803 3572 ι
2837 3519 3180 3591 Προφητείας
3210 3517 3447 3587 ψευδεῖς,
3479 3518 3574 3572 καὶ
3605 3517 3693 3569 56-

2117 3617 2212 3683 ξας
2250 3615 2508 3686 ματαίας,
2535 3613 2845 3679 ὲξωθούσας
2877 3630 2938 3666 σε
2972 3613 3079 3667 ἀπὸ
3106 3611 3270 3667 Θεοῦ.

2193 3729 2211 3760 ς
2240 3708 2601 3778 Ἑκρότησαν.
2645 3725 2664 3757 ι
2695 3704 2833 3759 Καθ’
2862 3703 3102 3786 ἱστορίαν
3126 3702 3228 3772 μὲν
3249 3743 3264 3771 ,
3287 3703 3336 3756 oi
3366 3698 3698 3774 Θεωροῦντες

2117 3801 2217 3872 τὴν
2237 3801 2447 3854 πτῶσιν
2468 3800 2564 3854 τοῦ
2585 3797 2740 3863 λαοῦ,
2759 3796 3186 3866 ἐκπληττόμενοι
3210 3793 3465 3866 κροτοῦσι
3482 3796 3694 3864 χεῖρας,

2116 3895 2213 3948 καὶ
2237 3892 2548 3962 συρίζουσιν
2580 3889 2861 3952 κινοῦντες
2895 3887 3140 3957 κεφαλήν
3159 3904 3171 3918 ·
3200 3887 3334 3957 πρὸς
3355 3885 3412 3939 δὲ
3432 3885 3694 3947 διάνοιαν,

2115 3985 2164 4036 oi
2212 3982 2316 4046 ἔξω
2360 3981 2458 4050 τῆς
2511 3978 2827 4041 Θεοσεόείας
2871 3977 3177 4048 βαδίζοντες
3216 3975 3411 4048 ἄνδρες
3449 3975 3619 4040 ἄθεοι,
3659 3973 3695 4045 ἢ

2117 4076 2212 4128 καὶ
2250 4073 2554 4143 ἀκάθαρτοι
2588 4071 2843 4142 δαίμονες
2875 4071 3047 4124 ταῦτα
3082 4070 3350 4138 ποιοῦσιν,
3381 4071 3696 4140 ἐπιχαίρον-

2115 4185 2205 4229 te;
2235 4169 2300 4238 τῇ
2333 4165 2538 4219 πτώσει
2578 4163 2684 4218 τῶν
2715 4163 2907 4234 πρώην
2941 4165 2997 4216 ὲν
3021 4166 3222 4235 ἀρετῇ,

2193 4360 2210 4392 ι
2245 4342 2305 4393 Εἰ
2333 4340 2471 4410 αῦτη
2505 4343 2538 4408 ἡ
2593 4340 2766 4403 πόλις.
2816 4359 2832 4391 ι
2883 4339 3005 4392 Ἐπὶ
3047 4341 3144 4408 μὲν
3187 4338 3277 4392 τοῦ
3319 4339 3483 4407 ναοῦ,
3514 4339 3602 4393 διὰ
3635 4339 3696 4392 τδ

430 4424 630 4494 ubique
659 4431 930 4478 terrarum
953 4422 1172 4479 celebre
1201 4432 1350 4487 erat;
1408 4424 1476 4478 de
1513 4425 1694 4480 anima
1735 4442 1865 4481 vero
1919 4430 2004 4482 di-

2125 4431 2390 4499 πανταχοῦ
2429 4431 2594 4483 αὑτοῦ
2626 4431 2925 4502 περιφανές
2955 4448 2969 4463 ·
3006 4432 3101 4484 ἐπὶ
3130 4431 3188 4484 δὲ
3211 4432 3309 4502 τῆς
3330 4431 3507 4502 ψυχῆς
3531 4431 3694 4503 ἐροῦ-

429 4524 559 4570 ccnt
590 4531 603 4569 :
629 4514 757 4570 Haec
803 4523 1040 4584 estquae
1065 4515 1347 4571 dicebatur
1411 4518 1671 4586 perlecta,
1711 4528 1766 4572 et
1811 4519 2008 4575 virtute

427 4606 656 4662 illustris
679 4605 704 4660 γ

497 4695 564 4751 V.
595 4695 681 4751 16.
717 4716 735 4748 ι
797 4697 1150 4766 Aperucrunt
1203 4714 1368 4769 super
1417 4709 1489 4755 te.
1551 4719 1569 4750 ι
1612 4699 2001 4768 Sibilaverunt,

429 4799 685 4859 tanquam
704 4787 834 4843 ferae
851 4803 1119 4860 aggressa:
1143 4801 1309 4857 sunt;
1331 4791 1568 4846 ferarum
1597 4793 1796 4863 quippe
1813 4785 2007 4849 sibilus

427 4889 531 4938 est.

508 4991 527 5025 ι
560 4971 630 5027 Et
656 4969 1018 5027 fremuerunt.
1055 4991 1073 5024 ι
1109 4971 1366 5029 Fremere
1410 4984 1492 5030 est
1536 4976 1792 5033 dentibus
1814 4980 2004 5050 strepi-

423 5073 539 5120 tum
573 5065 757 5120 edere.

498 5177 516 5208 ι
559 5156 810 5214 Profecto
843 5157 960 5212 haec
981 5164 1065 5212 est
1098 5158 1234 5214 dies.
1267 5178 1284 5210 ι
1331 5160 1614 5222 Conlusio,
1642 5177 1761 5230 quae
1778 5177 1840 5216 ex
1873 5178 2001 5232 pec-

420 5250 554 5305 catis
583 5250 788 5314 oritur;
820 5250 1241 5320 exspectabatur
1282 5267 1432 5317 vero,
1464 5253 1588 5321 quia
1630 5253 1772 5308 Deus
1803 5255 2004 5324 praedi-

419 5341 598 5402 cebat,
623 5347 679 5393 et
696 5339 1051 5408 peccantibus
1079 5339 1412 5394 minabatur.

493 5427 558 5484 V.
588 5429 675 5482 17.
711 5446 730 5480 ι
760 5428 912 5484 Fecit
938 5429 1220 5482 Dominus.
1263 5447 1280 5479 ι
1315 5428 1524 5483 Justam
1558 5432 1886 5486 sententiam
1915 5441 2000 5486 tu-

417 5515 499 5571 Iit.

493 5627 513 5661 ι
553 5609 857 5678 Complcvit
890 5622 1196 5662 sermonem
1225 5622 1405 5663 suum.
1439 5627 1456 5660 ι
1523 5610 1604 5665 Ad
1674 5611 1835 5666 linem
1885 5625 2004 5680 per-

422 5698 576 5754 duxit
599 5706 802 5752 aeterna
823 5697 1047 5768 judicia,
1082 5705 1190 5754 no‘n
1217 5700 1388 5756 inulta
1411 5713 1634 5774 peccata
1660 5688 1994 5773 relinquens.

2111 4537 2218 4585 σιν,
2253 4518 2402 4590 Δῦτη
2437 4520 2584 4572 ἐστὶν
2624 4521 2656 4589 ἡ
2703 4518 2976 4589 λεγομένη
3011 4517 3227 4583 τελεία,
3264 4518 3356 4571 καὶ
3386 4518 3593 4582 ἔνδοξος
3634 4519 3695 4572 ἐν

2109 4614 2278 4684 ἀρετῄ
2306 4629 2321 4678 ;

2184 4727 2202 4760 ι
2257 4706 2540 4779 Διήνοιξαν
2567 4707 2660 4758 ἐπὶ
2719 4707 2798 4760 σέ.
2835 4725 2854 4757 δ
2893 4705 3214 4776 Ἐσύρισαν,
3265 4703 3549 4776 Θηριωδῶς
3591 4704 3692 4758 ἐπ-

2108 4801 2291 4854 έθεντο
2311 4817 2326 4831 ·
2347 4799 2553 4872 Θηρίων
2582 4800 2690 4870 γὰρ
2719 4801 2747 4851 ὁ
2770 4799 3055 4868 συριγμός.

2183 4997 2201 5028 ι
2242 4979 2352 5031 Καὶ
2385 4976 2638 5047 ἕϐρυξαν.
2683 4993 2699 5026 ι
2755 4974 2958 5046 Βρύξαι
2998 4975 3147 5026 ἐστὶν
3197 4973 3256 5026 τὺ
3307 4971 3510 5046 τρίζειν
3564 4975 3692 5038 τοὺς

2104 5070 2342 5133 ὀδόντας.

2181 5181 2198 5212 ι
2238 5161 2383 5231 Πλὴν
2427 5160 2568 5231 αὕτη
2601 5162 2633 5229 ἡ
2677 5161 2880 5229 ἡμέρα,
2919 5176 2936 5206 ι
2983 5157 3043 5209 Ἡ
3075 5157 3131 5225 ἐξ
3161 5157 3443 5229 ἁμαρτιῶν
3487 5157 3689 5230 σύγχυ-

2105 5272 2188 5316 σις
2217 5272 2230 5285 ι
2261 5254 2631 5324 προσεδοκᾶτο
2665 5253 2743 5316 δὲ,
2775 5252 2862 5303 διὰ
2893 5252 2952 5304 τὸ
2987 5251 3275 5322 προλέγειν
3303 5252 3396 5306 τὸν
3417 5251 3572 5320 Θεὸν,
3595 5242 3690 5306 καὶ

2103 5347 2354 5401 ἀπειλεῖν
2387 5348 2501 5410 τοῖς
2535 5347 2960 5416 ἁμαρτάνουσιν.

2182 5457 2200 5489 ι
2243 5437 2503 5508 Ἐποίησε
2541 5439 2765 5508 Κύριος.
2807 5456 2824 5488 ι
2862 5435 3098 5499 Δικαίως
3127 5435 3365 5507 ἔκρινεν.

2181 5607 2554 5680 ῃΣυνετέλεσε
2578 5608 2748 5676 ῥῆμα.
2785 5627 2801 5658 ι
2835 5610 2924 5672 Εἰς
2951 5609 3120 5678 πέρας
3145 5609 3378 5679 ἤνεγκεν
3402 5610 3469 5663 τὰ
3491 5611 3689 5666 αἰώνια

2107 5701 2349 5771 κρίματα
2391 5739 2405 5767 ,
2483 5699 2543 5752 τὸ
2611 5698 2686 5770 μὴ
2769 5705 3132 5773 παρασιωπᾷν
3214 5703 3271 5755 ιν
3359 5703 3679 5775 ἁμαρτίαις.
