4050 6226
380 5303 387 5312 ’
464 5295 639 5352 diens.

440 274 548 339 ’143
1519 266 2039 329 OLYMPIODORI

2094 267 2612 327 ALEXANDRINI
3586 262 3693 323 τίς

440 385 602 441 stium
634 383 688 439 in
717 397 802 438 me
828 381 1151 437 adduceres.
1188 380 1412 452 Mystice
1449 396 1613 437 vero:
1646 381 1861 438 Perdita
1881 395 2024 445 sum,

2127 381 2427 448 ἐπαγαγεῖν
2464 397 2575 450 μοι.
2610 378 2753 449 Πρὸς
2799 377 2855 431 δὲ
2890 376 3130 430 διάνοιαν
3159 391 3174 406 ο
3209 373 3554 445 Ἐπετύςροην
3587 377 3699 452 [2'0-

446 488 727 547 moresque
751 473 1000 528 inimicos
1023 472 1399 543 multiplicari.

2126 470 2427 542 ἐπετύφην]
2453 509 2468 534 ,
2507 473 2603 524 καὶ
2651 468 3096 523 ὲπολυπλασίασα
3134 468 3256 531 τοὺς
3297 466 3525 538 ἐχθροὺς
3576 470 3699 539 τρό-

2128 578 2281 624 πους.

1111 647 1267 704 CAP.
1292 647 1382 703 Ill.

2780 652 2936 706 ΚΕΦ.
2978 650 3052 705 I".

510 742 655 801 v.1.
684 764 703 789 ι
739 746 855 817 Ego
890 748 975 799 vir
1018 745 1234 800 videns.
1268 763 1286 795 ι
1350 744 1410 798 In
1467 756 1756 812 personam
1810 741 2026 810 quidem

2205 762 2223 795 ι
2274 742 2414 812 Ἐγὼ
2445 743 2583 815 ἀνὴρ
2611 745 2662 797 ό.
2700 763 2720 793 ι
2747 744 2872 797 Ἐπὶ
2914 743 3012 814 μὲν
3038 740 3134 795 τοῦ
3167 742 3460 815 προσώπου
3502 744 3707 815 Κυρίου

442 836 680 902 Domini,
713 838 784 892 ob
818 835 1208 891 exinanitionis
1242 835 1486 889 modum.
1528 833 1588 886 In
1615 834 1879 903 propheta
1898 848 2028 888 vero

2127 838 2215 892 διὰ
2240 838 2306 891 τὰ
2339 840 2513 910 μέτρα
2552 838 2650 906 τῆς
2684 838 2987 901 κενώσεως.
3040 839 3162 897 Ἐπὶ
3197 839 3253 892 δὲ
3283 838 3380 892 τοῦ
3416 842 3709 912 προφήτου

444 927 647 982 fatetur
670 926 906 996 ingenue
934 934 1309 996 paupertatem
1373 924 1899 995 mutabilitatemque
1928 940 2028 979 na-

2129 928 2492 997 εὐγνωμόνως
2524 928 2795 997 ὁμολογεῖ,
2847 928 2907 981 τὸ
2955 929 3171 998 πτωχὸν
3200 929 3295 982 καὶ
3341 930 3580 998 τρεπτὸν
3609 931 3713 999 τῆς

447 1024 617 1083 turae;
649 1017 854 1070 malum
876 1017 1023 1071 enim
1052 1032 1165 1070 non
1192 1024 1384 1069 natura
1425 1023 1534 1078 est,
1568 1016 1662 1070 sed
1692 1025 2025 1071 transmuta-

1954 1031 2025 1070 .a-
2131 1017 2348 1087 φύσεως
2371 1036 2386 1052 ο
2429 1019 2490 1071 οὐ
2524 1018 2632 1090 γὰρ
2664 1019 2823 1088 φύσει
2857 1019 2918 1071 τὸ
2949 1018 3150 1084 κακὸν,
3184 1018 3321 1072 ἀλλὰ
3351 1021 3553 1089 τροπῇ.

454 1108 626 1162 tione.
3078 1132 3089 1149 .

514 1199 583 1253 ν.
613 1200 668 1252 2.
707 1218 726 1250 ι
765 1197 825 1252 In
858 1198 1008 1269 virga
1050 1197 1273 1253 furoris.
1304 1217 1323 1251 ι
1386 1198 1464 1252 Ex
1520 1215 1750 1269 persona
1804 1199 2025 1269 quidem

2207 1210 2228 1244 ‹
2274 1194 2353 1265 Τῇ
2386 1192 2566 1263 ῥάϐδῳ
2592 1190 2789 1262 θυμοῦ.
2823 1209 2842 1242 ι
2885 1191 2979 1244 Ἐκ
3012 1191 3109 1261 μὲν
3144 1190 3240 1243 τοῦ
3273 1189 3568 1260 προσώπου
3596 1191 3715 1243 Κυ-

451 1290 663 1346 Domini
687 1291 985 1346 secundum
1011 1291 1144 1347 illud
1173 1308 1186 1343 :
1227 1290 1287 1344 In
1324 1308 1403 1344 me
1461 1292 1801 1358 conﬁrmatus
1836 1300 1910 1345 est
1941 1294 2027 1358 fu-

2136 1285 2249 1358 ρίου
2278 1286 2420 1339 κατὰ
2456 1286 2518 1338 τὸ
2547 1286 2841 1356 εἰρημένον
2874 1301 2890 1316 ⁸
2934 1286 3060 1339 Ἐπ’
3093 1283 3197 1353 ἐμὲ
3225 1284 3629 1353 ἑπεστηρίχθη
3682 1286 3718 1337 o'

451 1399 539 1436 rer
566 1394 686 1436 tuus
710 1382 776 1435 ".
810 1382 889 1436 Ex
937 1397 1169 1452 persona
1216 1396 1348 1436 vero
1392 1383 1693 1452 prophetae,
1749 1382 2026 1445 Inimicus,

2133 1381 2317 1448 θυμός
2369 1395 2505 1433 σου.
2562 1379 2661 1433 Ἐκ
2702 1380 2761 1432 δὲ
2793 1377 3088 1448 προσώπου
3130 1375 3224 1429 τοῦ
3264 1378 3547 1447 προφήτου
3578 1391 3592 1404 ·
3655 1374 3716 1425 '0

453 1473 649 1544 inquit,
678 1473 926 1528 diabolus
948 1474 1095 1544 virga
1118 1473 1320 1528 furoris
1337 1474 1421 1528 sui
1444 1490 1574 1528 usus
1600 1483 1683 1529 est
1711 1474 1763 1527 in
1793 1490 1879 1531 me
1896 1490 2029 1529 con-

2134 1471 2357 1542 έχθρὸς,
2394 1475 2528 1541 φησι
2556 1509 2574 1535 ,
2603 1471 2850 1533 διάϐολος
2883 1472 2949 1540 τῇ
2976 1469 3159 1539 ῥάϐδῳ
3194 1467 3289 1522 τοῦ
3337 1468 3509 1538 θυμοῦ
3546 1466 3716 1520 αὐτοῦ

453 1564 709 1620 versione
741 1563 794 1617 in
826 1574 1148 1633 peccatum;
1184 1578 1313 1634 ergo
1347 1579 1629 1617 assumens
1677 1564 1764 1617 ille
1827 1581 1907 1617 me
1936 1564 2033 1618 ab-

2137 1562 2411 1633 ὲχρήσατὸ
2443 1580 2554 1632 μοι,
2583 1565 2649 1634 τῇ
2681 1564 2855 1633 τροπῇ
2895 1563 2961 1632 τῇ
2993 1562 3073 1623 εἰς
3118 1559 3393 1631 ἁμαρτίαν
3418 1576 3430 1589 ⁸
3468 1559 3590 1612 ὅθεν
3623 1560 3719 1611 καὶ

456 1656 609 1711 duxit
631 1657 686 1710 in
715 1657 974 1720 tenebras,
1002 1669 1048 1709 et
1077 1671 1181 1708 non
1232 1654 1421 1709 lucem.
1448 1654 1572 1709 Haec
1602 1664 1783 1709 autem
1812 1655 2033 1709 nomine

2138 1652 2468 1724 παραλαϐών
2502 1670 2593 1723 με,
2626 1652 2937 1723 ἀπήγαγέν
2983 1670 3059 1722 με
3084 1654 3172 1718 εἰς
3201 1653 3451 1716 σκότος,
3500 1651 3599 1703 καί
3645 1653 3719 1703 οὐ

459 1747 631 1803 totius
657 1754 867 1802 natura:
894 1748 1148 1801 humanae
1172 1746 1398 1816 profert.

2134 1720 2282 1814 φώς.
2321 1720 2514 1799 Ταῦτα
2546 1746 2607 1799 δὲ
2635 1720 2903 1817 προςρέρει
2934 1720 3043 1798 ἀπὸ
3074 1744 3257 1798 κοινοῦ
3285 1745 3382 1814 τῆς
3427 1742 3720 1814 ἅνθρωπός

2133 1852 2316 1905 τητος.

521 1940 590 1994 ν.
615 1942 670 1994 '5.
709 1959 729 1994 ‹
768 1941 1004 1996 Tantum
1046 1941 1100 1996 in
1132 1957 1239 1996 me.
1272 1961 1290 1992 ι
1342 1941 1462 1996 Νοη
1489 1943 1639 2007 satis,
1695 1943 1889 2012 inquit,
1927 1943 2034 1998 ini-

2211 1945 2231 1978 t
2297 1925 2444 1996 Πλὴν
2501 1927 2559 1979 ἐν
2607 1926 2751 1997 ἐμοί.
2793 1943 2815 1976 ›
2862 1926 2939 1980 Οὐ
2993 1926 3177 1996 μόνον,
3216 1927 3370 1996 φησὶ,
3415 1925 3664 1998 ἠρκέσθη
3696 1929 3726 1979 ὁ

454 2032 598 2089 mico
614 2032 737 2096 fuit,
765 2049 852 2088 me
872 2034 928 2088 in
946 2035 1201 2089 tenebras
1222 2034 1512 2110 abducere,
1542 2034 1639 2089 sed
1665 2038 1826 2089 etiam
1857 2036 2036 2104 pmnis

2135 2019 2328 2089 ἐχθρὸς
2348 2021 2656 2087 ἀπαγαγεῖν
2690 2035 2757 2089 με
2791 2020 2873 2079 είς
2902 2019 3113 2084 σκότος,
3152 2018 3291 2072 ἀλλὰ
3315 2020 3409 2073 καὶ
3447 2019 3727 2091 ἐτιμωρή-

460 2121 671 2177 alllixit.
703 2119 841 2175 Illud
867 2136 1030 2191 porro
1059 2130 1170 2174 tota
1200 2122 1303 2184 die,
1358 2108 1499 2175 idem
1530 2129 1614 2174 est
1643 2135 1706 2174 ac
1739 2120 1783 2174 si
1807 2120 2032 2183 diceret,

2138 2110 2268 2162 σατὸ
2290 2109 2458 2179 με.Τὸ
2477 2109 2553 2173 δὲ,
2574 2108 2728 2176 ὅλην
2747 2108 2863 2176 τὴν
2875 2108 3123 2176 ἡμέραν,
3145 2110 3268 2162 ἀντὶ
3291 2108 3405 2175 τοῦ,
3424 2108 3602 2162 πάντα
3628 2111 3721 2162 τὸν

455 2210 605 2266 omni
628 2218 877 2280 tempore
900 2225 1010 2278 quo
1028 2210 1131 2283 sub
1162 2210 1281 2279 ejus
1315 2216 1586 2278 potestate
1612 2209 1734 2263 fuit.
1878 2229 1887 2239 -

1434 2217 1586 2265 ιειειε
1612 2209 1734 2263 fuit,
1878 2229 1887 2239 -
2138 2198 2352 2268 καιρὸν,
2385 2197 2444 2250 ὃν
2479 2196 2706 2265 γέγονεν
2736 2196 2827 2250 ὑπ’
2861 2197 3033 2267 αὐτῷ.

526 2300 599 2355 ν.
624 2304 677 2356 4.
714 2320 731 2353 t
774 2300 1054 2355 Vetustam
1080 2301 1205 2355 fecit
1241 2316 1462 2355 carnem
1486 2316 1683 2355 meam.
1721 2319 1740 2352 ι
1774 2301 1853 2354 Ex
1907 2317 2035 2370 per-

2211 2308 2233 2341 c
2287 2289 2627 2343 Ἐπαλαίωσε
2685 2289 2864 2360 σάρκα
2922 2306 3046 2360 μου.
3086 2308 3105 2341 ι
3150 2290 3250 2345 Ἐκ
3297 2290 3395 2359 μὲν
3423 2292 3723 2362 προσώπου

455 2408 588 2449 sona
616 2392 835 2461 quidem
894 2392 1128 2457 Domini,
1164 2390 1529 2454 Mendacium,
1557 2391 1653 2455 ait,
1710 2391 2035 2446 aediﬁcatum

2136 2381 2229 2435 τοῦ
2258 2383 2487 2453 Κυρίου,
2513 2382 2579 2434 τὸ
2595 2381 2812 2451 ψεῦδος,
2840 2384 3026 2452 φησὶν,
3058 2381 3383 2453 ᾠκοδομήθη
3409 2384 3531 2437 κατ’
3560 2383 3723 2455 ἐμοῦ,

455 2493 541 2541 est
564 2492 754 2538 contra
783 2499 890 2538 me.
917 2481 1049 2536 Nam
1074 2482 1242 2539 multa
1279 2483 1540 2538 adversus
1568 2497 1693 2537 eum
1750 2482 2037 2539 etl'utivere

2138 2475 2312 2529 πολλὰ
2351 2477 2460 2546 γὰρ
2510 2474 2677 2528 αὐτοῦ
2717 2476 3135 2545 κατεψεύδοντο.
3188 2474 3285 2529 Ἐκ
3324 2475 3382 2529 δὲ
3426 2478 3726 2548 προσώπου

456 2574 760 2630 mendacia.
800 2574 879 2627 Ex
916 2588 1149 2642 persona
1179 2588 1312 2628 vero
1363 2573 1619 2628 humanm
1651 2580 1892 2638 naturae,
1916 2573 2035 2628 Non

2135 2568 2239 2638 τῆς
2267 2567 2612 2639 ἀνθρωπείας
2641 2567 2881 2636 φύσεως,
2901 2569 2973 2621 Οὐ
3008 2568 3192 2639 μόνον,
3212 2570 3398 2639 φησὶν,
3420 2571 3669 2643 ἠρκέσθη
3696 2573 3728 2625 δ

458 2666 588 2728 hoc,
621 2665 721 2729 ait,
755 2664 977 2719 inimico
1023 2664 1153 2718 satis
1171 2663 1295 2729 fuit,
1324 2664 1459 2718 mihi
1513 2680 1704 2733 pmnas
1759 2664 2033 2735 inﬂigere;

2140 2658 2337 2729 ἐχθρὸς
2391 2659 2814 2729 τιμωρήσασθαί
2876 2675 2966 2729 με,
2995 2658 3133 2713 ἀλλὰ
3160 2660 3255 2712 καὶ
3284 2658 3428 2714 οὕτω
3457 2677 3731 2732 περιῳκο-

459 2757 556 2813 sed
594 2757 668 2812 ita
687 2757 833 2812 circa
856 2771 943 2812 me
965 2756 1159 2811 extulit
1179 2755 1422 2821 aedilicia,
1448 2735 1507 2810 u’t
1528 2755 1766 2827 effugere
1786 2773 1897 2812 non
1913 2773 2039 2828 pos-

2138 2750 2345 2821 δόμησε
2395 2752 2516 2804 κατ’
2577 2749 2736 2821 ἐμοῦ,
2787 2750 2865 2814 ὡς
2922 2750 2998 2822 μὴ
3049 2750 3313 2805 δύνασθαί
3371 2769 3443 2824 με
3494 2753 3726 2823 6:219:23-

410 2908 415 2913 ,
460 2848 587 2905 sim.

2138 2859 2279 2912 γειν.

535 2958 555 2992 ι
590 2939 648 2994 In
678 2939 1059 2995 tenebricosis.
1097 2957 1116 2992 ι
1176 2937 1292 2994 Hoc
1348 2938 1499 3009 prior
1549 2939 1717 2995 David
1749 2939 1797 2975 “
1828 2939 1894 2996 de
1928 2939 2037 2996 Do-

2214 2955 2233 2986 ς
2258 2935 2344 2987 Ἐν
2384 2936 2702 2998 σκοτεινοῖς.
2744 2954 2765 2986 ι
2816 2933 2988 2989 Τοῦτο
3019 2937 3286 3008 πρότερος
3315 2936 3344 2990 ὁ
3388 2937 3554 2992 Δαϐἱδ
3594 2943 3731 3011 περὶ

459 3030 609 3085 mino
636 3039 861 3100 propter
886 3029 1224 3099 sepulturam
1282 3031 1404 3101 eius
1455 3031 1940 3100 pnenuntiaverat.
1977 3032 2034 3086 Si

2142 3026 2236 3080 τοῦ
2279 3028 2487 3097 Κυρίου
2545 3028 3020 3099 προκατήγγειλεν
3059 3029 3151 3082 διὰ
3189 3030 3283 3083 τὸν
3337 3032 3526 3101 τάφον.
3562 3032 3626 3085 Εἰ
3667 3033 3729 3086 δὲ

458 3138 590 3179 vero
617 3124 781 3179 etiam
812 3123 879 3178 de
904 3124 1082 3177 anima
1117 3124 1467 3194 intelligatur,
1502 3123 1623 3177 ideo
1664 3122 1883 3187 dicitur,
1917 3126 2043 3194 quia

2141 3122 2252 3175 ἀπὸ
2288 3121 2468 3174 κοινοῦ
2493 3123 2591 3192 τῆς
2622 3120 2823 3192 ψυχῆς,
2858 3121 3115 3189 λέγεται,
3154 3123 3236 3176 ὃτι
3280 3125 3503 3189 σκότους
3551 3125 3728 3197 αὐτὴν

462 3215 704 3270 tenebris
744 3230 863 3269 eam
890 3214 1193 3285 oppleverit
1246 3213 1568 3284 intelligibili
1602 3213 1808 3268 lumine
1861 3217 2043 3285 priva-

1865 3217 2043 3285 priva-
2144 3217 2486 3287 έπλήρωσεν,
2512 3218 2897 3287 ἀποστερήσας
2918 3214 3011 3268 τοῦ
3037 3216 3232 3286 νοητοῦ
3266 3219 3464 3286 φωτός.

461 3313 597 3361 tam.

531 3394 596 3449 ν.
631 3396 682 3449 7.
727 3413 746 3446 ι
777 3394 1103 3450 ΛΕάἰίὶοενίι.
1138 3413 1158 3446 ›
1208 3395 1286 3450 De
1344 3394 1571 3448 Domino
1620 3396 1860 3464 quidem,
1905 3412 2044 3465 quo-

2222 3414 2240 3446 ι
2287 3379 2716 3465 Ἀνῳκοδόμησε.
2751 3412 2770 3446 ι
2800 3393 2925 3446 Ἐπὶ
2950 3393 3053 3463 μὲν
3076 3393 3170 3446 τοῦ
3195 3394 3402 3465 Κυρίου
3422 3433 3437 3459 ,
3458 3396 3540 3449 ὅτι
3558 3395 3729 3467 ᾤοντο

462 3483 612 3537 niam
645 3481 738 3551 qui
767 3498 893 3536 eum
921 3484 975 3536 in
1005 3484 1261 3552 sepulcro
1289 3492 1588 3552 posuerant.
1611 3483 1836 3551 minime
1866 3501 2045 3539 resur-

2148 3488 2345 3559 μηκέτι
2368 3486 2530 3539 αὑτὸν
2551 3485 2955 3556 ἀναστήσεσθαι
2979 3488 3029 3539 οἱ
3059 3487 3424 3555 ἐμϐάλλοντες
3452 3488 3617 3542 αὐτὸν
3651 3489 3732 3558 τῷ

464 3582 744 3629 recturum
773 3572 1156 3641 opinabantur.
1186 3573 1265 3628 De
1291 3573 1471 3626 anima
1511 3587 1663 3636 vero,
1695 3582 1920 3644 propter
1949 3590 2044 3630 cu-

2143 3582 2322 3651 τάφῳ.
2372 3581 2496 3632 Ἐπὶ
2525 3578 2582 3632 δὲ
2616 3578 2717 3647 τῆς
2745 3578 2944 3649 ψυχῆς..
2981 3579 3073 3633 διὰ
3098 3579 3200 3652 τὴν
3225 3582 3347 3635 κατ’
3374 3581 3545 3652 αὐτῆς
3569 3599 3731 3653 γενο-

370 3676 373 3677 '
463 3664 692 3721 stodiam
713 3680 835 3735 quae
862 3665 914 3719 in
952 3665 1097 3720 illam
1124 3665 1368 3720 adhibita
1403 3674 1508 3720 est.

1014 3682 1097 3720 am
1124 3665 1368 3720 adhibita
1403 3674 1508 3720 est.
2149 3673 2317 3743 μένην
2345 3672 2613 3744 φρουράν.

537 3775 557 3808 ι
593 3756 919 3828 Aggravavit
959 3771 1034 3812 tes
1087 3770 1291 3811 meum.
1323 3775 1343 3809 ι
1383 3756 1458 3811 De
1510 3757 1764 3823 Domino,
1822 3769 2046 3829 propter

2223 3782 2242 3815 ‹
2291 3765 2559 3835 Ἐϐἁρυνε
2597 3764 2800 3833 χαλκόν
2852 3781 2975 3834 μου.
3012 3784 3030 3816 ι
3079 3767 3201 3819 Ἐπὶ
3238 3765 3338 3837 μὲν
3368 3765 3464 3821 τοῦ
3496 3765 3727 3838 Κυρίου,

463 3848 618 3918 signa
680 3848 800 3918 ejus
852 3858 1211 3904 monumento
1260 3848 1512 3917 adjecta;
1543 3849 1611 3903 de
1659 3851 1836 3905 anima
1864 3892 1879 3915 ,
1916 3867 2045 3920 pro-

2145 3858 2236 3912 διὰ
2282 3859 2380 3922 τὰς
2413 3858 2717 3928 σφραγῖδας
2745 3857 2844 3920 τὰς
2872 3857 3161 3928 βληθείσας
3200 3861 3259 3912 έν
3283 3858 3362 3928 τῷ
3395 3857 3563 3912 αὐτοῦ
3596 3860 3734 3930 μνή-

462 3952 582 4010 pter
607 3949 826 3997 catenas
858 3941 1085 4011 peccati,
1112 3942 1311 4012 quibus
1334 3957 1451 3996 eam
1495 3942 1751 3997 inimicus
1806 3943 2042 3998 obstrin-

2149 3964 2282 4019 ματι
2301 3964 2315 3980 ο
2349 3948 2443 4001 ἐπὶ
2467 3949 2524 4001 δὲ
2551 3949 2651 4017 τῆς
2675 3950 2854 4020 duxit;
2875 3990 2890 4016 ,
2915 3950 3005 4002 διὰ
3026 3951 3150 4013 τοὺς
3180 3949 3393 4012 κλοιοὺς
3421 3951 3518 4021 τῆς
3546 3951 3729 4023 ἁμαρ-

462 4031 561 4087 xit.
2145 4041 2289 4104 τίας,
2319 4039 2413 4104 οὓς
2445 4040 2775 4112 περιέθηκεν
2804 4043 2942 4113 αὐτῇ
2964 4044 2991 4095 ὁ
3019 4042 3237 4113 ἐχθρός.

533 4119 597 4176 ν.
629 4121 683 4175 8.
719 4139 738 4172 ι
775 4120 951 4176 Etiam
980 4136 1104 4175 cum
1164 4121 1527 4177 vociferabor.
1568 4141 1588 4176 ι
1650 4122 2042 4194 Multiplicalis,

2225 4151 2244 4184 ε
2273 4133 2383 4186 Καί
2411 4150 2476 4202 γε
2495 4135 2578 4187 ὅτι
2601 4133 2998 4205 κεκράξομαι.»
3028 4135 3331 4203 Πληθύνας,
3358 4136 3600 4206 φησὶ,τὰ
3616 4137 3727 4189 ἐπι-

462 4208 560 4273 ait,
588 4218 934 4277 peccatorum
964 4209 1158 4264 studiis
1184 4211 1438 4278 precibus
1469 4211 1608 4265 viam
1643 4212 1710 4266 ad
1740 4213 1911 4266 Deum
1958 4214 2042 4266 in-

2223 4223 2462 4293 δεύματα
2488 4224 2595 4277 τῶν
2622 4226 2940 4297 ἁμαρτιῶν,
2964 4228 3062 4299 τὴν
3092 4228 3226 4299 πρὸς
3254 4230 3346 4282 τὺν
3374 4230 3507 4282 Θεὸν
3544 4231 3729 4298 δέησιν
3808 4262 3822 4275 -

467 4296 734 4350 terclusit.
762 4296 889 4350 Haec
912 4309 1093 4351 autem
1127 4297 1259 4352 dicit
1288 4299 1489 4366 anima,
1509 4300 1766 4369 quoniam
1795 4310 1851 4355 et
1902 4302 2044 4357 idola

2148 4315 2487 4385 ἀπέφραξεν.
2521 4317 2683 4381 Λέγει
2806 4319 2978 4373 ταῦτα
3006 4296 3228 4391 ήψυγὴ,
3261 4320 3350 4375 διὰ
3376 4322 3436 4375 τὸ
3459 4323 3554 4375 καὶ
3576 4296 3731 4376 εἰδώ-

462 4385 736 4440 adoravit.

1112 4475 1126 4477 _
1246 4476 1251 4477 ,
2075 4389 2120 4445 ί)
2150 4408 2261 4470 λοις
2285 4407 2682 4477 προσκυνῆσαι.

536 4474 600 4530 γ.
632 4475 686 4531 9.
718 4493 738 4526 ι
772 4473 1302 4531 Circumaediticavit.
1341 4495 1360 4529 ι
1392 4478 1470 4532 Ex
1502 4494 1736 4549 persona
1762 4482 2042 4549 Ecclesiae,

2232 4518 2250 4550 ‹
2314 4473 2779 4569 ’Ᾰνῳκοδδμησει
2834 4520 2855 4553 ι
2901 4502 2997 4556 Ἐκ
3043 4503 3143 4571 μὲν
3197 4504 3299 4574 τῆς
3367 4505 3730 4578 Ἐκκλησίας,

465 4564 706 4636 Populus
732 4565 1069 4632 Judteorum,
1102 4568 1196 4635 ait,
1228 4585 1419 4626 omnes
1472 4570 1708 4627 intendit
1758 4577 1920 4639 vires,
1978 4593 2047 4632 ne

2168 4564 2462 4656 Ἰουδαίων,
2481 4564 2672 4661 φησὶν,
2699 4591 2827 4655 λαῖις
2884 4564 3135 4657 παντοῖος
3170 4564 3393 4665 γέγονεν
3441 4564 3734 4667 ἐμποδίσαί

465 4659 711 4713 doctrina
734 4660 1160 4729 praedicaretur;
1198 4670 1254 4715 et
1280 4662 1428 4717 hunc
1456 4663 1601 4717 leoni
1649 4673 1705 4718 et
1732 4681 1861 4719 urso
1910 4672 2049 4723 assi-

2155 4685 2220 4753 τῇ
2277 4659 2597 4754 διδασκαλίᾳ
2651 4683 2746 4737 τοῦ
2823 4659 3488 4757 κηρύγματος-’,τοῦτοί
3515 4690 3574 4745 δὲ
3640 4693 3735 4745 καὶ

466 4747 618 4803 milat
665 4759 886 4821 propter
946 4751 1305 4817 iracundiam,
1367 4762 1423 4808 et
1453 4757 1651 4825 quoad,
1696 4756 1892 4828 inquit,
1946 4761 2051 4816 fuit

2155 4747 2332 4827 leo/tt
2359 4776 2453 4828 καὶ
2478 4747 2666 4846 ἄρκτῳ
2690 4747 2910 4842 εἰκάζεί.
3064 4781 3124 4832 τὸ
3146 4747 3450 4852 θυμιτικόν·
3476 4784 3569 4837 καὶ
3590 4786 3733 4854 τόγε,

465 4842 520 4895 in
553 4840 666 4906 illo,
697 4844 879 4912 posuit
907 4859 995 4900 me
1034 4846 1352 4902 desolatam.
1375 4847 1455 4901 Ex
1487 4865 1715 4918 persona
1766 4868 1894 4908 vero
1926 4855 2047 4908 ani-

2157 4868 2342 4936 φησὶν,
2382 4867 2468 4936 ἐφ’
2519 4840 2732 4938 έαυτῷ,
2780 4840 2932 4924 ἔθετό
2974 4890 3041 4943 με
3087 4840 3488 4946 ἠφανισμένην.
3536 4876 3632 4930 Ἐκ

464 4948 569 4989 ma:
596 4951 613 4990 :
646 4933 910 5004 Occlusit,
944 4938 1139 5007 inquit,
1167 4938 1284 4993 vias
1310 4955 1460 4997 meas
1486 4942 1807 5017 inimicus.__

2151 4933 2448 5026 προσώπου
2475 4958 2576 5029 τῆς
2601 4933 2800 5030 ψυχῆς,
2832 4933 3175 5032 Συνέκλεισέ,
3204 4933 3358 5037 φησὶ,
3387 4933 3486 5030 τας
3512 4969 3738 5039 πορείας

2154 5066 2259 5118 μου
2290 5051 2318 5102 ὁ
2354 5051 2569 5123 ἐχθρός.

2226 5153 2244 5186 ι
2269 5135 2562 5207 Ἐτάραξεν
2576 5138 2798 5210 ἄρκτος.
2814 5159 2831 5191 ι
2845 5143 2909 5194 Ἀ
2919 5149 3083 5213 ρκτος
3100 5146 3132 5215 ἡ
3152 5145 3417 5217 ἁμαρτία.
3436 5146 3713 5217 Ἐνεδρεύ
3727 5180 3739 5189 -

2150 5245 2309 5283 ουσα
2338 5230 2417 5295 δὲ,
2449 5232 2711 5298 ποικίλως
2752 5237 3103 5309 ἐπιτιθεμένη
3136 5240 3228 5293 καὶ
3260 5240 3563 5311 θηριωδῶς.

534 5112 727 5167 v.10.
785 5111 1194 5169 «Conturbavit
1249 5133 1429 5173 ursus.
1465 5137 1484 5174 ι
1537 5119 1711 5176 Ursus
1764 5133 2047 5194 peccatum

462 5213 576 5271 est;
608 5204 870 5258 insidians
920 5220 1073 5271 vero,
1110 5206 1162 5261 id
1187 5214 1271 5262 est
1298 5211 1465 5274 varie,
1497 5220 1553 5265 et
1580 5214 1799 5268 saeviter
1854 5231 2048 5289 aggre-

540 5406 559 5439 ι
596 5389 669 5446 Ut
702 5391 806 5446 leo.
844 5410 862 5443 ι
895 5391 1065 5448 Ursus
1090 5393 1155 5448 ad
1189 5393 1440 5449 timorem
1501 5397 1682 5452 minor
1737 5410 1820 5456 est
1868 5401 2045 5458 leone.

2237 5424 2275 5458 ι’
2294 5409 2466 5474 Αὐτός
2494 5429 2586 5480 μοι
2618 5412 2692 5476 ώς
2718 5413 2876 5469 λέων.
2918 5435 2936 5467 ι
2979 5417 3041 5471 Ὀ
3060 5419 3261 5489 ἄρκτος
3285 5419 3420 5490 πρὸς
3447 5418 3612 5489 φόϐον
3640 5416 3734 5493 ἦτ-

467 5476 655 5548 ltaque
681 5480 947 5550 diabolus,
979 5486 1190 5541 turbata
1215 5488 1369 5557 prius
1397 5503 1498 5558 per
1532 5502 1814 5559 peccatum
1846 5494 2045 5559 anima,

2158 5502 2250 5554 τόν
2278 5501 2392 5555 ἐστι
2440 5502 2535 5556 τοῦ
2596 5504 2827 5571 λέοντος.
2869 5509 3269 5579 Προταράττων
3308 5507 3402 5565 οὖν
3428 5512 3527 5582 τήν
3557 5508 3734 5580 ψυχήν

539 5678 585 5713 ⁸⁸
607 5680 750 5737 Psal.
776 5697 1012 5755 unm,
1047 5688 1097 5743 8.
1179 5690 1221 5721 ⁸⁵
1253 5690 1383 5746 ibid.
1437 5692 1486 5746 7.
