4028 6226
355 249 463 314 715

1374 243 1843 306 FRAGMENTA
1883 245 1968 306 IN
2005 246 2278 307 JEREM.
2320 248 2652 313 LAMEN'I‘.

3539 257 3642 321 ’146

355 364 442 416 διὰ
473 363 571 431 τῆς
598 361 875 434 ἁμαρτίας
909 360 939 413 ὁ
966 358 1238 424 διάϐολος,
1266 357 1427 423 abab;
1452 359 1640 411 λοιπὸν
1667 361 1732 429 τῇ
1763 358 1936 411 δεινό-

2058 368 2231 413 >οειεο
2254 360 2548 416 calliditate
2574 377 2670 417 sua
2698 362 2994 426 absorbere
3027 364 3173 432 illam
3189 365 3406 423 nititur.
3421 367 3486 424 In
3521 372 3643 426 abs-

355 473 479 527 τητι
503 459 795 510 καταπιεῖν
843 455 1050 524 ταύτην
1089 455 1380 523 ἐπιχειρεῖ.
1415 451 1520 506 Ἐν
1561 453 1837 520 κρυφίοις
1863 451 1942 514 δὲ,

354 550 476 604 ἀντὶ
504 549 599 602 τοῦ
630 548 982 618 πανούργοις,
1011 546 1280 616 πρότερον
1310 545 1397 599 διὰ
1428 545 1527 614 τῆς
1558 545 1831 616 ἁμαρτίας
1860 562 1948 598 τα-

359 640 594 711 ράττων.
858 652 860 655 ·
1660 702 1671 714 ι

435 751 455 785 ι
489 731 853 797 Κατεδίωξεν.
895 750 913 782 ι
959 731 1107 785 Ἀντὶ
1133 730 1248 795 τοῦ,
1279 731 1685 802 κατέστρωσεν.

435 849 452 877 ι
503 825 772 879 Ἐνέτεινε
809 825 984 890 τόξον.
1019 845 1038 878 ι
1087 825 1145 878 ὐ
1176 825 1450 878 Ἰουδαίων
1482 825 1634 888 λαὸς,
1665 823 1948 886 παντοίαις

359 909 643 983 χρώμενος
698 913 840 968 κατὰ
889 912 986 968 τοῦ
1041 913 1251 983 Κυρίου
1302 913 1593 984 λοιδορίαις
1631 916 1727 967 καὶ
1787 931 1949 967 συκο-

360 1001 641 1071 φαντίαις·
699 1003 796 1056 καὶ
829 1002 857 1055 ὁ
895 1001 1140 1065 διάϐολος
1174 1002 1230 1055 δὲ
1285 1002 1597 1081 ὑποχείριον
1633 1002 1815 1057 λαϐὼν
1851 1003 1950 1075 τὴν

359 1093 560 1165 ψυχήνο

436 1209 453 1238 ι
491 1188 803 1257 Εὶσήγαγεν
831 1189 892 1242 ἐν
921 1191 1032 1252 τοῖς
1054 1191 1276 1259 νεφροῖς
1317 1206 1438 1260 μου,
1473 1208 1490 1241 ι
1535 1189 1693 1244 Κατὰ
1731 1188 1830 1259 μὲν
1853 1187 1949 1242 τοῦ

359 1274 588 1344 Κυρίου,
645 1276 743 1338 τὰς
791 1278 871 1338 εἰς
932 1275 1161 1330 θάνατον
1216 1278 1521 1348 ἐξαιτηθεὶς
1561 1278 1948 1352 [ἐξαιτήσεις],

360 1364 502 1418 κατά
530 1365 590 1418 ,δὲ
621 1365 721 1436 τῆς
749 1366 930 1438 ψυχῆς
961 1366 988 1418 ὁ
1018 1367 1264 1432 διάϐολος
1283 1407 1298 1433 ,
1333 1369 1432 1432 τὰς
1462 1372 1604 1426 κατὰ
1632 1373 1730 1442 τῆς
1771 1368 1950 1440 ψυχῆς

360 1456 774 1529 θανατηφόρους
803 1477 866 1512 συ
875 1459 1143 1531 μϐουλάς.

436 1569 455 1602 ι
496 1549 764 1621 Ἐγενήοη
793 1549 990 1620 γέλως.
1030 1570 1050 1602 ι
1089 1553 1150 1604 Ὀ
1193 1551 1292 1621 μὲν
1331 1553 1557 1622 Κύριος,
1588 1550 1666 1623 τῷ
1690 1554 1797 1606 τῶν
1820 1553 1951 1608 ἀπί-

361 1659 501 1694 στων
526 1658 540 1673 ·
568 1645 602 1711 ή
625 1643 682 1695 δὲ
708 1642 855 1713 ψυχὴ
877 1646 988 1706 τοῖς
1010 1643 1120 1696 τῶν
1142 1643 1415 1712 δαιμόνων
1444 1643 1732 1714 πλήθεσιν.

435 1755 454 1788 ι
490 1736 720 1806 Ψαλμὸς
743 1735 944 1790 αὐτῶν.
982 1737 1158 1790 »Ἀντὶ
1187 1736 1305 1800 τοῦ,
1335 1736 1662 1808 εὐφροσύνη,
1701 1738 1864 1810 χαρά.

432 1850 455 1884 ι
509 1832 810 1906 Ἐχόρτασέ
863 1850 950 1903 με.
995 1853 1013 1885 ι
1058 1833 1169 1887 Καὶ
1225 1833 1336 1905 γὰρ
1375 1833 1541 1904 χολὴν
1588 1835 1752 1888 αὐτὸν
1781 1837 1839 1888 ἐν
1876 1834 1954 1907 τῷ

361 1923 582 1995 σταυρῷ
603 1925 861 1978 ὲπὸτισαν
887 1942 900 1956 ’
939 1925 1130 1996 πικρία
1157 1925 1215 1978 δὲ
1240 1926 1334 1980 καὶ
1365 1925 1466 1998 τῆς
1496 1926 1677 1998 ψυχῆς
1700 1928 1732 2000 ἡ
1773 1927 1955 2000 ἁμαρ-

306 2030 310 2034 ‘
360 2015 519 2074 τίαο,

435 2129 454 2162 ι
488 2110 598 2164 Καὶ
641 2110 863 2176 ἐξέϐαλε
884 2111 1072 2186 ψήφῳ.
1094 2131 1112 2163 ι
1169 2111 1226 2165 Ὁ
1258 2113 1356 2184 μὲν
1394 2114 1622 2185 Κύριος,
1653 2116 1840 2185 φησὶν,
1865 2116 1954 2171 διὰ

357 2201 420 2253 τὸ
443 2201 608 2271 μηδὲν
635 2202 854 2272 Πιλάτῳ
880 2203 1306 2274 ἀποκρίνασθαι.
1338 2204 1404 2258 Ἢ
1429 2205 1489 2259 δὲ
1509 2206 1656 2278 ψυχὴ
1677 2207 1848 2276 λέγει,
1871 2209 1953 2262 ὅτι

371 2285 431 2339 ’0
452 2286 696 2351 διάϐολος
722 2291 788 2360 τῇ
825 2288 1135 2363 πανουργίᾳ
1157 2295 1223 2365 τῇ
1247 2295 1345 2365 τῆς
1361 2293 1636 2366 ἁμαρτίας
1662 2298 1732 2350 τὰ
1759 2297 1953 2369 αἰσθη-

360 2381 528 2450 τήριά
559 2397 662 2448 μου
692 2381 1114 2452 ὲξημαύρωσεν.
1242 2422 1244 2424 τ
1350 2409 1357 2416 ·

439 2489 458 2522 ι
486 2470 596 2522 Καὶ
625 2468 906 2525 ἀπώσατο.
953 2492 971 2524 ι
1019 2473 1076 2526 Ὁ
1100 2473 1200 2543 μὲν
1225 2474 1498 2530 Ἰουδαίων
1519 2475 1667 2542 λαδς,
1695 2477 1771 2549 μὴ
1802 2477 1955 2550 Θελὴο

362 2575 462 2620 σας
517 2558 832 2631 εἰρηνεῦσαι
891 2561 1028 2632 πρὸς
1075 2562 1167 2617 τὸν
1226 2563 1433 2618 ἑαυτοῦ
1477 2565 1707 2638 Σωτῆρα
1745 2584 1760 2599 ⁸
1809 2571 1840 2624 ὁ
1895 2568 1953 2622 δὲ

359 2649 607 2714 διάϐολος
628 2690 643 2715 ,
676 2653 742 2705 ἐκ
765 2651 866 2722 τῆς
898 2653 1124 2726 εἰρήνης
1170 2656 1264 2709 τοῦ
1300 2655 1437 2711 Θεοῦ
1458 2659 1558 2728 τὴν
1600 2659 1784 2732 ψυχὴν
1815 2661 1954 2717 ἀπο-

362 2743 588 2814 στήσας.
1564 2816 1572 2823 _

433 2854 453 2885 ι
484 2836 594 2889 Καὶ
625 2831 778 2902 εἶπα,
803 2835 1098 2891 Ἀπώλετο.
1138 2857 1157 2890 ι
1188 2839 1373 2894 Ταῦτα
1400 2843 1427 2895 ὁ
1464 2843 1656 2915 Σωτὴρ
1684 2847 1814 2917 περὶ
1853 2861 1949 2903 τοο

357 2926 628 2983 Ἰουδαίων
649 2929 780 2984 λαοῦ
807 2933 970 3002 φησὶν
997 2971 1013 2996 ,
1040 2931 1098 2996 ὃς
1130 2933 1398 3006 πρότερον
1421 2937 1758 3009 κληρονομία
1781 2939 1947 2994 αὑτοῦ

359 3015 451 3089 ἦν,
486 3023 579 3073 καὶ
600 3022 754 3084 ἐλπὶς
785 3025 1161 3094 καυχήματος.
1192 3028 1359 3094 Φησὶν
1393 3028 1451 3082 δὲ
1482 3029 1577 3083 καὶ
1605 3032 1638 3102 ἡ
1671 3031 1839 3104 ψυχὴ,
1866 3033 1948 3087 ὄτι

362 3111 790 3194 Πληθυνθεισιρν
813 3133 914 3185 μου
940 3117 1048 3170 τῶν
1081 3119 1362 3188 ἁμαρτιῶν
1384 3123 1656 3196 ὑπενόησα
1685 3129 1786 3198 τὴν
1819 3130 1947 3184 ἀνά·-

362 3191 558 3276 κλησίν
593 3225 696 3278 μου
731 3210 805 3279 μὴ
845 3206 1007 3266 εἶναι.

438 3318 457 3348 ι
483 3301 816 3372 Ἐμνήσϐην.
847 3321 866 3354 ι
887 3303 945 3357 '0
984 3303 1176 3376 Σωτήρ
1201 3323 1389 3378 φησιν,
1417 3308 1498 3362 ὅτι
1537 3310 1811 3379 Μνησθεὶς
1846 3312 1948 3380 τῆς

361 3392 615 3446 ἑκουσίου
668 3395 954 3460 κενώσεως
1007 3407 1132 3468 μου,
1183 3402 1277 3452 καὶ
1322 3400 1432 3452 τῶν
1479 3400 1690 3465 παθῶν,
1719 3396 1794 3455 ὧν
1845 3403 1946 3456 ὐπ-

362 3483 575 3551 έμεινα,
618 3486 713 3538 καὶ
756 3485 932 3540 ταῦτα
978 3488 1141 3558 ἔχων,
1174 3491 1270 3545 καὶ
1298 3490 1583 3559 φυλάττων
1609 3493 1670 3547 ὲν
1697 3495 1944 3566 ἐμαυτῷ,

293 3593 300 3597 ·
361 3575 641 3644 ὑπομένω,
668 3578 757 3632 ἴνα
808 3582 873 3650 τῇ
928 3581 1284 3654 μακροθυμίᾳ
1353 3583 1449 3636 καὶ
1495 3585 1620 3649 τοὺς
1663 3585 1948 3652 Ἰουδαίους

361 3670 629 3740 κερδήσω.
659 3671 754 3725 Ἐκ
800 3673 856 3724 δὲ
900 3674 995 3726 τοῦ
1036 3674 1333 3746 προσώπου
1379 3675 1475 3730 τοῦ
1524 3679 1948 3750 ἁμαρτήσαντος

357 3762 500 3816 οὕτω
525 3765 741 3832 νοήσεις
759 3779 772 3792 ·
807 3766 1109 3836 Πτωχείας,
1147 3771 1244 3836 τῆς
1270 3769 1478 3838 τροπῆς
1497 3786 1512 3800 ·
1549 3771 1690 3840 μετὰ
1715 3773 1824 3842 γὰρ
1847 3773 1948 3841 τὴν

357 3855 569 3926 τροπὴν
599 3855 863 3928 διωγμοῖς
891 3859 1166 3929 ἁμαρτίας
1197 3860 1552 3932 παραδίδοται
1584 3865 1617 3934 ἠ
1645 3863 1814 3935 ψυχή.

435 4056 454 4088 ι
487 4035 720 4108 Πικρίας
755 4053 881 4107 μου.
915 4057 934 4090 ι
969 4037 1090 4092 Τῶν
1129 4039 1460 4111 συμϐάντων
1497 4058 1588 4113 μοι
1619 4041 1678 4097 ὲν
1702 4043 1768 4113 τῇ
1792 4041 1949 4114 χώρᾳ

356 4128 460 4198 τῆς
493 4122 793 4199 ἁμαρτίας.

435 4238 455 4272 ι
506 4221 616 4274 Καὶ
663 4220 1123 4294 καταδολεσχήσει
1180 4221 1270 4278 ἐπ’
1307 4224 1409 4294 ἐμὲ
1456 4225 1489 4294 ή
1537 4224 1683 4296 ψυχή
1740 4243 1866 4296 μου.
1921 4245 1940 4278 ι

357 4311 544 4366 Ταῦτα
577 4314 633 4365 ἐν
658 4313 826 4384 ἑαυτῇ
858 4313 1146 4384 μελετῶσα
1173 4306 1591 4384 καταγνώσεται
1618 4318 1839 4388 ἑαυτῆς.

2054 453 2276 505 conditis
2307 468 2457 520 vero,
2487 454 2591 536 hoc
2629 464 2714 512 est
2763 456 3146 526 fraudulentis,
3199 475 3297 533 per
3355 472 3640 534 peccatum

2053 554 2213 599 antea
2248 545 2494 602 turbans.

2128 719 2193 777 ν.
2227 722 2370 776 11.·‹
2407 721 2734 780 Persecutus
2764 735 2868 782 est.
2911 746 2928 778 ι
2969 727 3086 786 Iloc
3112 739 3216 794 est,
3250 703 3584 802 prostravit.

2127 821 2190 876 ν.
2228 820 2312 874 12.
2351 818 2654 876 r'l‘etendit
2704 837 2914 877 arcum.
2943 840 2962 873 ι
3020 822 3335 878 Iudaeorum
3386 826 3636 906 populus,

2008 902 2016 910 ’
2055 912 2336 982 quibusvis
2368 928 2498 966 usus
2525 912 2582 966 in
2619 911 2908 967 Dominum
2973 915 3278 976 maledictis
3312 924 3369 970 et
3429 903 3638 970 Calum-

2023 1005 2163 1059 ‘niis
2192 1023 2205 1060 :
2237 1005 2322 1060 vel
2345 1006 2462 1076 ipse
2483 998 2756 1072 diabolus,
2786 1005 2970 1062 anima
3001 1007 3054 1062 in
3106 1022 3261 1062 suam
3310 1019 3638 1078 potestatem
3706 1003 3710 1007 ’

2056 1097 2295 1151 redacta.
2541 1148 2543 1151 ,
3033 1127 3040 1132 -
3397 1141 3401 1144 .

2130 1189 2194 1244 V.
2228 1192 2313 1247 15.
2351 1211 2369 1242 ι
2399 1191 2911 1248 Immisitinrenes.
2948 1209 2966 1244 ι
3015 1191 3296 1250 Adversus
3349 1191 3638 1247 Dominum

2057 1285 2349 1354 petitiones
2375 1285 2441 1340 ad
2481 1294 2744 1350 mortem;
2777 1285 3038 1340 adversus
3061 1299 3193 1340 vero
3218 1286 3456 1341 animam
3517 1284 3638 1341 dia-

2056 1375 2216 1431 bolus
2244 1376 2460 1430 Iethalia
2485 1377 2537 1441 in
2569 1376 2740 1446 ipsam
2767 1377 3014 1432 consilia.

2129 1545 2304 1603 v.14.
2340 1568 2357 1598 ι
2397 1549 2593 1604 Factus
2627 1566 2770 1605 sum.
2806 1569 2824 1602 ι
2871 1551 3136 1609 Dominus
3179 1556 3403 1628 quidem
3444 1555 3638 1614 inﬁde-

2060 1636 2202 1692 libus
2242 1656 2255 1691 :
2297 1639 2476 1694 anima
2507 1655 2636 1695 vero
2673 1640 2980 1695 daemonum
3010 1643 3366 1700 multitudini.

1986 1733 2029 1787 Β
2135 1747 2154 1780 ι
2185 1729 2431 1786 l’sahnus
2454 1746 2666 1786 eorum.
2699 1750 2718 1783 ι
2750 1732 2806 1786 Id
2845 1741 2930 1787 est
2950 1733 3142 1789 laetitia
3161 1746 3217 1790 et
3236 1738 3516 1808 gaudium.

2129 1821 2193 1875 V.
2223 1823 2309 1878 15.
2343 1839 2366 1876 ι
2403 1824 2803 1880 Saturavitmc.
2830 1845 2848 1877 ι
2885 1827 3030 1882 Felle
3050 1829 3195 1883 enim
3225 1831 3279 1884 in
3305 1846 3470 1888 cruce
3487 1833 3636 1889 illum

2056 1925 2420 1986 potaverunt;
2450 1919 2754 1976 amaritudo
2784 1936 2914 1976 vero
2943 1921 3326 1982 etiamanimae
3353 1937 3637 1996 peccatum

2053 2019 2156 2064 est.
2367 2040 2369 2043 ·
2666 2065 2669 2068 .

2125 2099 2190 2156 ν.
2215 2100 2304 2156 16.
2338 2119 2359 2155 ι
2384 2103 2454 2158 Ει
2476 2103 2637 2174 ejecit
2665 2105 2895 2161 calculo.
2925 2123 2944 2159 ι
2978 2105 3242 2165 Dominus
3261 2109 3483 2182 quidem
3512 2112 3636 2183 quia

2053 2193 2295 2248 Pilato"
2326 2196 2535 2250 nullum
2557 2196 2710 2252 dedit
2740 2212 3084 2268 responsum.
3115 2201 3308 2258 Anima
3341 2218 3471 2258 vero
3523 2205 3640 2261 haec

2054 2285 2149 2352 ait,
2183 2287 2309 2356 quia
2357 2286 2610 2344 Diabolus
2647 2289 2856 2360 peccati
2901 2291 3195 2348 calliditate
3238 2309 3434 2352 sensus
3487 2312 3639 2354 meos

2053 2379 2385 2436 obscuravit.

2045 2519 2051 2524 .
2127 2468 2191 2524 ν.
2224 2473 2310 2526 17.
2347 2490 2366 2523 ι
2402 2471 2467 2527 Ει
2493 2474 2712 2544 repulit.
2752 2494 2771 2527 ι
2812 2475 3128 2533 Iudaeorum
3158 2479 3381 2562 quidem
3401 2483 3639 2554 populus

2053 2575 2244 2632 pacem
2267 2563 2460 2619 nolens
2513 2580 2636 2620 cum
2665 2581 2764 2621 suo
2823 2566 3145 2637 Salvatore;
3198 2571 3452 2629 diabolus
3507 2589 3637 2630 vero

2052 2653 2290 2709 animant
2315 2671 2346 2709 a
2375 2671 2511 2726 pace
2533 2657 2628 2712 Dei
2667 2658 2982 2716 deturbans.
3220 2675 3222 2677 ’

2124 2853 2188 2909 V.
2215 2855 2302 2910 18.
2327 2873 2348 2907 ι
2375 2855 2445 2911 Et
2476 2857 2585 2912 dixi
2611 2875 2624 2912 :
2649 2857 2832 2916 Periit.
2867 2880 2887 2915 ι
2920 2857 3046 2918 Haec
3078 2862 3326 2922 Salvator
3353 2867 3423 2923 de
3454 2867 3638 2932 Iudai-

2050 2962 2117 3003 co
2145 2950 2360 3019 'populo
2394 2950 2489 3013 ait,
2511 2951 2610 3021 'qui
2641 2953 2768 3007 olim
2808 2953 2981 3010 haeres
3032 2955 3174 3012 illius
3229 2969 3368 3028 erat,
3409 2943 3475 3017 et.
3513 2977 3640 3032 spes

2051 3039 2256 3110 gloriae.
2276 3041 2367 3096 Ait
2391 3058 2609 3113 quoque
2638 3044 2820 3101 anima
2843 3064 2856 3100 :
2879 3047 3248 3118 Mulliplicatis
3276 3051 3413 3107 meis
3435 3053 3638 3124 iniqui-

2056 3131 2278 3197 tatibus,
2308 3135 2582 3205 suspicata
2612 3152 2752 3203 sum,
2793 3154 2900 3194 non
2929 3139 3045 3196 fore
3087 3155 3176 3197 me
3209 3144 3444 3214 amplius
3477 3162 3637 3202 revo-

2050 3224 2300 3280 candam.
3046 3256 3048 3259 '

2121 3313 2186 3369 V.
2218 3315 2304 3370 I9.
2358 3335 2378 3369 ι
2426 3317 2957 3380 Recordatussum.
3019 3344 3038 3378 ι
3083 3319 3334 3383 Salvator
3362 3328 3480 3387 hate
3519 3332 3636 3387 ait:

2048 3406 2385 3465 Recordatus
2433 3427 2570 3467 mete
2617 3424 2931 3484 spontanea:
2963 3418 3371 3488 exinanitionis,
3423 3427 3638 3495 passio-

2046 3513 2290 3570 numque
2332 3517 2469 3573 quas
2515 3507 2736 3575 pertuli,
2773 3517 2829 3564 et
2867 3509 2982 3566 haec
3022 3513 3250 3581 habens,
3303 3531 3639 3589 servansque

2047 3591 2102 3646 in
2159 3608 2246 3649 me
2297 3595 2436 3664 ipso,
2501 3601 2769 3665 sustineo,
2813 3612 2873 3658 ut
2920 3605 3206 3663 tolerantia
3251 3624 3371 3664 mea
3421 3604 3637 3668 Iudaeas

2046 3673 2263 3754 quoque
2318 3687 2674 3746 lucrifaciam.
2740 3693 2820 3749 Ex
2867 3712 3101 3766 persona
3157 3718 3288 3758 vero
3331 3708 3636 3774 peccatoris

2048 3773 2127 3828 sic
2193 3775 2511 3848 intelliges:
2557 3781 2936 3853 Paupertatis.
2990 3789 3093 3845 hoc
3151 3801 3236 3847 est
3283 3773 3634 3864 mutationis;

2048 3863 2334 3923 immutata
2364 3871 2509 3926 enim
2532 3874 2730 3941 anima,
2761 3883 3231 3947 persecutionibus
3281 3887 3488 3957 peccati
3525 3897 3636 3944 tra-

2047 3953 2212 4010 ditur.

2124 4063 2143 4097 ι
2176 4045 2567 4108 Amaritudinis
2597 4069 2752 4112 meae.
2801 4075 2819 4109 ι
2875 4057 3009 4125 Qum
3056 4061 3191 4117 mihi
3226 4065 3546 4123 acciderunt
3578 4069 3633 4126 in

2048 4137 2270 4207 regione
2294 4143 2523 4210 peccati.

2118 4230 2184 4286 ν.
2222 4235 2313 4290 20.
2351 4255 2368 4288 ι
2401 4225 2470 4293 Et
2491 4243 2835 4299 exercebitur
2864 4246 2926 4301 in
2959 4263 3050 4303 me
3077 4249 3258 4307 anima
3285 4267 3428 4308 mea.
3460 4272 3481 4306 ι
3511 4254 3639 4310 llaec

2049 4341 2234 4382 secum
2261 4328 2490 4400 agitans,
2530 4336 2890 4407 semetipsam'
2912 4341 3318 4401 condemnabit.

435 4423 454 4456 t
486 4403 703 4475 Ταύτην
729 4405 894 4472 τάξω.
925 4425 942 4457 ι
983 4407 1094 4476 Τὴν
1143 4408 1385 4479 μνήμην,
1417 4411 1574 4494 φησὶ,
1624 4411 1724 4481 τῆς
1763 4428 1934 4466 καταο

2117 4415 2181 4470 ν.
2234 4417 2322 4473 21.
2389 4438 2409 4472 ι
2447 4419 2600 4479 Hanc
2634 4403 2852 4494 ponam.
2895 4447 2914 4480 ι
2960 4429 3300 4499 Memoriam,
3351 4435 3447 4503 ait,
3503 4451 3636 4493 con-

357 4494 612 4564 γνώσεως
647 4495 1060 4565 ὲναποΘήσομαι
1087 4499 1150 4567 τῇ
1178 4497 1422 4567 ἐμαυτοῦ
1455 4491 1672 4571 καρδίᾳ.

437 4605 455 4637 ι
487 4586 586 4639 Διὰ
615 4586 774 4639 τοῦτο
807 4586 1083 4656 ὑπομενῶ.
1116 4608 1135 4637 ι
1168 4588 1225 4642 Ὀ
1253 4589 1366 4658 γὰρ
1391 4588 1566 4654 εἰδὼς,
1598 4591 1682 4644 ὃτι
1714 4591 1779 4644 ὲκ
1812 4607 1945 4660 προ-

358 4678 626 4749 αιρέσεως
657 4679 929 4748 ἥμαρτεν,
961 4678 1223 4748 ὑπομένει
1253 4674 1348 4732 τοῦ
1371 4679 1508 4734 Θεοῦ
1537 4679 1638 4751 τὴν
1661 4681 1941 4744 παιδείαν,

360 4768 570 4821 καὶτὸν
601 4765 662 4830 ἐξ
690 4766 856 4818 αὑτοῦ
888 4766 1060 4820 ἔλεον.
1181 4761 1190 4769 ’

437 4875 456 4908 ι
487 4857 599 4910 Καὶ
626 4856 906 4925 ὑπομενεῖ.
938 4875 958 4909 ι
983 4857 1248 4925 Βεϐαίως,
1284 4861 1471 4928 φησὶν,
1499 4859 1714 4913 ὲλπίσει
1740 4862 1820 4923 είς
1848 4860 1947 4933 τὴν

355 4946 453 5001 τοῦ
487 4945 728 4999 Χοιστοῦ
762 4947 857 5000 καὶ
891 4947 1146 5018 Σωτῆρος
1192 4947 1466 5019 βοήθειαν.
1505 4949 1618 5003 Καὶ
1651 4950 1813 5015 αὐτὸς
1839 4953 1948 5022 γάρ

359 5039 476 5090 ἐστι
505 5051 564 5091 το
595 5038 865 5108 σωτήριον
909 5036 1003 5090 τοῦ
1043 5039 1247 5109 Κυρίου
1293 5037 1434 5092 κατὰ
1477 5039 1569 5093 τὸν
1602 5039 1826 5111 Συμεὼν
1857 5040 1947 5094 λέ-

358 5143 556 5202 γονταο
589 5128 723 5184 ’Ότι
753 5125 919 5185 εἶδον
961 5133 1016 5185 οἱ
1056 5132 1354 5202 ὀφθαλμοί
1386 5147 1506 5202 μοι)
1551 5132 1616 5187 τὸ
1648 5135 1948 5202 σωτήριόν

359 5237 496 5276 σου.

437 5329 456 5362 ι
489 5311 802 5382 Καθήσεται
850 5313 992 5367 κατὰ
1039 5313 1230 5384 μόνας.
1262 5333 1282 5368 ι
1328 5316 1400 5369 Τὸ
1443 5315 1553 5370 τῶν
1603 5317 1945 5390 νεωτερικῶν

357 5403 618 5476 πράξεων
648 5406 1059 5479 παιδευτήριον.

431 5515 452 5550 ι
480 5494 818 5568 Καθήσεται.
851 5517 870 5551 ι
919 5497 1180 5569 Ἐμμὲνει
1229 5501 1299 5570 τῇ
1349 5499 1603 5572 ἀληθείᾳο
1655 5503 1795 5577 αὕτη
1840 5505 1963 5576 γὰρ,

433 5677 478 5709 ⁸⁷
501 5677 694 5733 Matth.
735 5694 908 5741 xxvn,
934 5678 1023 5731 H.
1098 5680 1142 5711 ’⁵⁸
1175 5681 1308 5738 Luc.
1341 5701 1398 5751 ιι,
1428 5686 1518 5742 '50.

601 5775 870 5835 ΡΑτιιοι..
903 5775 1019 5834 GR.
1048 5776 1253 5838 XCIII.

2051 4506 2415 4566 demnationis
2453 4515 2746 4569 recondam
2781 4517 2836 4571 in
2868 4533 2990 4574 meo
3013 4522 3198 4577 corde.

2130 4617 2150 4651 ι
2185 4599 2416 4670 Propter
2456 4605 2562 4659 hoc
2620 4607 2921 4664 sustinebo.
2963 4629 2982 4662 ι
3019 4609 3123 4678 Qui
3177 4614 3324 4669 enim
3379 4631 3438 4672 se
3485 4622 3639 4674 novit

2052 4690 2331 4747 voluntate
2379 4709 2669 4764 peccasse,
2735 4697 2831 4754 Dei
2881 4705 3280 4774 corrcptionem
3321 4709 3632 4776 sustinebit,

2053 4782 2278 4853 ejusque
2311 4786 2761 4845 misericordiam.
2815 4793 2820 4800 “
3354 4834 3362 4838 -

2127 4875 2192 4929 ν.
2215 4877 2305 4931 26.
2339 4895 2358 4928 ι
2393 4877 2460 4932 Et
2479 4882 2792 4937 sustinebit.
2828 4902 2847 4936 ι
2893 4886 3165 4955 Firmiter,
3187 4888 3283 4957 ait,
3315 4893 3557 4970 sperabit
3579 4884 3636 4948 iri

2055 4964 2256 5020 Christi
2293 4969 2589 5027 Salvatoris
2616 4987 2797 5042 opem.
2833 4973 2955 5046 Ipse
2979 4980 3125 5034 enim
3153 4983 3390 5040 salutare
3419 4967 3635 5040 Domini

2053 5058 2355 5114 secundum
2392 5061 2703 5117 Simeonem
2734 5065 3008 5124 dicentem
3041 5087 3055 5125 :
3097 5069 3360 5138 Quoniam
3391 5075 3634 5132 viderunt

2053 5150 2190 5204 oculi
2220 5153 2322 5206 mei
2349 5153 2587 5209 salutare
2616 5159 2840 5214 tuum”.
2940 5158 2948 5166 ’

2128 5324 2194 5380 ν.
2231 5325 2324 5382 28.
2354 5345 2372 5378 ι
2406 5325 2628 5384 Sedebit
2657 5330 2952 5388 solitarius.
3005 5351 3024 5384 ι
3056 5333 3386 5392 Juvenilium
3419 5349 3636 5397 actuum

2056 5416 2426 5481 docendorum
2453 5421 2627 5476 locus.
3026 5436 3034 5441 '

2134 5527 2153 5562 ι
2207 5510 2448 5567 Sedebit.
2497 5531 2516 5566 ι
2565 5513 2812 5587 Persistit
2866 5516 2921 5572 in
2982 5517 3246 5590 veritate;
3309 5522 3424 5594 ipsa
3491 5525 3637 5582 enim

3250 5804 3325 5864 Ἃ
