4028 6226
347 369 454 436 757

1334 355 1916 422 FRAGMENTA-IN
1951 354 2224 420 JEREM.
2265 354 2594 416 LAMENT.

3508 343 3626 408 758

430 497 447 530 ι
499 477 627 530 Ἐπὶ
649 473 760 530 τῶν
787 473 981 545 ὀρέων.
1019 492 1035 523 3
1064 471 1202 543 Πρὸς
1240 471 1338 541 μὲν
1368 470 1552 541 ῥητὸν,
1586 469 1667 521 ὅτι
1696 467 1936 528 καὶτοὺς

2116 457 2335 530 «Super
2394 470 2628 516 montes.
2670 480 2690 513 3
2728 461 2812 516 Ad
2857 460 3117 525 litteram,
3166 457 3294 528 quia
3353 452 3627 538 fugientes

353 573 414 626 ἐν
455 571 566 634 τοῖς
615 569 767 642 ὖρεσι
817 567 1113 638 φεύγοντας
1156 562 1672 634 καταλαμὸάνοντες
1731 561 1780 612 οἱ
1842 575 1942 611 πο-

356 662 534 735 λέμιοι
590 660 872 734 ἔφθειρον·
909 658 1044 728 πρὸς
1075 657 1131 709 δὲ
1184 655 1445 728 διάνοιαν,
1472 653 1598 706 Ἐπὶ
1627 650 1735 705 τῶν
1767 651 1938 720 Omp-

356 758 562 826 όγκων,
593 753 747 824 φησὶ,
778 751 1028 824 πράξεων
1057 746 1448 818 ἐξεκαύθησαν.
1499 769 1507 777 ·

441 865 464 898 σ
514 845 602 898 Ἐν
632 845 847 916 ἐρήμῳ.
899 863 918 895 3
966 843 1055 896 Ἐν
1100 839 1494 910 ἀπανθρώπως
1535 828 1798 908 τράποις.

440 957 461 989 ι
501 936 728 1006 Πνεῦμα
775 933 1124 1006 προσώπου.»
1181 931 1328 984 Ἀντῖ
1367 928 1483 994 τοῦ,
1531 928 1704 993 Αὐτὸς
1747 928 1781 1002 ὴ
1830 923 1946 999 ζωὴ

363 1031 542 1102 ἡμῶν·
566 1029 728 1093 αὐτὸς
762 1027 795 1097 ὴ
828 1027 975 1097 ψυχὴ
1001 1025 1182 1096 ἡμῶν.
1213 1043 1230 1076 3

444 1140 462 1172 ι
506 1117 842 1190 Συνελήφθη.
873 1137 892 1169 3
933 1117 1031 1170 Διὰ
1062 1115 1170 1188 γὰρ
1195 1113 1293 1178 τὰς
1320 1113 1595 1186 ἁμαρτίας
1625 1112 1782 1184 ἡμῶν
1803 1127 1946 1182 παρ-

363 1214 541 1284 εδόθη.

437 1327 458 1360 1
496 1299 571 1360 Oi}
591 1305 851 1373 εἴπαμεν,
886 1323 903 1355 3
950 1297 1020 1374 ᾯ
1057 1302 1514 1374 ὡμολογήσαμεν,
1543 1301 1620 1364 ὡς
1647 1300 1740 1354 ὑπ’
1779 1293 1944 1353 αὐτοῧ

364 1393 697 1462 σκεπόμενοι
729 1391 1190 1462 φυλαχθησόμεθα
1229 1389 1336 1442 ἀπὸ
1359 1388 1465 1442 τῶν
1489 1387 1766 1442 ἐναντίων.

440 1503 459 1534 ι
497 1485 669 1555 Χαῖρε
701 1485 794 1537 καὶ
815 1483 1131 1554 εὐφραίνου.
1171 1501 1188 1534 3
1221 1481 1289 1535 Ἢ
1331 1480 1607 1552 Ἰδουμαία
1636 1480 1726 1534 ἀεὶ
1752 1479 1848 1532 ἐπὶ
1879 1475 1962 1550 τῇ·

362 1577 690 1648 παλαιότητι
726 1578 824 1644 τῆς
854 1577 1130 1645 ἁμαρτίας
1161 1573 1521 1645 λαμϐάνεται.

441 1687 458 1717 ι
496 1668 674 1737 Καίγε
706 1669 797 1721 ἐπὶ
833 1668 892 1721 σὲ
923 1666 1258 1720 διελεύσεται
1283 1665 1344 1719 rb
1382 1667 1640 1736 ποτήριον
1667 1664 1895 1735 Κυρίου.
1921 1677 1942 1717 3

2038 548 2205 608 etiam
2232 553 2300 608 ad
2327 563 2541 609 montes
2585 553 3128 624 comprehendebant
3166 549 3355 605 hostes
3399 535 3458 601 et
3503 553 3628 598 tru-

2041 647 2334 713 cidabant;
2367 648 2433 702 ad
2457 637 2681 722 sensum
2710 661 2842 703 vero
2871 648 3142 710 altiorem,
3167 645 3249 701 Ab
3275 640 3498 707 inﬂatis,
3529 638 3622 702 ait,

2042 739 2352 795 actionibus
2375 747 2723 794 exarserunt.

2119 849 2138 884 ι
2187 833 2244 887 In
2269 832 2508 888 deserto.
2542 849 2560 882 3
2595 830 2914 886 inhumanis
2937 829 3132 885 modis.

2114 921 2295 980 v.20.
2332 943 2351 977 ι
2387 924 2627 995 Spiritus
2661 923 2775 978 oris
2804 922 2998 978 nostri.
3039 941 3057 974 3
3109 919 3170 974 ld
3221 925 3326 985 est,
3355 916 3480 988 ipse
3516 913 3629 967 vita

2045 1028 2229 1074 nostra
2255 1035 2270 1085 ;
2300 1016 2415 1087 ipse
2443 1017 2624 1072 anima
2647 1024 2855 1071 nostra.

2119 1129 2139 1164 ι
2175 1111 2378 1182 Captus
2401 1119 2504 1166 est.
2550 1129 2569 1162 3
2595 1109 2824 1180 Propter
2850 1107 2999 1164 enim
3044 1104 3360 1177 iniquitates
3415 1107 3628 1154 nostras

2049 1205 2278 1261 traditus
2307 1214 2412 1260 est.
2448 1204 2454 1209 ’

2122 1317 2142 1350 ‹
2181 1297 2255 1352 De
2286 1313 2396 1368 quo
2418 1296 2668 1351 diximus.
2703 1314 2721 1347 3
2747 1294 2850 1349 Cui
2873 1293 3106 1364 professi
3133 1305 3343 1354 sumus,
3377 1284 3520 1356 quod
3563 1282 3630 1336 ab

2043 1387 2168 1464 ipso
2193 1386 2447 1457 protecti,
2474 1386 2606 1440 salvi
2635 1385 2704 1439 ab
2730 1384 2984 1439 hostibus
3008 1383 3233 1438 erimus.

2119 1477 2183 1531 γ.
2215 1477 2305 1531 21.
2342 1497 2360 1528 ι
2387 1476 2580 1532 Gaude
2601 1487 2654 1530 et
2701 1477 2908 1530 laetare.
2952 1494 2971 1526 3
3005 1474 3236 1528 ldumaea
3268 1487 3483 1542 semper
3532 1485 3630 1540 pro

2047 1579 2324 1627 vetustate
2351 1570 2564 1642 peccati
2588 1569 2874 1639 accipitur.

2125 1681 2145 1713 ι
2184 1659 2360 1716 Etiam
2416 1675 2583 1730 super
2641 1668 2697 1715 te
2747 1644 3004 1714 transibit
3030 1658 3167 1712 calix
3200 1655 3438 1708 Domini.
3477 1674 3494 1705 ι
3531 1653 3633 1706 Ve-

363 1758 634 1830 Σημαίνει
669 1761 736 1831 τῇ
779 1759 1102 1828 παλαιότητι
1141 1757 1241 1826 τῆς
1279 1742 1556 1828 ἁμαρτίας
1583 1757 1611 1809 ὁ
1663 1759 1949 1828 προφήτης

2067 1753 2239 1809 ιοειοιὶ
2269 1752 2480 1824 peccati
2507 1752 2839 1823 praenuntiat
2886 1751 3151 1821 propheta
3181 1749 3428 1812 calicem,
3468 1746 3522 1800 id
3552 1753 3635 1798 est

362 1855 645 1922 ποτήριον,
662 1851 761 1924 τὴν
792 1851 879 1905 διὰ
906 1849 1000 1904 τοῦ
1035 1849 1269 1920 σταυροῦ
1294 1849 1591 1920 ἀναίρεσιν.
1620 1849 1785 1902 Ὥστε
1809 1843 1948 1902 κατὰ

2067 1847 2170 1916 ejus
2193 1861 2288 1916 per
2315 1859 2533 1901 crucem
2578 1846 2896 1909 interitum;
2939 1843 3018 1897 ita
3056 1851 3113 1896 ut
3161 1857 3260 1911 per
3313 1839 3632 1894 ebrietatem

362 1944 464 2014 τὴν
495 1944 688 2014 μέθην,
724 1944 820 1997 καὶ
865 1943 1096 2015 πτῶσιν,
1154 1944 1248 1997 καὶ
1294 1942 1573 2012 περισσῶς
1613 1942 1949 1996 ἐκτείνεσθαι

364 2032 540 2102 αὐτῆς
574 2031 812 2097 εἰσάπαξ
839 2032 940 2104 τὴν
977 2033 1278 2088 ἀπώλειαν,
1322 2016 1529 2102 Τδγάρ
1561 2033 1860 2101 ἀποχεεῖς,
1890 2033 1950 2085 τδ

363 2123 445 2186 είς
471 2123 647 2177 αἰῶνα
677 2123 1021 2178 ἐκτείνεσθαι
1047 2124 1216 2195 αὐτῆς
1231 2125 1330 2198 τὴν
1360 2124 1636 2179 ἀπώλειαν
1670 2123 1949 2194 σημαίνει,

361 2214 498 2267 Ὅτε
551 2214 646 2269 καὶ
706 2219 738 2269 ό
789 2213 1048 2284 ἔσχατος
1098 2215 1312 2285 ἐχθρὸς
1371 2210 1743 2285 καταργεῖται
1775 2219 1808 2270 ὁ
1847 2211 1950 2270 θά-

361 2321 567 2372 νατος.
693 2374 699 2380 _
1485 2321 1488 2324 ‘

441 2415 461 2448 ι
512 2397 788 2463 Ἐξέλιπεν
819 2399 854 2468 ἡ
895 2399 1096 2470 ἀνομία
1130 2411 1245 2455 σου.
1289 2415 1309 2451 3
1349 2398 1448 2453 Διὰ
1479 2398 1572 2454 τοῦ
1603 2399 1745 2454 κατὰ
1771 2399 1953 2471 σάρκα

363 2489 597 2543 Θανάτου
629 2493 861 2561 Κυρίου.
906 2560 910 2565 Α
1898 2560 1900 2564 τ

446 2601 464 2632 ι
507 2585 582 2646 Οὐ
615 2585 936 2654 προσθήσει.
977 2602 1002 2637 3'
1029 2584 1200 2637 Τοῦτο
1227 2585 1295 2654 τῇ
1330 2583 1542 2655 ἱστορίᾳ
1567 2584 1664 2655 οὐχ
1697 2583 1949 2656 ἁρμόζει·

365 2673 509 2743 μετᾶ
527 2675 636 2744 γὰρ
661 2675 1040 2739 Βαϐυλωνίους
1065 2676 1226 2730 πάλιν
1259 2675 1654 2746 ἀπῳκίσθησαν
1678 2673 1784 2728 ὑπὸ
1820 2677 1954 2731 Ῥω-

367 2766 564 2834 μαίων,
599 2767 692 2820 καὶ
725 2768 888 2839 μέχρι
936 2767 1030 2821 νῦν
1072 2767 1130 2820 ἐν
1155 2765 1386 2840 ἀποικίᾳ
1415 2767 1537 2819 εἰσί.
1575 2765 1808 2837 Νοήσεις
1834 2762 1949 2834 οὖν,

362 2859 445 2909 ὅτι
481 2858 509 2909 ὁ
555 2859 654 2928 μὲν
701 2859 862 2930 νόμος
909 2859 1035 2930 ἔσχε
1068 2857 1341 2930 διαδοχὴν,
1384 2857 1417 2929 ἠ
1457 2855 1513 2912 δὲ
1543 2858 1702 2930 χάρις
1731 2859 1953 2913 ἀτελεύ-

366 2967 549 3019 τητος.

446 3060 464 3091 ι
503 3041 883 3112 Ἐπεσκέψατο
915 3043 1149 3111 ἀνομίας
1173 3061 1320 3099 σου..
1341 3043 1407 3098 Ἦ
1441 3047 1496 3098 ἐν
1524 3048 1590 3118 τῇ
1624 3043 1950 3116 παλαιότητι
1972 3093 2011 3114 ,

2052 1945 2110 1991 et
2156 1952 2343 1991 casum
2365 1979 2379 2001 ,
2411 1936 2631 2006 penitus
2665 1934 2828 1988 etiam
2853 1933 3000 1986 illius
3032 1931 3190 1984 ruina
3215 1944 3380 1999 supra
3414 1926 3632 1980 modum

2053 2028 2398 2085 extendatur.
2430 2025 2547 2085 Vox
2575 2026 2722 2083 enim
2753 2025 3001 2095 eﬁ‘undes,
3037 2034 3297 2080 aeternam
3336 2019 3452 2074 lore
3491 2017 3635 2071 illius

2053 2121 2395 2177 eversionem
2429 2117 2731 2192 signiﬁcat:
2763 2118 2896 2175 Cum
2919 2126 2970 2173 et
3001 2134 3141 2173 mors
3177 2115 3371 2170 uttima
3415 2110 3634 2166 inimica

2053 2212 2350 2267 destruetur
2369 2209 2447 2265 "‘.

2127 2423 2190 2482 V.
2218 2419 2308 2482 '22.
2343 2447 2362 2480 ι
2403 2423 2611 2483 Deiecit
2642 2425 2909 2498 iniquitas
2938 2436 3052 2483 tua.
3089 2445 3107 2478 3
3126 2425 3234 2482 Per
3267 2431 3501 2478 mortem
3531 2420 3636 2476 Do—

2054 2519 2190 2575 mini
2223 2516 2527 2573 secundum
2561 2525 2803 2574 carnem.

2056 2679 2060 2684 _
2134 2630 2152 2662 ι
2179 2608 2297 2663 Non
2319 2610 2559 2680 adiiciet.
2599 2628 2617 2660 3
2666 2609 2780 2664 lloc
2812 2624 2939 2666 cum
2961 2608 3190 2664 historia
3223 2622 3334 2661 non
3361 2604 3633 2677 congruit,

2056 2717 2290 2770 namque
2324 2711 2446 2771 post
2471 2699 2797 2772 Babylonios
2827 2701 3026 2754 iterum
3057 2716 3087 2754 a
3111 2697 3376 2754 Romanis
3399 2695 3636 2766 dispersi

2055 2801 2203 2855 sunt,
2234 2803 2290 2846 et
2333 2792 2400 2845 ad
2454 2791 2570 2848 haec
2618 2805 2791 2862 usque
2830 2799 3072 2860 tempora
3135 2797 3417 2860 vagantur.
3469 2785 3637 2857 Igitur

2055 2883 2340 2954 intelliges,
2376 2879 2476 2952 legi
2513 2877 2732 2953 quidem
2760 2881 3163 2938 successionem
3198 2880 3402 2948 datam,
3433 2887 3489 2954 at
3510 2892 3636 2947 gra-

2056 2977 2142 3031 tiae
2178 2953 2340 3038 ﬁnem
2379 2974 2589 3030 nullum
2622 2973 2760 3029 fore.
3310 3021 3318 3028 .
3485 2953 3490 2960 ⁵

2131 3087 2150 3119 ι
2191 3063 2444 3121 Visitavit
2495 3065 2809 3136 iniquitates
2865 3073 3005 3119 tuas.
3038 3083 3056 3115 3
3113 3061 3246 3130 Quae
3276 3059 3332 3115 in
3367 3067 3638 3116 vetustate

370 3129 468 3232 τῇς
503 3133 778 3211 ἁμαρτίας
806 3135 973 3188 πάλαι
995 3137 1339 3207 πεφυρμένη,
1372 3137 1570 3208 καὶτῷ
1593 3139 1817 3209 ὀνόματι
1849 3141 1944 3193 αὑ-

2067 3161 2258 3215 ieccati
2289 3153 2418 3213 olim
2453 3155 2756 3226 inquinata,
2791 3156 3123 3226 nominaque
3158 3153 3302 3210 illius
3331 3160 3520 3208 vocata
3555 3165 3633 3204 es.

370 3221 471 3291 τῆς
499 3223 834 3296 κεκλημένη.
875 3243 881 3250 ·

1003 3317 1162 3372 ΚΕΦ.
1231 3318 1308 3372 Ε’.

447 3403 849 3476 α’Κληρονομία
881 3405 1059 3478 ἡμῶν.
1105 3425 1122 3460 3
1174 3407 1328 3462 Μετὰ
1373 3409 1473 3480 τὴν
1517 3407 1761 3481 ἱστορίαν
1808 3407 1951 3464 οὕτω

373 3495 509 3547 νόει·
550 3493 612 3550 Ἣ
644 3498 786 3550 κατὰ
808 3493 972 3567 φύσιν
1001 3500 1288 3572 ἐλευθερία
1331 3496 1646 3574 θποχείεριος
1670 3504 1861 3573 γέγονε
1884 3505 1951 3576 τῇ

369 3587 619 3658 ἁμαρτίᾳ
651 3589 738 3642 διὰ
767 3591 866 3661 τὴν
885 3590 1169 3666 παρακοήν
1202 3593 1304 3665 τὴν
1339 3589 1406 3648 ὲκ
1441 3578 1822 3672 προαιρέσεως

447 3702 467 3733 ι
513 3683 577 3735 (η
634 3683 776 3736 οἴκοι
823 3685 1000 3755 ἡμῶν.
1050 3705 1070 3738 3
1124 3685 1197 3740 Ἦ
1252 3687 1369 3740 τῶν
1417 3688 1803 3760 δικαιωμάτων
1837 3689 1954 3745 δια-

370 3775 532 3843 νομή.
595 3773 828 3827 Συλᾶται
888 3775 997 3846 γὰρ
1049 3777 1156 3831 ὑπὸ
1209 3777 1305 3832 τοῦ
1374 3779 1569 3849 ἐχθροῦ
1628 3784 1656 3835 ὁ
1717 3782 1957 3854 ὑπήκοος

371 3864 544 3936 αὐτῷ.
691 3873 698 3882 ’

451 3976 470 4007 ι
552 3955 814 4028 Ὀρφανοὶ
861 3959 1232 4032 ἐγενήθημεν.
1273 3979 1293 4012 3
1355 3962 1415 4016 ὐ
1457 3963 1616 4031 λόγος
1659 3964 1758 4034 τῆς
1810 3965 1956 4020 διδα-

376 4049 631 4113 σκαλίας.

453 4163 472 4193 ι
531 4143 787 4216 Μητέρες
837 4144 1018 4216 ἡμῶν.
1085 4130 1222 4200 {Ai
1289 4147 1577 4220 ἐκκλησίαι
1633 4151 1693 4204 οὐ
1760 4153 1958 4225 χῆραι,

372 4237 491 4290 ἀλλ’
522 4237 598 4300 ὡς
627 4239 794 4308 χῆραι
819 4232 915 4292 ’διὰ
951 4238 1050 4311 τὴν
1078 4241 1414 4312 πρόσκαιρον
1453 4242 1657 4314 θλίψιν.

450 4348 469 4380 ‹
504 4329 690 4400 ’Ὑδωρ
720 4329 896 4399 ἡμῶν.
927 4349 944 4380 3
980 4331 1091 4402 Τὴν
1117 4331 1223 4402 γὰρ
1246 4333 1471 4404 ’δωρεὰν
1497 4336 1597 4406 τὴν
1629 4338 1963 4409 κεχαρισμέ-

371 4438 473 4491 νην
506 4421 657 4491 παρὰ
688 4422 784 4476 τοῦ
815 4421 956 4478 Θεοῦ
975 4424 1175 4496 πράσει
1195 4426 1469 4480 ὑπέϐαλεν
1489 4431 1521 4498 ἡ
1543 4429 1832 4502 ἐφεΰρεσις
1864 4431 1962 4503 τῆς

373 4513 675 4585 ἁμαρτίας.

449 4624 472 4658 ‹
519 4604 666 4660 Ξύλα
711 4607 890 4678 ἡμῶν.
940 4626 958 4659 ι
1013 4609 1148 4663 ’Ότε
1180 4610 1280 4683 τὴν
1325 4612 1428 4683 γῆν
1469 4607 1568 4683 τῆς
1616 4604 1972 4688 ’ἐπαγγελίας

373 4698 830 4769 ἐκληρονόμησαν
887 4700 995 4753 υἱοὶ
1055 4695 1299 4775 Ἰσραὴλ,
1347 4705 1462 4769 τοῖς
1517 4705 1794 4776 βασιλεῦσι
1839 4709 1961 4763 ’τῶν

376 4787 550 4840 ἐθνῶν
617 4788 752 4853 ξύλα
813 4791 1147 4856 ἐπιτιθέντες
1215 4794 1651 4866 μεμηχανημένα
1721 4799 1813 4853 ἐπὶ
1869 4801 1963 4855 τὸν

376 4880 698 4951 τράχηλον,
733 4881 822 4935 ἐπ’
873 4883 1052 4937 αὐτῶν
1103 4887 1405 4952 πατοῦντες
1450 4889 1688 4962 ἀνῄρουν
1740 4893 1958 4960 αὐτούς.

380 4975 450 5026 ’Δ
500 4969 594 5029 οὖν
639 4975 980 5046 ἐποιήσαμεν
1023 4981 1136 5042 τοῖς
1183 4979 1399 5051 ἐχθροῖς
1441 4982 1545 5035 ὑπὸ
1592 4983 1688 5038 σοῦ
1737 4981 1964 5056 βοηθού-

385 5081 558 5133 μενοι,
610 5066 785 5121 ταῦτα
833 5070 1193 5140 πεπόνθαμεν.
1234 5073 1659 5145 παροραθέντες.
1720 5075 1864 5148 Πρὸς
1907 5078 1964 5131 δὲ

381 5156 623 5211 διάνοιαν
664 5157 808 5214 οὕτω
837 5163 1070 5232 νοήσεις·
1115 5164 1173 5219 '0
1201 5165 1464 5238 ἄπρατος,
1493 5169 1648 5239 φησι,
1679 5169 1841 5239 ζυγὸς
1865 5171 1961 5225 τοῦ

384 5246 518 5390 ζ’ίοῦ
554 5249 648 5302 τοῦ
683 5250 841 5318 Θεοῦ,
885 5255 1025 5324 μετὰ
1054 5257 1410 5330 καταλλαγῆς
1440 5260 1738 5332 χρημάτων
1771 5263 1961 5318 ἀποδί-

413 5353 554 5390 οται.
1177 5379 1185 5384 -
1905 5346 1917 5353 ”

413 5353 554 5394 οται.
1177 5379 1185 5384 .
1905 5346 1917 5353 ⁸

462 5449 480 5482 ι
527 5430 920 5505 Ἐδιώχθημεν.
965 5456 984 5489 ›
1029 5439 1118 5491 Ἐν
1143 5441 1251 5511 γὰρ
1283 5441 1359 5513 τῷ
1389 5443 1480 5497 τδν
1514 5443 1676 5514 ζυγδν
1706 5445 1961 5518 ἀθέσμως

387 5525 888 5604 καταφρονηθῆναι,
915 5531 1010 5583 καὶ
1031 5532 1065 5601 ἠ
1091 5532 1399 5600 ἀνάπαυσις
1449 5534 1688 5606 ἄπεισιν,
1723 5539 1817 5593 καὶ
1857 5539 1965 5594 λοι-

387 5612 487 5668 πὸν
515 5615 803 5688 ἐφίσταται
833 5620 862 5671 ὁ
886 5617 1126 5689 διωγμὸς
1149 5622 1248 5690 τῆς
1279 5623 1569 5695 ἁμαρτίας.

460 5818 503 5850 ⁸⁸
529 5819 549 5874 1
575 5817 704 5875 Cor.
740 5833 828 5887 xv,
858 5817 952 5874 ‘26.

2717 3330 2868 3388 CAP.
2911 3330 2971 3385 V.

2123 3421 2187 3480 ν.
2213 3417 2266 3480 2.
2311 3443 2329 3488 ᾳ
2371 3421 2668 3496 Ιῐεετθᾶῖιοε
2717 3433 2928 3481 nostra.
2961 3443 2980 3475 3
3045 3421 3172 3479 Post
3213 3419 3522 3486 historiam,
3558 3418 3640 3475 sic

2055 3515 2290 3589 intelligo
2311 3533 2324 3570 :
2347 3513 2622 3573 Naturalis
2644 3513 2868 3572 libertas
2893 3515 3033 3569 facta
3057 3525 3139 3568 est
3165 3513 3390 3568 subacta
3413 3516 3638 3584 peccato

2055 3619 2279 3680 propter
2301 3607 2660 3664 voluntariam
2686 3607 3136 3663 inobedientiam.

2132 3719 2151 3754 ‹
2189 3700 2392 3755 Domus
2425 3709 2642 3756 nostra}.
2673 3719 2690 3751 ι
2719 3699 3180 3755 Justiticationum
3206 3696 3431 3762 divisio;
3460 3694 3642 3766 praeda

2060 3792 2208 3846 enim
2228 3791 2289 3846 fit
2322 3790 2462 3846 hosti
2495 3791 2746 3845 subditus
2771 3789 2871 3844 illi.
2933 3852 2935 3854 η

2136 3969 2202 4027 V.
2234 3954 2346 4028 5.]
2377 3970 2500 4026 Non
2527 3977 2612 4025 est
2640 3976 2812 4039 pater.
2857 3977 2882 4020 ι
2908 3965 3107 4022 Sermo
3127 3962 3412 4019 doctrinae.

2139 4173 2157 4205 ι
2201 4149 2404 4208 Matres
2427 4160 2647 4208 nostrm.
2670 4147 2956 4206 3Ecclesiae
2987 4159 3097 4204 non
3122 4145 3318 4215 viduae,
3350 4145 3446 4202 sed
3484 4145 3638 4216 quasi

2064 4243 2258 4314 viduae,
2287 4254 2512 4317 propter
2532 4243 2878 4299 alllictionem'
2913 4250 3341 4312 temporaneam.

2135 4340 2200 4396 V.
2228 4342 2282 4396 4.
2322 4360 2341 4393 ι
2373 4342 2582 4411 Aquam
2607 4348 2870 4395 nostram.
2903 4357 2920 4389 ι
2975 4336 3189 4392 Donum
3246 4337 3392 4390 enim
3453 4352 3484 4390 a
3532 4334 3640 4388 Deo

2065 4438 2232 4510 gratis
2274 4435 2458 4493 datum
2509 4433 2810 4494 venditioni
2855 4433 3088 4505 subjecit
3135 4429 3466 4487 machinatio
3514 4425 3646 4500 pec-

2066 4529 2193 4586 cati.
2816 4517 2820 4522 ’

2144 4638 2162 4671 ι
2198 4618 2366 4692 Ligna
2389 4627 2595 4674 nostra.
2633 4635 2651 4669 ι
2683 4615 2914 4689 Quando
2959 4614 3052 4670 ﬁlii
3075 4613 3241 4670 Israel
3266 4611 3646 4685 promissionis

2069 4723 2227 4769 terrae
2254 4711 2626 4766 lt:creditalem
2673 4715 2960 4779 ceperunt,
3009 4721 3196 4778 regum
3242 4703 3481 4778 gentium
3526 4719 3647 4758 cer-

2067 4805 2278 4860 vicibus
2302 4803 2447 4874 ligna
2476 4799 2770 4856 fabrefacta
2806 4798 3170 4869 imponentes,
3222 4805 3646 4868 prementesque

2069 4912 2130 4950 ea
2163 4893 2411 4965 pedibus,
2447 4891 2831 4946 interimebant
2857 4905 2970 4945 eos.
3002 4888 3134 4955 Qua:
3188 4886 3352 4958 igitur
3397 4885 3647 4940 hostibus

2071 4996 2161 5041 tua
2192 5001 2296 5056 ope
2324 4983 2495 5057 adiuti
2527 4983 2778 5055 fecimus,
2811 4983 3003 5036 eadem
3039 4979 3188 5051 passi
3232 4991 3421 5032 sumus
3449 4977 3645 5044 despe-

2067 5079 2170 5146 cli;
2213 5077 2530 5146 Spiritaliter
2555 5091 2685 5130 vero
2719 5074 2800 5130 sic
2830 5072 3102 5144 intelliges
3140 5089 3154 5125 :
3191 5070 3324 5126 Illud
3358 5067 3503 5139 quod
3535 5081 3643 5120 non

2067 5179 2151 5224 est
2181 5168 2369 5224 venale
2389 5169 2580 5240 iugum
2622 5165 2741 5222 Filii
2768 5163 2862 5221 Dei
2896 5166 3056 5222 datur
3095 5162 3497 5235 permutatione
3545 5173 3641 5230 pe—

2069 5277 2265 5316 CllllliB.

2147 5437 2210 5492 V.
2251 5437 2302 5491 5.
2335 5455 2364 5488 «ς
2391 5435 2543 5491 Passi
2570 5449 2758 5490 sumus
2780 5419 3240 5505 persecutionem.
3275 5447 3294 5480 3
3325 5423 3462 5479 Dum
3500 5423 3646 5477 enim

2069 5532 2258 5602 iugum
2292 5529 2457 5600 impie
2489 5528 2877 5592 contemnitur,
2909 5524 3021 5580 abit
3048 5532 3103 5579 et
3141 5521 3331 5592 quies,
3372 5515 3656 5589 sequitur--

2027 5647 2032 5651 -
2071 5639 2174 5695 que
2198 5623 2309 5695 jam
2338 5621 2646 5694 persecutio
2676 5619 2903 5689 peccati.
