4050 6226
369 348 469 414 761

1349 350 1814 411 FRAGMENTA
1852 350 1933 410 IN
1975 352 2274 413 LIBRUM
2313 353 2645 415 BARUCH.

3508 359 3612 422 762

367 463 734 539 ἀνῃρέθησαν.
767 465 859 528 Εἰς
889 463 945 518 δέ
969 465 1095 527 τοὺς
1135 465 1420 534 μάρτυρας
1467 465 1690 533 ἀνάγων
1734 464 1824 517 τὸν
1851 463 1940 517 λό-

2051 473 2189 533 tyres
2209 464 2412 518 dictum
2443 465 2839 529 accommodas,
2896 465 3166 536 intelligas
3200 481 3292 521 eos
3341 466 3407 521 ab
3461 466 3613 521 exim
3693 539 3699 545 I

366 571 464 623 γον
492 558 724 626 νοήσεις,
770 557 850 610 ὅτι
873 557 980 610 ἀπὸ
1013 555 1192 622 ἐξόδου
1227 556 1320 609 τοῦ
1363 558 1568 620 αἰῶνος
1591 555 1780 610 τούτου
1813 572 1940 609 κατ·

368 647 640 709 έπαυσαν,
670 648 949 701 τουτέστιν
985 648 1402 718 ἐτελειώθησαν.

443 758 464 791 ι
503 738 739 794 Ἔπεσεν
762 742 790 792 6
812 741 1093 809 στέφανος.
1128 761 1148 794 ι
1199 741 1442 796 Ἰουδαῖοι
1475 743 1574 814 μέν
1601 745 1757 797 τοῦτό
1779 763 1940 814 φασιν

368 828 457 881 διὰ
485 829 577 882 τὸν
610 830 794 901 νόμον,
819 832 867 884 οἱ
893 831 950 883 δὲ
990 832 1092 900 τῆς
1129 833 1450 904 Ἐκκλησίας
1483 834 1570 886 διὰ
1600 836 1722 898 τοὺς
1756 834 1943 890 διασύ-

372 936 564 989 ροντας
589 921 682 972 τοῦ
710 920 944 992 σταυροῦ
975 922 1038 974 τὸ
1067 923 1388 994 μυστήριον.
1525 990 1529 993 _

445 1033 464 1066 ι
503 1013 638 1084 Περὶ
670 1011 864 1066 τούτου
911 1013 1233 1068 ἐσκότασαν.
1275 1035 1294 1067 υ
1345 1016 1542 1080 Σκότος
1571 1018 1678 1089 γὰρ
1718 1019 1848 1089 ἡμῖν
1884 1019 1943 1086 ἐξ

369 1103 612 1172 ἀθυμίας
639 1104 672 1171 ἡ
703 1103 805 1172 τῆς
829 1103 1014 1174 χώρας
1038 1105 1245 1176 ἐρημία
1272 1107 1586 1177 παρείχετο,
1613 1108 1943 1164 πλεονασάν-

369 1212 481 1247 των
513 1195 572 1246 ἐν
621 1195 758 1264 αὐτῇ
801 1195 911 1250 τῶν
955 1195 1387 1266 φιληδονούντων
1442 1201 1650 1271 ἐρημίᾳ
1701 1200 1939 1270 θηρίωνο

369 1283 487 1337 ἀλλ’
518 1283 578 1336 οὐ
615 1282 708 1335 σοῦ
738 1284 962 1352 γέγονεν
991 1284 1222 1358 ἔρημος,
1245 1287 1344 1340 τοῦ
1373 1288 1652 1360 πανταχοῦ
1677 1290 1942 1362 παρόντος

368 1374 464 1428 καὶ
487 1375 903 1438 ἐποπτεύοντος.
1681 1431 1688 1438 ,

447 1483 467 1516 ι
506 1464 835 1530 Ἀλώπεκες.
873 1485 892 1518 ι
933 1469 996 1521 Οἱ
1031 1468 1088 1522 ἐν
1126 1469 1432 1543 πανουργίᾳ
1459 1470 1778 1542 πικρότατον.
1821 1472 1943 1524 ἐτε-

375 1556 601 1627 ρόδοξοι.

448 1663 468 1695 ‹
508 1646 579 1699 Σὺ
605 1646 684 1712 δέ,
709 1646 903 1719 Κύριε,
933 1649 1012 1712 είς
1036 1649 1129 1702 τὸν
1160 1650 1352 1707 αἰῶνα.
1391 1671 1410 1704 ο
1449 1654 1943 1727 Ἥγουν,’ἀνάκτη·

373 1752 465 1788 σαι
500 1737 648 1806 ἡμᾶς
678 1755 810 1791 ποτε
845 1738 919 1802 ὡς
953 1740 1142 1805 ἀΐδιος.

2042 557 2224 610 ετεςυιί

2042 662 2181 702 esse.

2113 736 2177 793 V.
2212 738 2295 793 16.
2356 757 2372 788 ι
2436 736 2643 794 Cecidit
2683 754 2904 793 corona.
2958 758 2976 790 ι
3021 740 3192 794 Judaei
3238 740 3456 810 quidem
3513 741 3613 792 hoc

2040 828 2194 884 aiunt
2227 838 2448 900 propter
2480 830 2650 902 legem
2683 848 2696 884 :
2729 829 2966 884 Ecclesia
2989 847 3116 885 vero
3148 841 3372 908 propter
3397 847 3493 886 eos
3519 831 3612 899 qui

2041 921 2220 978 crucis
2258 922 2573 992 mysterium
2599 922 2873 977 derident.

2111 1007 2178 1064 ν.
2230 1012 2317 1066 17.
2366 1031 2385 1064 ‹
2441 1011 2568 1067 Ideo
2615 1012 2993 1068 contenebrati
3049 1021 3196 1067 sunt.
3254 1029 3275 1062 ν
3336 1011 3614 1066 Tenebras

2043 1101 2188 1156 enim
2217 1104 2376 1158 nobis
2401 1105 2471 1158 ob
2501 1120 2790 1160 maerorem
2829 1117 2986 1160 terrae
3014 1105 3274 1160 desolatio
3303 1105 3613 1165 exhibebat,

2043 1207 2167 1246 eum
2203 1195 2573 1251 abundassent
2613 1197 2668 1250 in
2711 1212 2774 1250 ea
2821 1197 2970 1262 ferre,
3005 1213 3126 1267 quae
3163 1197 3451 1251 solitudine
3484 1213 3615 1266 gau-

2044 1280 2222 1336 dent:
2257 1283 2353 1338 sed
2397 1293 2646 1353 respectu
2694 1285 2768 1339 tui
2812 1287 3025 1340 deserta
3070 1301 3178 1339 non
3217 1295 3322 1348 est,
3361 1285 3452 1354 qui
3497 1268 3616 1338 nbi-

2043 1385 2150 1441 que
2177 1371 2307 1426 ades
2338 1381 2394 1427 et
2423 1374 2556 1428 nihil
2588 1391 2696 1429 non
2732 1375 2902 1431 vides.
3211 1358 3214 1360 Ὺ

2121 1481 2140 1514 ε
2184 1463 2404 1535 Vulpes.
2442 1485 2461 1519 ι
2494 1467 2794 1522 Calliditate
2825 1467 3114 1538 pollentes,
3147 1467 3470 1522 amarissimi
3504 1467 3613 1520 hm-

2044 1573 2166 1611 I'L‘Sll
2177 1574 2227 1610 η]
2256 1567 2572 1614 sectatores.
2603 1578 2622 1611 ›

2118 1649 2177 1702 V.
2211 1650 2293 1704 l9.
2334 1669 2351 1701 ι
2394 1649 2471 1704 Tu
2503 1659 2707 1714 autem,
2740 1649 2988 1714 Domine,
3020 1652 3073 1703 in
3115 1660 3400 1704 aeternum.
3444 1667 3462 1699 ι
3503 1649 3618 1702 Hoc

2044 1749 2148 1805 est,
2177 1741 2431 1795 restitues
2464 1757 2565 1796 nos
2608 1742 2702 1797 tibi
2743 1742 3035 1811 aliquando
3067 1752 3321 1810 tanquam
3357 1749 3615 1794 αξιοι-ηυξ.

2295 559 2458 628 hujus
2506 559 2807 614 cessavisse
2835 599 2850 624 ,
2923 561 3026 614 hoc
3079 569 3163 615 est
3209 571 3614 618 consummatos

451 1845 470 1878 ι
510 1803 630 1880 ilva
662 1827 714 1880 τί
754 1832 833 1892 εἰς
862 1833 1044 1897 νῖκος;
1151 1830 1270 1884 Ἱνα
1302 1832 1354 1886 τί
1404 1835 1615 1906 σιωπᾷς
1651 1835 1732 1899 είς
1772 1836 1834 1890 τδ
1872 1853 1947 1890 νι·

2104 1834 2178 1888 ν.
2202 1834 2292 1889 20.
2334 1853 2352 1886 ι
2387 1834 2565 1900 Quare
2595 1833 2647 1888 in
2672 1834 3003 1889 victoriam.)
3040 1833 3218 1899 Quare
3247 1834 3392 1897 siles,
3429 1846 3487 1886 ut
3517 1849 3616 1886 nos

371 1911 604 1988 κηθῆἶιαι
638 1919 820 1988 ἡμᾶςς

371 2097 402 2152 λ
447 2027 466 2059 ι
501 2009 836 2080 Καταλείψει
861 2013 1033 2082 ἡμᾶς.
1085 2031 1104 2064 ι
1148 2013 1527 2084 Παρεκτείνων
1563 2014 1665 2088 τὴν
1701 2019 1940 2087 ἐγκατάο

403 2099 574 2162 ειψιν.

447 2209 468 2242 ι
512 2192 872 2264 Ἐπίστρεψον
900 2196 1072 2265 ἡμᾶς.
1106 2214 1125 2247 ι
1158 2195 1380 2269 Ἐπειδὴ
1404 2196 1493 2250 διὰ
1530 2195 1736 2270 πλῆθος
1766 2199 1946 2270 ἁμαρ⁴

369 2284 504 2336 τιῶν
557 2285 1055 2357 ἀπορῤιπτόμεθα,
1103 2288 1334 2360 ἱλασμὸν
1370 2291 1514 2344 αίτεῖ
1557 2293 1585 2345 6
1630 2292 1940 2362 προφήτης,

371 2373 441 2428 δι’
476 2369 539 2429 οὗ
574 2376 607 2445 ή
639 2376 948 2449 ἐπιστροφὴ
977 2377 1276 2450 προθύμως
1310 2379 1448 2451 πρὸς
1481 2380 1688 2451 Κύριον
1709 2381 1942 2448 γίνεται.

454 2569 475 2603 ι
511 2551 622 2604 Καὶ
651 2551 1003 2606 ἀνακαίνισον
1034 2553 1205 2623 ἡμᾶς.
1254 2571 1274 2605 ι
1311 2551 1462 2606 Καθὺ
1490 2553 1586 2607 καὶ
1621 2553 1762 2608 κατὰ
1809 2555 1946 2626 πρό-

371 2655 575 2708 γνωσιν
600 2640 917 2712 προώρισας
941 2641 1039 2712 τὴν
1070 2640 1344 2713 σωτηρίαν
1373 2640 1468 2696 τοῦ
1491 2642 1803 2716 ἀνθρώπου.

2042 1925 2358 1980 vincamur?

2120 2036 2139 2066 ι
2182 2017 2553 2083 Derelinques.
2595 2035 2614 2068 ι
2667 2014 2979 2071 Producens
3016 2015 3453 2071 derelictionem.

2119 2204 2138 2238 ι
2182 2185 2453 2240 Converte
2505 2203 2626 2241 nos.
2667 2206 2686 2238 ι
2748 2187 2885 2253 Quia
2941 2195 3162 2257 propter
3211 2184 3614 2240 multitudinem

2045 2288 2394 2349 peccatorum
2449 2279 2756 2348 abjicimur,
2807 2279 3248 2348 propitiationem
3304 2278 3439 2347 petit
3491 2293 3616 2346 pro-

2046 2370 2233 2440 pheta,
2263 2385 2362 2440 per
2397 2385 2561 2439 quam
2606 2370 2858 2426 alacriter
2905 2371 2962 2424 lit
3000 2369 3289 2425 conversio
3328 2368 3394 2422 ad
3431 2366 3618 2421 Domi-

2048 2476 2200 2514 num.

2127 2571 2145 2604 ι
2192 2547 2258 2607 Ει
2305 2554 2500 2608 innova
2548 2553 2666 2610 dies
2708 2565 2944 2608 nostros.
2991 2574 3010 2607 ι
3058 2555 3230 2610 Sicuti
3283 2553 3620 2624 praescicntia

2054 2654 2143 2698 tua
2172 2644 2455 2712 praeﬁnisti
2486 2644 2718 2699 salutem
2750 2646 3002 2705 hominis.
3080 2671 3084 2674 -

3396 2853 3584 2871 ...ι-.-

925 3029 1638 3147 FRAGMENTA
1744 3032 1872 3122 IN
1985 3031 2444 3123 LIBRUM
2549 3032 3056 3124 BARUCH.

933 3377 1285 3435 KE‘I’AAION
1323 3381 1405 3439 A'.

452 3495 473 3533 ι
516 3475 646 3533 Υίοῦ
677 3473 932 3529 Χελκίου.
973 3492 994 3528 ›
1025 3475 1185 3538 Ἴσως
1224 3473 1299 3536 ὡς
1328 3472 1624 3544 ἀξιολόγων
1659 3474 1774 3530 τῶν
1816 3490 1955 3548 προ-

373 3571 551 3642 γόνων
581 3567 676 3634 τοῦ
703 3565 920 3639 Βαροὺχ
955 3566 1253 3638 μέμνητάὶ.
1561 3593 1564 3597 -

457 3682 477 3716 ι
535 3663 624 3716 Ἐν
656 3660 735 3732 τῷ
779 3658 978 3732 καιρῷ.
1037 3677 1056 3710 ι
1114 3649 1424 3714 Οὐκίείπεν
1453 3659 1513 3714 ἐν
1561 3661 1641 3732 τῷ
1698 3659 1954 3731 ἐνιαυτῷ,

376 3755 608 3809 ἀλλ”ἐν
652 3753 732 3824 τῷ
781 3749 980 3822 καιρῷ,
1039 3751 1130 3806 ἴνα
1173 3752 1326 3823 εἴπῃ,
1365 3753 1487 3806 κατ’
1539 3752 1782 3816 ἐκείνους
1828 3753 1956 3815 τοὺς

376 3847 608 3918 χρόνους
628 3863 640 3876 ⁸
672 3845 732 3899 οὐ
763 3846 872 3915 γὰρ
904 3845 962 3897 ἐν
995 3842 1073 3914 τῷ
1108 3844 1365 3915 πέμπτῳ,
1408 3843 1531 3896 οὔτε
1581 3845 1640 3898 ἐν
1670 3843 1750 3915 τῷ
1783 3845 1957 3915 ἐνάτῳ

378 3940 494 3992 ἔτει.
512 3938 614 4007 τῆς
642 3937 922 4009 βασιλείας
955 3936 1206 3990 Σεδεκίου
1229 3936 1344 4006 ἥλω
1377 3937 1410 4008 ή
1437 3936 1612 4004 πόλις,
1644 3935 1760 3990 ἀλλ’
1791 3939 1850 3990 ἐν
1876 3935 1956 4005 τῷ

379 4027 674 4096 ἑνδεκάτῳ.

457 4105 491 4172 ‹⁴
522 4120 609 4172 Ἐν
636 4117 770 4171 ὠσὶν
813 4115 1086 4188 Ἰεχονίου.
1131 4135 1149 4170 ι
1181 4115 1384 4170 Τοῦτον
1407 4117 1674 4189 πρότερον
1706 4117 1958 4188 μετοική-

379 4228 485 4275 σας
542 4205 611 4281 ἧν
656 4209 738 4273 εις
778 4207 1074 4264 Βαϐυλῶνα
1105 4209 1133 4262 6
1170 4207 1661 4280 Ναὸουχοδονόσορ.
1707 4209 1767 4263 ’0
1796 4208 1957 4274 αὐτὸς

377 4305 440 4358 δέ
469 4299 626 4366 οὗτος
661 4303 920 4374 Ἰεχονίας
967 4301 1081 4364 υἱὸς
1139 4299 1414 4370 Ἰωακεὶμ,
1454 4300 1547 4354 καὶ
1579 4300 1741 4365 αὐτὸς
1780 4299 1958 4354 Ἐλια-

380 4397 518 4467 κεὶμ
541 4396 808 4461 ἐκαλεῖτο,
842 4394 1109 4466 διώνυμος
1135 4391 1236 4448 ὢν.

462 4504 480 4538 ι
527 4487 638 4540 Καὶ
672 4487 730 4540 ἐν
759 4485 865 4538 ὠσὶ
890 4484 1108 4548 παντός.
1151 4502 1170 4536 ›
1205 4483 1353 4538 Ἀντὶ
1387 4481 1506 4550 τοῦ,
1539 4483 1648 4536 τῶν
1680 4481 1960 4536 συνελθόν-

381 4595 493 4632 των
525 4581 605 4642 et;
627 4578 726 4648 τὴν
755 4576 1042 4648 ἀκρόασιν.

461 4689 480 4722 ι
519 4670 631 4723 Καὶ
661 4669 930 4725 ἀνοίσατέ
972 4670 1064 4722 ἐπὶ
1108 4667 1170 4722 τὸ
1206 4667 1610 4739 θυσιαστήριον.
1671 4683 1690 4718 ι
1741 4666 1804 4719 El
1865 4666 1962 4720 καὶ

2571 3386 2796 3444 CAPUT
2837 3387 3128 3446 PRIMUM.

2125 3477 2190 3533 ν.
2229 3480 2280 3534 1.
2323 3498 2343 3533 ι
2392 3477 2514 3536 Filii
2551 3481 2804 3538 Chelciae.
2853 3501 2872 3536 ι
2929 3483 3176 3538 Meminit
3221 3482 3625 3555 progenitorum

2055 3566 2266 3623 Baruch
2295 3568 2526 3626 fortasse
2552 3581 2614 3626 ut
2643 3572 2852 3628 honore
2878 3573 3188 3645 dignorum.

2123 3659 2188 3715 γ.
2221 3661 2276 3714 2.
2329 3678 2348 3712 ι
2391 3661 2449 3716 ln
2491 3671 2756 3733 tempore.
2813 3684 2830 3716 ι
2885 3663 3004 3718 Non”
3047 3649 3182 3718 dixit
3227 3665 3279 3718 in
3321 3680 3485 3728 anno,
3531 3663 3626 3717 sed

2056 3749 2110 3804 in
2147 3759 2410 3820 tempore,
2445 3753 2622 3822 quasi
2649 3754 2856 3809 diceret
2909 3771 3008 3825 per
3055 3756 3142 3808 illa
3194 3766 3436 3824 tempora
3470 3774 3482 3807 :
3517 3771 3627 3808 non

2056 3843 2201 3897 enim
2237 3844 2450 3912 quinto,
2483 3854 2578 3898 aut
2614 3860 2762 3899 nono
2794 3845 2943 3916 regni
2988 3843 3228 3900 Sedcciae
3265 3861 3409 3899 anno
3437 3845 3629 3900 civitas

2055 3942 2212 4003 capta
2245 3931 2366 4000 fuit,
2399 3933 2494 3988 sed
2528 3935 2837 3992 undecimo.

2133 4107 2194 4165 V.
2233 4112 2287 4166 5.
2322 4129 2341 4162 ι
2381 4111 2463 4167 Ad
2511 4127 2673 4168 aures
2713 4111 3010 4167 Jechoniat.
3057 4127 3076 4166 ι
3134 4111 3290 4168 llunc
3337 4111 3488 4183 prius
3529 4112 3628 4167 ab-

2057 4203 2292 4260 duxerat
2345 4203 2674 4276 Babylonem
2727 4201 3250 4261 Nabuchodonosor.
3303 4206 3402 4260 l-lic
3447 4215 3628 4260 autem

2059 4296 2177 4367 ipse
2218 4298 2510 4355 Jechonias
2557 4298 2701 4353 ﬁlius
2737 4298 3010 4366 Joachim,
3039 4308 3094 4354 et
3139 4297 3358 4354 Eliacim
3402 4300 3630 4354 vocaba-

2061 4401 2168 4457 tur,
2201 4406 2325 4446 cum
2356 4391 2650 4447 binominis
2679 4402 2843 4447 esset.
3141 4401 3143 4403 ’

2134 4501 2154 4534 ί
2193 4482 2258 4537 Ει
2289 4483 2343 4537 in
2389 4483 2612 4538 auribus
2645 4483 2883 4538 universi
2933 4483 3137 4554 populi.
3179 4502 3197 4535 ι
3235 4483 3340 4538 Pro
3384 4499 3450 4537 eo
3487 4483 3630 4553 quod

2060 4586 2163 4642 est,
2196 4591 2383 4630 eorum
2416 4575 2507 4646 qui
2540 4576 2605 4631 ad
2637 4577 2968 4632 audientiam
3003 4587 3393 4632 convenerant.

2134 4665 2198 4721 γ.
2238 4666 2319 4722 10.
2357 4675 2376 4719 ‘c
2407 4665 2472 4727 Et
2499 4665 2693 4722 oﬂ‘erte
2724 4681 2889 4738 super
2926 4665 3112 4722 altare.
3154 4685 3173 4719 ι
3226 4666 3341 4721 Etsi
3373 4665 3631 4736 templum

385 4765 768 4832 κατασκαφεὶς
800 4759 867 4834 ἦν
891 4763 919 4816 6
946 4761 1093 4827 ναὸς,
1122 4760 1238 4816 ἀλλ’
1287 4762 1344 4813 ἐν
1376 4759 1453 4828 τῷ
1482 4759 1634 4829 τόπῳ
1680 4757 1864 4812 ἔθυον
1898 4757 1950 4812 οὒ

2065 4761 2181 4816 solo
2206 4768 2324 4815 erat
2352 4770 2647 4835 arquatum,
2679 4770 2862 4817 tamen
2895 4761 2948 4817 in
2980 4779 3046 4817 eo
3074 4763 3194 4818 loco
3223 4763 3631 4831 sacriﬁcabant;

384 4856 496 4928 γὰρ
517 4851 604 4928 ἦν,
623 4854 742 4920 ἐξὸν
773 4853 1034 4926 ἀλλαχοῦ,
1065 4855 1113 4907 εἰ
1145 4853 1220 4926 μὴ
1255 4853 1311 4906 ἐν
1349 4849 1706 4923 Ἰερουσαλὴμ
1737 4850 1835 4914 τὰς
1862 4850 1958 4904 θυ-

387 4949 512 5012 σίας
541 4948 833 5003 ἐπιτελεῖν.

463 5059 482 5092 ι
527 5041 634 5093 Καὶ
679 5038 1047 5110 προσεύξεσθε
1083 5038 1343 5109 περὶτῆς
1386 5037 1532 5108 ςωῆς
1583 5035 1958 5106 Ναϐυχοδονό-

387 5149 508 5203 σορ.
547 5150 566 5184 ι
595 5131 728 5195 Θεὸς
749 5126 818 5202 ἦν
851 5129 1161 5202 προστάξας
1185 5131 1368 5192 αὐτοῖς
1403 5127 1660 5200 εῠχεσθαι
1691 5128 1820 5198 περὶ
1861 5128 1961 5196 τῆς

387 5228 615 5299 εἰρήνης
675 5227 784 5281 τῶν
839 5225 1242 5291 Βαϐυλωνίων,
1305 5224 1393 5276 ἵνα
1445 5222 1543 5276 καὶ
1593 5221 1749 5275 αὐτοὶ
1819 5222 1969 5291 εἰρη-

389 5319 648 5375 νεύωσιν.

468 5430 488 5464 ι
529 5412 646 5464 Ἵνα
691 5402 825 5463 ὦσιν
854 5409 910 5462 αἱ
959 5409 1164 5480 ἡμέραι
1199 5407 1399 5461 αὐτῶν.
1441 5425 1458 5458 ι
1492 5406 1611 5460 ἰνα
1643 5399 1779 5459 ὦσιν
1808 5403 1970 5456 πολυ-

390 5503 622 5575 χρόνιοι,
656 5502 713 5574 ἢ.
741 5503 830 5555 ἵνα
858 5501 1000 5554 κατά
1020 5499 1309 5553 εὐσέὸειαν
1345 5498 1534 5562 ζῶσιν.

469 5615 489 5648 ι
524 5595 616 5649 Ἐν
658 5595 898 5668 ἡμέραις
937 5595 1155 5666 ἑορτῆς.
1191 5611 1211 5646 ι
1253 5593 1364 5647 Καὶ
1407 5593 1517 5663 γὰρ
1552 5585 1700 5661 εἶχον
1744 5589 1972 5662 καιρούς

391 5705 550 5750 τινας
573 5687 837 5756 διαφορὰς
866 5685 1091 5755 ἑορτῶν.

473 5798 493 5834 ε
529 5779 638 5835 Καὶ
672 5779 848 5848 ἐρεῖτε
872 5777 1062 5850 Κυρίῳ
1091 5775 1210 5850 Θεῷ
1248 5774 1424 5850 ἡμῶν.
1483 5794 1502 5828 ι
1538 5773 1698 5829 Κατά
1740 5774 1829 5828 τὸν
1873 5772 1965 5830 τοῦ

2067 4855 2209 4909 haud
2253 4853 2400 4909 enim
2439 4855 2566 4910 alibi
2602 4855 2683 4910 fas
2721 4865 2841 4910 erat
2868 4871 3029 4928 quam
3069 4855 3422 4929 Jerosolymis
3467 4856 3635 4912 sacri-

2065 4945 2184 5001 ﬁcia
2219 4945 2425 5001 oll'erri.

2140 5038 2202 5093 V.
2248 5040 2331 5093 ll.
2388 5057 2406 5092 ‹
2449 5041 2516 5096 Ει
2551 5050 2702 5095 orate
2747 5056 2846 5112 pro
2891 5041 3000 5098 vita
3048 5039 3566 5096 Nabuchodonosor.
3610 5060 3628 5090 ι

2067 5129 2210 5186 Deus
2251 5142 2370 5186 erat
2409 5132 2504 5202 qui
2538 5147 2695 5188 orare
2732 5143 3066 5204 praeceperat
3096 5134 3202 5188 illis
3232 5150 3329 5203 pro
3365 5147 3495 5202 pace
3535 5132 3636 5186 Ba-

2065 5223 2426 5295 byloniorum,
2457 5233 2514 5278 ut
2543 5233 2598 5278 et
2628 5225 2727 5295 ipsi
2755 5225 2939 5295 quiete
2967 5226 3233 5280 viverent.

2139 5419 2158 5452 ι
2204 5399 2272 5456 Ut
2301 5401 2409 5456 sint
2442 5401 2558 5457 dies
2583 5417 2795 5456 eorum.
2834 5418 2852 5452 ι
2909 5397 2976 5452 Ut
3021 5395 3248 5467 longaevi
3293 5394 3493 5459 forent,
3527 5396 3635 5460 vel,

2068 5503 2128 5548 ut
2155 5495 2454 5553 secundum
2480 5495 2738 5564 pietatem
2770 5493 2933 5548 vitam
2965 5492 3248 5546 ducerent.

2140 5586 2202 5640 ν.
2242 5587 2328 5641 M.
2371 5604 2389 5637 ε
2425 5585 2487 5641 1η
2528 5586 2616 5642 die
2666 5584 3046 5641 solemnitatis.
3089 5603 3107 5636 ι
3161 5584 3450 5639 Habebant
3489 5580 3636 5637 enim

2064 5686 2212 5734 certa
2243 5677 2453 5733 dierum
2487 5678 2750 5734 festorum
2783 5685 3048 5746 tempora.

2134 5771 2198 5826 ν.
2241 5773 2324 5832 l5.
2377 5790 2397 5824 ι
2445 5770 2511 5828 Et
2554 5771 2746 5828 dicetis
2779 5769 3012 5827 Domino
3049 5771 3160 5829 Deo
3193 5780 3401 5828 nostro.
3441 5787 3460 5821 ι
3507 5763 3637 5825 iure
