4044 6224
499 373 608 437 Ἷθτ

1468 329 1477 339 ’
1559 371 2078 432 OLYMPIODORI
2135 369 2667 437 ALEXANDRINI

3655 376 3754 442 768

501 504 676 550 rantes
702 494 840 549 enim
869 493 964 549 Dei
985 492 1276 562 justitiam,
1307 501 1356 546 et
1387 491 1660 561 propriam
1689 491 1908 560 ﬁrmare
1931 507 2076 554 quae-

2202 493 2572 561 Ἀγνοοῦντες
2633 491 2745 561 γὰρ
2784 489 2898 558 τὴν
2943 489 3050 543 τοῦ
3107 486 3258 542 Θεοῦ
3323 486 3753 556 δικαιοσύνην,

499 597 688 650 rentes,
717 585 948 657 justitia:
982 585 1078 640 Dei
1108 601 1232 640 οηοη.
1255 585 1586 639 obediverunt
1617 584 1683 638 ⁸⁸.

572 787 592 820 ι
637 768 1016 840 Negotiatores
1049 768 1270 824 Meram.
1313 789 1331 821 ι
1393 769 1768 841 Negotiatores
1822 785 1918 826 eos
1976 785 2075 840 ap-

497 859 681 931 pellat,
714 868 774 913 ut
799 859 1145 930 agricultura:
1175 861 1508 928 inexpertos.
1550 859 1717 915 l’ositi
1753 863 1899 915 enim
1933 861 2076 915 vini-

500 959 668 1013 tores,
705 951 826 1010 loco
853 966 972 1006 uvae
1005 952 1192 1020 spinas
1226 951 1648 1006 vindemiarum.
1691 952 1892 1007 Meram
1923 968 2074 1018 vero,

441 1105 444 1108 ,
501 1053 554 1098 et
584 1041 831 1096 Theman
873 1043 1117 1097 barbarae
1162 1053 1371 1113 gentes,
1421 1043 1489 1098 ad
1527 1058 1684 1113 quas,
1723 1043 1980 1099 videlicet
2007 1046 2076 1100 ad

500 1134 706 1188 ferinos
737 1150 938 1200 mores,
969 1135 1322 1204 negotiantur
1359 1134 1415 1188 hi
1455 1135 1548 1204 qui
1579 1135 1700 1191 vita:
1728 1135 1893 1206 hujus
1921 1135 2077 1192 vani-

500 1239 609 1282 tate
637 1229 1052 1296 pertrahuntur.
1985 1228 1988 1232 ’

573 1336 593 1370 ι
648 1317 716 1372 Ει
763 1317 1111 1374 fabulatnres.
1152 1339 1170 1371 ι
1230 1319 1335 1386 Qui
1389 1322 1510 1376 loco
1558 1322 1836 1392 praecepti,
1874 1322 2078 1392 Deique

494 1406 857 1476 iudiciorum,
917 1424 1208 1463 urceorum
1277 1413 1707 1483 poculorumque
1769 1412 2079 1467 ablutiones

499 1499 799 1553 commenti
850 1508 1000 1556 sunt.
1038 1499 1305 1554 Praeterea
1340 1503 1628 1570 judicium,
1671 1512 1727 1558 et
1771 1502 2080 1558 misericor-

386 1609 407 1627 -
498 1587 643 1642 diam
676 1589 758 1659 ⁸⁸,
807 1588 1080 1660 ﬁdemque
1135 1590 1445 1660 rcjicientes
1475 1633 1489 1656 ,
1550 1600 1700 1647 rutas
1756 1603 2079 1664 mentesque

499 1656 867 1732 decimahant.

577 1785 596 1818 ι
637 1766 706 1822 Ει
754 1767 1132 1838 exquisilbres.
1188 1790 1206 1822 ι
1263 1770 1363 1850 Qui
1423 1773 1784 1842 exquirebant
1831 1778 2077 1846 quidem,

497 1858 594 1914 sed
619 1860 1042 1929 exquisitionem
1070 1864 1368 1932 prudenter
1392 1880 1552 1935 agere
1577 1867 1916 1923 nesciebant.

586 1967 610 2004 ι
644 1948 798 2005 Viam
837 1961 1021 2008 autem
1049 1957 1332 2025 sapientiae
1365 1957 1701 2014 nescierunt.
1728 1978 1747 2010 ι
1785 1958 2078 2016 Dominum

501 2041 775 2099 videlicet.

573 2152 594 2187 ι
659 2134 849 2208 Neque
899 2138 1315 2194 commemorati
1387 2149 1517 2196 sunt
1587 2143 1810 2199 semitas
1866 2143 2008 2215 ejus.
2051 2161 2070 2197 ι

497 2225 773 2286 Doctrina:
811 2231 1023 2296 modos.

563 2318 630 2374 V.
665 2321 755 2376 24.
797 2339 816 2375 ι
844 2320 890 2378 0
921 2321 1107 2388 Israel,
1129 2338 1292 2392 quam
1331 2339 1521 2396 magna
1559 2335 1643 2379 est
1670 2327 1863 2381 domus
1901 2327 2014 2382 Dei.
2052 2349 2074 2381 ι

491 2415 752 2482 Ecclesia,
789 2425 845 2471 et
875 2416 1116 2488 mysterii
1161 2418 1318 2475 ratio.
1350 2447 1420 2458 —
1447 2417 1586 2484 Quia
1641 2434 1787 2474 nunc
1811 2435 1876 2474 ex
1923 2428 2078 2490 parte

490 2506 891 2576 cognoscimus,
921 2507 1267 2578 cognitioque
1310 2509 1548 2579 perfecta
1593 2525 1700 2565 non
1733 2519 1838 2565 est.
1871 2508 2076 2566 Locum

490 2610 621 2650 vero
667 2595 926 2666 pietatem
975 2597 1252 2666 appellat:
1285 2599 1559 2670 ingentem
1611 2613 1794 2656 autem
1853 2611 2078 2673 propter

489 2683 844 2758 augmentum
869 2688 1017 2764 quod
1037 2704 1252 2760 semper
1283 2690 1337 2745 in
1374 2692 1569 2747 melius
1601 2693 1682 2748 iit.

565 2777 796 2840 «Locus
820 2779 1206 2849 possessionis.
1251 2799 1270 2832 ι
1305 2781 1574 2848 Quoniam
1623 2783 1869 2840 caelestis
1909 2783 2075 2857 Regis

490 2870 751 2942 mysteria
778 2871 1048 2927 continet.

566 2963 628 3018 V.
657 2963 746 3018 26.
786 2982 806 3017 ι
838 2964 916 3020 lbi
977 2964 1200 3021 fuerunt
1245 2966 1509 3038 gigantes.
1544 2986 1564 3020 ι
1603 2967 1681 3024 De
1731 2968 2077 3026 diemonibus

489 3056 749 3127 loquitur,
782 3057 875 3127 qui
906 3059 976 3113 ab
1003 3057 1161 3114 initio
1191 3075 1297 3115 una
1323 3076 1448 3126 cum
1493 3061 1700 3132 angelis
1743 3063 2075 3129 enumerati,

2178 586 2274 638 καὶ
2308 586 2422 652 τὴν
2459 585 2618 638 ὶδιαν
2659 582 2976 651 ζητοῦντες
3013 580 3263 649 στῆσαι,
3292 577 3368 649 τῇ
3400 579 3754 651 δικαιοσύνῃ

2177 677 2284 731 τοῦ
2317 677 2468 731 Θεοῦ
2498 679 2611 746 οὐχ
2646 674 3061 744 ὑπετάγησαν.
3129 664 3136 666 '

2253 788 2273 820 ι
2319 767 2383 824 Οἱ
2422 768 2658 839 ἔμποροι
2704 767 2806 838 τῆς
2853 766 3102 839 Ἀίερρἀ.
3143 783 3162 816 ι
3210 763 3522 833 Ἐμπόρους
3563 763 3757 826 αὐτούς

2178 877 2313 931 φησι
2367 860 2458 914 διὰ
2505 861 2566 914 τὸ
2623 861 2876 931 ἀπειρεῖν
2934 857 3230 930 γεωργίας.
3283 855 3592 927 Ταχθέντες
3652 856 3756 927 γὰρ

2181 952 2583 1024 ἀμπελουργοὶ,
2647 952 2770 1007 ἀντὶ
2816 951 3096 1020 σταφυλῆς
3134 949 3384 1012 ἀκάνθας
3425 947 3756 1017 ἐτρόγησαν.

2177 1043 2408 1114 Μερῤὰν
2435 1043 2494 1097 δὲ
2529 1043 2622 1095 καὶ
2669 1040 2887 1112 Θαιμὰν
2926 1039 3182 1111 βάρϐαρα
3215 1037 3380 1106 φῦλα,
3408 1038 3491 1100 είς
3523 1035 3559 1090 ἃ
3589 1037 3761 1105 ἐμπο-

2181 1133 2452 1203 ρεύονται,
2495 1133 2599 1186 ἀπε
2610 1150 2639 1204 ρ
2675 1133 2812 1186 εἰσὶν
2837 1134 2886 1185 oi.
2913 1125 3202 1203 θηριώδεις
3228 1130 3450 1200 τρόποι,
3481 1129 3530 1181 οἱ
3556 1129 3625 1198 τῇ
3660 1144 3763 1198 μαο

2179 1225 2424 1292 ταιότητι
2447 1224 2545 1279 τοῦ
2576 1225 2694 1295 βίου
2711 1223 2906 1277 τούτου
2932 1221 3460 1292 συγκαθελκόμενοι.

2259 1333 2274 1366 ι
2313 1315 2424 1368 Καϊ
2451 1317 2504 1368 οἱ
2536 1316 2847 1387 μυθολόγοι.
2871 1335 2909 1376 ,ι
2968 1315 3033 1368 Οἳ
3063 1315 3187 1368 ἀντὶ
3228 1313 3451 1384 ἐντολῆς
3497 1313 3594 1366 καὶ
3643 1330 3764 1383 κρι-

2181 1407 2371 1476 μόιτων
2411 1406 2609 1470 -Θεοῦ,
2666 1407 3014 1477 βαπτισμοὺς
3067 1407 3347 1475 ποτηρίων
3408 1406 3504 1458 καὶ
3558 1404 3764 1471 ξεστῶν

2178 1499 2617 1569 ἐμυθολόγησαν.
2653 1499 2858 1554 Ἔτιδέ
2889 1500 2982 1552 καὶ
3026 1498 3127 1568 τὴν
3150 1499 3355 1569 κρίσιν,
3384 1499 3479 1552 καὶ
3503 1498 3565 1552 τὸ
3591 1497 3761 1559 ἔλεος,

2180 1591 2278 1644 καλ⁸
2304 1590 2406 1662 τὴν
2429 1592 2614 1644 πίστιν
2653 1589 3059 1661 ἀπωθούμενοι,
3107 1593 3334 1660 πήγανα
3375 1592 3470 1644 καὶ
3515 1591 3765 1662 ήδύοσμα

2179 1681 2630 1737 ἀπεδεκάτωσαν.

2256 1792 2276 1825 ι
2332 1775 2444 1827 Καὶ
2483 1775 2538 1834 ,οἱ
2578 1758 2898 1844 ἐκζητηταί.
2942 1791 2960 1823 ι
2997 1771 3061 1824 Οί
3107 1771 3468 1842 ἐκζητοῦντες
3519 1773 3641 1842 μὲν,
3692 1772 3763 1842 μὴ

2180 1866 2382 1931 εἰδότες
2408 1865 2468 1920 δέ
2497 1865 2735 1928 συνετῶς
2769 1865 2868 1935 τὴν
2899 1865 3134 1935 ζήτησιν
3161 1865 3457 1919 ποιεῖσθαι.

2256 1974 2274 2006 ι
2327 1953 2482 2008 ὐδδν
2525 1953 2584 2008 δὲ
2635 1953 2828 2024 σοφίας
2863 1955 2968 2008 οὐκ
3016 1955 3293 2024 ἔγνωσαν.
3337 1974 3356 2007 ι
3397 1953 3504 2008 Τὸν
3559 1955 3768 2025 Κύριον

2177 2047 2448 2119 δηλονότι.

2255 2157 2274 2192 ι
2316 2139 2452 2192 Οὐδὲ
2501 2138 2860 2211 ἐμνήσθησαν
2887 2137 2987 2202 τὰς
3039 2135 3266 2209 τρίϐους
3315 2136 3509 2208 αὐτῆς.
3549 2154 3569 2188 ι
3625 2136 3768 2201 Τοὺς

2175 2229 2415 2302 τρόπους
2443 2230 2544 2299 τῆς
2574 2230 2949 2295 διδασκαλίας.
3338 2284 3341 2287 .

2255 2345 2273 2377 ι
2317 2323 2390 2378 Ὦ
2438 2324 2685 2396 Ἰσραὴλ,
2721 2326 2800 2388 ὼς
2846 2325 3022 2395 μέγας
3070 2319 3269 2384 dolato;
3309 2320 3401 2376 τοῦ
3438 2322 3598 2377 Θεοῦ.
3639 2341 3661 2373 ι
3708 2323 3768 2375 'll

2175 2417 2475 2487 Ἐκκλησία
2498 2457 2513 2482 ,
2559 2417 2654 2469 καὶ
2680 2415 2708 2468 ὁ
2747 2415 2842 2469 τοῦ
2890 2415 3193 2486 μυστηρίου
3229 2415 3407 2484 λόγος.
3441 2442 3515 2454 --
3541 2413 3770 2480 Ἐπειδὴ

2178 2509 2273 2564 νῦν
2301 2510 2367 2563 ἐκ
2396 2509 2596 2580 μέρους
2630 2505 2996 2578 γινώσκομεν,
3033 2507 3129 2561 καὶ
3173 2505 3459 2576 οὕπωτῆς
3506 2504 3768 2574 γνώσεως

2177 2603 2236 2656 τὸ
2268 2602 2497 2655 τέλειον.
2546 2600 2722 2654 Τόπον
2755 2599 2813 2653 δέ
2850 2599 3006 2653 καλεῖ
3037 2601 3137 2672 τήν
3164 2600 3446 2654 εὐσέϐειαν
3471 2617 3486 2632 ο
3511 2598 3770 2670 ἐπιμήκη

2176 2687 2234 2742 δὲ
2255 2688 2346 2742 διὰ
2367 2688 2467 2759 τὴν
2488 2689 2579 2742 ἀεὶ
2607 2688 2706 2743 ἐπὶ
2733 2687 2795 2742 τὸ
2823 2691 3073 2760 κρεῖττον
3093 2688 3350 2762 αὔξησιν.
3423 2725 3430 2732 -

2257 2799 2276 2832 ι
2327 2781 2389 2834 '0
2418 2780 2582 2845 τόπος
2606 2781 2706 2851 τῆς
2726 2783 2996 2852 κτήσεως.
3035 2801 3054 2835 ι
3095 2783 3217 2836 Ὀτι
3241 2781 3573 2852 ἐπουρανίου
3609 2781 3769 2852 βασι-

2176 2872 2315 2936 λέως
2343 2873 2619 2944 μυστήρια
2648 2873 2918 2943 περιέχει.

2252 2980 2273 3014 ι
2311 2963 2461 3016 Ἐκεῖ
2510 2957 2856 3035 ἐγενήθησαν
2893 2964 2946 3018 οἱ
2976 2964 3254 3034 γίγαντες.
3299 2984 3320 3018 ι
3363 2965 3500 3038 Περὶ
3517 2964 3630 3020 τῶν
3657 2965 3775 3049 δας

2181 3054 2360 3128 μόνων
2389 3057 2574 3125 φησιν,
2610 3055 2694 3109 ὅτι
2740 3056 2836 3109 ἀπ’
2876 3057 3052 3128 ἀρχῆς
3089 3060 3228 3128 μετά
3249 3057 3358 3110 τῶν
3383 3057 3635 3127 ἀγγέλων
3679 3075 3775 3111 τα-

489 3147 708 3218 propria
742 3149 1048 3206 temeritate
1073 3166 1107 3206 a
1133 3150 1341 3208 cmlesti
1365 3151 1604 3208 culmine
1631 3152 1905 3208 deturbati
1922 3160 2070 3208 sunt.

2202 3148 2388 3214 'éVtsc,
2417 3147 2481 3212 ἐξ
2509 3147 2769 3212 ἀϐουλίας
2803 3148 2913 3202 τῶν
2943 3151 3215 3220 οὐρανίων
3239 3150 3445 3220 ἀψίδων
3471 3151 3773 3220 ἐπιϐέϐλην-

488 3238 761 3296 Nominati
809 3250 1014 3309 autem,
1058 3243 1318 3313 quoniam
1377 3249 1446 3300 de
1491 3244 1597 3299 illis
1649 3246 2075 3315 praenuntiatum

485 3333 668 3389 {uerat
702 3351 716 3388 :
742 3327 950 3390 statura
980 3335 1111 3390 item
1139 3351 1352 3407 magna,
1386 3345 1643 3407 tanquam
1668 3336 1918 3392 fastuosi.

567 3443 588 3478 ι
619 3425 866 3482 Scientes
896 3427 1120 3482 bellum.
1170 3447 1189 3479 ι
1241 3426 1451 3500 lndigni
1493 3430 1639 3484 enim
1689 3446 1822 3501 pace
1870 3429 2076 3488 Christi

491 3519 807 3576 maluerunt
837 3520 1040 3577 bellum
1062 3529 1121 3577 et
1141 3521 1438 3586 daemones,
1462 3531 1518 3577 et
1549 3522 1810 3580 haeretici.

562 3697 626 3754 ν.
656 3698 749 3754 29.
777 3717 795 3751 ι
823 3699 960 3766 Quis
985 3699 1233 3756 ascendit
1254 3700 1307 3754 in
1325 3701 1563 3756 omium?
1592 3720 1612 3754 ι
1641 3701 2077 3774 Sicutscriptnm

490 3799 612 3848 est:
639 3790 758 3846 Non
775 3793 917 3863 quod
955 3808 1047 3847 nos
1079 3792 1248 3846 Deum
1272 3792 1632 3862 dilexerimus,
1662 3796 1752 3850 sed
1786 3798 1924 3866 quod
1967 3798 2078 3866 ipse

490 3883 676 3938 dilexit
705 3901 798 3940 nos
829 3887 928 3958 °_",
949 3894 1004 3941 et
1037 3901 1162 3941 cum
1192 3885 1494 3953 dilexisset,
1530 3887 1803 3950 inclinavit
1823 3890 1996 3958 calas,
2029 3902 2078 3948 et

493 3977 761 4032 descendit
787 3978 858 4032 "°.

567 4069 630 4124 V.
663 4068 752 4125 50.
784 4088 804 4122 ι
833 4069 968 4137 Quis
999 4070 1387 4127 transfretavit.
1424 4089 1443 4124 ι
1473 4072 1755 4138 Dominus,
1777 4074 1870 4145 qui
1901 4074 2076 4131 dixit:

495 4161 769 4232 Con/ﬁdite,
797 4180 887 4234 ego
909 4164 1010 4217 vici
1030 4165 1284 4219 mundum
1310 4167 1378 4218 ".
1409 4165 1568 4222 Solus
1591 4166 1737 4222 enim
1764 4167 1881 4239 ipse
1900 4177 2080 4224 trans-

495 4255 645 4308 navit
704 4262 1006 4323 peccatum.
1048 4255 1185 4312 Illud
1227 4271 1400 4334 veroh
1423 4259 1619 4312 invenit
1669 4259 1973 4330 illam,gest
2016 4278 2081 4319 ac

497 4347 544 4401 si
574 4346 816 4402 diceret:
844 4344 1098 4403 Ostendit
1126 4348 1284 4405 nobis
1309 4350 1584 4421 quomodo
1636 4351 1985 4409 inveniamus
2016 4353 2080 4408 il-

498 4437 626 4491 lam.

2175 3258 2289 3296 ται.
2319 3242 2644 3312 Ὀνομαστοὶ
2673 3242 2751 3308 δὲ,
2791 3243 2982 3314 ἐπειδὴ
3013 3242 3474 3315 προκατηγγέλθη
3509 3245 3644 3316 περὶ⁵
3675 3245 3772 3298 αὐ·-

2176 3335 2285 3389 τῶν
2307 3351 2322 3366 ⁸
2351 3335 2667 3406 εὐμεγέθεις
2689 3337 2770 3412 δέ,
2799 3337 2876 3401 ὡς
2909 3338 3236 3409 ὑπέρογκοι.
3396 3413 3401 3416 _

2247 3447 2266 3480 ι
2312 3430 2705 3500 Ἐπιστάμενοι
2748 3430 3010 3500 πόλεμον.
3049 3451 3068 3484 ι
3114 3431 3228 3501 Τῆς
3265 3429 3375 3500 γὰρ
3416 3431 3647 3502 εἰρήνης
3679 3432 3776 3484 τοῦ

2178 3522 2416 3594 Χριστοῦ
2441 3523 2653 3588 ἀνάξιοι
2675 3523 2828 3586 ὄντες
2850 3561 2867 3590 ,
2891 3522 3129 3598 πόλεμον
3151 3524 3400 3595 ήσκησαν
3433 3523 3547 3577 οἵτε
3572 3523 3776 3596 δαίμο-

2178 3632 2287 3680 νες,
2316 3617 2414 3670 καὶ
2434 3617 2484 3669 οἱ
2512 3617 2802 3687 αἱρετικοί.

2255 3725 2274 3759 ι
2312 3708 2410 3772 Τίς
2438 3708 2604 3779 ἀνέϐη
2628 3709 2708 3771 είς
2733 3711 2824 3762 τὸν
2846 3705 3109 3778 οὐρανόν;
3141 3725 3159 3758 ι
3190 3704 3387 3769 Καθὼς
3411 3706 3736 3776 γέγραπται
3758 3724 3774 3736 ’

2183 3802 2305 3868 Οὐκ
2340 3801 2430 3854 ὅτι
2474 3801 2644 3870 ἡμεῖς
2685 3799 3095 3870 ἠγαπήσαμεν
3135 3798 3245 3852 τὸν
3286 3797 3437 3852 Θεὸν
3460 3838 3475 3861 ,
3507 3799 3653 3852 ἀλλ’
3689 3799 3778 3852 ὅτι

2179 3894 2364 3956 αὐτὸς
2394 3893 2715 3961 ἠγάπησεν
2737 3889 2895 3961 ἡμᾶς
2929 3892 3026 3944 καὶ
3063 3891 3364 3961 ἀγαπήσας
3394 3891 3642 3945 ἔκλινεν
3679 3893 3784 3945 οὐ·

2171 3985 2402 4054 ρανοὺς
2431 3987 2529 4039 καὶ
2556 3984 2800 4051 κατέϐη.

2255 4097 2274 4128 ι
2309 4078 2404 4142 Τίς
2435 4077 2612 4148 διέϐη.
2657 4095 2676 4130 ι
2731 4077 2788 4130 Ὀ
2823 4077 3027 4148 Κύριος
3051 4077 3255 4141 εἰπὼν,
3287 4073 3610 4143 Θαρσεῖτε,
3663 4075 3780 4144 ἐγὼ

2179 4169 2474 4236 νενίκηκα
2515 4169 2624 4222 τὸν
2651 4169 2906 4232 κόσμον.
2936 4168 3114 4232 Μόνος
3150 4167 3260 4240 γὰρ
3297 4167 3462 4232 αὐτὸς
3489 4167 3649 4238 διέϐη
3679 4166 3782 4237 τὴν

2181 4261 2475 4332 ἁμαρτίαν.
2507 4261 2581 4315 Τὸ
2604 4263 2682 4325 δὲ,
2706 4259 2901 4332 Εὗρεν
2932 4263 3150 4332 αὐτὴν,
3173 4261 3296 4316 ἀντὶ
3309 4262 3435 4328 τοῦ,
3459 4259 3788 4324 ’Υπέδειξεν

2180 4358 2312 4429 ἡμῖν
2333 4357 2516 4427 εὑρεῖν
2555 4355 2746 4426 αὑτήν.
3403 4379 3406 4381 λ

573 4546 594 4580 ι
623 4527 688 4584 Et
706 4528 897 4585 alleret
913 4544 1053 4585 eam.
1088 4549 1106 4583 ι
1147 4531 1416 4598 Quoniam
1443 4532 1709 4607 sapientia
1733 4550 1907 4590 omne
1954 4551 2078 4608 pre-

2258 4555 2277 4588 ι
2316 4535 2425 4588 Καὶ
2447 4535 2586 4587 οἴσει
2609 4533 2804 4604 αὐτήν.
2845 4551 2865 4585 ι
2897 4533 3021 4588 Ὅτι
3041 4532 3313 4604 ἀτίμητος
3336 4534 3370 4604 ή
3401 4530 3589 4603 σοφία.
3627 4531 3782 4602 Πρδς

498 4621 632 4674 tium
659 4632 915 4692 superat:
949 4623 1176 4694 mystico
1223 4640 1352 4680 vero
1381 4640 1567 4689 sensu,
1592 4641 1788 4680 aurum
1844 4627 2078 4684 electum

498 4721 582 4768 est
615 4713 771 4777 ﬁdes,
799 4729 896 4784 per
923 4732 1084 4786 quam
1117 4713 1313 4789 Filium
1341 4717 1741 4788 cognoscimus.

575 4821 595 4856 ι
625 4804 744 4859 Non
772 4815 857 4862 est
882 4807 975 4878 qui
1012 4809 1150 4864 sciat
1175 4809 1316 4863 viam
1347 4809 1484 4889 ejus.
1518 4828 1536 4861 ι
1571 4808 1627 4863 Si
1656 4811 1780 4881 quis
1805 4810 1953 4866 enim
1979 4813 2082 4869 ali—

497 4892 627 4962 quid
653 4909 816 4951 nosse
837 4897 1072 4964 videtur,
1103 4898 1348 4954 nondum
1376 4900 1528 4956 novit
1577 4900 1655 4955 uti
1700 4917 1864 4959 nosse
1920 4920 2085 4975 opor-

499 4995 599 5054 tet,
624 5003 727 5044 nec
757 4990 850 5060 qui
878 4991 1170 5063 excogitet.

573 5099 592 5134 ι
626 5080 888 5137 Semitam
907 5082 1048 5153 ejus.
1090 5102 1110 5135 ι
1156 5085 1457 5150 Doctrinas,
1497 5086 1774 5144 vaticinia.

570 5259 635 5315 ν.
657 5261 747 5317 52.
784 5280 804 5314 ι
839 5261 947 5318 Sed
971 5262 1064 5333 qui
1090 5264 1195 5320 scit
1227 5263 1432 5320 omnia.
1463 5284 1482 5319 ι
1514 5253 1676 5322 Solus
1706 5284 1945 5340 namque
1978 5270 2082 5326 Pa-

498 5359 587 5407 ter
619 5351 814 5408 Filium
846 5355 1018 5409 novit.

578 5461 599 5495 ι
628 5443 922 5502 Adinvenit
950 5462 1091 5503 eam.
1135 5467 1154 5502 ι
1190 5447 1450 5505 Patefecit
1471 5467 1602 5506 vero
1640 5452 1789 5509 illum
1831 5463 1889 5510 et
1920 5455 2083 5512 nobis

508 5548 603 5600 per
631 5536 850 5604 sapiens
878 5539 1268 5597 incarnationis
1291 5544 1630 5614 mysterium.

581 5641 600 5675 ί
638 5623 738 5691 Qui
779 5634 1120 5698 preparavit.
1155 5655 1173 5687 ι
1212 5635 1290 5690 Ad
1322 5635 1578 5702 litteram,
1603 5640 1749 5707 quod
1779 5656 1874 5710 per
1909 5639 2086 5696 incar-

2177 4625 2235 4680 δέ
2272 4625 2530 4689 διάνοιαν,
2562 4621 2786 4694 χρυσίον
2816 4623 3071 4677 ἐκλεκτὸν
3105 4626 3138 4696 ή
3167 4624 3373 4688 πίστις,
3403 4623 3474 4676 δι’
3511 4617 3583 4695 ἧς
3614 4620 3783 4691 γινώ-

2182 4733 2386 4789 σκομεν
2411 4715 2500 4769 τὸν
2528 4714 2680 4769 Υίόν.
2832 4717 2835 4720 ’

2256 4827 2277 4861 ι
2325 4809 2439 4862 Οὐκ
2465 4807 2613 4860 ἔστιν
2635 4809 2664 4861 ὁ
2703 4805 2990 4875 γινώσκων
3019 4806 3118 4876 τὴν
3159 4805 3276 4858 ὁδὸν
3305 4805 3500 4876 αὐτῆς.
3538 4822 3559 4855 ι
3593 4804 3664 4858 Εἴ
3696 4822 3784 4866 τις

2184 4903 2294 4972 γὰρ
2344 4900 2493 4955 δοκεῖ
2544 4900 2843 4970 ἐγνωκέναι
2909 4917 2986 4963 τι,
3050 4897 3206 4952 οὔπω
3258 4897 3403 4968 ἔγνω
3458 4895 3644 4960 καθὼς
3702 4897 3787 4950 δεῖ

2189 4996 2416 5064 γνῶναι.

2263 5107 2282 5140 ι
2326 5087 2438 5158 Τὴν
2471 5085 2655 5158 τρίϐον
2677 5086 2873 5156 αὐτῆς.
2909 5104 2929 5138 ι
2961 5085 3072 5149 Τὰς
3106 5084 3478 5150 διδασκαλίας,
3513 5082 3614 5146 τὰς
3642 5101 3785 5156 προ-

2186 5180 2438 5251 φητείας.

2260 5292 2278 5324 ι
2322 5270 2463 5324 Ἀλλ’
2489 5271 2518 5322 ὁ
2550 5268 2705 5332 εἰδὼς
2748 5268 2818 5322 τὰ
2858 5267 3059 5324 πάντα.
3103 5286 3122 5319 ι
3163 5267 3341 5330 Μόνος
3374 5266 3484 5336 γὰρ
3527 5266 3557 5318 ὁ
3582 5264 3784 5336 Πατὴρ

2186 5365 2442 5434 γινώσκει
2478 5362 2570 5415 τὸν
2603 5361 2754 5415 Υἱόν.

2267 5473 2285 5504 ι
2330 5450 2582 5524 Ἐξεῦρεν
2631 5452 2825 5522 αὑτήν.
2867 5468 2886 5502 ι
2918 5449 2932 5469 ’
2968 5448 3331 5520 Εφανέρωσεν
3379 5447 3436 5500 δὲ
3481 5445 3648 5501 αὐτὸν
3684 5449 3786 5500 καὶ

2183 5546 2315 5616 ήμῖν
2339 5545 2429 5598 διὰ
2457 5543 2549 5597 τοῦ
2578 5543 2744 5611 σοφοῦ
2771 5543 2869 5612 τῆς
2900 5541 3372 5618 ἐνανθρωπήσεως
3407 5539 3746 5610 μυστηρίου.

2262 5658 2281 5690 ι
2327 5639 2385 5691 'O
2409 5639 2841 5701 κατασκευάσας.
2883 5657 2901 5688 ι
2933 5637 3075 5707 Πρὸς
3111 5635 3210 5706 μὲν
3238 5634 3299 5688 τὸ
3337 5633 3499 5706 ῥητὸν
3523 5674 3538 5700 ,
3572 5628 3658 5687 ὅτι
3692 5630 3787 5685 διὰ

596 5825 639 5858 ⁸⁸
682 5826 840 5881 Rom.
870 5844 922 5890 χ,
952 5845 1029 5884 ιιι.
1129 5834 1170 5865 δυ
1197 5832 1385 5888 Matth.
1416 5851 1567 5901 χλιιι,
1609 5838 1696 5893 25.
1777 5840 1839 5871 ⁸³⁸
1873 5838 1893 5891 l
1924 5835 2078 5893 Joan.

2218 5838 2301 5894 10.
2380 5840 2421 5870 ⁷ο
2453 5837 2592 5894 Psal.
2633 5853 2756 5901 xm,
2795 5836 2873 5891 10.
2952 5838 2988 5868 ⁷³
3021 5835 3176 5892 Joau.
3213 5835 3435 5902 xvr,35.
