4044 6224
340 291 448 391 τω

1320 326 1786 390 FRAGMENTA
1827 324 1908 386 IN
1951 324 2249 388 LIBRUM
2290 326 2620 390 BARUCH.

3495 328 3605 391 7'70

324 438 420 490 τοῦ
441 438 466 489 ὲ
480 436 966 508 δανθρωπήσαντος
985 436 1146 508 λόγου
1175 437 1243 492 τὰ
1268 439 1446 493 πάντα
1467 436 1904 509 κατεσκευάσθη.

2057 443 2201 488 atum
2259 433 2502 499 Verbum
2537 434 2721 490 omnia
2779 437 2999 492 condita
3051 447 3216 492 sunt:
3281 436 3604 509 spiritaliter

328 529 471 599 Πρὸς
498 528 554 582 δὲ
577 528 836 596 διάνοιαν,
865 530 968 600 γῆν
1008 529 1107 601 τὴν
1135 530 1336 597 γνῶσιν
1361 531 1462 595 τῆς
1495 529 1799 593 εὐσεΰείας.

404 639 424 673 ς
461 622 813 691 Ἐνὲπλησεν.
854 641 874 674 ι
911 624 1178 692 ’Λγαϐοὺς
1201 624 1261 677 δὲ
1291 624 1386 678 καὶ
1420 624 1697 696 πονηροὺς
1719 620 1911 676 ἐκάλε-

329 732 421 768 σεν
456 717 537 778 είς
585 716 710 779 τοὺς
764 717 979 786 γάμους
1044 718 1074 770 ὀ
1125 715 1350 786 Κύριος.
1407 718 1595 788 Κτήνη
1635 715 1693 769 δὲ
1741 714 1911 783 λέγει,

327 806 455 868 τοὺς
494 805 598 876 πρὸ
617 805 809 858 τούτου
840 807 1099 877 κτήνεσιν
1142 807 1396 878 ἀνοήτοις
1423 805 1857 878 συμὸληθέντας.

407 915 426 946 ι
462 898 522 950 υἱ
551 897 607 950 δὲ
638 898 888 968 ἀστέρες.
939 916 956 950 ι
991 899 1130 961 Τοὺς
1167 897 1504 968 ἀποστόλους
1537 899 1672 970 πρὸς
1716 896 1808 961 οὒς
1833 892 1913 949 εἷ-

330 1005 454 1053 πεν,
503 988 692 1058 Ὑμεῖς
722 991 843 1043 ἐστε
874 990 935 1044 τὸ
966 990 1082 1060 φῶς
1106 991 1201 1044 τοῦ
1225 991 1452 1062 κόσμου.

405 1101 424 1132 ‹
456 1081 1014 1146 Ἐκάλεσενμάὐτούς.
1056 1105 1075 1134 ι
1113 1083 1204 1136 Ἐν
1241 1085 1354 1146 τοῖς
1401 1082 1705 1154 δεδομένοις
1733 1081 1917 1145 αὐτοῖς

331 1173 636 1244 χαρίσμασι
667 1173 1075 1244 διαλάμψαντες
1104 1175 1408 1246 ἐχάρησαν.
1495 1204 1497 1206 -

404 1251 574 1321 Οὗτος
608 1259 636 1309 ὁ
661 1257 814 1319 Θεός.
859 1274 876 1309 ι
932 1259 995 1310 Ui.
1036 1257 1136 1328 τὴν
1166 1257 1531 1327 ἀποστολικὴν
1555 1255 1754 1326 κλῆσιν
1780 1273 1916 1326 προ-

279 1364 290 1368 ·
331 1348 522 1415 Ουμως
553 1347 984 1412 ὑπακούσαντες,
1014 1347 1112 1400 καὶ
1148 1347 1450 1422 ἐπιθυμίαν
1467 1346 1682 1416 ἔχοντες
1722 1346 1920 1402 ἀναλῦ-

335 1441 566 1498 σαι.καὶ
594 1439 692 1492 σὺν
742 1439 963 1511 Χριστῷ
1005 1435 1170 1504 εἶναι,
1211 1441 1305 1494 καὶ
1333 1439 1499 1509 μηδὲν
1543 1438 1922 1508 προτιμῶντες

331 1530 425 1582 τοῦ
458 1531 679 1598 ποιῆσαι
700 1531 760 1582 τὸ
787 1531 1281 1602 προσταττόμενον.
1315 1558 1386 1570 -
1423 1529 1482 1582 '0
1505 1529 1572 1582 δι’
1597 1529 1746 1599 ἡμᾶς
1768 1545 1922 1597 γεγο-

333 1622 441 1684 νὼς
495 1620 806 1692 ἄνθρωπος,
858 1621 953 1674 τοῦ
1011 1619 1224 1688 Πατρδς
1280 1617 1521 1689 γεγονὼς
1563 1619 1770 1687 Λόγος,
1827 1618 1922 1670 καὶ

334 1709 430 1761 ἐπὶ
477 1709 580 1778 γῆς
635 1710 841 1778 ὀφθεὶς,
899 1711 994 1762 καὶ
1057 1711 1169 1773 τοῖς
1213 1708 1522 1780 ἀνθρώποις
1545 1724 1920 1780 συναναστρα-

337 1815 482 1868 φεις.

411 1910 430 1944 ε
472 1892 584 1945 Καὶ
636 1889 836 1944 ἔδωκεν
883 1891 1076 1960 αὐτήν.
1135 1914 1152 1943 ι
1194 1890 1318 1944 Ὅτι
1369 1891 1520 1945 πᾶσα
1578 1886 1923 1959 πνευματικὴ

338 1984 617 2055 ἐπιστήμη
634 1973 842 2051 ἄγουσα
869 1983 1002 2054 πρὸς
1024 1983 1254 2055 οὐρανὸν
1278 1983 1444 2038 αὑτοῦ
1464 1981 1576 2055 [ἴα.
1599 1980 1692 2036 ὑπ’
1732 1978 1922 2051 αὑτοῦ]

341 2062 762 2150 κάτεργάζεται.

417 2188 438 2222 ι
466 2171 622 2233 Μετᾲ
653 2168 815 2223 τοῦτο
839 2169 933 2222 ἐπὶ
963 2168 1064 2238 τῆς
1089 2168 1195 2238 γῆς
1214 2166 1394 2238 ὤφθη.
1437 2187 1456 2218 ι
1492 2169 1601 2221 Καὶ
1648 2167 1758 2240 γὰρ
1779 2167 1923 2222 κατά

337 2263 493 2328 τάξιν
527 2263 588 2316 τὸ
611 2262 669 2315 ἓν
696 2263 792 2317 καὶ
820 2262 880 2316 τὸ
897 2263 1030 2316 αὐτὸ
1056 2264 1356 2334 μυστήριον
1395 2261 1632 2333 ἔλαμψε,
1657 2262 1921 2334 νομικῶς,

341 2357 718 2428 προφητικῶς,
754 2357 1149 2427 εὐαγγελικῶς.

1011 2470 1166 2521 ΚΕΦ.
1196 2473 1271 2524 A‘.

423 2583 441 2615 ι
486 2561 929 2634 terms-1610;.
977 2581 994 2612 ι
1066 2562 1132 2616 Ἦ
1164 2562 1253 2616 διὰ
1291 2561 1398 2615 τῶν
1443 2561 1792 2632 Εὐαγγελίων
1829 2560 1926 2616 τοῦ

347 2656 649 2728 μυστηρίου
674 2655 890 2725 ποικίλη
917 2639 1140 2724 γνῶσις,
1173 2656 1207 2726 ἠ
1239 2656 1334 2709 καὶ
1358 2654 1764 2720 διαιωνίζουσα.

421 2767 441 2800 ι
479 2748 800 2800 Διόδευσον.“
831 2766 850 2798 ι
908 2746 1082 2809 Αὐτὸς
1137 2747 1246 2818 γὰρ
1288 2746 1442 2799 καλεί
1479 2746 1654 2815 λέγων
1683 2760 1698 2774 ⁸
1745 2743 1925 2798 Δεῦτε

345 2837 499 2904 πρός
518 2853 596 2906 με
635 2835 860 2900 πάντες
880 2837 933 2888 οι
961 2831 1287 2900 κοπιῶντες
1315 2833 1424 2888 καί
1437 2832 1928 2904 πεφορτισμένοι,

345 2927 511 2998 κάγὼ
532 2927 868 2982 ἀναπαύσω
890 2924 1067 2996 ὑμᾶς.

425 3039 445 3072 ι
503 3019 782 3089 Μακάριοί
820 3019 1006 3088 ἐσμεν.
1057 3037 1076 3071 ›
1121 3018 1394 3090 Παρορμᾷ
1438 3017 1564 3081 τοὺς
1601 3015 1661 3084 ἐξ
1710 3016 1931 3088 Ἰσραὴλ

348 3115 710 3184 προαρπάσαι
734 3111 832 3183 τὴν
861 3101 1046 3182 χάριν.
1072 3111 1292 3181 Ἐπειδὴ
1324 3112 1418 3164 καὶ
1444 3110 1628 3175 αὐτοῖς
1665 3105 1732 3180 ἦν
1759 3111 1929 3179 ἀναγ-

348 3207 504 3258 καῖον
542 3202 758 3275 πρῶτον
802 3201 1126 3271 ἀναγγεῖλαι
1158 3201 1249 3254 τὸν
1273 3200 1434 3268 λόγον
1466 3199 1560 3252 τοῦ
1582 3199 1740 3254 Θεοῦ.
1769 3231 1837 3242 -
1871 3199 1932 3254 '0

349 3284 722 3367 πνευματικὸς
745 3295 961 3368 Ἰσραὴλ
988 3291 1161 3349 ταῦτα
1193 3293 1360 3364 φησίν
1378 3310 1394 3326 ·
1431 3293 1568 3364 πρὸς
1595 3293 1689 3356 οὖς
1713 3309 1877 3364 φησιν
1905 3293 1934 3346 ὁ

350 3389 544 3460 Σωτήρ
566 3405 581 3420 ο
626 3385 822 3458 ’Υμῶν
844 3387 913 3441 δὲ
933 3385 1214 3458 μακάριοι
1244 3389 1299 3440 ot
1327 3385 1646 3455 ὀφθαλμοὶ,
1677 3386 1763 3439 ὅτι
1791 3385 1937 3450 ,βλέ-

351 3498 560 3549 πουσι,
593 3483 693 3537 καί
734 3482 807 3536 τὰ
833 3477 954 3538 ὦτα
975 3482 1166 3552 ὑμῶν,
1193 3481 1284 3535 ὅτι
1315 3482 1668 3536 ἁκούουσιν.

431 3594 451 3628 ι
488 3576 773 3646 Θαρσεῖτε,
806 3575 937 3640 λαός
973 3593 1098 3646 μου.
1124 3595 1142 3628 ι
1168 3571 1239 3628 Ὦ
1259 3576 1392 3648 παρ’
1421 3577 1558 3646 ἐμοῦ
1596 3573 1935 3646 μνημονευό-

356 3685 488 3738 μενε
515 3668 758 3739 Ἰσραήλ.
962 3701 964 3704 ν
1569 3666 1572 3668 ⁷

433 3779 454 3812 ι
492 3760 826 3831 Ἐπράθητε.
871 3780 891 3814 ι
920 3761 982 3814 Εἰ
1011 3760 1118 3832 γὰρ
1148 3760 1236 3814 διὰ
1275 3761 1376 3831 τὴν
1407 3761 1688 3832 ἁμαρτίαν
1716 3759 1843 3830 ἔσχε
1878 3759 1940 3812 τὸ

2014 534 2172 580 vocat
2203 532 2425 593 terram,
2458 526 2679 596 pietatis
2709 528 3095 598 cognitionem.

2091 633 2109 666 ι
2144 614 2418 684 Replevit.
2459 633 2478 667 ι
2516 614 2722 670 Probos
2748 632 2982 686 namque
3012 625 3067 670 et
3089 615 3368 686 improbos
3406 618 3472 669 ad
3503 632 3606 669 nu-

2015 706 2156 776 ptias
2190 705 2456 762 Dominus
2503 706 2824 761 convocavit
2853 725 2866 760 :
2897 708 3143 776 iumenta
3172 721 3303 761 vero
3350 722 3445 762 eos
3506 708 3606 769 ait,

2015 794 2106 864 qui
2127 802 2286 848 antea
2314 788 2576 864 iumentis
2606 793 2986 864 insipientibus
3021 793 3317 862 comparati
3350 801 3498 848 sunt.

2088 885 2152 940 V.
2189 887 2280 950 54,
2312 903 2332 938 ι
2357 884 2541 941 Stella:
2563 894 2763 940 autem.
2786 905 2804 937 ι
2830 885 3076 955 Apostoli
3103 884 3171 939 ad
3196 899 3334 955 quos
3355 885 3604 939 dixerat:

2020 978 2116 1033 Vos
2142 980 2266 1034 estis
2299 977 2392 1033 tua:
2420 979 2602 1032 mundi
2633 978 2701 1032 ⁷³.
3225 1043 3236 1054 ο

2083 1069 2149 1126 V.
2185 1071 2276 1125 35.
2311 1089 2330 1122 ι
2362 1069 2588 1126 Vocavit
2647 1084 2764 1125 eas.
2793 1085 2816 1122 λι
2863 1067 2923 1122 In
2981 1067 3140 1123 donis
3173 1069 3276 1124 sibi
3337 1069 3477 1124 datis
3519 1082 3613 1124 co-

2021 1172 2304 1220 ruscantes
2332 1163 2504 1233 gavisi
2529 1171 2680 1217 sunt.

2093 1253 2156 1309 V.
2181 1255 2272 1311 56.
2311 1274 2330 1308 ι
2364 1255 2465 1310 Hic
2491 1263 2577 1309 est
2605 1252 2750 1308 Deus
2797 1261 3005 1307 noster.
3042 1270 3060 1304 ι
3116 1250 3220 1318 Qui
3263 1251 3332 1306 ad
3368 1253 3612 1307 vocatio-

2019 1360 2145 1399 nem
2188 1345 2540 1416 apostolicam
2574 1352 2824 1414 prompte
2861 1342 3242 1407 obediverunt,
3275 1350 3331 1398 et
3384 1343 3614 1413 cupiunt

2019 1437 2265 1504 dissolvi,
2288 1447 2344 1492 et
2390 1452 2511 1492 esse
2533 1452 2659 1492 cum
2687 1436 2906 1491 Christo
2929 1437 2998 1498 ⁷³,
3026 1436 3272 1506 nihilque
3314 1435 3616 1506 praeierunt

2020 1531 2386 1587 observantia}
2413 1531 2816 1585 mandatorum.
2854 1559 2924 1571 -ο
2953 1530 3109 1595 Quod
3133 1545 3234 1599 pro
3257 1530 3418 1584 nobis
3445 1529 3612 1584 homo

2023 1622 2198 1676 iactus
2242 1633 2328 1677 est
2371 1621 2609 1676 Verbum
2657 1619 2852 1684 Patris,
2890 1630 2948 1673 et
3005 1619 3058 1672 in
3111 1628 3258 1674 terra
3302 1620 3501 1687 visum,
3559 1627 3616 1675 et

2025 1729 2150 1769 cum
2180 1713 2498 1768 hominibus
2525 1721 2908 1767 conversatum
2941 1711 3008 1765 ⁷⁸.
3285 1727 3293 1734 ·

2102 1913 2121 1946 ι
2152 1893 2222 1948 Et
2242 1892 2393 1948 dedit
2423 1907 2565 1946 eam.
2611 1909 2629 1942 ι
2669 1889 2938 1956 Quoniam
2971 1891 3153 1944 omnis
3197 1890 3497 1960 spiritualis
3525 1889 3616 1948 di-

2026 1983 2278 2054 sciplina,
2312 1999 2436 2054 qua:
2462 1981 2532 2037 ad
2557 1981 2754 2037 coelum
2789 1981 2958 2046 ducit,
2987 1981 3055 2036 ab
3091 1982 3210 2052 ipso
3242 1981 3548 2038 conﬁcitur.

2101 2161 2162 2217 V.
2196 2160 2285 2215 38.
2327 2179 2345 2211 ι
2377 2159 2509 2214 Post
2537 2159 2656 2216 haec
2690 2159 2745 2214 in
2792 2168 2933 2214 terra
2984 2159 3135 2214 visus
3181 2169 3284 2219 est.
3320 2179 3339 2213 ι
3403 2159 3620 2216 Etenim

2029 2269 2195 2308 unum
2218 2263 2272 2308 et
2295 2253 2437 2308 idem
2468 2252 2786 2322 mysterium
2818 2250 3010 2313 ordine
3054 2250 3413 2321 resplenduit,
3464 2250 3616 2324 lega-

2028 2346 2173 2414 liter,
2207 2346 2550 2418 prophetice,
2572 2344 2906 2416 evangelice.

2661 2457 2811 2513 CAP.
2841 2456 2928 2512 IV.

2103 2552 2166 2610 V.
2201 2553 2250 2609 Ι.
2283 2571 2300 2605 ι
2331 2550 2431 2606 IIic
2473 2549 2630 2605 liber.
2668 2567 2687 2602 ι
2725 2547 3068 2604 Multiformis
3115 2563 3214 2619 per
3265 2546 3624 2620 Evangelium

2030 2642 2270 2716 mysterii
2299 2639 2559 2712 cognitio,
2585 2653 2706 2709 qua:
2729 2638 2892 2693 etiam
2919 2639 2977 2692 in
3008 2648 3274 2692 aeternum
3299 2640 3426 2693 erit.

2099 2734 2168 2790 V.
2199 2736 2254 2790 ἓ.
2297 2751 2314 2786 ι
2346 2731 2596 2789 Ambula.
2623 2749 2644 2784 θ
2677 2731 2798 2801 Ipse
2824 2730 2970 2785 enim
3007 2738 3165 2784 vocat
3184 2729 3410 2785 dicens:
3447 2729 3626 2786 Venite

2031 2829 2102 2882 ad
2126 2843 2229 2889 me,
2261 2840 2438 2878 omnes
2462 2821 2552 2892 qui
2579 2821 2832 2877 laboratis
2863 2831 2911 2875 et
2934 2821 3139 2874 onerati
3171 2821 3314 2885 estis,
3347 2829 3396 2875 et
3425 2837 3518 2893 ego
3537 2837 3627 2877 re-

2030 2921 2210 2991 ﬁciam
2231 2934 2319 2972 vos
2352 2918 2421 2972 ".

2116 3010 2177 3066 V.
2215 3011 2268 3065 4.
2305 3029 2324 3062 ι
2353 3009 2500 3065 Beati
2538 3021 2749 3064 sumus.
2784 3024 2803 3059 ι
2856 3005 3068 3062 Excitat
3111 3005 3381 3061 Israelilas
3420 3012 3477 3060 ut
3500 3021 3626 3078 gra-

2038 3105 2166 3160 tiam
2193 3102 2530 3174 praeripiant.
2559 3099 2694 3154 Nam
2721 3108 2776 3154 et
2802 3098 2906 3153 illis
2927 3113 3153 3152 necesse
3178 3104 3294 3150 erat
3322 3097 3473 3167 prius
3517 3111 3622 3151 an-

2035 3196 2275 3253 nuutiari
2307 3195 2532 3250 verbum
2562 3192 2675 3246 Dei.
2700 3220 2772 3234 -—
2805 3189 3114 3260 Spiritualis
3145 3188 3307 3243 Israel
3335 3188 3450 3243 haec
3486 3185 3621 3242 eira-

2039 3298 2147 3356 tur,
2179 3288 2248 3343 ad
2277 3301 2414 3357 quos
2458 3283 2597 3339 dixit
2629 3281 2877 3338 Salvator
2903 3299 2916 3335 :
2952 3281 3119 3353 Vestri
3167 3296 3289 3335 vero
3315 3279 3453 3333 oculi
3483 3279 3626 3334 beati

2037 3387 2158 3435 sunt
2186 3376 2435 3448 quoniam
2461 3374 2657 3439 vident,
2690 3382 2738 3426 et
2791 3386 2946 3425 aures
2984 3380 3190 3435 vestra,
3231 3369 3478 3437 quoniam
3527 3385 3629 3422 au-

2039 3472 2189 3526 diunt
2209 3471 2271 3523 ⁷⁸.
3529 3475 3532 3477 ‘

2122 3583 2140 3616 ε
2170 3559 2462 3623 Conlidite,
2494 3557 2730 3630 populus
2771 3568 2947 3622 meus,
2981 3552 3498 3630 memoriale'Israel.
3533 3569 3554 3606 ι
3585 3552 3634 3608 ο

2043 3655 2230 3720 Israel,
2265 3654 2334 3709 de
2364 3667 2473 3722 quo
2501 3652 2690 3720 loquar
2717 3662 2836 3720 ego.

2116 3745 2184 3801 V.
2217 3746 2270 3800 6.
2310 3765 2330 3797 ε
2359 3743 2675 3798 Venundati
2706 3741 2863 3797 estis.
2897 3757 2915 3790 ι
2947 3739 3082 3793 Nam
3106 3737 3206 3793 esti
3234 3745 3458 3808 propter
3507 3749 3639 3805 pec-

357 3853 483 3908 καθ’
533 3853 690 3924 ἡμῶν
722 3827 1101 3926 γειρόγραιρον
1133 3855 1162 3907 ό
1195 3827 1464 3920 διάϐολος,
1501 3827 1617 3909 ἀλλ’
1639 3855 1669 3908 ὁ
1705 3827 1939 3926 Χριστὸς

2057 3846 2227 3893 catum
2286 3837 2550 3891 adversus
2602 3847 2704 3888 nos
2763 3831 3012 3886 diabolus
3071 3828 3491 3899 chirographum
3536 3827 3638 3882 ha-

359 3948 508 4018 ἡμᾶς
533 3948 611 4019 τῷ
642 3949 759 4019 ἰδίῳ
780 3949 973 4018 αἵματι
995 3945 1385 4020 ὲξηγοράσατο.

440 4149 458 4182 ι
498 4130 860 4184 Ἐπελάθεσθε
891 4130 970 4185 δέ.
1009 4150 1028 4183 ι
1067 4131 1190 4184 Ὀτι
1213 4129 1359 4201 λόγῳ
1380 4129 1511 4201 θείῳ
1533 4128 1835 4202 τραφέντες
1866 4127 1944 4192 ὡς

359 4223 590 4292 λογικοὶ,
624 4213 703 4286 είς
728 4208 950 4292 ἀλογίαν
982 4223 1523 4296 καταπεπτώκαμεν.

439 4440 459 4473 ι
479 4421 798 4484 Ἀκούσατε,
819 4420 876 4473 αἱ
890 4418 1144 4491 πάροικοι
1166 4417 1323 4500 Σιών.
1352 4437 1370 4469 ι
1399 4416 1512 4481 Τὰς
1536 4416 1833 4486 παροίκους
1848 4433 1949 4469 κα-

361 4516 450 4568 λεῖ
475 4513 613 4585 πρὸς
632 4513 730 4585 τὴν
753 4513 884 4567 θέαν
910 4513 1004 4566 τοῦ
1030 4511 1282 4575 πένθους,
1308 4510 1386 4581 τῷ
1409 4510 1816 4580 παραδείγματι
1848 4525 1950 4561 σωο
1983 4516 2027 4572 ι)

366 4606 739 4676 φρονεστὲρας
781 4604 950 4668 αὑτὰς
986 4602 1437 4676 ἀπεργασομένη.
1466 4630 1536 4641 —-
1572 4601 1658 4664 Ὦς
1688 4601 1826 4672 πρὸς
1850 4600 1950 4662 τὰς

368 4697 649 4768 ὑπηκόους
673 4696 860 4761 πόλεις
895 4697 924 4748 ὁ
949 4695 1127 4765 λόγος.

444 4806 464 4840 ι
511 4787 715 4859 Μηδεὶς
738 4787 1072 4858 ὲπιχαιρέτω
1100 4785 1282 4858 μοιτῇ
1316 4785 1483 4856 χήρᾳ.
1526 4803 1547 4835 ι
1583 4783 1755 4838 Καλεῖ
1774 4782 1831 4836 δὲ
1854 4783 1954 4837 αὖ·

365 4879 470 4951 τὴν
489 4880 688 4950 χήραν,
713 4877 790 4940 ὡς
819 4877 1025 4950 ἔρημον
1048 4861 1145 4947 τῆς
1171 4877 1322 4939 Θείας
1342 4873 1674 4945 κηδεμονίας
1694 4915 1709 4941 ,
1725 4874 1826 4943 τὴν
1857 4873 1958 4943 μό-

369 4987 471 5042 νην
486 4967 802 5041 ἠρεμοῦσαν
831 4965 1284 5039 [ὲρημωθεῖσαν],
1310 4967 1411 5036 τὴν
1449 4965 1545 5020 νῦν
1578 4966 1745 5036 μόνην
1766 4965 1958 5036 δηλον-

369 5065 487 5115 (mn
527 5061 584 5132 ἢ,
618 5061 668 5114 εί
704 5061 780 5132 μὴ
811 5059 989 5123 τοῦτο,
1023 5059 1098 5124 ὼς
1138 5059 1308 5129 μόνην
1362 5058 1662 5129 ἐσχηκυῖαν
1700 5057 1792 5110 τὸν
1821 5056 1962 5109 θεῖον

370 5150 510 5207 νεών
535 5167 549 5182 ⁶
601 5151 635 5222 ἢ
679 5151 969 5222 ὠςμόνην
1010 5151 1116 5203 ὑπὸ
1160 5149 1466 5220 Ἀσσυρίων
1519 5146 1965 5218 περιλειφθεῖσαν

353 5243 646 5314 ⁴ἀνάλωτον
671 5241 783 5314 [τον.
823 5240 1004 5314 item]
1032 5271 1102 5282 -—-
1122 5241 1185 5294 El
1213 5240 1322 5311 γὰρ
1349 5240 1443 5293 καὶ
1471 5237 1776 5293 Παιδεύων·
1806 5237 1968 5291 ἐπαι-

372 5333 558 5388 δευσέ
583 5351 662 5404 με
683 5337 716 5388 ό
745 5334 982 5402 Κύριος,
1007 5333 1170 5386 ἀλλὰ
1205 5330 1281 5396 τῷ
1311 5328 1546 5394 Θανάτῳ
1569 5330 1640 5382 οὺ
1665 5326 1969 5396 παρέδωκέ

368 5441 469 5494 με.
487 5426 652 5497 Χήρα
669 5424 726 5478 δὲ
752 5424 958 5496 κυρίως
974 5421 1181 5492 ἐκλήθη
1199 5425 1233 5489 ἡ
1262 5421 1562 5489 Συναγωγὴ
1588 5420 1734 5480 τότε,
1759 5417 1848 5470 ὅτε
1880 5416 1959 5476 εἰς

375 5526 472 5574 τὸν
524 5519 725 5590 ἑαυτῆς
788 5517 1025 5589 νυμφίον
1087 5516 1323 5588 Χριστὸν
1366 5513 1703 5585 ὲξυϐρίσασα
1764 5513 1966 5580 ἐγκατ-

378 5611 625 5680 ελείφθη.

2049 3927 2203 3988 buit,
2243 3924 2494 3981 Christus
2548 3931 2732 3978 tamen
2778 3935 2880 3974 nos
2921 3917 3146 3990 pmprio
3195 3917 3464 3987 sanguine
3510 3917 3638 3972 red-

2051 4019 2204 4074 emit.
2275 4027 2280 4032 ‘
2357 4022 2360 4024 ⁷
2659 4047 2667 4055 -
3245 4049 3247 4053 ι

2124 4108 2188 4164 V.
2216 4109 2269 4164 8.
2301 4125 2320 4160 ι
2371 4104 2534 4160 Obliti
2581 4119 2713 4160 vero
2758 4101 2911 4158 estis.
2952 4121 2970 4154 ι
3008 4099 3162 4168 Quod
3200 4099 3392 4155 divino
3449 4100 3638 4155 nutriti

2054 4203 2240 4266 verbo,
2282 4198 2362 4255 uti
2382 4197 2608 4253 rationis
2639 4203 2941 4266 compotes,
2975 4194 3043 4250 ab
3085 4208 3189 4248 usu
3241 4193 3475 4248 rationis
3505 4191 3645 4248 exci-

2058 4296 2264 4352 dimus.
2362 4290 2363 4293 “

2131 4387 2192 4443 ν.
2226 4387 2278 4443 9.
2327 4405 2344 4438 ι
2373 4385 2592 4451 Audite,
2615 4381 2864 4438 conﬁnes
2887 4378 3038 4434 Sion.
3073 4396 3092 4429 ι
3135 4375 3354 4431 Vicinas
3383 4382 3541 4430 vocat
3576 4375 3642 4428 ad

2057 4476 2352 4532 videndum
2417 4474 2647 4537 luctum,
2709 4469 2944 4524 reddens
2979 4465 3382 4534 'eas'exemplo
3433 4464 3645 4518 cautio—

2055 4577 2164 4624 res.
2190 4597 2256 4611 —
2284 4565 2511 4621 Videtur
2526 4564 2591 4619 ad
2620 4561 2867 4618 subditas
2895 4559 3145 4615 civitates
3176 4557 3336 4628 dirigi
3362 4571 3569 4611 sermo.

2130 4748 2194 4803 V.
2224 4749 2308 4800 12.
2343 4762 2362 4796 ς
2386 4742 2556 4798 Nemo
2580 4737 2819 4812 gaudeat
2845 4751 3010 4806 super
3042 4749 3129 4788 me
3163 4731 3344 4788 vidua.
3380 4749 3400 4782 ο
3446 4729 3647 4800 Appel-

2058 4840 2136 4894 lat
2161 4851 2291 4892 vero
2317 4849 2376 4891 se
2396 4833 2634 4898 viduam,
2658 4829 2735 4884 uti
2785 4827 2970 4883 divina
3015 4839 3146 4881 cura
3175 4823 3443 4887 orbatam,
3475 4821 3646 4876 solam

2061 4930 2419 4992 derelictam;
2471 4940 2618 4980 nunc
2658 4921 2867 4978 scilicet
2910 4919 3101 4975 solam.
3144 4917 3240 4972 Vel
3290 4916 3335 4971 si
3390 4929 3500 4968 non
3546 4912 3644 4975 ita,

2065 5024 2210 5094 quod
2239 5017 2354 5092 ipsa
2375 5019 2494 5074 sola
2527 5030 2744 5071 sacrum
2780 5013 3036 5068 habuerit
3063 5009 3346 5079 templum.
3385 5005 3480 5060 Vel
3526 5014 3648 5058 tan-

2063 5129 2226 5186 quam
2269 5111 2436 5168 solam
2481 5109 2551 5163 ab
2607 5105 2841 5178 Assyriis
2871 5097 3188 5159 derelictam
3235 5099 3356 5154 sine
3391 5095 3537 5150 filiis.
3579 5124 3652 5135 —

2064 5185 2202 5260 Nam
2253 5212 2308 5259 et
2348 5201 2392 5257 si
2453 5200 2739 5270 Castigans
2778 5195 3052 5267 castigavit
3097 5208 3179 5249 me
3220 5189 3515 5251 Dominus,
3559 5185 3652 5239 sed

2068 5296 2225 5353 morti
2253 5310 2356 5348 non
2392 5291 2608 5345 tradidit
2643 5306 2723 5344 me
2747 5289 2811 5344 ⁷⁷.
2843 5288 3015 5344 Vidua
3042 5299 3172 5340 vero
3232 5279 3452 5352 proprie
3510 5279 3651 5349 Syn-

2067 5402 2235 5459 agoga
2260 5393 2392 5439 tunc
2414 5390 2604 5437 vocata
2634 5380 2754 5444 fuit,
2781 5394 2907 5435 cum
2931 5379 2988 5432 in
3020 5388 3282 5447 sponsum
3301 5365 3467 5428 suum
3495 5368 3653 5427 Chri-

2074 5491 2217 5536 stum
2240 5475 2594 5539 debacchata,
2628 5471 2887 5530 derelicta
2910 5469 3031 5526 fuit.

452 5742 900 5810 "Matth.v,14.
979 5739 1290 5811 “Philipp.
1331 5737 1487 5805 ηεαδ.
1575 5737 1620 5770 τι
1645 5734 1880 5791 Baruclt.
1907 5730 2102 5802 “1,28.
2179 5728 2224 5760 τε
2290 5716 2700 5784 Matth.x1.28.
2801 5713 3332 5783 "Matth-numi-
3435 5710 3653 5770 "P831.

384 5827 544 5880 cxvu,
580 5815 667 5866 I8.
