4028 6226
507 267 616 329 775

1590 249 2114 311 OLYMPIODORI
2157 251 2691 332 ALEXANDRINI

3690 255 3803 320 776

587 391 604 419 ο
629 373 816 444 Usque
845 371 910 426 ad
942 378 1324 442 generationes
1371 376 1605 437 septem.
1657 366 1815 432 Nota,
1863 382 2093 440 genera-

2276 386 2293 418 ι
2334 368 2480 432 Ἕως
2522 369 2728 437 γενεῶν
2766 369 2930 424 ἐπτὰ.
2971 387 2992 422 ι
3033 371 3158 423 Ὀτι
3186 370 3285 440 τὴν
3321 367 3519 440 γενεὰν
3557 369 3801 426 ἐνταῦθα

512 467 718 522 tionem
739 480 857 519 esse
893 464 968 518 illi
990 465 1182 516 decem
1215 453 1486 514 annorum
1515 459 1774 528 spatium.

585 557 649 612 V.
687 558 740 612 6.
781 575 800 608 ‹
830 555 1072 626 Angelus
1099 555 1244 608 enim
1288 566 1465 606 meus.
1519 569 1538 600 ι
1591 549 1881 614 Videlicet,
1931 550 2095 603 etiam

510 651 688 705 ductis
718 650 773 708 in
803 648 1181 718 captivitatem
1231 633 1432 716 praesto
1486 651 1571 698 est
1605 643 1849 714 angelus,
1901 657 1972 697 ne
2007 642 2096 696 in-

512 740 826 796 ternccione
851 741 920 794 ab
946 738 1196 792 hostibus
1228 744 1474 806 pereant.

581 832 643 887 V.
669 833 722 886 '7.
753 851 772 884 ι
803 831 936 886 Nam
955 831 1138 899 lingua
1163 831 1430 900 ipsorum.
1472 847 1490 879 ι
1549 825 1848 891 Idolorum,
1885 826 2096 882 scilicet

507 922 1100 994 pseudomagistrorum
1132 936 1161 974 a
1202 921 1466 974 malorum
1493 918 1704 974 artiﬁce
1743 917 1960 973 diabolo
1999 931 2097 972 ve-

509 1013 598 1068 lox
629 1015 697 1068 ad
725 1014 1074 1068 mendacium
1110 1011 1392 1082 ﬁtlingua.

589 1209 608 1241 ι
655 1187 883 1259 ipsaque
927 1188 1195 1242 inaurata.
1256 1200 1276 1240 ι
1346 1185 1809 1257 Pseudomagistri
1856 1185 2097 1256 speciem

511 1297 624 1350 pra:
645 1297 702 1337 se
729 1281 968 1336 ferentes
985 1280 1223 1351 pietatis,
1265 1280 1374 1335 vim
1427 1293 1592 1348 porro
1639 1278 1785 1334 illius
1823 1278 2099 1350 abnegau-

514 1381 619 1428 tes.

589 1480 608 1512 ι
664 1457 821 1514 Falsa
867 1470 1052 1516 autem
1114 1470 1262 1516 sunt.
1337 1479 1356 1514 ι
1418 1460 1690 1526 Quoniam
1748 1459 2097 1515 mendacium

513 1553 798 1608 veritatem
832 1567 943 1606 non
976 1553 1240 1623 loquitur.

583 1641 649 1701 ν.
682 1645 766 1700 10.
807 1664 824 1696 ι
870 1645 1085 1699 Dabunt
1123 1645 1191 1700 de
1219 1645 1299 1700 eis
1328 1645 1496 1700 etiam
1527 1645 1912 1700 meretricibus
1970 1661 2094 1716 qua:

513 1736 614 1790 sub
645 1744 806 1788 tecto.
857 1751 875 1784 ›
905 1731 1132 1788 Tectum
1164 1734 1268 1789 hoc
1298 1734 1417 1788 loco
1445 1733 1906 1802 vocat‘lupanar.
1971 1738 1978 1746 '

586 1833 648 1886 V.
679 1831 764 1886 il.
797 1851 815 1882 ι
853 1830 915 1884 lli
949 1839 1134 1885 autem
1170 1846 1280 1886 non
1321 1831 1627 1884 liberantur
1679 1829 1748 1882 ab
1783 1827 2041 1898 aerugine.
2076 1845 2096 1880 ι

516 1925 594 1980 Dii
623 1924 870 1996 gentium
905 1941 918 1974 :
955 1921 1052 1977 sed
1111 1936 1214 1978 nec
1263 1921 1722 1996 pseudomagistri
1762 1937 1792 1976 a
1833 1919 2102 1976 diabolica

511 2017 772 2088 aerugine.

584 2108 758 2164 v.15.
800 2127 819 2160 ι
852 2107 972 2163 Non
1003 2121 1132 2179 ergo
1179 2105 1417 2161 timeatis
1475 2120 1592 2160 eos.
1638 2124 1656 2157 ι
1692 2102 1895 2158 Contra
1961 2101 2102 2156 idola

430 2238 436 2244 -
511 2203 662 2258 nulla
691 2203 895 2257 virtute
932 2199 1186 2272 pradita.
1210 2197 1355 2270 quod
1384 2197 1485 2253 sibi
1517 2197 1650 2268 ipsis
1679 2197 1938 2251 auxilium
1962 2196 2104 2251 ferre

513 2309 625 2349 non
665 2300 890 2363 queant.

582 2382 775 2440 v.16.
829 2402 848 2434 ι
891 2380 1045 2437 Oculi
1105 2394 1322 2436 eorum.
1383 2397 1402 2432 ι
1458 2379 1549 2434 Ait
1590 2378 1812 2450 quidem
1873 2395 1887 2432 :
1952 2376 2102 2433 Oculi

513 2477 821 2539 idolorum,
885 2471 1242 2528 nihilominus
1305 2479 1362 2525 et
1417 2471 1951 2536 haeresiarcharum,
2017 2471 2105 2527 vel

512 2583 704 2624 eorum
735 2566 824 2636 qui
851 2565 918 2620 ad
950 2580 1040 2619 res
1096 2572 1345 2618 terrenas
1403 2563 1501 2618 toti
1547 2562 1892 2626 incumbunt,
1945 2576 2106 2616 men-

515 2659 587 2713 tis
653 2657 797 2712 oculi
848 2655 1073 2726 pulvere
1095 2653 1363 2708 diabolico
1401 2661 1528 2708 sunt
1577 2653 1746 2724 pleni,
1777 2669 1885 2725 non
1916 2653 2108 2708 valen-

517 2759 600 2804 tes
631 2749 918 2804 veritatem
950 2745 1225 2815 inspicere
1248 2760 1314 2800 ex
1345 2745 1764 2815 operationibus
1795 2745 2104 2812 diabolicis,

516 2856 641 2911 quae
675 2839 888 2894 intrant
913 2837 966 2891 in
995 2852 1113 2892 eos.

585 2928 652 2986 ν.
685 2931 772 2986 18.
807 2949 826 2982 ι
865 2929 1147 2984 Lucernas
1175 2927 1506 2984 accendunt.
1552 2947 1571 2982 ι
1634 2929 1765 2984 Post
1798 2923 1939 2984 idOla
1963 2945 2105 3001 quo-

516 3040 623 3095 que
655 3039 749 3079 eos
773 3023 1017 3094 intellige
1070 3020 1160 3091 qui
1214 3021 1428 3090 decepti
1479 3008 1768 3091 nequeunt
1819 3013 2176 3078 intendereC

516 3116 706 3172 oculos
739 3118 794 3169 in
824 3115 1001 3186 legem
1031 3113 1142 3178 Dei,
1169 3113 1235 3168 de
1267 3129 1371 3182 qua
1409 3113 1676 3184 scriptum
1710 3123 1791 3168 est
1821 3132 1835 3167 :
1860 3113 2106 3168 Lucerna

517 3207 730 3279 pedibus
757 3207 884 3261 meis
929 3206 1010 3260 lea:
1039 3215 1130 3258 tua
1160 3206 1236 3260 ⁸³.
1272 3205 1378 3260 Sed
1433 3221 1620 3282 neque
1681 3205 1737 3259 in
1794 3221 2107 3262 sermonem

519 3301 898 3372 propheticum
945 3309 1203 3369 tanquam
1250 3299 1532 3354 lucernam
1580 3299 1865 3354 ardentem
1900 3300 1955 3354 in
2007 3301 2106 3356 ob-

521 3408 683 3447 scuro
713 3393 851 3446 loco.

593 3481 656 3538 ν.
689 3482 778 3536 20.
822 3501 840 3534 ι
871 3479 1046 3553 Nigrae
1085 3493 1233 3536 sunt.
1267 3501 1286 3534 ι
1323 3482 1595 3537 Idolorum
1619 3483 1880 3552 cultores
1905 3483 2110 3540 similes

521 3575 716 3640 idolis;
754 3575 1015 3645 scriptum
1045 3591 1285 3644 namque
1309 3585 1427 3629 est:
1471 3573 1684 3630 Similes
1718 3575 1826 3629 illis
1856 3576 1990 3644 [iant
2023 3579 2110 3647 fa-

519 3671 710 3724 cientes
745 3667 837 3722 illa
870 3668 938 3722 θδ.
976 3668 1043 3723 Et
1075 3684 1268 3723 omnes
1325 3669 1470 3737 quia
1523 3667 1867 3723 dazmonibus
1893 3668 2110 3739 agitan-

519 3772 629 3822 tur,
665 3761 860 3816 faciem
909 3760 1106 3815 animae
1171 3761 1570 3816 tenebricosam
1625 3761 1850 3826 habent,
1911 3762 2112 3817 obscu-

519 3863 674 3924 rante
707 3868 804 3909 eos
845 3851 996 3908 fumo
1027 3852 1298 3908 diabolico
1323 3853 1414 3922 qui
1443 3853 1497 3907 in
1527 3853 1692 3910 corde
1719 3867 1910 3908 eorum
1933 3863 2038 3908 est.

589 4047 656 4104 ν.
696 4049 788 4104 2|.
837 4067 856 4100 ‹
923 4047 1098 4119 Supra
1149 4064 1351 4119 corpus
1405 4064 1617 4105 eormn.
1685 4069 1704 4101 ι
1758 4048 1826 4104 Et
1874 4049 2110 4105 animam

517 4142 786 4212 ipsorum,
811 4141 906 4201 ait,
933 4148 990 4194 et
1036 4140 1339 4210 principem
1385 4149 1616 4210 partem,
1672 4139 1886 4194 scilicet
1955 4157 2113 4195 men-

521 4242 653 4295 tem,
707 4230 795 4285 vel
840 4238 988 4285 certe
1035 4230 1324 4285 ecclesiam
1379 4246 1592 4297 eorum,
1653 4238 1709 4285 et
1790 4231 2112 4300 pra‘positos

518 4323 735 4378 caedunt
771 4323 1083 4387 daemones,
1107 4321 1235 4391 quia
1283 4321 1452 4378 Deum
1501 4337 1600 4391 pro
1624 4329 1941 4393 legumento
1994 4337 2104 4376 non

521 4414 746 4470 habent.

592 4507 658 4562 V.
684 4508 776 4564 24.
815 4524 833 4558 ι
861 4505 924 4561 iu
953 4506 1154 4576 quibus
1183 4521 1297 4561 non
1331 4513 1416 4561 est
1439 4505 1687 4577 spiritus.
1730 4525 1749 4557 ι
1777 4504 1905 4559 Post
1939 4505 2108 4570 idola,

517 4615 614 4657 eos
643 4601 806 4655 etiam
832 4599 1094 4671 intellige,
1145 4599 1240 4670 qui
1268 4600 1338 4655 ab
1363 4600 1480 4655 illis
1523 4597 1794 4664 ainantur,
1868 4597 2107 4668 Spiritus

520 4693 694 4747 sancti
723 4699 986 4747 exsortes.

589 4782 657 4838 ν.
687 4781 780 4837 27.
827 4800 847 4834 ι
885 4782 1074 4852 Neque
1125 4782 1487 4839 mendicanti.
1529 4801 1548 4836 ι
1601 4782 1766 4838 Index
1791 4792 1849 4838 et
1878 4780 1984 4838 hoc
2024 4793 2107 4840 est

519 4873 806 4930 diabolica:
835 4873 1275 4930 inhumanitatis.
1655 4943 1658 4947 _
2104 4875 2106 4878 ’

593 4963 661 5020 ν.
695 4964 787 5018 28.
827 4983 845 5016 ι
877 4963 1155 5019 Sacriﬁcia
1183 4966 1402 5019 illorum
1435 4974 1798 5025 menstruata.
1844 4990 1863 5024 ι
1900 4971 2108 5026 Notan-

519 5056 648 5111 dum
676 5053 960 5126 estigitur,
985 5055 1053 5109 ad
1080 5055 1263 5110 divina
1300 5055 1565 5111 sacriﬁcia
1584 5073 1693 5112 non
1715 5059 1918 5117 debere
1947 5077 2110 5133 puer-

520 5161 706 5217 peram
732 5145 1016 5209 accedere,
1065 5147 1152 5200 vel
1199 5154 1637 5215 menstruatani;
1687 5153 1791 5210 hoc
1817 5158 1961 5210 enim
2021 5157 2109 5210 lex

523 5239 688 5294 etiam
720 5245 1076 5310 praeceperat.
1109 5237 1440 5309 Spiritaliter
1478 5259 1632 5309 vero,
1658 5245 1967 5304 immundas
1987 5248 2110 5303 ani-

523 5347 642 5388 mas
681 5347 832 5387 sacra
856 5331 1040 5388 facere
1066 5331 1341 5402 prohibet.

594 5423 770 5482 v.29.
815 5443 835 5477 ι
881 5424 1348 5496 Ωιιίαδρροηιιηι
1387 5428 1666 5484 mulieres.
1713 5449 1732 5479 ι
1771 5431 1926 5494 Nota,
1991 5448 2111 5487 mu-

520 5515 750 5572 lieribus
783 5515 1138 5571 interdictum
1169 5531 1322 5573 sacra
1368 5518 1568 5576 facere.
1599 5519 1824 5592 Mystice
1856 5539 2002 5586 vero,
2021 5539 2110 5578 sa-

607 5735 818 5794 "Psal.
849 5752 1036 5810 cxvm,
1073 5741 1194 5798 104.
1345 5742 1390 5774 δ’*
1413 5739 1557 5796 Psal.
1588 5754 1742 5795 οιιιι.
1778 5740 1834 5795 4.

2199 460 2280 522 εἰς
2312 458 2445 513 δέκα
2475 459 2572 531 ἔτη
2603 461 2849 531 ἀριθμεῖ.

2273 569 2293 602 ι
2344 551 2402 604 '0
2450 554 2560 623 γὰρ
2600 553 2833 621 ἄγγελός
2887 572 3012 626 μου.
3055 574 3074 609 ι
3111 556 3367 626 Δηλονότι
3428 556 3526 611 καί⁵
3572 560 3690 621 τοῖς
3737 559 3797 610 ἐν

2197 644 2544 718 αἰχμαλωσίᾳ
2574 645 2804 714 ἄγγελος
2828 647 3122 718 ἐπαμύνει,
3159 649 3244 718 ἐφ’
3339 649 3415 722 μὴ
3445 649 3798 722 πανωλεθρίᾳ,

2197 736 2569 808 διαφθαρῆναι
2605 739 2712 793 ὑπὸ
2743 740 2855 793 τῶν
2887 741 3120 814 ἐχθρῶν.

2275 847 2295 880 ι
2329 828 2556 884 Γλῶσσα
2608 831 2717 902 γὰρ
2758 832 2962 888 αὐτῶν.
2999 851 3018 884 ι
3064 834 3187 887 Τῶν
3230 833 3512 900 εἰδώλων,
3547 831 3797 905 δηλονότι

2197 919 2309 973 τῶν
2368 920 2870 990 ψευδοδιδασκάλων
2900 925 3005 978 ὑπὸ
3033 927 3128 980 τοῦ
3171 925 3281 979 τῶν
3324 925 3513 980 κακῶν
3543 925 3799 990 τέκτονος

2197 1010 2448 1067 διαϐόλου
2509 1015 2842 1087 εὐτρόχαλος
2893 1017 3102 1086 γίνεται
3161 1018 3196 1089 ἡ
3244 1015 3470 1087 γλῶσσα
3519 1019 3656 1090 πρὸς
3737 1019 3801 1074 τὸ

2199 1102 2415 1173 ψεῦδος.
3223 1099 3226 1102 ’

2277 1215 2297 1248 ι
2335 1197 2487 1250 Αὺτά
2520 1213 2580 1250 τε
2629 1197 2961 1271 περίχρυσα.
2995 1218 3013 1252 ι
3041 1199 3109 1256 Οί
3145 1200 3629 1272 ψευδοδιδάσκαλοι
3657 1203 3798 1274 μόρα

2201 1305 2377 1359 φωσιν
2397 1289 2614 1361 ἔχοντες
2639 1293 2950 1360 εὐσεϐείας,
2975 1295 3076 1368 τὴν
3093 1295 3149 1350 δὲ
3175 1296 3410 1367 δύναμιν
3431 1296 3602 1368 αὐτὴν
3623 1298 3797 1370 ἡρνηο

2203 1381 2380 1453 μένοι.

2277 1490 2297 1524 r
2332 1473 2516 1546 Ψευδῇ
2547 1473 2594 1528 δ’
2614 1476 2731 1529 ἐστὶ
2777 1477 2870 1530 καὶ
2908 1477 2968 1530 οὒ
3005 1477 3230 1534 δύναται
3257 1477 3462 1535 λαλεῖν.
3509 1498 3530 1534 ι
3565 1472 3707 1535 Ὀτι
3733 1484 3797 1536 τὸ

2200 1563 2394 1634 ψεῦδος
2425 1568 2692 1640 ἀλήθειαν
2726 1571 2787 1622 οὐ
2815 1571 2990 1626 λαλεῖ.

2279 1674 2297 1707 ι
2337 1658 2447 1710 Καὶ
2467 1661 2584 1722 ταῖς
2609 1660 2701 1712 ἐπὶ
2724 1659 2817 1713 τοῦ
2849 1663 3076 1731 στέγους
3104 1662 3358 1736 πόρναις.
3394 1682 3418 1718 ι
3451 1664 3577 1718 Ὅτι
3602 1663 3796 1734 στέγος

2130 1708 2175 1769 Β
2203 1745 2328 1816 λέγε
2338 1708 2446 1802 ῖ-τδ

2278 1858 2297 1890 ι
2340 1833 2498 1893 Οὗτοι
2536 1843 2590 1894 δὲ
2619 1843 2680 1895 οὐ
2720 1843 3082 1908 διασώζονται
3107 1845 3215 1900 ἀπὸ
3249 1846 3352 1902 ἰοῦ.
3389 1866 3408 1902 ι
3449 1849 3512 1902 Ol
3543 1848 3653 1902 050i.
3685 1848 3796 1902 τῶν

2203 1931 2374 1985 ἐθνῶν
2395 1948 2408 1962 ⁶
2443 1934 2559 1987 ἀλλ’
2593 1935 2789 1989 οὺδὲόἰ
2815 1937 3290 2008 ψευδοδιδάσκαλοι
3327 1940 3438 1995 ἀπὸ
3469 1941 3562 1994 τοῦ
3606 1941 3794 1996 διαόοο

2205 2025 2357 2080 λικοῦ
2393 2028 2493 2083 ἰοῦ.

2283 2139 2300 2173 ι
2367 2121 2460 2192 Μὴ
2505 2121 2602 2176 οὖν
2661 2121 2941 2194 φοϐηθῆτε
2980 2124 3200 2189 αὐτούς.
3256 2143 3276 2178 ι
3326 2124 3486 2180 Κατὰ
3530 2127 3628 2196 τῆς
3682 2127 3796 2182 τῶν

2207 2211 2444 2265 εἰδώλων
2524 2213 2893 2286 σαῡρὸτητος,
2954 2218 3039 2270 ὅτι
3107 2218 3324 2282 ἑαυτοῖς
3389 2217 3660 2288 βοηθῆσαι
3731 2219 3795 2273 οὗ

2203 2305 2487 2362 δύνανται.

2197 2470 2202 2474 _
2281 2416 2302 2450 ι
2353 2400 2414 2452 Οἰ
2447 2397 2715 2470 ὀφθαλμοὶ
2741 2400 2942 2456 αὐτῶν.
2987 2422 3005 2454 ι
3041 2403 3209 2474 Φησὶν
3252 2404 3353 2475 μὲν
3379 2404 3492 2460 τῶν
3535 2405 3792 2472 εἰδώλων,

2205 2491 2357 2545 οὐδὲν
2385 2491 2443 2545 δὲ
2470 2487 2634 2564 ἦττον
2654 2493 2764 2546 τῶν
2787 2495 3182 2566 αἰρεσιαρχῶν,
3220 2496 3252 2568 ἦ
3295 2497 3523 2551 καὶτῶν
3551 2499 3683 2569 περὶ
3728 2500 3796 2554 τὰ

2205 2585 2373 2656 γήϊνα
2402 2584 2841 2656 ἀσχολουμένων,
2879 2589 2928 2640 οἰ
2960 2591 3060 2658 τῆς
3097 2587 3340 2654 διανοίας
3381 2591 3650 2662 ὀφθαλμοὶ
3679 2592 3796 2646 δια-

2208 2679 2427 2733 ϐολικοῦ
2469 2680 2754 2760 κονιορτοῦ
2806 2683 3040 2752 πλήρεις
3074 2683 3239 2748 εἰσὶν,
3283 2684 3364 2742 εἰς
3402 2685 3463 2739 τὸ
3502 2685 3706 2758 ἀληθὲς
3732 2687 3795 2740 οὐ

2207 2771 2500 2845 δυνάμενοι
2524 2775 2762 2828 κατιδεῖν
2783 2775 2848 2828 ἐκ
2869 2776 2976 2828 τῶν
2996 2777 3074 2840 εἰς
3097 2777 3296 2842 αὐτοὺς
3321 2779 3797 2852 εἰσπορευομένων

2208 2866 2602 2939 ἐνεργημάτων
2627 2867 2972 2922 διαϐολικῶν.

2285 2974 2305 3010 ι
2352 2958 2602 3027 Λύχνους
2635 2957 2878 3012 καίουσι.
2932 2978 2951 3010 ι
3004 2957 3164 3012 Μετὰ
3215 2958 3286 3014 τὰ
3328 2959 3524 3014 εἴδωλα
3564 2961 3679 3016 νόει
3705 2963 3800 3016 καὶ

2208 3049 2338 3112 τοὺς
2363 3047 2774 3119 ἠπατημένους
2815 3048 3011 3104 ἐνιδεῖν
3033 3048 3128 3120 ’τῷ
3163 3050 3316 3122 νόμῳ
3345 3051 3442 3105 τοῦ
3470 3051 3629 3106 Θεοῦ.
3662 3055 3802 3125 Περὶ

2209 3132 2271 3193 οὗ
2292 3140 2627 3214 γέγραπταιο
2655 3139 2891 3208 Λύχνος
2917 3139 3041 3206 τοῖς
3069 3141 3217 3196 ποσί
3237 3159 3360 3212 μου
3391 3143 3426 3196 ό
3449 3143 3635 3214 νόμος
3656 3158 3799 3200 σου.

2221 3231 2385 3284 Ἀλλὰ
2422 3230 2558 3303 μηδὲ
2593 3230 2923 3303 προφητικῷ
2952 3229 3098 3302 λόγῳ
3122 3275 3138 3301 ,
3175 3232 3252 3298 ὡς
3277 3231 3459 3304 λύχνῳ
3491 3235 3705 3289 καίοντι
3741 3237 3804 3291 ἐν

2208 3316 2482 3395 αὐχμηρῷ
2516 3323 2688 3394 τόπφο

2288 3496 2307 3530 ι
2341 3477 2801 3547 Μεμελάνωνται.
2853 3497 2872 3530 ι
2917 3481 2979 3534 Οἱ
3015 3460 3409 3554 εἰδωλολάτραι
3441 3484 3620 3556 ὅμοιοι
3651 3486 3806 3551 ὄντες

2210 3571 2324 3634 τοῖς
2362 3569 2627 3632 εἰδώλοις.
2670 3569 2990 3641 Γέγραπται
3036 3573 3166 3643 γὰρ,
3201 3573 3282 3626 ὅτι
3320 3575 3550 3644 Ὅμοιοι
3599 3578 3805 3644 αὐτοῖς

2212 3662 2481 3733 γένοιντο
2519 3666 2573 3717 οί
2610 3663 2925 3731 ποιοῦντες
2957 3665 3131 3718 αὐτά.
3165 3667 3277 3720 Καὶ
3313 3668 3515 3732 πάντες
3536 3669 3593 3722 δὲ
3623 3671 3670 3722 οἰ
3699 3670 3807 3725 ὑπὸ

2212 3755 2484 3831 δαιμόνων
2515 3755 2900 3828 ἐνεργούμενοι
2929 3758 3174 3827 ἀφεγγὲς
3201 3759 3386 3830 ἔχουσι
3412 3763 3510 3832 τῆς
3539 3763 3720 3834 ψυχῆς
3743 3765 3808 3817 τδ

2213 3847 2532 3918 πρόσωπον,
2567 3848 2674 3901 ἀπὸ
2695 3847 2791 3901 τοῦ
2817 3849 3030 3903 καπνοῦ
3064 3851 3158 3903 τοῦ
3189 3851 3502 3908 διαϐολικοῦ
3526 3853 3620 3908 τοῦ
3646 3857 3705 3910 ἐν
3735 3859 3805 3928 τῇ

2214 3940 2412 4012 καρδίᾳ⁴
2438 3936 2620 3995 αὐτῶν
2649 3941 3138 4013 διασκοτιζόμενοι.

2289 4049 2309 4082 ι
2349 4031 2477 4084 Ἐπὶ
2525 4033 2586 4085 τὸ
2616 4032 2793 4101 σῶμα.
2839 4053 2857 4084 ι
2893 4035 3002 4088 Καὶ
3041 4035 3140 4106 τὴν
3165 4037 3345 4108 ψυχὴν
3376 4039 3579 4108 αὐτῶν,
3612 4043 3802 4111 φησὶν,

2213 4125 2311 4180 καὶ
2337 4125 2470 4179 αὐτὸ
2495 4125 2558 4180 τὸ
2588 4111 2952 4199 ἡγεμονικὸν,
2995 4131 3277 4185 τουτέστιν
3307 4133 3397 4188 τὸν
3439 4134 3566 4188 νοῦν
3593 4179 3608 4202 ,
3643 4137 3675 4206 ἣ
3705 4137 3806 4191 καὶ

2211 4217 2312 4290 τὴν
2360 4219 2660 4292 ἐκκλησίαν
2707 4221 2928 4286 αὐτῶν,
2988 4223 3085 4276 καὶ
3135 4224 3262 4290 τοὺς
3319 4228 3660 4298 ἡγουμένους
3700 4232 3806 4300 ῥα-

2215 4310 2436 4374 πίζουσι
2485 4311 2762 4383 δαίμονες,
2808 4314 2897 4368 διὰ
2936 4315 2998 4367 τὸ
3054 4316 3130 4388 μὴ
3181 4319 3410 4389 ποιῆσαι
3457 4321 3670 4394 σκέπην
3708 4323 3806 4376 τὸν

2143 4375 2186 4430 D
2214 4404 2366 4457 Θεόν.

2290 4517 2309 4549 ι
2363 4499 2450 4551 Ἐν
2498 4491 2581 4562 οἷς
2621 4499 2724 4554 οὐκ
2765 4498 2884 4553 ἐστι
2931 4499 3170 4573 πνεῦμα.
3213 4521 3231 4554 ι
3287 4504 3445 4559 Μετά
3492 4505 3562 4558 τὰ
3609 4505 3807 4560 εἴδωλα

2211 4592 2320 4645 νόει
2346 4593 2440 4644 καὶ
2460 4593 2586 4655 τοὺς
2603 4590 2695 4644 ὑπ’
2726 4591 2907 4646 αὐτῶν
2946 4592 3403 4665 ἐνεργουμένους,
3447 4595 3594 4650 Θείου
3627 4598 3808 4652 Ilvati-

2214 4702 2382 4755 ματος
2407 4686 2564 4749 ἐκτὸς
2585 4685 2767 4748 ὄντας.

2285 4797 2304 4830 ι
2342 4777 2478 4831 Οὖτε
2520 4776 2740 4847 πτωχῷ.
2793 4795 2813 4830 ι
2861 4777 2974 4832 Καὶ
3025 4777 3183 4832 τοῦτο
3237 4777 3441 4849 δεῖγμα
3481 4777 3807 4851 δαιμονικῆς

2216 4869 2414 4939 μισανο
2424 4869 2659 4940 ρωπίας.

2289 4981 2309 5015 ι
2351 4963 2472 5015 Τῶν
2497 4962 2698 5016 Θυσιῶν
2740 4962 2920 5016 αὐτῶν
2953 4963 3373 5034 ἁποκαθημένη.
3410 4982 3428 5015 ι
3462 4963 3812 5034 Σημειωτέον

2213 5052 2326 5120 οὖν,
2358 5055 2433 5117 ώς
2468 5055 2619 5125 ἱερὰς
2653 5054 2842 5118 Θυσίας
2871 5055 2932 5108 οὺ
2966 5055 3048 5110 δεῖ
3075 5055 3217 5126 λεχὼ
3260 5055 3351 5109 καὶ
3377 5055 3810 5125 ὰποκαῦημένην

2215 5147 2508 5202 ἅπτεσθαι.
2552 5146 2724 5200 Τοῦτο
2753 5149 2860 5219 γὰρ
2887 5150 2984 5202 καὶ
3025 5149 3055 5200 ὁ
3093 5149 3258 5219 νόμος
3304 5148 3615 5200 ἐκέλευσεν.
3664 5147 3814 5216 Πρὸς

2215 5241 2272 5293 δὲ
2299 5240 2557 5310 θεωρίαν,
2585 5240 2684 5304 τὰς
2720 5241 3067 5313 ἀκαθάρτους
3103 5241 3283 5314 ψυχὰς
3327 5226 3636 5312 ἱερουργεῖν
3671 5240 3809 5294 ἀπο-

2218 5332 2439 5393 κωλύει.

2295 5446 2316 5480 ι
2361 5425 2484 5479 Ὅτι
2531 5427 2789 5495 γυναῖκες
2833 5426 3218 5498 παρατιθέασι.
3269 5445 3288 5478 ι
3326 5422 3691 5495 Σημειωτέον,
3730 5423 3812 5478 ὅτι

2218 5522 2280 5576 οὐ
2309 5521 2391 5576 δεῖ
2414 5523 2678 5591 γυναῖκας
2701 5522 3031 5593 ἱερουργεῖν.
3067 5521 3209 5591 Πρὸς
3231 5519 3287 5573 δὲ
3313 5519 3580 5585 διάνοκιν,
3604 5518 3690 5572 δτι
3711 5515 3813 5580 τὰς
