4028 6226
352 380 456 448 777

1268 371 1728 434 FRAGMENTA
1766 369 1847 430 ΙΝ
1894 369 2251 431 ΙΕΒΕΜΙίΕ
2284 367 2731 429 EPISTOLAM.

3518 364 3627 433 778

353 495 465 554 τῶν
494 496 689 568 ἱερέων
725 489 908 561 ψυχὰς
945 487 1047 542 οὐκ
1074 486 1335 553 ἐκλύτους
1374 482 1515 540 εἶναι
1556 485 1655 551 δεῖ,
1684 483 1799 537 ἀλλ’
1847 475 1943 537 ἀν-

2053 479 2333 536 cerdotum
2375 480 2586 533 animas
2627 476 2924 533 dissolutas
2961 492 3081 533 esse
3114 494 3223 533 non
3253 479 3470 547 decere,
3531 484 3629 541 sed

357 589 545 660 δριίας
577 587 677 641 καὶ⁹
710 582 959 655 γενικὰς.

432 700 453 733 ι
497 676 603 732 Ὧν
632 678 690 732 ai
714 674 952 745 κεφαλαὶ
979 672 1285 728 ἀκάλυπτοί
1315 672 1476 725 εἰσιν.
1525 689 1544 722 ι
1583 668 1699 722 Οὐκ
1720 666 1949 738 έχουσαι

356 791 455 847 τοῦ
489 789 762 861 σωτηρίου
792 786 891 860 τὴν
921 784 1381 858 περικεφαλαίαν.

442 903 645 957 Ἑνεόν
691 918 825 973 φησι
874 900 936 953 τὸ
983 898 1199 952 εἴδωλον
1246 897 1308 949 τὸ
1364 895 1597 965 ἄφωνον.
1624 892 1827 961 Βῆλον
1852 891 1949 946 Δία

358 994 454 1048 καὶ
474 993 736 1064 Ἕλληνες
767 989 1164 1061 ἐσεϐάσθησαν.

440 1127 458 1160 ι
496 1110 559 1162 Αἰ
602 1108 660 1162 δὲ
688 1092 950 1177 γυναῖκες
1003 1103 1362 1175 περιθέμεναι
1395 1102 1628 1172 σχοινία.
1671 1119 1689 1151 ι
1728 1099 1946 1170 Σχοινία

358 1199 525 1270 φησὶν
547 1199 616 1253 τὰ
642 1197 1006 1270 περιζώματα
1029 1212 1043 1226 ⁸
1076 1194 1451 1249 καλύπτουσαι
1469 1193 1578 1264 γὰρ
1609 1192 1744 1263 μόνα
1764 1192 1832 1245 τὰ
1851 1192 1944 1245 τοῦ

359 1292 615 1363 σώματος
636 1293 948 1362 ἀσχήμονα,
976 1289 1044 1343 τὰ
1063 1289 1229 1342 λοιπὰ
1258 1288 1665 1359 παρεγύμνουν,
1700 1304 1945 1357 προσκα-

354 1383 450 1443 λού
460 1400 619 1453 μεναι
651 1384 778 1445 τοὺς
811 1384 1069 1452 ἐραστάς.

429 1491 450 1524 ι
488 1472 776 1543 Θυμιῶσαι
800 1473 869 1525 τὰ
897 1472 1124 1544 πίτυρα.
1166 1493 1185 1526 ι
1225 1471 1512 1544 Ἀφροδίτῃ
1545 1470 1728 1541 τυχὸν,
1762 1470 1795 1541 ἦ
1834 1488 1942 1524 τινι

352 1562 864 1633 προαγωγιῖ›.”ῐσως
892 1562 947 1616 δὲ
980 1565 1075 1617 καὶ
1108 1564 1189 1624 είς
1215 1562 1499 1635 καθαρμὸν
1530 1562 1689 1616 τοῦτο
1719 1561 1939 1616 ἐποίουν

350 1657 399 1709 οἱ
433 1654 738 1725 δυστυχεῖς.
1176 1638 1181 1641 ³

432 1768 450 1797 ι
494 1748 616 1798 Ὀτι
637 1747 737 1826 οὐκ
761 1745 1008 1815 ἠξίωται.
1052 1764 1070 1797 ι
1110 1746 1232 1799 Ὅτι
1280 1745 1381 1798 οὐκ
1410 1742 1617 1814 ἠξιώθη
1647 1741 1782 1797 Θεοῦ
1810 1744 1932 1795 ἐπι-

2055 571 2262 637 viriles,
2296 582 2353 625 et
2381 585 2700 643 generosas.

2127 681 2188 735 V.
2215 682 2304 737 ὅθ.
2339 699 2358 732 ι
2395 681 2637 748 Quorum
2660 684 2836 754 capita
2861 685 3004 740 nuda
3044 693 3190 741 sunt.
3232 704 3251 737 ι
3278 684 3395 740 Non
3423 685 3633 742 baben-

2050 775 2121 830 tia
2153 775 2406 830 salutaris
2433 776 2664 847 galeam.

2120 890 2184 944 ν.
2238 887 2327 946 40.
2388 892 2590 945 Mutum
2636 899 2793 947 vocat
2836 891 3037 946 idolum
3100 890 3219 948 sine
3238 907 3387 949 voce.
3416 890 3628 959 Belum,

2046 978 2234 1038 Jovem
2259 983 2432 1039 Gra-ei
2460 1000 2677 1055 quoque
2721 985 3029 1052 coluerunt.

2119 1092 2184 1152 V.
2219 1097 2310 1153 42.
2349 1116 2366 1147 ι
2403 1097 2659 1153 Mulieres
2703 1109 2885 1154 autem
2924 1097 3275 1154 circumdatae
3319 1098 3565 1153 funibus.
3603 1117 3622 1149 ι

2046 1188 2228 1245 Fuues
2244 1199 2402 1247 vocat
2428 1192 2798 1263 subligacula;
2827 1192 2969 1246 solas
2988 1191 3137 1245 enim
3164 1199 3408 1262 tegentes
3433 1191 3628 1246 obsee-

2044 1297 2144 1336 nas
2168 1284 2416 1352 corporis
2449 1294 2650 1354 partes,
2670 1295 2865 1342 cmtera
2897 1283 3195 1348 nudabant,
3224 1281 3289 1336 ad
3310 1280 3630 1336 alliciendos

2045 1386 2335 1432 amatores.

2123 1486 2141 1519 ι
2189 1469 2489 1525 Adolentes
2566 1469 2799 1526 furfura.
2860 1489 2879 1521 ι
2969 1467 3167 1526 Veneri
3235 1470 3486 1531 fortasse,
3542 1466 3631 1522 rel

2047 1562 2204 1616 alleri
2235 1562 2473 1624 numini,
2503 1564 2647 1632 quod
2671 1563 2961 1617 lenociniis
3012 1564 3219 1633 praesit.
3246 1561 3409 1617 Forte
3461 1560 3629 1616 etiam

2044 1653 2112 1707 ad
2144 1670 2203 1709 se
2229 1655 2542 1711 lustrandos
2570 1656 2755 1710 miseri
2785 1656 2890 1710 hoc
2906 1657 3156 1726 agebant.

2117 1746 2280 1801 v.45.
2299 1767 2318 1798 ι
2346 1747 2499 1813 Quod
2520 1764 2629 1803 non
2655 1748 2726 1802 sit
2745 1749 2905 1819 digna
2928 1748 3158 1803 habitam
3183 1744 3448 1812 Quoniam
3468 1743 3631 1814 digna

353 1840 628 1909 σκέψεως.
662 1870 735 1879 ο-
765 1838 889 1901 Πῶς
920 1855 983 1906 γε
1016 1838 1079 1908 δὴ
1109 1838 1295 1909 μέλλοι
1328 1837 1395 1891 τὰ
1426 1839 1519 1892 ὑπ’
1555 1838 1737 1893 αὐτῶν
1763 1854 1936 1891 κατα-

2053 1854 2153 1893 non
2184 1838 2305 1900 fuit,
2348 1855 2470 1909 quae
2502 1855 2532 1894 a
2580 1841 2691 1895 Deo
2718 1839 3138 1894 inviseretur.——
3163 1834 3632 1905 Quomodoigitur

353 1932 726 1986 σκευασθέντα
754 1927 889 1984 εἶναι
913 1930 1046 1998 θεοὶ,
1077 1933 1159 1984 ὅτι
1181 1931 1242 1984 τὸ
1265 1931 1370 1984 ὑπὸ
1395 1930 1556 1984 ἄλλου
1578 1930 1860 2001 γινόμενον
1881 1928 1943 1983 οὐ

350 2022 511 2086 Θεὸς.

431 2134 451 2166 ι
488 2113 867 2185 Γνωσθήσεται
898 2113 1038 2185 μετᾶ
1067 2112 1239 2167 ταῦτα
1264 2114 1347 2168 ὅτι
1373 2112 1492 2166 ἐστὶ
1514 2111 1706 2183 ψευδῆ.
1747 2131 1767 2165 ι
1796 2108 1860 2171 Ὃ
1878 2110 1943 2183 δὴ

351 2207 452 2260 καὶ
482 2205 706 2273 γέγονεν
738 2204 826 2259 διὰ
849 2205 949 2276 τῆς
971 2203 1066 2257 τοῦ
1089 2205 1346 2275 Σωτῆρος
1380 2202 1727 2273 ἐπιφανείας.

430 2312 451 2345 ι
487 2294 701 2365 ’Ὥσπερ
731 2294 840 2365 γὰρ
861 2292 1122 2365 κορῶναι.
1159 2311 1178 2344 ι
1223 2289 1288 2346 Ἦ
1322 2292 1537 2362 κορώνη
1567 2292 1770 2363 πτηνὸν
1801 2292 1942 2346 ἀκά-

352 2388 583 2459 θαρτον.
626 2387 955 2458 Ἀκάθαρτοι
979 2384 1072 2441 οὖν
1095 2388 1235 2440 είσιν
1255 2389 1305 2439 οἱ
1327 2385 1598 2459 δαίμονες,
1626 2386 1751 2440 οὔτε
1781 2389 1944 2441 ἐπου-

358 2480 539 2548 ράνιοι
570 2479 725 2542 ὄντες
740 2479 828 2532 διὰ
854 2478 917 2531 τὸ
954 2476 1227 2547 ἄτιμοι,οῠ
1251 2494 1309 2531 τε
1343 2477 1601 2547 ἐπίγειοι,
1633 2478 1769 2532 διότι
1789 2478 1945 2549 ψευδ-

353 2569 570 2640 ώνυμοι
598 2587 614 2602 ο
670 2570 764 2623 καὶ
822 2569 995 2631 ἄλλως
1024 2568 1081 2621 δὲ
1105 2608 1121 2633 ,
1172 2569 1282 2622 ἀπὸ
1319 2570 1418 2638 μὲν
1441 2569 1709 2640 οὐρανίων
1738 2568 1945 2639 ἀψίδων

356 2663 469 2716 ὑπὸ
499 2662 635 2718 Θεοῦ
662 2662 1059 2734 ἐξεϐλήθησαν,
1087 2662 1194 2715 ἀπὸ
1227 2661 1287 2715 δὲ
1317 2662 1417 2732 τῆς
1436 2663 1540 2733 γῆς
1569 2660 1946 2733 περιελαύνονο

352 2774 453 2810 ται
494 2757 600 2810 ὑπὸ
638 2756 810 2826 ἁγίων
846 2754 1150 2827 ἀνθρώπων
1184 2754 1271 2808 διὰ
1299 2755 1399 2826 τῆς
1425 2753 1518 2809 τοῦ
1548 2753 1785 2826 Χριστοῦ
1817 2755 1945 2826 βοη-

355 2848 535 2913 θείας.
575 2848 734 2902 Κατὰ
762 2848 820 2902 δὲ
856 2848 1013 2918 λόγον
1051 2848 1312 2918 μυστικὸν
1345 2848 1442 2901 καὶ
1466 2848 1495 2901 ὁ
1524 2847 1717 2919 Σωτὴρ
1746 2850 1825 2913 είς
1850 2847 1944 2903 τὸν

356 2944 599 3012 σταυρὸν
640 2940 895 3012 ἀνῆλθεν,
937 2942 1031 2996 τὸν
1062 2941 1202 3013 ἀέρα
1225 2940 1508 3012 καθαίρων
1538 2941 1602 2993 ὲκ
1627 2941 1726 3012 τῆς
1760 2940 1943 2995 αὐτῶν

357 3033 711 3102 ἀκαθαρσίας
733 3049 748 3063 ·
804 3034 901 3087 καὶ
933 3035 1013 3097 είς
1046 3034 1112 3088 τὰ
1164 3032 1499 3105 καταχθόνισ.
1536 3033 1938 3105 παραγέγονεν,

358 3124 658 3179 καταλύων
684 3124 864 3178 αὐτῶν
901 3126 1018 3179 ἐκεῖ
1041 3124 1141 3197 τὴν
1165 3124 1473 3195 τυραννίδα.

442 3256 464 3289 ι
500 3234 686 3291 Ταῦτα
725 3237 783 3291 δὲ
810 3236 933 3290 οὔτε
970 3240 1090 3300 ταῖς
1114 3237 1299 3300 ἰδέαις.
1337 3256 1356 3289 ι
1395 3235 1477 3290 Τὰ
1509 3236 1721 3301 εἴδωλα,
1758 3237 1942 3306 φησὶν,

357 3330 492 3385 οὔτε
520 3329 753 3401 λαμπρά
789 3332 949 3395 είσιν,
979 3328 1056 3393 ὼς
1080 3330 1232 3401 ἥλιος
1262 3329 1359 3383 καὶ
1392 3327 1588 3399 σελήνη
1615 3342 1630 3360 ο
1662 3327 1786 3382 οὔτε
1814 3329 1946 3400 δραι⁵

357 3419 550 3486 στικὰ,
576 3418 655 3483 ὡς
684 3417 795 3490 πῦρ
832 3420 926 3472 καὶ
964 3418 1185 3489 ἄνεμος.
1220 3419 1283 3471 Et
1313 3417 1373 3471 δὲ
1398 3421 1515 3482 ταῖς
1538 3416 1718 3482 ’ίδέαις
1755 3419 1850 3472 καὶ
1876 3420 1943 3489 τῇ

351 3510 591 3580 δυνάμει
651 3509 1000 3581 ἀσυγκρίτως
1054 3509 1236 3563 αὐτῶν
1288 3509 1616 3581 διαφέροντα
1660 3510 1761 3562 οὐκ
1807 3509 1946 3563 είσὶν

354 3603 498 3665 θεοὶ,
535 3601 654 3665 πῶς
685 3602 830 3655 αὐτὰ
856 3601 1138 3671 νομιστέον
1167 3597 1307 3655 εἶναι
1339 3600 1530 3667 θεούςε

439 3713 460 3745 ι
494 3695 704 3765 Σημεῖά
726 3711 788 3747 τε
828 3697 887 3747 ὲν
920 3694 1119 3748 ἔθνεσι.
1155 3711 1174 3745 ι
1212 3693 1313 3748 Διὰ
1347 3692 1507 3747 τοῦτο
1539 3693 1671 3756 ἴσως
1710 3692 1806 3747 καὶ
1841 3694 1947 3746 Φα-

354 3788 568 3858 ρισαῖοι
609 3786 841 3855 ἠρώτων
868 3785 961 3838 τὸν
1003 3785 1254 3855 Σωτῆρα,
1276 3784 1526 3853 λέγοντες
1549 3801 1565 3817 ⁸
1602 3786 1664 3839 Τί
1691 3785 1946 3854 σημεῖον

352 3879 664 3941 δεικνύεις
699 3876 845 3945 ἡμῖν
897 3876 999 3931 ἀπ’
1041 3876 1343 3944 adparat};
1375 3878 1575 3949 Ἤρκει
1610 3876 1667 3931 δὲ
1716 3877 1875 3947 μόνος
1916 3878 1946 3929 ό

352 3972 544 4041 ἀστὴρ
576 3969 746 4034 δεῖξαι
779 3968 871 4023 τὸν
918 3968 1180 4039 τεχθέντα
1225 3971 1312 4024 δτι
1345 3969 1465 4022 ἐστὶ
1510 3969 1645 4032 Θεός
1672 3984 1688 3999 ο
1735 3970 1832 4022 καὶ
1875 3970 1946 4022 τὰ

351 4066 458 4120 ἐπὶ
488 4062 582 4116 τοῦ
620 4060 859 4134 σταυροῦ
885 4062 1253 4132 γεγενημένα,
1278 4060 1482 4127 ἔδειξεν
1510 4060 1676 4115 αὐτοῦ
1704 4060 1805 4130 τὴν
1832 4060 1947 4114 θεό-

351 4176 529 4230 τητα,
569 4157 658 4210 ὅτε
701 4157 732 4209 ὁ
771 4154 925 4225 ἥλιος
967 4154 1066 4216 τὰς
1102 4153 1240 4217 ίδίας
1280 4151 1619 4207 συνέστειλεν
1661 4153 1888 4215 ἀκτῖνας
1926 4167 1940 4182 ’

352 4250 466 4305 καὶ
492 4250 535 4317 ἡ
559 4248 889 4316 οὐρανόθεν
912 4245 1226 4315 ἐνεχθεῖσα
1255 4244 1449 4315 φωνὴ,
1489 4240 1680 4310 οὗτός
1704 4245 1876 4298 ἐστιν
1910 4247 1944 4298 ό

362 4345 508 4406 Υἱός
532 4357 653 4410 μου
696 4341 729 4393 ό
766 4338 1093 4407 ἀγαπητός.
1156 4336 1287 4391 Ἰδοὺ
1319 4336 1611 4408 τοιγαροῦν
1661 4337 1753 4390 καὶ
1786 4335 1857 4390 τὰ
1883 4335 1944 4400 ἐξ

349 4431 599 4505 οὐρανοῦ
624 4431 844 4501 σημεῖα.

2051 1930 2346 1986 fabrefacta
2381 1931 2450 1984 ab
2485 1931 2589 1985 illis
2648 1929 2854 1985 fuerint
2883 1931 2977 1998 dii,
3012 1946 3136 1985 eum
3177 1929 3229 1984 id
3256 1927 3398 2000 quod
3425 1926 3495 1982 ab
3524 1925 3632 1980 alio

2050 2020 2130 2085 ﬁt,
2169 2022 2315 2077 Deus
2330 2037 2439 2077 nou
2464 2023 2575 2077 sit?

2120 2104 2187 2165 ν.
2227 2111 2315 2167 50.
2350 2129 2370 2163 ι
2406 2110 2623 2168 Seietur
2643 2124 2829 2184 postea
2856 2113 2983 2184 quia
3008 2112 3142 2168 falsa
3177 2123 3323 2167 sunt.
3350 2108 3542 2177 »Ωιιοὰ
3574 2117 3631 2163 et

2050 2205 2253 2260 factum
2277 2214 2362 2261 est
2383 2221 2481 2276 per
2499 2205 2796 2263 Salvatoris
2818 2207 3135 2262 adventum.

2125 2298 2186 2352 V.
2221 2298 2358 2353 53::
2407 2296 2562 2355 Sicut
2593 2299 2741 2353 enim
2774 2298 3088 2354 corniculae.
3126 2317 3146 2350 ι
3203 2294 3495 2353 Cornicula
3523 2295 3631 2349 im-

2050 2392 2256 2446 munda
2296 2391 2536 2447 volueris
2560 2402 2666 2446 est.
2692 2391 2964 2447 lmmundi
2993 2406 3124 2461 ergo
3157 2401 3288 2446 sunt
3324 2390 3627 2452 daemones,

2050 2499 2230 2554 neque
2259 2486 2533 2551 emlestes,
2563 2485 2687 2555 quia
2716 2484 2864 2555 pleni
2894 2484 3211 2556 ignominia,
3273 2497 3452 2552 neque
3512 2489 3630 2536 ter-

2051 2573 2190 2639 reni,
2216 2574 2471 2644 quoniam
2494 2573 2611 2629 falsi
2632 2575 2870 2630 nominis
2885 2584 3033 2640 Sunt,
3058 2582 3112 2628 et
3137 2583 3396 2643 praeterea
3419 2572 3487 2627 de
3513 2586 3629 2627 eo:-

2051 2665 2277 2722 lestibus
2330 2665 2631 2722 fornicibus
2667 2666 2829 2737 ejecti
2852 2683 2883 2720 a
2935 2667 3046 2722 Deo
3076 2675 3231 2730 sunt;
3256 2680 3287 2719 e
3315 2674 3457 2719 terra
3498 2678 3630 2719 vero

2050 2770 2150 2826 per
2172 2767 2392 2811 sanctos
2426 2755 2677 2810 homines
2707 2754 2909 2809 Christi
2959 2769 3063 2825 ope
3123 2754 3397 2826 fugantur.
3435 2753 3504 2809 At
3538 2770 3629 2807 ra-

2052 2849 2200 2903 tione
2223 2847 2449 2919 mystica
2471 2847 2720 2903 Salvator
2740 2864 2957 2919 quoque
3002 2847 3059 2902 in
3089 2863 3308 2903 crucem
3357 2846 3624 2906 ascendit.

2049 2955 2358 3013 expurgans
2387 2955 2569 2996 aerem
2608 2942 2676 2997 ab
2706 2958 2895 2997 eorum
2945 2941 3318 3009 immunditia;
3348 2949 3404 2995 et
3446 2950 3629 3011 partes

2048 3033 2237 3087 mundi
2270 3033 2658 3090 subterraneas
2689 3032 2843 3099 adiit,
2892 3046 3083 3088 eorum
3139 3028 3212 3088 ibi
3282 3032 3626 3103 tyrannidem

2048 3129 2368 3185 demolicns.

2121 3240 2185 3298 ν.
2216 3240 2307 3298 62.
2349 3261 2368 3295 ι
2412 3241 2539 3298 llaec
2582 3249 2766 3297 autem
2816 3256 2996 3312 neque
3036 3243 3343 3312 speciebus.
3382 3261 3403 3295 ›
3454 3241 3624 3309 ldola,

2049 3333 2246 3404 inquit,
2294 3348 2474 3404 neque
2522 3335 2815 3404 splendent
2876 3343 2937 3389 ut
2985 3334 3067 3391 sol
3117 3344 3175 3390 et
3232 3335 3398 3400 luna;
3447 3348 3629 3404 neque

2046 3425 2223 3480 activa
2254 3432 2461 3479 suntut
2488 3424 2628 3495 ignis
2678 3432 2732 3479 ct
2756 3431 2971 3480 ventus.
3024 3423 3182 3490 Quod
3215 3424 3261 3479 si
3302 3424 3417 3479 haec
3443 3423 3659 3495 specio-

2046 3525 2103 3571 et
2127 3515 2330 3571 virtute
2360 3514 2866 3586 incomparabiliter
2898 3516 3003 3572 illis
3041 3516 3353 3587 prcstantia
3384 3516 3461 3571 dii
3514 3531 3628 3575 non,

2046 3620 2194 3674 sunt,
2225 3609 2501 3680 quomodo
2525 3609 2642 3679 ipsa
2672 3623 2773 3680 pro
2801 3610 2910 3666 diis
2944 3609 3192 3664 habenda
3212 3608 3379 3664 sunt?

2118 3699 2182 3754 V.
2213 3702 2302 3757 66.
2347 3720 2366 3752 ι
2407 3701 2572 3773 Signa
2602 3701 2767 3755 etiam
2821 3700 2876 3754 in
2926 3701 3199 3770 gentibus.
3235 3719 3254 3753 ι
3319 3702 3623 3768 Propterea

2046 3792 2278 3849 fortasse
2296 3802 2351 3848 et
2380 3793 2640 3848 Pharisasi
2684 3793 3019 3847 Salvator-em
3073 3791 3481 3860 interrogabant
3534 3790 3622 3844 di-

2046 3896 2236 3943 centes
2262 3886 2443 3951 :Quod
2469 3889 2678 3958 signum
2720 3886 2947 3940 ostendis
2974 3886 3120 3939 nobis
3142 3886 3207 3938 de
3240 3883 3365 3938 caelo
3383 3881 3467 3936 ""?
3524 3886 3621 3937 Sat

2046 3986 2232 4034 autem
2264 3980 2486 4034 eratvel
2521 3980 2635 4034 sola
2667 3979 2847 4043 stella,
2881 3978 2949 4032 ad
2997 3978 3400 4033 ostendendum
3449 3978 3623 4033 Deum

2045 4084 2168 4127 esse
2191 4071 2283 4141 qui
2314 4079 2479 4125 natus
2507 4077 2629 4124 erat
2654 4085 2669 4122 :
2698 4076 2890 4140 etquae
2935 4069 2991 4124 in
3041 4084 3206 4124 cruce
3248 4068 3619 4140 contigerunt,

2044 4159 2347 4230 probarunt
2384 4158 2505 4229 ejus
2535 4157 2901 4220 divinitatem,
2930 4156 3154 4228 quando
3197 4154 3279 4211 sol
3335 4170 3467 4211 suos
3486 4171 3623 4209 con-

2044 4251 2211 4307 traxit
2236 4251 2437 4315 radlus,
2465 4260 2631 4305 etvoa:
2655 4251 2721 4304 de
2750 4249 2876 4304 εωίο
2909 4248 3063 4319 lapsa
3092 4264 3112 4303 :
3179 4247 3281 4302 llic
3334 4255 3411 4302 ut
3443 4246 3619 4301 Filius

2043 4359 2188 4397 meus
2216 4343 2436 4398 dilectus
2455 4343 2525 4398 ⁸⁸.
2549 4342 2630 4397 En
2662 4342 2829 4414 igitur
2856 4356 2889 4397 e
2907 4340 3047 4397 caelo
3062 4341 3226 4395 etiam
3257 4340 3431 4411 signa.

433 4546 455 4578 ι
490 4525 923 4596 Προϐασκάνιον.
954 4543 974 4577 ι
996 4523 1263 4594 Ἐλλήνων
1287 4525 1336 4577 οἱ
1364 4522 1512 4592 λόγοι
1538 4521 1939 4595 προσασκάνια,

2120 4520 2294 4578 v.69.
2328 4538 2348 4572 ι
2406 4519 2855 4575 Probascanium.
2898 4538 2916 4572 ι
2962 4517 3152 4575 Graeco
3206 4529 3456 4570 sermone
3492 4529 3619 4583 pro«

347 4622 453 4675 καὶ
495 4617 822 4690 κεράμϐηλα
867 4604 1145 4684 καλοῦσιν,
1186 4619 1343 4671 ἅτινα
1372 4616 1594 4669 ἱστῶσιν
1624 4618 1671 4669 ot
1696 4613 1943 4688 ἀγροφῦδ-

347 4714 530 4773 λακες
565 4710 702 4782 πρὸς
742 4709 908 4778 φόϐον
938 4711 1140 4779 ὀρνέων
1183 4708 1217 4779 ἢ
1256 4709 1351 4762 καὶ
1385 4704 1693 4780 ἀνθρώπων
1717 4724 1732 4739 ο
1768 4706 1942 4761 ταῦτα

346 4808 409 4860 δὲ
449 4805 549 4859 καὶ
581 4801 955 4874 μορμολύκεια
986 4801 1300 4855 καλοῦνται.

432 4917 452 4949 ι
507 4898 656 4951 Αὐτά
702 4913 761 4949 τε
794 4895 855 4960 ὲξ
886 4896 1117 4965 ὑστέρου
1160 4892 1556 4965 βρωοήσονται.
1594 4910 1615 4943 ι
1670 4892 1808 4946 ’Υπὺ
1844 4898 1944 4948 τοῦ

350 4991 561 5063 χρόνον
587 4989 851 5058 δηλονότι.
889 4987 995 5041 Τοῦ
1029 4986 1174 5040 θείου
1204 4985 1628 5057 προστάγματος
1667 4983 1942 5057 τηροῦντα

347 5101 383 5137 τ
398 5085 485 5143 ὡς
519 5082 696 5152 ὄρους.

438 5190 459 5224 ι
495 5174 762 5241 Κρεῖσσον
792 5166 888 5227 οὖν
907 5170 1199 5240 ἄνθρωπος
1219 5165 1445 5230 δίκαιος.
1479 5186 1498 5218 ι
1525 5166 1599 5219 Τὸ
1627 5166 1939 5236 κρεῖσσον,

349 5267 420 5319 οὐ
466 5265 607 5317 κατὰ
652 5266 975 5336 σύγκρισιν,
1018 5265 1133 5319 ἀλλ’
1162 5267 1282 5319 ἀντὶ
1320 5264 1437 5329 τοῦ,
1474 5262 1760 5327 ἐπαινετὸς
1794 5261 1944 5331 παρὰ

349 5355 505 5426 Θεῷ,
562 5356 661 5409 οὐκ
716 5356 853 5427 ἔχων
881 5352 938 5411 δὲ
982 5357 1199 5421 εἴδωλα,
1228 5358 1289 5411 οὐ
1324 5356 1485 5426 μόνον
1526 5355 1782 5426 αἰσθητὰ,
1822 5352 1941 5408 ἀλλ’

348 5447 486 5507 οὐδὲ
526 5448 669 5502 κατὰ
704 5448 882 5521 ψυχὴν
916 5450 985 5503 τὰ
1019 5452 1117 5521 τῆς
1149 5449 1428 5521 ἁμαρτίας
1476 5447 1670 5501 εἴδωλα
1704 5445 1937 5518 περιφέι

393 5559 500 5599 ω’).

454 5563 500 5598 ν.

351 5563 459 5687 pws
501 5636 695 5689 Ἔσται
732 5634 842 5706 γὰρ
891 5631 1111 5703 μακρὰν
1147 5632 1252 5686 ἀπὸ
1293 5630 1619 5704 ὀνειδισμοῦ.
1660 5648 1678 5682 ι
1729 5630 1787 5683 '0
1829 5628 1938 5700 γὰρ

435 5812 746 5873 "10am",
776 5813 859 5865 l8.
932 5810 978 5842 ⁸⁸
1006 5809 1193 5863 Matth.
1229 5825 1358 5868 xvn,

736 5909 1007 5967 Ριιτιιοῐ..
1051 5904 1167 5965 Gn.
1218 5903 1441 5966 XCIII.

2038 4613 2296 4670 baseania
2319 4621 2376 4668 et
2398 4611 2702 4667 cerambela
2733 4610 2842 4665 diei
2903 4610 3102 4675 solent,
3156 4622 3278 4677 quae
3329 4604 3625 4676 pracliguut

2039 4721 2292 4777 agrorum
2325 4707 2582 4759 custodes
2605 4702 2671 4757 ad
2705 4702 3064 4758 deterrendas
3100 4715 3250 4766 aves,
3280 4698 3397 4755 sive
3433 4696 3615 4752 bomic

2042 4812 2164 4862 nes,
2197 4812 2320 4866 qua:
2346 4796 2512 4852 etiam
2546 4794 2802 4851 lerricula
2832 4786 3119 4860 vocantur.

2109 4888 2173 4944 V.
2200 4889 2290 4946 7t.
2324 4907 2343 4940 ι
2373 4888 2443 4943 Et
2473 4887 2589 4957 ipsa
2611 4896 2884 4957 postremo
2940 4886 3316 4943 comedentur.
3358 4903 3377 4936 ι
3413 4883 3620 4954 Nempe

2039 4997 2070 5037 a
2099 4992 2366 5052 tempore.
2397 4980 2573 5035 Divini
2598 4979 2854 5051 praecepti
2889 4974 3155 5033 terminos
3179 4975 3475 5031 servantia.

2112 5160 2177 5215 V.
2207 5160 2295 5214 72.
2329 5178 2349 5211 ι
2385 5158 2572 5214 Melior
2595 5158 2760 5229 igitur
2810 5158 2975 5212 homo
3004 5156 3205 5225 ju~tus.
3250 5173 3270 5205 ι
3303 5150 3485 5206 Melior
3527 5148 3619 5203 hic

2040 5272 2154 5310 non
2186 5253 2557 5325 comparative
2588 5253 2793 5308 dictum
2822 5258 2924 5318 est,
2980 5250 3077 5305 sed
3107 5264 3208 5319 pro
3231 5261 3298 5300 eo
3323 5243 3469 5315 quod
3512 5251 3617 5306 est,

2046 5346 2186 5417 apud
2221 5345 2386 5401 Deum
2417 5346 2700 5415 probatus,
2731 5361 2839 5399 non
2870 5344 3076 5398 habens
3107 5354 3271 5410 porro
3309 5336 3475 5401 idola,
3506 5351 3618 5390 non

2049 5448 2258 5494 tantum
2282 5438 2584 5504 sensibilia,
2616 5437 2711 5493 sed
2741 5452 2842 5491 nec
2894 5436 2950 5490 in
2981 5433 3164 5488 animo
3196 5431 3379 5484 ferens
3410 5427 3619 5500 peccati

2048 5534 2359 5684 Mardi:
2412 5624 2544 5680 Nam
2592 5624 2698 5680 erit
2739 5622 2899 5692 longe
2955 5619 3023 5673 ab
3073 5614 3387 5689 opprobrio.
3432 5634 3450 5667 ι
3515 5610 3618 5679 Qui

3179 5891 3259 5955 25
