4044 6224
472 220 579 286 789

1648 228 1730 292 ΙΝ
1760 233 2196 297 LEVITICUM.
2232 264 2303 273 -
2331 240 2478 301 LIB.
2513 240 2563 300 I.

3636 245 3760 308 790’

473 334 706 404 Spiritus
738 338 1030 403 etvirtutis,
1063 350 1118 393 ut
1145 340 1273 410 ﬁdes
1304 351 1471 397 uestra
1494 360 1595 398 non
1623 345 1692 398 sit
1715 346 1772 400 in
1794 346 2056 418 sapientia
2088 353 2134 411 Α
2164 351 2258 405 sed
2287 359 2578 422 propterea
2623 351 2892 407 modicam
2924 351 3215 422 quamdam
3272 353 3502 424 gratiam
3522 368 3743 413 "consee

476 428 764 494 hominum,
803 431 893 484 sed
936 431 990 483 in
1019 433 1208 487 virtute
1235 433 1333 489 Dei
1359 437 1401 489 ¹.
1437 434 1741 504 Quomodo,
1807 447 1902 494 aut
1964 438 2060 493 ubi

478 522 566 586 sit,
625 530 680 578 et
712 524 853 593 apud
907 539 1044 593 quos
1095 523 1324 592 habitet,
1364 527 1536 599 ipsius
1588 530 1931 587 demonstrat
1962 530 2058 587 Dei

476 614 712 677 bonitas.
754 616 973 684 quando
1000 615 1168 672 Paulo
1191 620 1391 674 auferri
1423 621 1702 676 stimulum
1722 624 1903 678 carnis
1925 638 2056 688 suae,

477 714 531 760 et
560 706 991 776 colaphizantcm
1032 709 1247 765 Satanae
1297 713 1551 783 angelum
1579 713 1864 770 discedere
1910 731 1940 770 a
1998 731 2058 770 se

480 798 710 867 roganti,
731 799 974 855 dicebat:
1003 798 1199 871 Sit/ficit
1224 804 1318 856 tibi
1346 806 1523 875 gratia
1546 822 1662 859 mea
1691 822 1709 861 :
1744 823 1866 860 nam
1894 808 2059 862 virtus

479 890 531 942 in
549 889 856 959 inﬁrmitate
868 892 1136 962 perﬁcitur
1151 895 1210 948 ".
1238 894 1349 951 lloc
1367 910 1495 967 ergo
1514 898 1744 953 credens
1760 899 1958 955 debere
1972 917 2061 956 me

480 981 658 1038 facere
686 1000 808 1053 quae
836 986 927 1039 alii
950 1002 1059 1039 non
1093 984 1361 1051 fecerunt,
1389 991 1696 1060 praecepisti
1742 999 1802 1047 ut
1830 992 2056 1049 Levitici

477 1073 599 1128 libri
628 1075 926 1145 spiritalem
959 1079 1317 1134 intentionem
1356 1098 1453 1152 per
1487 1084 1733 1139 ordinem
1785 1086 2060 1156 interpre-

482 1176 644 1233 tarer,
671 1166 1130 1240 defendercmque
1156 1172 1391 1228 litteram
1418 1176 1598 1231 multis
1620 1178 2057 1236 adversariorum

482 1257 926 1313 accusationibus
960 1261 1358 1331 subjacentem,
1391 1266 1459 1320 ad
1501 1267 1753 1323 altiorem
1794 1284 1915 1324 eam
1971 1272 2061 1325 in-

484 1347 756 1403 tellectum
813 1351 1152 1409 deducendo.
1218 1354 1475 1412 Facerem
1528 1369 1711 1415 autem
1772 1361 1898 1426 hoc,
1948 1380 2059 1419 non

482 1441 940 1508 quemadmodum
992 1446 1119 1501 olim
1138 1448 1380 1517 quidam,
1414 1467 1533 1506 rara
1555 1455 1801 1525 quaedam
1824 1457 2061 1527 capitula

482 1544 856 1603 excerpentes,
889 1539 984 1593 sed
1012 1540 1193 1594 omnia
1222 1556 1316 1611 per
1336 1543 1580 1599 ordinem
1608 1561 1779 1616 usque
1809 1548 1874 1604 ad
1899 1550 2060 1604 ﬁnem

482 1625 798 1681 discutiens.
850 1627 1006 1695 Quod
1055 1648 1217 1701 quam
1263 1635 1332 1688 sit
1375 1635 1611 1702 dimcile,
1654 1654 1718 1693 ex
1780 1639 1885 1699 hoc
1949 1659 2060 1699 uno
2100 1644 2103 1702 ζ

482 1734 771 1789 perparvo,
801 1731 1068 1791 quantum
1105 1726 1171 1779 ad
1201 1736 1459 1782 cunctum
1488 1730 1733 1798 praedicti
1772 1731 1894 1788 libri
1924 1750 2058 1790 con-

485 1820 689 1866 te\tum
723 1821 873 1868 tanta
909 1815 1169 1872 varietate
1211 1818 1451 1888 plenum,
1491 1836 1757 1892 cognosce
1802 1826 2058 1896 capitulo.

486 1901 621 1957 Eum
646 1906 737 1976 qui
772 1906 1095 1963 sacriﬁcium
1121 1911 1490 1981 paciﬁeorum,
1524 1930 1622 1969 seu
1656 1916 1896 1974 salutare
1925 1921 2063 1976 οπε-

486 2003 588 2061 ret,
620 1996 664 2051 si
685 1998 906 2067 quidem
936 2017 1037 2070 pro
1069 2003 1364 2073 gratiarum
1393 2006 1608 2061 actione
1637 2007 1853 2075 oﬁ‘eret,
1897 2011 1951 2066 in
1974 2014 2063 2069 die

484 2103 588 2155 qua
624 2088 904 2157 obtulerit,
936 2093 1032 2160 ait,
1051 2094 1368 2150 comedetur
1392 2113 1406 2150 :
1433 2113 1540 2152 non
1560 2101 1864 2157 remanebit
1880 2118 1946 2158 ex
1983 2103 2064 2159 eis

486 2193 657 2251 usque
678 2196 857 2237 mane.
883 2182 1039 2250 Quod
1068 2186 1115 2240 si
1152 2195 1278 2241 voto
1317 2187 1396 2244 vel
1426 2199 1621 2258 sponte
1644 2194 1932 2265 quisquam
1960 2194 2062 2250 ob-

483 2271 669 2327 tulerit
697 2273 953 2339 hostiam.
987 2278 1176 2333 eadem
1205 2279 1292 2334 die
1343 2297 1448 2352 qua
1481 2283 1763 2350 obtulerit,
1811 2286 2063 2342 similiter

484 2363 700 2433 edetur,
732 2381 946 2423 necnon
964 2371 1212 2441 sequenti
1237 2373 1344 2428 die.
1376 2373 1510 2429 Cum
1536 2391 1666 2447 ergo
1692 2376 1937 2447 ejusdem
1969 2396 2063 2451 ge-

486 2456 653 2519 neris,
679 2457 821 2514 sicut
851 2472 1099 2531 apparet,
1129 2465 1393 2521 sacriﬁcia
1436 2467 1565 2533 sint,
1599 2477 1889 2541 utrumque
1916 2474 2064 2529 enim

486 2548 851 2618 paciﬁcorum,
886 2569 983 2609 seu
1015 2555 1272 2622 salutare,
1297 2557 1412 2612 ait:
1446 2575 1510 2617 ex
1557 2575 1623 2616 eo
1664 2562 1884 2633 quidem
1919 2567 2063 2634 quod

487 2648 572 2694 est
606 2644 896 2711 gratiarum
937 2647 1188 2712 actionis,
1236 2664 1334 2703 seu
1385 2650 1736 2721 laudationis,
1797 2656 1852 2711 in
1902 2673 2066 2713 mane

490 2746 598 2786 non
631 2735 864 2806 relinqui
892 2740 1153 2809 praecepit
1191 2761 1205 2795 ;
1240 2741 1371 2797 illud
1402 2747 1754 2816 autemquod
1783 2760 1867 2803 est
1900 2764 2066 2819 spon-

491 2838 731 2896 taneum,
765 2831 911 2886 vesci
958 2834 1205 2906 praecipit
1241 2846 1297 2890 et
1331 2838 1385 2894 in
1435 2841 1758 2896 crastinum.
1797 2842 2065 2913 Equidem

491 2918 537 2973 si
564 2921 767 3003 malum
795 2933 914 2978 erat
945 2928 1154 2981 servari
1204 2930 1271 2983 de
1319 2931 1586 2987 sacriﬁcio
1636 2933 1692 2987 in
1743 2937 2063 3003 crastinum,

2161 449 2370 505 culum,
2429 452 2571 497 utea
2600 458 2721 513 quae
2746 443 2890 513 apud
2927 442 3177 499 homines
3205 445 3562 516 impossibilia
3592 448 3742 514 sunt.

2161 532 2440 604 possibilia
2461 534 2606 605 apud
2626 533 2796 589 Deum
2826 545 3144 606 appareant,
3168 550 3292 591 cum
3318 538 3437 608 ejus
3461 537 3744 610 sapientia

2161 624 2415 679 homines
2443 624 2763 681 deserviunt
2780 620 3038 696 imperiti.
3068 626 3230 692 Quod
3251 640 3432 684 autem
3451 646 3746 703 argumem—

2162 723 2277 770 tum
2295 714 2461 785 hujus
2488 714 2633 779 libri,
2656 714 2723 769 de
2740 728 2848 786 quo
2866 715 2969 771 hoc
2990 716 3112 772 loco
3132 716 3426 788 loquimur,
3451 720 3541 787 sit,
3565 719 3773 792 ipsumet

2163 802 2437 875 inquirere
2463 805 2790 876 scriptorem
2824 814 3044 875 oportet
3090 825 3101 860 :
3149 821 3214 862 ea
3250 808 3397 863 enim
3439 810 3507 865 de
3546 810 3769 881 quibus.

2162 898 2376 953 sancire
2403 896 2693 968 disposuit,
2717 898 2958 953 breviter
2976 899 3249 955 instruere
3266 900 3510 971 legentes
3529 896 3755 967 volens,’

2164 988 2466 1044 Leviticum
2494 989 2665 1055 hunc,
2695 990 2840 1045 sicut
2870 990 3168 1057 cernimus,
3202 992 3493 1062 appellavit
3520 992 3744 1065 :appel-

2163 1083 2416 1137 lationem
2445 1081 2800 1137 adinvenicns
2827 1098 2948 1152 qua:
2983 1098 3094 1138 uno
3145 1084 3448 1154 eodemque
3501 1092 3776 1155 tempore,-

2161 1190 2323 1230 omne
2370 1175 2530 1245 hujus
2555 1174 2680 1230 libri
2715 1175 3085 1230 manifestaret
3121 1186 3502 1246 argumentum
3548 1194 3562 1229 :
3615 1176 3769 1246 quia:

2160 1266 2293 1323 Levi
2315 1268 2487 1324 tribus
2505 1268 2645 1322 sacri
2671 1266 3003 1323 tabernaculi
3022 1266 3387 1321 ministerium
3416 1267 3607 1322 sortita
3637 1275 3763 1331 est,

2106 1424 2109 1427 Ἴ
2161 1359 2218 1414 ἰιι
2262 1374 2371 1430 quo
2431 1358 2720 1430 oportebat
2776 1357 3064 1423 sacriﬁcia,
3105 1355 3490 1428 fructuumque
3548 1357 3744 1428 primi:-

2163 1453 2285 1516 tias,
2316 1462 2371 1508 et
2399 1451 2884 1523 primogenitorum
2901 1450 3224 1515 oblationes,
3244 1450 3543 1506 secundum
3569 1449 3763 1522 legem:

2163 1543 2369 1609 offerri,
2426 1544 2718 1610 celebrari,
2774 1544 2939 1627 etiam
2977 1558 3336 1616 quascunque
3391 1542 3589 1613 lex‘in
3637 1543 3744 1598 im-

2165 1635 2383 1690 mundis
2424 1651 2489 1691 ex
2523 1636 2764 1706 qualibet
2789 1651 2953 1691 causa
3008 1635 3429 1691 emundationes
3476 1632 3743 1707 praecipit.

2168 1727 2411 1782 exhiberi
2445 1746 2456 1780 :
2496 1727 2611 1783 haec
2632 1743 2874 1799 praesens
2900 1727 3038 1784 liber
3074 1727 3340 1793 continet,
3381 1725 3595 1796 aliaque
3622 1738 3745 1795 qua:

2166 1818 2541 1889 hujuscemodi
2580 1828 2709 1878 sunt
2730 1819 3026 1875 eruditioni
3070 1819 3384 1889 conjuncta.
3427 1818 3554 1873 Sive
3595 1815 3742 1873 enim

2166 1911 2487 1967 festivitates
2512 1910 2738 1976 dixeris,
2774 1910 2888 1967 sive
2917 1910 3165 1966 ciborum
3202 1907 3560 1972 differentias,
3623 1922 3744 1979 quae

2165 2006 2387 2077 quidem
2425 2020 2616 2061 eorum
2675 2004 2901 2071 munda,
2936 2018 3058 2074 quas
3123 2012 3305 2058 autem
3344 2008 3598 2072 oporteat
3637 1999 3757 2056 dici

2165 2098 2467 2163 immunda,
2495 2097 2612 2152 sive
2634 2095 2952 2167 nuptiarum
2997 2094 3332 2155 illicitarum,
3371 2092 3488 2150 sive
3538 2090 3743 2146 sacriﬁ-

2165 2190 2373 2247 ciorum
2405 2191 2675 2246 maculam
2714 2187 3032 2244 habentium
3058 2185 3511 2259 prohibitio,tum
3551 2182 3752 2239 altaris.

2164 2282 2542 2347 sanctiﬁcatio,
2570 2281 2638 2337 ad
2667 2280 2886 2336 Levitas
2925 2279 3202 2351 pertinent
3241 2289 3295 2333 et
3329 2277 3466 2342 hare,
3498 2285 3553 2332 et
3589 2291 3743 2347 qure-

2110 2446 2118 2457 .
2165 2389 2383 2446 cunque
2410 2373 2518 2429 alia
2560 2373 2814 2444 praesenti
2850 2373 2969 2443 lege
3008 2371 3317 2443 conscripta
3366 2379 3514 2426 sunt.
3546 2368 3655 2424 Sed
3685 2378 3744 2423 ut

2166 2478 2276 2517 non
2332 2460 2671 2533 superﬂuum
2725 2461 3143 2518 dinumeremus
3186 2459 3430 2530 singula,
3483 2457 3746 2513 faciemus

2167 2554 2473 2611 exordium.
2517 2554 2654 2610 Illud
2696 2569 2808 2625 prae
2848 2553 3106 2609 omnibus
3149 2567 3330 2607 sermo
3378 2567 3474 2609 eos
3502 2551 3594 2622 qui
3630 2551 3750 2606 haec

2165 2645 2359 2702 lecturi
2377 2655 2506 2702 sunt
2534 2654 2899 2717 contestatur,
2938 2645 3085 2716 quod
3111 2656 3339 2700 necesse
3370 2643 3443 2700 sit
3463 2644 3749 2716 interpre—

2168 2739 2430 2794 tationem
2457 2738 2524 2792 ad
2553 2752 2834 2810 anagogen
2868 2737 3031 2803 trahi,
3061 2746 3114 2793 et
3135 2737 3380 2792 auditum
3408 2736 3477 2791 ab
3521 2732 3749 2790 humili—

2165 2830 2270 2886 bus
2295 2830 2363 2885 ad
2392 2828 2707 2885 sublimiora
2748 2820 3054 2897 transferri,
3104 2830 3511 2901 spiritalemque
3544 2827 3749 2883 intelli-

2169 2920 2405 2993 gentiam
2450 2921 2502 2975 in
2549 2921 2733 2976 littera
2796 2921 3152 2992 perscrutari.
3212 2919 3400 2991 Neque
3447 2919 3595 2974 enim
3647 2919 3751 2974 hac

490 2996 592 3067 nec
621 3014 687 3069 de
709 3015 890 3086 aliquo
913 3033 1104 3073 eorum
1134 3020 1236 3076 hoc
1263 3023 1527 3079 debuerat
1555 3026 1774 3095 praecipi
1810 3046 1822 3082 ε
1860 3028 1906 3083 εί
1936 2996 2067 3084 γει-δ
2094 3033 2137 3092 C
2169 3013 2493 3068 contradicit
2521 3012 2649 3085 legi,
2675 3013 2769 3069 sed
2790 3012 2903 3069 imo
2925 3013 3097 3083 magis
3120 3012 3366 3069 defendit
3388 3022 3444 3068 et
3461 3012 3751 3068 conﬁrmat

490 3104 715 3171 bonum,
745 3107 978 3165 debebat
1009 3111 1060 3166 in
1095 3121 1326 3185 utroque
1350 3117 1570 3172 sanciri.
1622 3118 1829 3174 Similia
1883 3131 2067 3178 autem

494 3194 597 3260 his,
633 3204 688 3251 et
725 3213 822 3266 prt‘
860 3216 1077 3255 omnem
1123 3203 1525 3271 quodammodo
1567 3218 1881 3264 contextum
1934 3211 2068 3284 legis

494 3285 655 3356 hujus
686 3289 927 3345 invenies
943 3292 1118 3363 egisse
1130 3308 1228 3362 per
1240 3296 1490 3365 spiritum
1513 3298 1896 3369 legislatorem,
1911 3303 1965 3356 id
1985 3313 2070 3359 est

493 3378 897 3450 precipientem
932 3399 1055 3453 quae
1078 3395 1344 3453 vetuerat,
1371 3405 1669 3461 rursusque
1686 3394 2067 3461 prohibentem

489 3486 612 3542 quae
630 3470 836 3542 pridem
848 3485 1198 3545 prteceperat.
1225 3477 1379 3544 Quod
1402 3490 1458 3535 et
1477 3481 1642 3536 nimis
1661 3464 2067 3542 observantiam

496 3563 847 3632 reprehendit
889 3565 1083 3623 littera:
1109 3609 1126 3635 ,
1175 3570 1522 3641 ostenditque
1570 3577 2066 3635 considerationem

495 3657 861 3711 necessariam
901 3673 1020 3714 esse
1051 3659 1310 3730 spiritalis
1371 3664 1744 3736 intelligentiae
1788 3686 1801 3722 :
1850 3686 2068 3725 necnon

494 3748 862 3819 evangelicam
910 3750 1153 3808 defendit
1202 3756 1644 3824 praedicationem
1683 3761 2069 3830 prohibentem

494 3838 738 3907 quaedam
755 3840 824 3895 de
846 3840 933 3896 his
953 3859 1072 3913 qua:
1085 3844 1337 3900 videntur
1358 3848 1481 3918 legi,
1509 3852 1810 3906 secundum
1834 3854 2069 3909 litteram

498 3929 717 4001 intelligi
742 3932 860 3987 sive
886 3934 996 4003 agi,
1018 3943 1070 3989 et
1098 3952 1263 3991 unum
1293 3939 1655 4010 eamdemque
1693 3956 1815 3997 esse
1856 3945 2071 4014 legisla-

500 4029 667 4075 torezu
700 4023 1037 4079 demonstrat
1060 4027 1184 4080 novi
1218 4028 1379 4083 simul
1400 4046 1464 4084 ac
1490 4032 1688 4087 veteris
1738 4037 2070 4097 testamenti,

498 4113 626 4168 dum
648 4130 714 4168 ex
747 4118 1071 4173 auctoritate
1097 4119 1211 4174 sive
1242 4130 1534 4191 potestate,
1576 4140 1698 4194 quae
1742 4126 1876 4191 vult,
1927 4143 2075 4182 llllllc

499 4205 774 4275 prmcipit,
800 4223 945 4262 nunc
985 4218 1168 4264 autem
1239 4212 1513 4280 prohibet.
1558 4195 1703 4270 Nihil
1748 4227 1929 4272 autem
1971 4219 2073 4273 sibi

498 4296 829 4352 contrarium
883 4298 1057 4368 jubet,
1089 4301 1213 4357 licet
1242 4304 1522 4373 ριωοίρὶιιῐ
1566 4322 1629 4361 ea
1685 4324 1805 4379 quae
1863 4308 2072 4380 pridem

500 4385 797 4454 prohibuit,
828 4398 883 4443 et
914 4390 1201 4459 prohibeat
1241 4410 1361 4463 quae
1410 4371 1540 4450 olim
1593 4371 1878 4470 praecepta.
1918 4410 2066 4456 sunt.
2108 4371 2149 4424 θ

501 4476 605 4531 Sed
646 4488 700 4531 et
724 4479 887 4535 nimis
922 4483 1099 4537 sancit
1145 4487 1546 4552 convenientia,
1589 4488 1693 4543 scit
1730 4505 1760 4545 a
1806 4507 1914 4560 quo
1955 4493 2076 4562 ejus

500 4569 721 4642 intelligi
777 4574 948 4642 possit
1008 4575 1260 4639 intentio,
1307 4587 1363 4633 et
1394 4581 1460 4635 ad
1488 4598 1649 4650 quem
1685 4578 1848 4637 ﬁnem
1899 4585 2076 4655 respi—

498 4662 645 4717 ciant
674 4664 793 4734 ejus
826 4675 1026 4721 statuta
1047 4668 1256 4723 sentiri.
1288 4670 1393 4726 Sed
1423 4674 1549 4742 quia
1589 4674 1722 4731 mihi
1749 4676 1816 4730 de
1852 4676 1935 4731 his
1952 4693 2078 4732 ver-

498 4753 625 4806 bum
658 4754 772 4809 dari
802 4757 855 4809 in
883 4757 1220 4825 apertionem
1251 4759 1382 4821 oris.
1412 4761 1468 4815 in
1495 4763 1665 4817 omni'
1708 4765 1971 4834 patientia
2023 4776 2080 4821 et

498 4841 875 4899 obsecratione
935 4846 1108 4901 fecisti
1144 4866 1156 4902 :
1198 4850 1655 4917 quemadmodum
1712 4853 2076 4918 Ephesiorum

501 4928 794 4986 Ecclesiam
822 4933 1017 4989 Paulus
1044 4950 1230 5003 orans,
1264 4937 1559 5008 deprecare
1589 4938 1609 4970 ⁸
1645 4946 1706 4993 ιιι
1749 4939 1842 4995 fiat
1876 4942 2079 4996 oblatio

502 5024 650 5077 verbi
682 5025 789 5079 mei
814 5029 1177 5098 acceptabilis,
1206 5047 1316 5085 non
1345 5033 1520 5087 solum
1546 5034 1599 5099 in
1627 5034 1952 5098 Jerusalem,
1983 5036 2080 5091 sed

501 5117 557 5165 et
591 5110 646 5166 in
674 5116 821 5170 omni
856 5125 999 5173 terra
1039 5119 1093 5173 in
1132 5137 1239 5192 qua
1283 5123 1392 5178 Deo
1417 5134 1693 5180 annuente
1725 5125 1991 5189 defertur,
2018 5137 2081 5181 ut

500 5203 830 5275 gloriﬁcetur
852 5209 1121 5278 Christus,
1169 5214 1261 5284 qui
1320 5218 1485 5271 stulta
1518 5217 1726 5284 mundi,
1754 5228 1808 5273 et
1836 5218 2072 5285 inﬁrma,

501 5306 557 5351 et
583 5297 856 5367 ignobilia.
893 5311 949 5357 et
985 5319 1049 5359 ea
1075 5322 1196 5374 quae
1226 5322 1334 5362 non
1370 5319 1517 5374 sunt,
1555 5311 1719 5381 elegit
1755 5330 1768 5365 :
1806 5311 1966 5365 sicuti
2022 5322 2078 5366 et
2110 5306 2127 5310 ’

2170 3103 2341 3175 legem
2381 3124 2394 3157 :
2426 3103 2550 3175 quia
2585 3119 2688 3159 nec
2719 3112 2910 3158 contra
2936 3118 3076 3169 eam,
3114 3103 3206 3159 sed
3229 3103 3413 3174 potius
3450 3101 3750 3157 resistenti.-

2170 3198 2271 3253 bus
2302 3211 2400 3267 pro
2445 3213 2508 3251 ea
2550 3196 2795 3268 pugnare
2843 3195 3207 3267 suscepimus.
3270 3194 3619 3269 Manifestum
3669 3204 3753 3278 est

2170 3300 2350 3345 autem
2379 3290 2504 3353 hoc,
2535 3306 2602 3344 ex
2627 3304 2695 3344 eo
2711 3288 2857 3360 quod
2881 3287 3088 3343 inimici
3117 3287 3252 3358 legis
3272 3287 3519 3343 maxime
3537 3302 3656 3342 eam
3695 3285 3749 3341 in

2171 3382 2354 3436 multis
2382 3381 2519 3435 nihil
2537 3381 2820 3451 juvantem
2841 3389 2898 3436 et
2922 3379 3171 3435 inutilem
3205 3385 3504 3434 accusant:
3535 3376 3630 3433 sed
3653 3393 3752 3431 nos

2172 3469 2336 3539 hujus
2381 3468 2671 3523 maximam
2714 3454 3004 3524 utilitatem
3030 3474 3130 3540 p‘er
3160 3468 3582 3541 intelligibilium
3616 3484 3751 3523 ana-

2171 3575 2342 3632 gOgen
2367 3559 2724 3616 ostendimus.
2748 3559 2860 3615 Nec
2879 3560 3023 3614 enim
3051 3559 3454 3631 reprehendere
3478 3558 3602 3630 quis
3619 3573 3753 3613 ana-

2172 3669 2320 3723 gogae
2346 3653 2847 3723 interpretationes,
2888 3667 2992 3707 nec
3030 3651 3406 3706 intellectuum
3436 3650 3753 3705 considera-

2175 3745 2399 3810 tionem,
2431 3760 2535 3800 ncc
2560 3745 2757 3800 litterae
2772 3752 3067 3814 praesumat
3086 3741 3547 3813 explanationem,
3574 3756 3753 3813 neque

2173 3847 2359 3891 noster
2381 3838 2670 3907 quispiam,
2687 3852 2867 3907 neque
2896 3836 3126 3891 alienus.
3156 3834 3289 3889 Nam
3313 3844 3504 3889 uoster
3527 3835 3750 3905 quidem

2176 3926 2483 3981 testimonia
2533 3934 2722 3995 aperta
2784 3925 3093 3980 iStiusmodi
3159 3925 3518 3994 expositionis
3584 3925 3755 3979 multa

2175 4019 2355 4078 habet,
2375 4028 2539 4088 atque
2563 4016 2923 4072 differentia:
2969 4018 3136 4072 veluti
3193 4016 3397 4072 Christi
3446 4017 3753 4087 parabolas,

2175 4109 2229 4163 iu
2261 4108 2459 4178 quibus
2485 4123 2673 4179 agrum
2718 4107 3005 4171 mundum,
3070 4107 3362 4178 agricolam
3430 4122 3510 4170 se,
3566 4123 3756 4163 semen

2176 4199 2377 4253 bonum
2400 4200 2600 4269 justos,
2631 4198 2840 4253 zizania
2878 4199 3166 4271 malignos,
3195 4186 3468 4253 messores
3511 4198 3753 4269 angelos,

2177 4292 2456 4346 inimicum
2489 4293 3019 4363 supersemiuantem
3039 4291 3218 4347 tritico
3247 4291 3455 4347 zizania
3485 4290 3758 4347 diabolum

2179 4398 2479 4453 exponens,
2531 4383 2962 4454 unumquodque
3005 4383 3393 4453 praedictorum
3443 4381 3756 4452 appellavit.

2179 4474 2318 4543 Quid
2349 4490 2478 4546 ergo
2502 4475 2883 4546 incongruum,
2921 4475 2968 4529 si
2991 4475 3114 4545 quis
3139 4474 3309 4529 etiam
3336 4487 3484 4528 nunc
3512 4486 3757 4542 praesens

2180 4569 2313 4640 legis
2350 4569 2629 4640 negotium
2659 4581 2964 4637 exponens,
3013 4567 3206 4622 bovem
3234 4566 3379 4622 dicat
3426 4581 3549 4622 esse
3589 4568 3762 4622 homi-

2181 4678 2307 4717 nem
2355 4662 2446 4732 qui
2498 4669 2756 4732 operatur
2801 4660 3104 4732 justitiam;
3148 4675 3308 4716 ovem
3353 4658 3658 4731 simplicem
3704 4669 3762 4716 et

2183 4756 2554 4819 innocentem,
2577 4753 2885 4809 columbam
2924 4760 3018 4809 aut
3045 4760 3313 4809 turturem
3338 4795 3353 4819 ,
3378 4753 3628 4808 viventes
3666 4769 3762 4807 su-

2184 4847 2423 4910 blimius,
2453 4846 3010 4917 contemplationique
3034 4854 3311 4902 vacantes.
3332 4845 3440 4900 Sed
3454 4858 3523 4901 ne
3541 4844 3763 4901 Iudaeus

2182 4941 2402 5010 quidem
2425 4940 2799 4996 contradicere
2821 4940 3135 5011 hujusmodi
3160 4940 3294 5011 legis
3325 4937 3762 5009 interpretationi

2185 5032 2416 5103 poterit:
2448 5031 2697 5101 nunquid
2742 5046 2853 5086 non
2895 5031 3196 5087 Jerusalem
3242 5030 3467 5085 lemuam
3510 5025 3764 5081 Ezechiel

2185 5124 2449 5196 propheta
2464 5125 2484 5157 ⁵
2500 5123 2824 5194 appellavit?
2839 5125 3079 5179 catulum
3106 5132 3287 5178 autem
3300 5122 3420 5192 ejus
3439 5119 3759 5179 Heliachim,

2185 5216 2275 5287 qui
2303 5217 2500 5271 ductus
2527 5226 2611 5272 est
2641 5217 2695 5270 in
2729 5214 3063 5288 Aigyplum?
3095 5215 3274 5269 Alium
3301 5227 3491 5268 rursus
3522 5211 3765 5268 catulum

2185 5307 2452 5375 Joachim,
2475 5319 2634 5378 quem
2668 5309 2722 5363 in
2757 5308 3003 5367 vinculis.
3033 5307 3253 5372 sive,,ut
3282 5304 3425 5360 LXX
3456 5305 3762 5365 ediderunt.

502 5402 590 5444 me
610 5393 677 5445 ab
702 5394 852 5446 omni
886 5395 1097 5464 iustitia
1125 5399 1466 5467 destitutum,
1496 5411 1552 5458 et
1580 5419 1609 5457 a
1645 5402 1911 5474 sapientia
1942 5402 2095 5458 alie-
2158 5401 2246 5479 _in
2278 5416 2442 5455 cavea
2481 5400 2987 5456 Nabuchodonosor
3010 5398 3282 5469 Babylona
3309 5397 3585 5470 perduxit.
3625 5394 3765 5462 Quia

504 5497 658 5551 num,
683 5500 794 5540 non
823 5486 1098 5557 idoneum,
1137 5509 1240 5547 nec
1262 5510 1478 5550 servum
1511 5495 1753 5552 inutilem
1783 5495 2076 5560 nominari,

578 5679 639 5734 ἰ
670 5682 797 5739 Car.
838 5702 899 5754 ιι,
925 5689 978 5755 4,
1005 5688 1054 5743 5.
1136 5694 1176 5723 "
1211 5693 1249 5746 ll
1273 5693 1397 5771 Cor.
1440 5710 1533 5762 xu,
1576 5695 1628 5749 9.

1728 5696 1747 5726 ³
1779 5694 1980 5765 Ephes.
2017 5711 2091 5759 νι,
2135 5694 2216 5750 l8.

2190 5503 2374 5549 autem
2402 5493 2722 5564 intelligitur
2752 5492 2930 5562 aquila
2960 5492 3169 5562 magnis
3195 5487 3315 5560 alis,
3357 5491 3493 5561 quid
3545 5491 3784 5550 inaures-

2297 5705 2316 5727 ι
2345 5692 2544 5752 Ezech.
2573 5713 2684 5763 xix,
2722 5696 2743 5752 Ι
2777 5709 2928 5766 seqq.
