4030 6240
352 290 461 373 ,791

1546 292 1908 355 HESYCHII
1962 289 2434 352 PRESBYTERI

3520 282 3634 352 792

359 413 416 460 et
439 400 852 469 discriminalia,
885 399 1212 473 hyacinthus
1231 410 1288 459 et
1304 401 1518 475 byssus,
1537 410 1594 458 et
1613 403 1718 457 alia
1744 403 1943 472 quibus
1973 407 2017 459 Α
2049 396 2190 453 Deus
2220 396 2534 468 appellavit,
2564 395 2754 452 dicens
2782 414 2797 451 :
2832 376 3098 467 Ejecieos
3123 397 3186 451 de
3215 384 3355 477 terra
3385 392 3631 467 Egypti.

354 493 658 554 Jerusalem
698 493 864 561 Deus,
888 494 1191 551 secundum
1219 495 1363 566 quod
1408 496 1486 551 ait
1517 495 1606 551 hic
1637 496 1753 566 ipse
1810 510 1939 565 pro-

346 590 546 662 pheta,
576 587 838 644 vestivit?
868 586 1012 654 Quid
1041 596 1227 644 autem
1263 597 1319 644 et
1377 589 1536 653 later,
1582 589 1639 644 in
1664 604 1773 659 quo
1801 589 1939 645 civi-

357 688 525 734 tatem
577 678 868 749 depinxit?
913 679 1045 750 quid
1084 678 1263 735 ferrea
1295 681 1562 752 sartago?
1600 681 1730 752 quid
1781 681 1939 751 panis

342 784 516 840 quem
538 768 605 824 de
646 769 847 835 tritico,
876 778 932 825 et
960 769 1187 834 hordeo,
1218 780 1272 826 el
1312 769 1452 838 laba,
1485 772 1650 839 lente,
1678 772 1850 838 milio,
1883 780 1940 827 et

346 861 515 931 vicia,
545 861 658 916 Deo
678 861 910 932 jubente
946 862 1265 917 comedebat
1291 862 1314 915 ?
1338 861 1475 928 Quia
1511 878 1622 919 non
1648 864 1824 919 solum
1872 880 1937 922 ea

353 969 476 1023 quae
507 953 561 1006 in
584 953 858 1023 parabolis
888 953 1031 1008 dicta
1057 962 1206 1017 sunt,
1244 955 1340 1010 sed
1370 966 1426 1009 et
1464 970 1527 1013 ea
1582 971 1705 1025 quae
1734 972 1937 1011 secun-

354 1046 487 1100 dum
529 1045 810 1102 historiam
859 1055 1009 1115 sunt,
1055 1047 1122 1101 ad
1159 1047 1533 1103 sublimiorem
1598 1048 1935 1104 intellectum

354 1153 453 1207 per
486 1137 801 1208 allegoriam
832 1137 957 1193 duci
987 1148 1283 1209 oporteret,
1306 1150 1492 1210 aperte
1517 1140 1714 1196 Paulus
1736 1151 1791 1196 et
1818 1142 1935 1197 sine

354 1228 537 1297 aliqua
558 1227 819 1282 dilatione
848 1226 1053 1289 Calatis
1108 1230 1354 1285 scribens
1405 1229 1482 1284 ait
1525 1248 1538 1287 :
1589 1230 1760 1285 Dicite
1807 1232 1934 1287 mihi

356 1321 447 1390 qui
475 1320 567 1374 sub
590 1319 701 1389 lege
724 1319 882 1375 vultis
912 1338 1038 1385 esse,
1070 1321 1233 1392 legem
1272 1338 1375 1383 non
1403 1322 1644 1394 legistis?
1667 1322 1933 1392 Scriptum

354 1420 429 1465 est
466 1410 627 1472 enim,
658 1411 783 1481 quia
813 1410 1082 1470 Abraham
1114 1414 1242 1465 duos
1273 1411 1411 1480 ﬁlios
1435 1412 1638 1477 habuit,
1681 1429 1841 1467 unum
1870 1430 1934 1471 ea:

356 1500 576 1566 ancilla,
607 1500 835 1556 alterum
867 1517 932 1557 ea:
954 1500 1137 1558 libera.
1170 1500 1274 1560 Sed
1299 1502 1389 1570 qui
1406 1519 1469 1558 ea;
1494 1502 1713 1566 ancilla,
1742 1519 1933 1559 secun-

354 1592 481 1647 dum
518 1609 733 1651 carnem
768 1602 925 1651 natus
954 1602 1049 1658 est,
1082 1595 1170 1663 qui
1200 1604 1378 1650 autem
1417 1610 1482 1648 ea:
1501 1593 1684 1660 libera,
1721 1611 1815 1663 per
1845 1613 1931 1653 re-

352 1683 781 1753 promissionem;
814 1700 931 1755 qua:
952 1695 1072 1739 sunt
1102 1700 1194 1754 per
1218 1684 1526 1756 allegoriam
1563 1687 1704 1742 dicta
1730 1686 1929 1755 “.Qui—

322 1788 325 1791 ·
352 1789 460 1843 que
476 1774 580 1829 hoc
607 1774 818 1840 dicens,
852 1776 997 1833 illico
1019 1775 1333 1847 allegoriam
1354 1777 1623 1843 exhibuit,
1646 1777 1722 1837 ait
1741 1779 1927 1839 enim:

352 1865 485 1923 Haec
504 1875 625 1921 sunt
653 1865 758 1922 duo
790 1875 1122 1933 testamenta,
1179 1885 1341 1924 unum
1394 1871 1604 1940 quidem
1651 1871 1716 1926 de
1757 1881 1931 1928 monte

350 1954 503 2021 Sina,
524 1955 583 2013 in
604 1957 905 2013 servitutem
928 1974 1207 2033 generatis,
1238 1974 1356 2029 qua:
1382 1968 1456 2013 est
1497 1960 1642 2032 Agar
1661 1962 1704 2028 ⁸,
1749 1971 1803 2017 et
1840 1977 1931 2022 re-

350 2047 499 2118 liqua
518 2063 640 2119 quae
665 2056 994 2121 sequuntur.
1029 2049 1136 2105 Sed
1163 2065 1311 2111 nunc
1337 2059 1393 2106 et
1425 2051 1542 2115 haec
1565 2068 1631 2107 eo
1672 2049 1835 2108 modo
1862 2054 1930 2108 ad

350 2140 690 2213 allegoriam,
726 2156 837 2211 quo
867 2142 1103 2212 reliquas
1115 2142 1448 2212 Scripturas,
1475 2143 1621 2204 trahi
1663 2153 1881 2215 oportet
1912 2162 1925 2199 :

348 2246 455 2287 nec
482 2232 1080 2302 quemadmodumillae,
1105 2250 1227 2294 cum
1267 2249 1519 2315 magnam
1539 2249 1606 2295 ex
1623 2233 1929 2305 semetipsis

348 2320 591 2376 habeant
619 2321 749 2386 vim,
784 2322 1048 2394 majorem
1091 2332 1273 2385 tamen
1306 2338 1405 2393 per
1440 2324 1810 2379 contentionis
1839 2323 1928 2389 in-

349 2411 796 2480 terpretationem
820 2412 1126 2489 suscipiunt
1169 2412 1479 2478 utilitatem,
1514 2413 1587 2475 ita
1616 2422 1929 2483 etpraesens

349 2498 773 2573 sanctio,parva
800 2503 933 2561 mihi
965 2512 1021 2560 et
1042 2502 1288 2569 minima,
1325 2513 1381 2567 et
1407 2513 1468 2567 ut
1484 2503 1817 2569 credendum
1845 2511 1930 2559 est

347 2602 452 2646 nec
479 2590 866 2657 reticendum,
890 2591 1100 2655 inutilis
1150 2593 1236 2648 vel
1278 2593 1527 2649 fortassis
1559 2594 1725 2649 etiam
1768 2594 1927 2648 noxia

349 2687 437 2734 est
463 2678 555 2735 hic
615 2679 818 2746 littera,
873 2680 920 2737 si
964 2682 1229 2752 spolietur
1249 2683 1516 2754 spirituali
1570 2684 1927 2758 intelligentia

348 2769 539 2827 multis
569 2773 973 2843 emet-gentibus
1007 2773 1179 2845 ipsius
1210 2775 1419 2842 litterae,
1440 2782 1505 2835 'et
1537 2778 1700 2835 variis
1738 2793 1927 2848 repre-

350 2860 732 2930 hensionibus,
784 2863 927 2923 sicut
984 2866 1042 2932 in
1068 2866 1528 2948 subsequentibus
1566 2868 1926 2939 reperiemus,

349 2952 456 3008 nisi
490 2954 615 3028 quis
648 2955 716 3017 ad
766 2956 1137 3023 sublimiorem
1175 2958 1687 3031 interpretationem
1738 2960 1929 3016 confu-

348 3044 522 3116 giens,
551 3061 616 3107 ex
650 3062 713 3109 ea
746 3051 1207 3127 quemadmodum
1238 3068 1337 3123 pro
1397 3053 1574 3109 littera
1615 3053 1927 3111 satisfacere

348 3136 545 3205 possit,
579 3139 846 3209 exquirat.
879 3140 1107 3213 PrOpter
1128 3145 1274 3216 quod
1295 3154 1351 3209 et
1380 3146 1577 3201 bonam
1606 3146 1801 3218 legem,
1833 3161 1930 3201 seu

350 3227 628 3296 mandata,
656 3238 711 3286 et
746 3245 857 3288 non
886 3232 1087 3299 bonam
1138 3251 1238 3307 per
1299 3235 1623 3315 prophetam
1676 3237 1927 3293 Ezechiel

2041 499 2091 544 et
2111 490 2266 544 eduxi
2293 489 2350 542 in
2369 489 2593 553 deserto,
2615 496 2665 542 et
2685 488 2804 542 dedi
2829 489 2904 542 eis
2930 497 3193 559 praecepta
3220 505 3356 551 mea,
3394 498 3442 542 et
3474 487 3630 558 judi-

2041 580 2123 638 cia
2150 596 2265 638 mea
2289 578 2489 635 ostendi
2518 579 2610 644 eis,
2638 594 2753 653 qua:
2775 580 2940 651 faciat
2967 580 3120 635 homo
3151 588 3200 633 et
3224 581 3365 635 vivat
3404 581 3462 633 in
3487 581 3563 633 eis
3581 580 3627 633 '.

2038 668 2179 727 Ecce
2208 672 2350 726 bona
2381 679 2436 725 et
2462 670 2619 725 valde
2648 671 2794 728 bona
2825 671 2877 725 in
2914 679 3128 727 tantum
3153 680 3215 725 ut
3261 671 3432 726 vitam
3484 686 3631 740 pra:-

2039 772 2187 818 stent
2204 779 2657 828 commemorans,
2688 762 2813 817 vide
2839 763 3020 834 qualia
3050 779 3241 818 rursus
3259 762 3329 817 de
3356 762 3441 817 his
3470 778 3630 817 man-

2038 858 2178 918 datis
2211 857 2450 913 subdidit
2506 875 2519 910 :
2561 856 2629 910 Et
2657 872 2750 926 ego
2797 857 2870 910 eis
2920 857 3060 919 dedi,
3121 856 3318 926 inquit,
3368 857 3628 909 mandata

2038 967 2137 1004 non
2173 950 2328 1016 bona,
2351 959 2399 1003 et
2421 949 2631 1019 judicia
2656 948 2712 1002 in
2744 949 2929 1020 quibus
2959 965 3064 1002 non
3091 949 3262 1002 vivent
3284 950 3329 1002 ⁸.
3378 947 3450 1003 At
3484 956 3626 1019 quo-

2036 1042 2199 1097 modo
2229 1050 2459 1112 possunt
2481 1041 2623 1095 bona
2654 1040 2773 1095 huic
2825 1056 2968 1108 esse,
3009 1049 3061 1096 el
3111 1057 3222 1096 non
3277 1040 3457 1096 bona?
3513 1041 3626 1095 Aut

2034 1135 2307 1206 quomodo
2338 1150 2485 1189 nunc
2510 1134 2774 1204 praebent,
2825 1149 2974 1231 nque
3026 1144 3209 1189 autem
3241 1149 3351 1189 non
3386 1134 3630 1204 praebent

2035 1230 2200 1285 vitam
2221 1228 2244 1280 ?
2263 1228 2367 1280 Aut
2395 1236 2545 1280 certe
2572 1225 2696 1296 quis
2722 1225 2796 1280 ita
2851 1225 3151 1303 secundum
3201 1242 3328 1281 eum
3363 1226 3624 1290 custodit,

2035 1317 2336 1373 secundum
2354 1331 2517 1386 quem
2540 1332 2569 1369 a
2589 1315 2896 1386 legislatore
2911 1316 3183 1386 descripta
3207 1325 3358 1382 sunt,
3379 1317 3628 1373 videlicet

2035 1407 2323 1481 Spiritum?
2350 1406 2580 1476 Spiritus
2628 1406 2768 1459 enim
2808 1415 2882 1460 est
2920 1406 3078 1470 Deus,
3112 1416 3162 1460 et
3211 1423 3296 1461 eos
3353 1407 3443 1477 qui
3496 1408 3626 1462 adoo

2034 1508 2155 1553 rant
2190 1515 2328 1560 eum,
2356 1500 2413 1552 in
2431 1498 2620 1571 spiritu
2654 1508 2701 1551 et
2730 1500 2948 1551 veritate
2968 1508 3167 1568 oportet
3191 1500 3419 1552 adorare
3437 1499 3458 1531 '
3480 1499 3627 1569 :ipsc

2034 1592 2089 1653 in
2114 1590 2194 1646 eis
2225 1591 2377 1647 vivit.
2414 1589 2519 1656 Qui
2572 1605 2703 1646 vero
2732 1590 3024 1647 carnaliter
3072 1589 3293 1665 accipit,
3338 1600 3487 1646 recte
3514 1608 3624 1647 non

2032 1684 2177 1745 bona
2195 1683 2363 1739 sentit
2398 1682 2833 1752 divinajudicia:
2862 1683 3064 1752 quippe
3093 1697 3196 1742 nec
3217 1680 3490 1753 intelligit,
3523 1698 3625 1738 nec

2036 1776 2117 1832 eis
2133 1776 2304 1832 utitur
2324 1774 2665 1831 bene.’Unde
2693 1789 2757 1828 ea
2784 1790 2905 1846 quae
2928 1773 3072 1830 bona
3099 1782 3247 1839 sunt,
3269 1783 3421 1829 recte
3442 1774 3491 1829 ei
3512 1789 3621 1828 non

2036 1868 2180 1924 bona
2226 1866 2403 1933 ﬁunt,
2453 1881 2557 1921 nec
2595 1865 2729 1920 vivit
2748 1866 2802 1919 in
2834 1866 2945 1920 eis:
2972 1880 3099 1919 nam
3130 1866 3366 1936 primum
3404 1865 3620 1935 quidem

2038 1960 2290 2032 ignorant
2333 1958 2498 2016 vitam
2554 1972 2676 2027 qua:
2726 1956 2782 2010 in
2813 1957 2893 2011 eis
2926 1957 3107 2011 abdita
3144 1965 3247 2023 est,
3285 1956 3485 2012 deinde
3508 1972 3620 2012 non

2036 2065 2274 2128 semper,
2300 2049 2394 2104 sed
2408 2058 2558 2104 certo
2572 2057 2814 2118 tempore
2830 2047 3107 2119 legislator
3131 2047 3302 2103 voluit
3335 2047 3621 2118 superﬁcie

2037 2147 2195 2199 tenus
2243 2138 2501 2195 custodiri
2535 2177 2550 2202 ,
2584 2146 2643 2192 ut
2688 2138 3017 2210 astringeret
3060 2138 3372 2194 Judazorum
3429 2139 3619 2193 duram

2034 2230 2324 2295 cervicem,
2358 2228 2702 2301 graviorique
2729 2228 3157 2300 egentemjugo.
3186 2227 3484 2305 Propterea
3516 2243 3619 2298 po-

2033 2320 2221 2397 pulum
2251 2333 2376 2374 eum
2399 2318 2550 2373 dura:
2584 2317 2815 2373 cervicis
2840 2319 3123 2388 prophetae
3180 2319 3394 2375 dlcunt.
3453 2317 3621 2374 lsaias

2032 2418 2217 2465 autem
2252 2424 2364 2464 non
2403 2416 2612 2465 tantum
2642 2407 2791 2463 durae
2815 2407 3069 2471 cervicis,
3096 2407 3191 2463 sed
3223 2408 3451 2464 vitulam
3495 2423 3618 2462 con-

2033 2508 2371 2557 sternantem
2414 2498 2728 2557 Judatorum
2774 2499 3035 2570 populum
3064 2499 3359 2571 appellavit
3383 2498 3448 2554 ¹⁶.
3484 2499 3618 2565 Quae

2033 2601 2214 2647 autem
2235 2600 2592 2649 consternans
2606 2598 2710 2655 est,
2738 2591 2783 2646 si
2813 2591 2887 2646 ita
2910 2592 3212 2663 susceperit
3227 2593 3442 2663 jugum,
3468 2591 3617 2646 nullo

2033 2684 2194 2739 modo
2211 2684 2483 2741 domatur.
2501 2681 2569 2739 Et
2595 2697 2787 2738 rursus
2803 2699 2818 2740 :
2834 2683 3092 2754 Ephraim
3115 2684 3288 2755 vitula.
3305 2685 3461 2738 docta
3487 2672 3615 2737 dili-

2033 2793 2152 2847 gere
2171 2776 2441 2842 trituram,
2472 2775 2716 2831 transibit
2773 2792 2931 2846 super
2985 2775 3434 2847 pulchritudinem
3492 2775 3615 2829 colli

2032 2867 2147 2937 ejus
2179 2868 2244 2932 ἰ,
2284 2881 2382 2937 per
2411 2867 2608 2921 collum
2631 2866 3000 2923 obedientiam
3051 2865 3386 2939 signiﬁcans,
3421 2867 3474 2920 in
3507 2882 3613 2937 que

2028 2962 2218 3033 jugum
2253 2959 2387 3031 legis
2415 2961 2862 3030 superimposuit,
2912 2968 2974 3015 ut
3019 2959 3340 3015 humiliatus
3386 2959 3616 3030 pepultts

2032 3053 2268 3108 libenter
2312 3052 2686 3122 evangelicum
2713 3052 2929 3122 jugum,
2960 3059 3147 3121 utpote
3175 3051 3294 3105 leve
3338 3064 3617 3120 suaveque

2036 3143 2359 3212 susciperet.
2399 3140 2505 3197 Sed
2524 3143 2634 3213 jam
2659 3153 2876 3214 tempus
2901 3151 2992 3200 est
3026 3151 3085 3197 ut
3132 3142 3306 3212 ipsam
3332 3142 3467 3212 legis
3491 3155 3610 3213 pro-

2036 3249 2303 3307 ponamus
2335 3232 2591 3288 litteram.

424 3380 447 3413 ⁸
482 3381 659 3447 Galat.
683 3403 760 3478 tv,
799 3387 1002 3454 2|,24.
1083 3390 1257 3458 “ibid.
1330 3392 1350 3424 "
1386 3391 1585 3448 Ezech.
1610 3410 1699 3458 xx,
1724 3391 1812 3459 10,
1844 3393 1930 3458 ll.

2040 3388 2188 3480 ibid.
2241 3388 2329 3449 l2.
2393 3389 2589 3445 ’Joan.
2617 3405 2691 3447 Iv.
2732 3390 2776 3424 “
2796 3390 2902 3446 lsa.
2925 3406 3016 3458 xv,
3041 3391 3097 3447 5.
3174 3391 3217 3425 ⁸¹
3242 3388 3385 3448 Osce
3432 3405 3487 3458 ι,
3522 3391 3609 3451 il.

1450 3771 1865 3868 LIBER
1936 3773 2496 3867 PRIMUS.

862 4168 1090 4229 CAPUT
1127 4169 1422 4231 PRIMUM.

2036 4173 2114 4227 nis
2136 4213 2148 4237 ,
2181 4173 2366 4226 domus
2397 4170 2660 4226 Israel"?
2690 4171 2854 4243 Atqui
2885 4171 3198 4243 frequenter
3224 4172 3533 4229 obtulerant
3590 4190 3605 4230 :

422 4258 586 4317 Vens.
622 4262 675 4325 1,
697 4261 752 4317 2.
791 4278 811 4313 ι
856 4259 1088 4319 Vocavit
1120 4271 1303 4317 autem
1326 4263 1567 4334 Moysen,
1619 4274 1677 4321 et
1709 4257 1925 4320 locutus
1959 4283 2003 4341 ῃ
2033 4262 2129 4336 sed
2159 4264 2229 4318 ob
2252 4263 2356 4319 hoc
2379 4263 2522 4333 quod
2545 4264 2709 4317 nimis
2741 4264 3101 4334 displicebant
3129 4263 3283 4329 ei,ca
3301 4265 3453 4334 quasi
3495 4281 3604 4319 non

349 4359 434 4408 est
461 4352 511 4407 ei
542 4351 805 4409 Dominus
833 4352 903 4408 de
936 4353 1289 4413 tabernaculo
1323 4355 1638 4420 testimonii,
1684 4357 1874 4413 dicens
1908 4375 1921 4413 :

347 4442 597 4513 Loquere
629 4444 753 4499 ﬁliis
798 4443 980 4511 Israel,
1012 4453 1067 4503 et
1094 4446 1244 4503 dices
1301 4447 1371 4505 ad
1412 4462 1550 4504 eos:
1601 4448 1776 4504 Homo
1832 4449 1924 4520 qui

348 4533 610 4593 obtulerit
637 4551 703 4592 ex
727 4536 883 4594 vobis
917 4537 1152 4595 hostiam
1179 4538 1414 4600 Domino
1443 4539 1510 4594 de
1541 4541 1853 4611 pecoribus,
1869 4540 1923 4599 id

349 4636 452 4693 est,
487 4627 553 4682 de
580 4627 756 4684 bobus
800 4638 863 4685 et
883 4630 1078 4686 ovibus
1100 4630 1341 4687 oﬂ‘erens
1364 4632 1632 4689 victimas.
1663 4652 1681 4683 ι

419 4717 576 4783 Quod
641 4734 750 4773 non
810 4718 1045 4789 diligens
1109 4720 1252 4779 Deus
1314 4724 1600 4792 sacriﬁcia,
1672 4741 1736 4781 ea
1800 4742 1924 4797 qua:

347 4810 417 4866 de
444 4807 728 4867 sacriﬁciis
754 4809 956 4866 Judaeis
991 4815 1332 4883 praeceperit,
1365 4816 1705 4873 demonstrat
1756 4818 1923 4873 Isaias

347 4903 537 4956 dicens
570 4918 584 4955 :
617 4899 730 4966 Quo
759 4901 889 4955 mihi
918 4902 1307 4959 multitudinem
1336 4907 1672 4967 victimarum
1722 4917 1923 4962 vestra-

348 5008 463 5046 rum
483 4992 510 5047 ?
529 4992 657 5046 dicit
682 4990 974 5057 Dominus;
1005 4991 1188 5062 plenus
1205 5009 1323 5049 sum
1348 4993 1649 5052 holocausta
1673 4996 1922 5061 arietum,

344 5094 395 5140 et
423 5084 582 5153 adipe
602 5083 900 5156 pinguium;
920 5084 1229 5154 sanguinem
1251 5085 1553 5149 vitulorum,
1586 5095 1636 5142 et
1662 5102 1918 5158 agnorum

347 5185 398 5228 et
436 5175 703 5231 hircorum
749 5172 915 5227 nolui.
960 5172 1090 5228 Cum
1132 5174 1377 5229 veneritis
1421 5183 1546 5228 ante
1596 5186 1926 5244 conspectum

348 5282 540 5333 meum,
572 5266 689 5337 quis
705 5268 943 5340 qumsivit
975 5268 1085 5322 lure
1107 5268 1171 5323 de
1200 5268 1441 5323 manibus
1464 5271 1649 5324 vestris
1672 5271 1756 5324 υἱ)
1784 5271 1926 5342 Ergo

347 5356 749 5425 quodammodo
776 5359 880 5414 hoc
916 5359 1060 5429 quod
1119 5359 1186 5414 de
1233 5359 1517 5416 sacriﬁciis
1565 5374 1921 5433 praeceperat,
1946 5422 1978 5445 .

348 5449 558 5503 abnuit.
594 5448 691 5505 llis
711 5450 907 5505 similia
936 5460 990 5506 et
1019 5452 1187 5508 Amos
1214 5451 1345 5506 dicit
1374 5468 1387 5505 :
1412 5451 1667 5525 Nunquid
1682 5454 1924 5512 victimas

346 5549 398 5598 et
425 5539 687 5606 sacriﬁcia
722 5540 978 5594 obtulistis
1004 5541 1130 5595 mihi
1162 5541 1218 5595 in
1231 5541 1435 5596 deserto
1455 5544 1811 5614 quadraginta
1834 5561 1925 5598 an-

454 5715 926 5784 ⁸’1;θ.ι.11,12.
1031 5722 1257 5782 "Amos
1291 5740 1337 5779 v.
1378 5720 1465 5776 25.

2031 4358 2211 4413 oblata
2239 4356 2548 4426 reputabat.
2585 4356 2786 4412 Eadem
2822 4365 2878 4411 et
2898 4356 3164 4413 Jeremias
3190 4359 3454 4428 propheta
3478 4360 3554 4414 ait
3591 4375 3603 4412 :

2030 4449 2157 4504 Hau:
2197 4449 2323 4509 dicit
2358 4448 2607 4503 Dominus
2656 4450 2997 4516 exercituum,
3041 4449 3179 4503 Deus
3204 4449 3412 4507 Israel:
3440 4449 3603 4503 Holo-

2031 4550 2338 4602 cautomata
2376 4549 2549 4603 vestra
2578 4541 2754 4595 addite
2777 4542 3001 4597 victimis
3036 4542 3242 4606 vestris,
3272 4552 3320 4595 et
3352 4542 3603 4597 comedit:

2032 4649 2254 4694 carnes:
2285 4634 2407 4705 quia
2440 4649 2543 4703 non
2591 4649 2707 4687 sum
2767 4633 2967 4688 locutus
3010 4632 3249 4702 patribus
3298 4634 3502 4698 vestris,
3554 4644 3603 4686 et

2030 4738 2132 4775 non
2154 4722 2376 4792 prazcepi
2397 4723 2469 4776 eis
2491 4722 2544 4784 in
2573 4722 2658 4782 die
2702 4739 2804 4795 qua
2832 4723 2990 4778 eduxi
3007 4740 3091 4777 eos
3123 4725 3186 4779 de
3203 4734 3343 4781 terra
3364 4724 3603 4795 Egypti,

2029 4816 2093 4868 de
2125 4815 2277 4868 verba
2313 4813 2794 4873 holocautomatum
2833 4824 2880 4868 et
2909 4816 3241 4871 victimarum
3289 4815 3351 4869 ⁸⁸.
3384 4816 3490 4870 Sed
3522 4816 3604 4869 in-

2029 4905 2187 4975 quies
2219 4922 2232 4958 :
2263 4903 2390 4962 llaec
2413 4904 2481 4959 de
2514 4904 2712 4973 quibus
2750 4904 3025 4974 loquimur
3060 4904 3179 4976 ipse
3210 4907 3486 4961 mandavit
3509 4906 3601 4977 qui

2031 5006 2087 5052 et
2116 5004 2299 5067 negat,
2331 5005 2386 5053 et
2414 5011 2513 5055 cur
2544 5007 2705 5067 negat
2728 5012 2850 5067 qua:
2891 4998 3281 5055 mandaverat?
3304 4998 3456 5054 Cur?
3476 5001 3599 5070 quia

2029 5087 2389 5147 intentionem
2422 5088 2629 5144 datoris
2681 5088 2739 5147 hi
2768 5089 2862 5158 qui
2905 5100 3237 5160 acceperunt
3275 5092 3599 5162 transgressi

2026 5189 2172 5237 sunt.
2209 5181 2344 5241 Cum
2389 5180 2535 5241 enim
2562 5180 2787 5259 subtilis
2818 5189 2985 5248 esset,
3032 5191 3090 5237 et
3139 5182 3298 5238 valde
3350 5183 3599 5240 sublimis

2024 5272 2130 5336 lex,
2155 5283 2210 5327 ct
2236 5288 2360 5328 cum
2399 5281 2683 5343 propterea
2724 5272 2989 5329 absconsa
3026 5281 3173 5333 esset
3208 5273 3263 5337 in
3310 5274 3599 5345 superﬁcie

2022 5363 2237 5430 litterae,
2265 5370 2535 5433 quatenus
2558 5372 2963 5433 perscrutantes
2993 5379 3113 5418 eam
3156 5365 3433 5427 discerent
3468 5379 3597 5420 cum

2021 5455 2174 5526 prius
2212 5469 2342 5510 suos
2379 5455 2767 5510 emendassent
2800 5469 3028 5509 sensus:
3063 5465 3222 5510 erant
3246 5455 3390 5519 enim
3443 5471 3596 5513 cras-

2020 5545 2180 5601 sioris
2205 5554 2367 5616 atque
2400 5544 2520 5601 duri
2552 5543 2750 5611 cordis,
2782 5550 2838 5600 et
2866 5546 3099 5601 necdum
3128 5545 3302 5618 legem
3356 5544 3452 5605 Dei
3504 5544 3597 5608 inv

1569 5721 1611 5753 “
1636 5722 1838 5781 Jerem.
1878 5739 1971 5783 vn.
1993 5725 2082 5793 2t,
2102 5720 2192 5778 2‘2.

3356 5842 3512 5853 μω...-
