4044 6224
370 253 476 318 793

1543 255 1625 317 IN
1660 254 2101 317 LEVITICUM.
2144 283 2207 295 -
2248 258 2393 320 LIB.
2432 261 2483 321 Ι.

3486 255 3630 319 Ἴθι

368 361 613 433 telligcre
633 359 897 428 valentes,
929 361 984 416 in
1009 362 1314 434 ignorantia
1379 373 1780 421 remanserunt.
1806 363 1946 419 Cum
1979 372 2020 424 Α
2048 365 2304 423 videlicet
2339 368 2525 434 Israel,
2560 368 2629 424 de
2648 368 2848 439 quibus
2878 384 3002 425 eum
3033 370 3126 440 qui
3158 368 3461 426 voluntaria
3492 368 3635 424 dona

368 460 553 508 autem
595 452 831 508 maxima
898 453 1243 509 districtione
1300 456 1588 511 verborum
1675 455 1951 527 legislator

371 555 577 611 utatur,
609 561 755 600 nunc
783 546 945 600 etiam
968 547 1038 602 ab
1068 547 1183 613 ipsa
1222 556 1308 602 est
1353 562 1531 602 orsus.
1568 546 1862 601 Exordium
1893 546 1948 599 in

368 634 609 690 editione
634 633 776 688 LXX
822 635 1015 705 incipit
1045 637 1112 691 ab
1134 652 1198 691 ea
1231 644 1385 706 parte
1414 636 1678 691 orationis
1704 652 1824 706 qua:
1866 646 1952 689 est

372 727 689 795 coniunctio
731 741 897 796 quam
950 729 1341 782 consuevimus
1399 728 1454 781 in
1506 727 1689 780 medio
1742 725 1951 780 ordinis

370 832 575 888 ponere
601 819 912 878 verborum,
948 826 1008 871 ut
1034 818 1468 886 praecedentibus
1517 816 1816 888 coniungat
1859 831 1951 871 se-

369 909 591 977 quentia
637 925 650 960 :
684 907 857 976 ipsum
885 907 1085 977 quippe
1107 907 1231 962 libri
1265 909 1428 977 hujus
1458 907 1678 961 initium
1712 907 1951 961 termino

370 1000 730 1069 praecedentis
762 1000 1064 1069 conjunxit,
1095 1000 1186 1070 qui
1242 1000 1545 1071 appellatur
1593 1000 1835 1064 Exodns,
1890 999 1949 1054 in

346 1110 479 1161 quo
510 1093 718 1163 Moyses
754 1092 1159 1147 tabernaculum
1205 1093 1402 1155 erexit,
1455 1092 1543 1147 cui
1603 1101 1753 1147 recte
1806 1107 1949 1161 prte~

372 1186 546 1240 sentia
576 1186 1004 1256 coniunguntur,
1033 1200 1158 1241 cum
1185 1186 1350 1241 unius
1374 1186 1731 1256 ejusdemque
1750 1184 1844 1240 Dei
1894 1184 1950 1238 in

374 1287 608 1346 utroque
639 1279 987 1332 contineatur
1041 1293 1198 1348 opus.
1255 1279 1364 1333 Sed
1419 1287 1475 1334 et
1520 1279 1658 1333 liber
1701 1275 1948 1343 Numeri,

372 1370 497 1440 quia
538 1369 673 1423 nihil
724 1369 962 1424 medium
1020 1370 1164 1425 inter
1215 1385 1339 1425 eum
1383 1379 1439 1426 et
1488 1371 1792 1426 Leviticum
1851 1385 1951 1438 ap-

327 1477 331 1482 ’
374 1459 626 1528 pellatur,
670 1460 847 1514 simile
899 1460 1064 1514 habet
1108 1470 1161 1515 et
1243 1461 1359 1531 ipse
1441 1461 1822 1532 procemium;
1873 1460 1952 1514 ait

372 1553 564 1607 enim:
606 1551 993 1621 «Locutusque
1041 1560 1127 1607 est
1184 1551 1446 1607 Dominus
1494 1552 1564 1607 ad
1621 1551 1840 1622 Moysen
1893 1551 1950 1604 in

372 1647 589 1699 deserto
630 1643 802 1709 Sinai,
852 1645 905 1698 in
942 1644 1294 1700 tabernaculo
1344 1643 1589 1712 foederis,
1633 1645 1809 1715 prima
1862 1643 1951 1699 die

2051 462 2333 521 oﬁerebat.
2361 464 2428 517 de
2461 462 2640 518 bobus
2665 463 2775 517 'vel
2807 465 2875 519 de
2892 464 3090 519 ovibus
3111 462 3310 517 oll‘erre
3335 462 3630 531 praecepit:

2051 568 2113 608 ex
2145 565 2377 622 utroque
2411 555 2632 607 animali
2661 554 2743 608 vel
2761 554 3013 631 iumento
3060 554 3295 607 similem
3338 552 3635 621 designans

2052 644 2348 704 hominem.
2385 643 2476 713 qui
2513 644 2648 697 nihil
2700 643 2994 703 acuminis,
3024 658 3202 712 neque
3244 644 3310 697 ad
3349 642 3631 703 virtutem,

2050 749 2229 804 neque
2273 735 2340 789 ad
2387 735 2651 788 malitiam
2718 734 2900 799 habet,
2945 734 3039 787 sed
3081 732 3317 786 trahitur
3364 732 3431 786 ab
3469 731 3579 784 alio
3616 748 3630 785 ;

2051 827 2187 881 tales
2220 834 2350 880 sunt
2393 826 2560 879 boves
2595 832 2650 877 et
2684 806 2845 888 oves;
2884 822 3048 875 nimis
3096 822 3242 876 enim
3295 822 3361 875 ad
3411 834 3634 873 manum

2051 924 2179 971 sunt
2207 924 2467 971 consueta
2503 914 2778 976 animalia,
2808 922 2863 966 et
2892 927 2988 966 eos
3029 912 3118 980 qui
3160 912 3236 966 ita
3289 912 3513 980 trahunt
3560 909 3636 963 la-

2050 1010 2154 1064 cile
2180 1006 2487 1078 sequentia.
2521 1007 2586 1060 Et
2614 1014 2902 1075 propterea
2933 1019 3039 1058 non
3069 1003 3315 1057 omnium
3354 1004 3469 1057 [nec
3511 1017 3634 1054 tnu-

2050 1116 2205 1166 nera,
2242 1102 2336 1154 sed
2367 1099 2678 1153 Judazorum
2709 1095 3051 1151 solummodo
3071 1110 3190 1148 esse
3248 1103 3476 1163 possunt
3507 1110 3518 1145 :
3556 1091 3633 1145 illi

2051 1194 2197 1249 enim
2233 1192 2447 1247 etiamsi
2479 1190 2696 1245 virtutis
2721 1189 2922 1258 aliquid
2957 1204 3064 1242 non
3091 1199 3410 1256 operantur,
3436 1186 3638 1240 sufﬁcit

2050 1283 2132 1339 eis
2164 1282 2388 1336 minime
2423 1280 2609 1349 inique
2643 1278 2878 1348 operari.
2922 1279 3000 1332 De
3031 1276 3230 1347 quibus
3262 1274 3428 1328 David
3487 1274 3635 1327 diee-

2051 1376 2143 1432 bat
2179 1391 2194 1429 :
2227 1374 2473 1435 Homines
2499 1382 2548 1427 et
2584 1372 2828 1442 jumenta
2866 1370 3040 1424 salvos
3093 1370 3275 1440 facies,
3311 1366 3531 1419 Domine
3555 1367 3633 1428 ιτς

2052 1467 2293 1538 primum
2346 1464 2594 1520 ordinem
2671 1462 2983 1517 hominibus
3035 1460 3384 1522 custodiens,
3435 1456 3638 1510 deinde

2052 1557 2360 1613 concedens
2392 1555 2559 1609 etiam
2596 1552 2821 1622 reliquis
2843 1552 3098 1607 salutem.
3131 1549 3288 1615 Quod
3316 1557 3500 1602 autem
3534 1546 3637 1601 ho-

2054 1651 2257 1706 minem
2294 1650 2478 1711 istum,
2511 1647 2578 1702 de
2602 1661 2710 1716 quo
2754 1661 2901 1700 nunc
2954 1660 3138 1699 sermo
3184 1651 3289 1706 est,
3358 1641 3634 1708 legislatur-

370 1736 576 1790 niensis
603 1736 850 1802 secundi,
876 1751 1020 1791 anno
1050 1736 1245 1790 altero.
1272 1754 1292 1788 ›
1316 1734 1462 1789 Nihil
1486 1751 1616 1806 ergo
1635 1742 1758 1804 post
1775 1734 1951 1788 histo-
1985 1727 2028 1782 Β
2055 1740 2369 1812 appellavit,
2400 1740 2474 1793 an
2495 1739 2640 1793 enim
2677 1756 2690 1791 ε
2723 1735 2896 1792 "omo
2930 1752 2995 1790 ex
3023 1735 3197 1799 vobis,
3234 1748 3343 1787 ηοη
3376 1732 3482 1785 ι,οο
3530 1731 3630 1785 ad-

370 1828 508 1882 riam
536 1826 762 1882 Levitici
782 1827 906 1883 libri
933 1871 948 1893 ,
976 1836 1105 1882 ante
1133 1827 1418 1882 historiam
1448 1841 1578 1882 vero
1603 1826 1824 1881 Numeri
1849 1840 1950 1894 po-

370 1921 534 1991 pulus
554 1920 869 1976 Iudaeorum
892 1921 1030 1991 egit:
1056 1935 1232 1990 neque
1256 1920 1402 1974 enim
1422 1920 1602 1975 locum
1619 1926 1947 1980 mutaverat,

369 2014 497 2084 quia
528 2013 760 2068 necdum
800 2012 1210 2068 tabernaculum
1234 2011 1575 2078 dedicarant,
1594 2026 1697 2066 nec
1733 2020 1951 2079 tempus

368 2107 599 2161 multum
640 2105 994 2175 praeterierat.
1035 2102 1094 2157 In
1150 2103 1327 2173 primo
1375 2102 1578 2172 quippe
1619 2114 1808 2156 mense
1861 2114 1951 2153 se-

368 2195 537 2250 eundi
571 2195 721 2260 anni,
747 2195 994 2265 ejusdem
1027 2192 1227 2247 mensis
1251 2191 1404 2246 initio
1431 2190 1513 2262 agi
1553 2198 1857 2259 coeperunt.
1892 2186 1947 2241 In

372 2289 555 2343 Exodo
579 2297 761 2342 autem
797 2296 852 2341 et
880 2284 1102 2347 Genesi,
1142 2285 1268 2354 quia
1319 2277 1535 2353 tempus
1570 2282 1798 2336 multum
1831 2293 1952 2334 me-

369 2380 543 2446 dium,
579 2380 780 2450 Joseph
813 2378 1021 2442 mortis,
1052 2386 1110 2432 et
1140 2376 1472 2447 egressionis
1506 2375 1741 2429 ﬁliorum
1789 2371 1952 2426 Israel

371 2480 792 2536 transcurrerat,
827 2486 937 2523 non
973 2469 1224 2524 similiter
1252 2467 1309 2522 in
1340 2467 1551 2522 eisdem
1578 2465 1733 2520 libris
1759 2464 1947 2533 etrapit.

368 2564 489 2619 Non
519 2562 664 2617 enim
685 2571 739 2617 et
766 2561 1191 2630 coniunctionis,
1215 2560 1308 2614 sed
1333 2567 1703 2628 opportunum
1730 2554 1953 2624 dispen-

369 2656 568 2713 sationi
595 2669 784 2709 eorum
815 2669 937 2723 quae
967 2653 1042 2708 ibi
1070 2652 1270 2722 scripta
1299 2659 1447 2712 sunt,
1474 2647 1947 2720 ponitexordium.

369 2748 463 2804 Ait
490 2746 638 2800 enim
670 2745 750 2799 sic
778 2762 792 2796 :
822 2743 947 2798 ﬂwc
961 2750 1083 2796 sunt
1107 2742 1248 2796 enim
1272 2740 1484 2794 nomina
1502 2739 1735 2809 ﬁliorum
1758 2736 1950 2802 Israel,

370 2840 461 2908 qui
493 2835 718 2908 ingressi
746 2844 865 2888 sunt
885 2835 943 2887 in
970 2832 1202 2904 Αὲρνριο
1231 2849 1351 2885 cum
1387 2830 1570 2895 Jacob,
1611 2829 1806 2901 singuli
1834 2844 1953 2882 cum

369 2930 608 2984 domibus
639 2929 747 2982 suis
773 2928 835 2981 ".
869 2925 978 2981 Sed
1036 2925 1155 2979 sine
1208 2923 1379 2979 dubio
1405 2922 1627 2992 objiciet
1658 2921 1948 2992 quispiam,

369 3024 729 3096 quamobrem
753 3020 877 3075 libri
904 3019 1037 3089 legis
1067 3018 1225 3074 divisi
1258 3025 1406 3082 sunt,
1464 3031 1590 3072 cum
1646 3030 1753 3069 non
1809 3014 1952 3069 divi-

369 3082 651 3180 derentur,
712 3113 852 3169 sicut
910 3082 1226 3183 praedictum
1292 3117 1411 3175 est,
1461 3112 1704 3178 temper!
1758 3107 1782 3160 ?
1846 3082 2021 3160 Seth

375 3211 481 3265 huc
531 3207 654 3262 ideo
671 3214 731 3261 ttt
763 3216 874 3259 non
902 3203 1178 3259 fastidium
1226 3201 1532 3273 legentibus
1570 3200 1692 3254 libri
1747 3198 1954 3254 faceret

314 3288 322 3293 ’
372 3301 677 3372 amplitudo
724 3317 738 3353 :
793 3298 1028 3354 libenter
1097 3295 1245 3351 enim
1285 3294 1654 3366 negotiatores
1728 3293 1952 3362 pelagus

371 3396 597 3464 viasque
623 3392 898 3456 dividunt,
929 3391 1105 3461 ipsum
1154 3386 1558 3458 quodammodo
1617 3385 1949 3439 arbitrantes

371 3485 618 3542 dividere
638 3500 696 3540 se
717 3484 981 3538 laborem.
1022 3480 1295 3536 Praeterea
1332 3477 1635 3533 secundum
1662 3475 1805 3530 LXX
1837 3492 1949 3530 non

371 3578 576 3643 vorari,
628 3576 725 3632 sed
758 3576 1001 3630 revocari
1050 3571 1269 3643 Moysen
1324 3571 1592 3640 scriptum
1653 3577 1758 3631 est,
1809 3569 1953 3623 sicut

372 3669 589 3746 quando
660 3667 842 3730 idem,
911 3665 1212 3721 secundum
1295 3662 1458 3725 LXX,
1539 3661 1779 3715 Beseleel
1866 3670 1949 3715 ta-

372 3762 726 3819 bernaculum
782 3760 1083 3815 secundum
1151 3756 1376 3827 ﬁguram
1429 3769 1549 3825 qua:
1594 3763 1812 3809 ostensa
1869 3763 1953 3806 est

372 3854 429 3907 in
478 3862 685 3914 monte,
740 3850 918 3904 facere
972 3847 1250 3919 praecepit.
1312 3845 1400 3900 Ait
1445 3844 1647 3899 enim:
1703 3842 1951 3911 Dixitque

377 3945 575 4016 Moysis
598 3943 723 4014 ﬁliis
753 3942 921 3997 lsrael
947 3957 966 3996 :
1004 3941 1137 3995 Ecce
1166 3937 1422 3993 revocavit
1456 3937 1592 3990 Deus
1621 3951 1686 3989 ea:
1743 3934 1952 3987 nomine

369 4037 602 4097 Beselecl
630 4036 801 4107 ﬁlium
827 4035 936 4089 Hor
959 4035 1022 4089 de
1045 4032 1184 4093 tribu
1220 4030 1382 4095 Juda,
1420 4038 1469 4082 et
1501 4027 1736 4097 implevit
1756 4025 1951 4094 spiritu

370 4130 645 4199 sapientia:
667 4129 730 4183 η.
764 4128 903 4198 Ergo
938 4135 993 4181 et
1029 4140 1177 4178 nunc
1237 4122 1467 4176 aliorum
1520 4117 1949 4189 intelligibilium

369 4221 753 4294 quosumdam,
817 4230 871 4273 et
907 4213 1307 4272 rationabilium
1336 4209 1727 4266 sacriﬁciorum
1766 4207 1954 4278 imagi-

370 4329 519 4372 nem,
545 4311 855 4368 describere
889 4307 1148 4361 Dominus
1172 4302 1387 4374 Moysen
1414 4299 1691 4379 prtecepit,
1720 4306 1775 4353 et
1797 4312 1954 4367 aper-

372 4405 583 4463 tissime
609 4404 725 4458 lnec
747 4417 868 4472 qua:
897 4399 1097 4454 dit-itur
1141 4395 1433 4458 revocatio,
1475 4392 1945 4462 dispensationem

370 4497 661 4572 quamdam
713 4494 1023 4554 verborum,
1076 4489 1160 4543 vel
1201 4502 1381 4542 rerum
1436 4485 1502 4539 ad
1553 4482 1837 4553 superiora
1869 4497 1953 4536 re-

372 4576 747 4661 Spit-icntium,
790 4585 986 4641 innuit.
1028 4582 1134 4638 Sed
1185 4580 1327 4635 unde
1381 4579 1447 4633 ad
1492 4593 1617 4632 eum
1684 4575 1950 4630 Dominus

373 4682 647 4753 loquitur?
679 4683 751 4735 De
770 4676 1119 4735 tabernaculo
1140 4674 1344 4729 scilicet
1368 4669 1685 4725 testimonii.
1709 4668 1951 4722 Primum

374 4773 595 4843 quidem
631 4772 699 4827 de
731 4771 890 4833 cmlo,
918 4768 1041 4839 quia
1075 4767 1129 4820 in
1162 4767 1281 4835 ipso
1302 4762 1548 4817 habitare
1609 4760 1752 4814 Deus
1806 4758 1955 4813 aﬁir-

372 4873 573 4921 matur.
608 4862 818 4917 Deinde
850 4858 1257 4915 tabernaculum
1293 4853 1589 4911 testimonii
1621 4859 1951 4923 praesentem

375 4956 701 5025 scripturam
727 4952 1078 5022 intelligimus
1106 4967 1117 5002 :
1148 4948 1404 5019 quoniam
1447 4944 1602 5016 quasi
1632 4944 1959 4998 tabernacu-

376 5049 492 5103 lum
526 5046 797 5116 quoddam
858 5052 1003 5108 erat,
1039 5057 1161 5096 eum
1197 5056 1258 5095 ea
1288 5054 1407 5110 qum
1443 5038 1790 5100 dicebantur,
1819 5036 1958 5089 ima-

377 5140 534 5213 gines
587 5139 704 5197 sive
735 5137 916 5210 ﬁguras
942 5128 1286 5206 sequentium
1338 5133 1719 5205 mysteriorum
1748 5139 1955 5195 essent,

377 5238 605 5299 propter
638 5229 781 5299 quod
820 5225 1226 5283 tabernaculum
1280 5220 1579 5278 testimonii
1636 5221 1945 5276 dicebatur.

376 5320 586 5377 Horum
612 5331 793 5385 autem
818 5333 1128 5379 sermonum
1151 5316 1558 5376 tabernaculum
1581 5313 1956 5369 testimonium

378 5412 689 5468 futurarum
721 5427 899 5471 rerum
926 5418 1030 5477 est,
1068 5408 1482 5465 indubitabilem
1514 5396 1603 5462 eis~
1641 5406 1799 5461 ﬁdem
1826 5418 1960 5476 pne-

379 5514 555 5560 stans.
586 5501 729 5569 Quid
758 5511 939 5558 autem
961 5501 1225 5569 dicit,aut
1250 5501 1315 5555 ad
1347 5515 1485 5570 quos
1501 5497 1705 5570 jussit?
1733 5498 1799 5552 ad
1820 5498 1959 5553 ﬁlios

487 5659 531 5691 ¹⁵
568 5658 733 5716 Exod.
762 5678 794 5715 ι.
836 5662 881 5714 i.

388 5747 483 5796 .‘Ils
519 5729 569 5786 1ο

991 5659 1031 5689 ¹⁶
1071 5657 1239 5713 Exod.
1271 5671 1412 5721 “st,
1448 5655 1493 5708 ι.

1576 5654 1615 5684 ’⁷
1643 5652 1786 5708 Psal.
1815 5667 1971 5718 sxw,
2007 5651 2059 5706 7.

2051 1834 2300 1896 mireris;
2333 1831 2591 1901 possibile
2617 1841 2700 1885 est
2729 1831 2872 1884 enim
2929 1829 3181 1883 eumdem
3245 1836 3301 1881 et
3357 1825 3633 1880 hominem

2050 1921 2332 1993 appellari,
2365 1928 2421 1975 et
2451 1936 2572 1990 qua:
2598 1919 2971 1988 jumentorum
2994 1926 3125 1972 sunt
3144 1931 3327 1987 agere.
3389 1914 3632 1975 Demon-

2050 2024 2382 2072 stratautem
2414 2014 2519 2067 hoc
2549 2012 2692 2066 idem
2747 2011 2914 2065 David
2948 2009 3215 2080 propheta
3269 2008 3459 2063 dicens
3495 2025 3506 2059 :
3563 2005 3634 2060 Et

2049 2109 2202 2162 homo
2231 2123 2349 2160 cum
2395 2107 2451 2160 in
2481 2106 2674 2159 honore
2699 2113 2849 2165 esset,
2886 2112 3227 2174 comparatus
3265 2113 3338 2156 est
3379 2102 3634 2172 jumrntis

2049 2200 2436 2268 insipientibus,
2486 2207 2534 2253 et
2562 2195 2752 2250 similis
2783 2197 2957 2263 factus
3001 2204 3075 2248 est
3137 2195 3245 2249 illis
3293 2194 3357 2247 ".
3429 2194 3633 2248 Verum

2049 2296 2177 2367 quia
2211 2292 2603 2362 intelligibilem
2621 2288 2912 2360 quemdam
2941 2288 3101 2342 Israel
3122 2288 3438 2352 didicimus,
3473 2303 3632 2341 eum-

2049 2402 2156 2458 que
2204 2382 2601 2454 intelligibilem
2692 2379 3169 2436 circumcisionem
3254 2387 3631 2441 venerantem,

2048 2477 2506 2550 quemadmodum
2526 2474 2727 2529 Paulus
2747 2473 2854 2527 ait:
2877 2472 2994 2526 Non
3010 2473 3149 2526 enim
3165 2466 3255 2543 qui
3282 2474 3337 2525 in
3354 2471 3634 2540 manifesto

2047 2574 2285 2638 Juda'us,
2308 2588 2401 2626 nec
2429 2588 2490 2625 ea
2521 2584 2637 2640 qua:
2674 2566 2955 2637 propalant
2988 2566 3045 2618 in
3074 2580 3233 2617 carne
3292 2571 3369 2616 est
3408 2564 3636 2615 circum-

2050 2668 2197 2729 cisio,
2236 2666 2326 2720 sed
2350 2679 2465 2735 qua:
2502 2664 2561 2716 in
2611 2660 2833 2723 occulto,
2876 2667 2924 2712 et
2955 2673 3072 2726 qua:
3114 2656 3443 2710 circumcisio
3465 2653 3637 2706 cordis

2048 2760 2105 2814 in
2138 2758 2349 2828 spiritu,
2381 2770 2484 2807 non
2514 2752 2710 2815 littera,
2739 2749 2892 2821 cujus
2918 2747 3037 2801 laus
3073 2762 3177 2800 non
3213 2760 3277 2798 ea:
3309 2742 3631 2805 hominibus,

2048 2850 2139 2905 sed
2172 2864 2237 2902 ea:
2280 2849 2388 2900 Deo
2433 2852 2507 2898 est
2539 2843 2605 2906 η,
2649 2840 2702 2895 ei
2757 2837 3082 2911 spiritaliter
3125 2835 3442 2907 praedictam
3501 2830 3638 2901 legis

2052 2938 2392 2996 sanctionem
2420 2941 2768 3004 coaptemus.

2128 3030 2367 3087 Vens?»
2427 3045 2446 3079 σ
2483 3025 2541 3081 Si
2600 3026 2721 3094 ejus
2780 3018 3158 3076 holocaustum
3213 3016 3377 3072 fuerit
3435 3012 3639 3069 oblatio

2058 3141 2123 3182 ac
2150 3125 2218 3180 de
2243 3130 2509 3184 armento,
2541 3114 2842 3172 masculum
2884 3112 3314 3170 immaculatum,
3339 3108 3539 3161 oﬁeret
3568 3105 3636 3158 ad

2058 3215 2258 3271 ostium
2291 3205 2627 3267 tabernaculi
2653 3201 2978 3266 testimonii,
3018 3201 3085 3256 ad
3140 3198 3467 3271 placandum
3530 3193 3635 3250 sibi

2061 3307 2374 3364 Dominum.
2413 3324 2431 3356 ι

2129 3400 2265 3467 Quia
2316 3395 2581 3453 sacriﬁcia
2630 3395 2773 3449 Deus
2829 3407 2858 3445 a
2911 3388 3072 3444 nobis
3117 3401 3216 3458 pro
3240 3391 3427 3439 nostra
3460 3379 3639 3436 salute

2059 3496 2191 3558 vult,
2232 3507 2344 3546 non
2379 3490 2495 3560 ipse
2540 3488 2620 3543 eis
2650 3502 2790 3558 optts
2834 3484 3064 3546 habens,
3114 3478 3248 3535 satis
3287 3491 3389 3531 nos
3433 3472 3640 3527 Paulus

2059 3583 2476 3642 commonefacit
2504 3598 2519 3645 ;
2543 3581 2615 3635 ait
2639 3580 2785 3634 enim
2814 3576 3067 3638 :Obsecro
3090 3575 3270 3642 itaque
3287 3584 3396 3629 vos,
3421 3569 3636 3637 fratres,

2059 3699 2150 3752 per
2178 3676 2590 3732 misericordiam
2626 3672 2741 3735 Dei,
2789 3680 2843 3725 ut
2884 3666 3168 3723 exhibeatis
3202 3678 3420 3731 corpora
3466 3666 3636 3711 vestra

2058 3770 2282 3823 hostiam
2328 3767 2524 3823 vivam,
2558 3770 2819 3824 sanctam,
2863 3759 2968 3811 Deo
3026 3756 3360 3826 placentem;
3395 3749 3637 3802 rationa—

2059 3861 2158 3915 bile
2187 3857 2487 3929 obsequium
2514 3852 2825 3910 vestrum".
2878 3853 3017 3919 Ergo
3051 3848 3270 3916 placens
3310 3841 3637 3897 sacriﬁcium

2059 3953 2191 4016 Deo,
2224 3963 2512 4018 corporum
2543 3953 2856 4000 nostrorum
2895 3936 3242 3995 mortiﬁcatio
3273 3943 3358 3990 est
3413 3951 3425 3985 :
3476 3929 3637 3985 simul

2059 4046 2206 4101 enim
2234 4044 2285 4097 in
2320 4057 2386 4097 eo
2434 4042 2732 4106 lucramur,
2788 4044 2844 4091 et
2874 4033 3017 4104 quod
3052 4047 3082 4086 a
3115 4040 3342 4101 peccato
3392 4024 3639 4079 abstine-

2060 4154 2202 4204 mus,
2228 4144 2283 4191 et
2310 4133 2453 4204 quod
2483 4132 2712 4187 virtutes
2757 4126 3113 4198 acquirimus.
3174 4122 3280 4176 Sed
3335 4120 3465 4190 quia
3521 4118 3637 4188 ipsa

2060 4246 2286 4301 corpora
2317 4228 2535 4295 quidam
2565 4222 2904 4295 plenissime,
2938 4216 3105 4288 aliqui
3155 4227 3338 4269 autem
3372 4229 3438 4266 ex
3484 4221 3640 4281 parte

2060 4324 2424 4381 ntortiﬁeant,
2458 4322 2758 4372 secundum
2798 4312 3168 4369 conditionem
3207 4304 3641 4364 conversationis

1972 4441 2032 4495 ,υ
2061 4426 2117 4471 et
2144 4415 2362 4469 modum
2389 4412 2515 4467 vitae
2539 4411 2593 4464 in
2629 4424 2737 4478 qua
2763 4407 2991 4477 degunt,
3032 4418 3157 4459 cum
3212 4402 3266 4456 hi
3315 4399 3532 4470 quidem
3580 4405 3641 4449 ut

2062 4510 2285 4582 perfecti
2306 4509 2544 4578 sapiunt,
2577 4504 2667 4558 alii
2720 4510 2782 4557 ut
2812 4499 3045 4572 parvuli,
3074 4513 3137 4553 ea
3173 4511 3292 4566 quae
3324 4490 3639 4547 ornnimoda

2060 4579 2145 4659 est
2181 4600 2514 4657 renuntiatio
2553 4596 2759 4660 saeculi,
2813 4603 2870 4650 et
2935 4593 3275 4661 voluptatum
3323 4579 3641 4658 plenissima

2061 4691 2366 4764 abnegatio,
2388 4690 2769 4744 holocaustum
2791 4684 2992 4739 dicitur
3012 4700 3033 4764 _:
3057 4688 3229 4735 totum
3253 4668 3310 4733 se
3336 4677 3484 4730 enim
3519 4672 3642 4744 quis

2066 4787 2175 4841 Deo
2212 4762 2308 4855 per
2336 4779 2730 4851 intelligibilem
2789 4776 2967 4845 ignem
3012 4762 3245 4840 ISpiri'tus
3305 4767 3488 4833 oﬁ'ert,
3530 4781 3640 4821 non

2060 4879 2172 4947 jam
2205 4885 2474 4934 terrenus,
2501 4870 2594 4925 sed
2631 4867 2913 4937 spiritalis,
2956 4874 3013 4920 et
3073 4860 3478 4934 quodammodo
3530 4874 3643 4911 ru:-

2060 4946 2214 5023 lestis
2247 4964 2494 5019 effectus.
2530 4961 2585 5015 Si
2608 4975 2737 5030 ergo
2763 4959 2851 5012 hic
2891 4962 3147 5026 operator
3201 4951 3360 5005 luerit
3418 4946 3642 5014 iustitiae

2060 5058 2213 5130 legis,
2240 5071 2362 5126 quae
2385 5052 2687 5109 secundum
2708 5051 2945 5104 litteram
2978 5056 3080 5106 est,
3108 5044 3205 5098 bos
3229 5056 3357 5094 vero
3385 5035 3641 5089 similiter

2062 5147 2403 5211 nominatur,
2431 5142 2559 5212 quia
2594 5142 2774 5210 ipsum
2830 5135 3033 5193 animal
3068 5134 3258 5202 jugutn
3295 5133 3475 5198 portat
3536 5133 3639 5178 ter-

2064 5251 2319 5295 rcnorum
2346 5248 2594 5304 operum,
2620 5232 2810 5302 jugum
2828 5236 3006 5282 autem
3043 5233 3127 5279 est
3155 5231 3210 5277 et
3241 5221 3347 5272 lett.
3381 5216 3471 5269 Sic
3497 5213 3642 5268 enim

2065 5329 2276 5392 Petrus,
2308 5341 2431 5381 cmn
2458 5324 2512 5377 in
2532 5321 2833 5378 Jerusalem
2864 5315 3302 5373 concionarctur,
3332 5303 3641 5377 appellavit,

2064 5408 2302 5476 tli‘eens:
2353 5413 2490 5479 Quid
2543 5411 2755 5465 tentatis
2800 5407 3102 5466 Dominum,
3142 5402 3408 5469 imponere
3451 5395 3643 5465 jugum

2065 5504 2222 5583 super
2241 5502 2886 5575 cervices'discipulormn,
2909 5497 3047 5568 quod
3068 5512 3160 5550 nec
3193 5490 3305 5553 nos,
3352 5508 3442 5545 nec
3472 5496 3652 5558 patres

2141 5646 2183 5678 ⁸⁸
2221 5643 2360 5698 Psal.
2396 5656 2579 5704 sunt
2614 5638 2695 5711 ιδ.
2776 5636 2817 5667 ¹⁹
2849 5634 3089 5698 Βοιιωι,
3113 5630 3204 5694 9.8,
3236 5629 3326 5685 29.
3407 5628 3450 5659 ³³
3484 5624 3645 5680 Beia.
