4030 6240
538 272 645 334 795

1728 283 2089 373 HESYCHH
2146 286 2627 351 nassonem

3712 304 3825 371 796

537 382 702 435 nostri
726 390 936 450 portare
965 383 1227 450 palatinas
1250 382 1290 415 "
1317 383 1338 436 2
1369 382 1546 441 Τεκνία
1576 394 1661 441 est
1688 399 1872 444 autem
1903 401 1959 445 et
1981 392 2120 446 Pau-
2151 400 2193 455 Α
2223 392 2393 456 mino,
2423 402 2481 449 et
2508 394 2741 451 on‘erent
2779 396 2877 454 lilii
2916 398 3100 457 Aaron
3132 402 3436 460 sacerdotis
3486 410 3819 481 sanguinem

540 474 624 527 los
651 474 718 528 de
752 476 853 528 hoc
882 473 1104 528 animali
1129 474 1362 544 loquens
1385 494 1398 541 ;
1418 492 1856 537 commemorans
1883 498 2119 553 namque

538 566 855 618 tnaudatum
905 565 1061 635 legis,
1098 566 1212 620 ait:
1251 565 1371 620 Non
1433 567 1684 638 alligabis
1711 587 1766 624 os
1797 574 1912 627 bovi
1962 575 2119 628 tritu-

537 666 679 708 rantr
706 659 765 710 ".
799 655 952 722 Quod
985 658 1110 713 vide
1159 658 1621 727 quemadmodum
1676 661 2069 737 interpretetur
2100 685 2114 720 :

533 745 789 817 Nunquid
809 750 872 802 de
893 749 1050 802 bobus
1081 766 1209 803 cura
1237 760 1313 805 est
1341 751 1452 806 Deo
1483 754 1529 785 "
1561 753 1582 805 ?
1606 771 1675 809 an
1739 766 1966 827 prepter
2016 774 2118 815 nos

537 840 654 894 haec
678 840 830 903 dicit,
858 842 984 910 quia
1012 841 1177 896 debet
1202 841 1259 896 in
1286 858 1383 912 spe
1412 844 1505 913 qui
1533 855 1650 900 arat
1690 862 1868 914 arare,
1916 859 1973 905 et
2021 854 2116 921 qui

533 931 846 995 seminatin
878 948 975 1002 spe
1021 933 1233 989 fructus
1285 936 1602 1007 colligendi.
1654 939 1950 997 Masculmn
1984 959 2116 998 vero

533 1038 654 1077 esse
713 1040 914 1079 munus
953 1066 967 1090 ,
1031 1026 1147 1080 sive
1191 1027 1547 1094 oblationem,
1601 1044 1656 1085 et
1704 1033 2113 1091 immaculatum

446 1180 449 1183 _
534 1114 1003 1172 vultzmasculum
1036 1119 1277 1187 quidem,
1303 1129 1358 1174 ut
1390 1121 1702 1179 nullatenus
1732 1128 2114 1184 mandatorum

534 1205 901 1274 eﬂ‘eminelur,
919 1210 1035 1265 sive
1058 1212 1369 1268 emollescat
1394 1224 1679 1284 operator;
1707 1218 2114 1275 immaculatum

533 1312 686 1362 vero,
711 1299 826 1352 sive
843 1315 1036 1368 purum
1058 1340 1073 1366 ,
1099 1309 1522 1373 ut’nequaquam
1540 1306 1749 1374 iustitia
1771 1307 2112 1378 iniquitatem

534 1387 882 1453 permisceat,
911 1405 1013 1444 nec
1044 1391 1391 1447 simulatione
1424 1394 1678 1450 virtutem
1726 1403 2109 1455 commaculet.

534 1476 639 1531 Sed
669 1480 737 1532 ad
769 1481 971 1535 ostium
1005 1482 1335 1538 tabernaculi
1381 1487 1701 1552 testimonii,
1737 1492 1876 1557 sive,
1913 1508 2113 1547 secun-

534 1569 666 1624 dum
706 1571 843 1645 LXX
870 1613 885 1637 ,
912 1574 977 1628 ad
1015 1575 1424 1632 tabernaculum
1460 1581 1755 1636 testimonii
1794 1584 1961 1653 jussit
1989 1603 2110 1640 mu-

532 1678 638 1717 nus
662 1664 865 1719 oil‘erri.
917 1666 1353 1725 Tabernaculum
1413 1682 1594 1729 autem
1660 1677 1957 1736 testimonii
2008 1681 2112 1735 hoc

533 1758 673 1823 loco,
707 1775 811 1813 non
848 1762 1022 1816 solum
1056 1763 1197 1828 coeli,
1234 1766 1346 1820 illic
1379 1769 1583 1839 quippe
1617 1780 1861 1827 nostram
1894 1785 2111 1844 oportet

529 1864 653 1903 esse
707 1854 1202 1921 conversationem,
1271 1859 1367 1911 sed
1423 1868 1479 1914 et
1538 1861 1874 1918 conscientia
1918 1878 2111 1922 nostra

532 1941 883 2013 intelligitur;
919 1945 971 1999 in
1004 1962 1067 2002 ea
1100 1948 1246 2002 enim
1291 1952 1652 2022 cogitationes
1704 1955 2112 2030 habitant,qu:e

529 2035 905 2091 testimonium
944 2055 1042 2108 pro
1066 2041 1224 2096 nobis
1266 2053 1360 2097 aut
1411 2056 1601 2101 contra
1666 2065 1768 2104 nos
1818 2038 2110 2109 redditura:

530 2137 680 2182 sunt.
710 2129 789 2182 Ad
812 2129 1134 2198 placandum
1162 2135 1261 2188 sibi
1296 2136 1601 2194 Dominum.
1635 2142 1949 2197 Secundum
1978 2164 1983 2169 λ

529 2220 811 2289 ptuaginta
848 2230 1052 2288 autem,
1086 2240 1211 2279 esse
1243 2226 1346 2282 hoc
1379 2238 1434 2282 et
1484 2242 1767 2300 acceptant
1802 2234 1954 2290 dicit.
2001 2237 2113 2294 Cur

528 2313 747 2365 autem?
778 2311 1042 2369 Oil‘erenli
1076 2317 1349 2382 videlicet.
1399 2333 1450 2375 et
1484 2327 1659 2380 oranti
1696 2328 1749 2382 in
1809 2340 2108 2400 conspectu

532 2403 769 2459 Domini.
802 2406 857 2460 Si
891 2410 1036 2462 enim
1073 2420 1359 2481 acceptum
1397 2416 1553 2470 nobis
1598 2434 1726 2474 vere
1761 2422 1852 2482 sit,
1899 2435 1955 2478 et
2015 2440 2111 2480 cor

528 2504 777 2549 nostrum
806 2508 951 2558 recte
977 2499 1251 2567 judicans,
1287 2506 1530 2576 nullique
1560 2509 1852 2567 adhaerens
1886 2517 2107 2583 passio-

530 2588 609 2648 ni,
636 2587 950 2655 probaverit
981 2607 1183 2647 munus
1200 2610 1323 2650 esse
1338 2598 1404 2651 ad
1423 2600 1832 2671 suscipiendum
1857 2608 2105 2678 dignum,

533 2688 663 2731 tunc
693 2694 849 2734 orare
881 2682 933 2735 in
970 2697 1270 2753 conspectu
1316 2688 1550 2754 Domini,
1586 2694 1636 2748 id
1674 2706 1778 2762 est,
1829 2701 2107 2757 remissio-

534 2785 658 2822 nem
689 2772 848 2827 nobis
877 2773 929 2827 in
954 2788 1254 2846 conspectu
1288 2781 1497 2836 Domini
1519 2799 1807 2853 possumus
1833 2792 2105 2860 obtinere,

532 2861 598 2912 a-J
629 2876 724 2915 cor
750 2864 895 2918 enim
935 2866 1233 2924 inclinatur
1254 2871 1416 2940 Deus,
1455 2879 1755 2934 secundum
1783 2886 1929 2950 quod
1969 2886 2110 2941 scri-

535 2951 669 3004 hens
695 2951 937 3010 Joannes
968 2958 1277 3030 Tlieologus
1308 2979 1409 3017 nos
1439 2966 1645 3022 docuit.
1670 2970 1738 3023 Et
1762 2987 1946 3029 coram
1992 2977 2110 3047 ipso

2147 1739 2185 1792 Β

2221 485 2360 555 ejus,
2394 485 2685 543 fundentes
2711 503 2808 559 per
2831 491 3022 547 altaris
3047 492 3362 561 circuitum,
3389 498 3537 567 quod
3568 510 3656 556 est
3682 515 3822 558 ante

2219 577 2423 630 ostium
2448 578 2807 634 tabernaculi.
2832 581 3196 653 Detractaque
3229 587 3369 655 pelle
3430 587 3629 646 hostia:
3658 605 3821 650 artus

2220 665 2275 720 in
2309 667 2483 723 frusta
2514 671 2826 737 concident,
2862 683 2918 729 et
2969 676 3265 745 subjicient
3294 678 3350 732 in
3404 681 3563 735 altari
3598 682 3810 753 ignem.

2218 769 2368 814 strue
2390 760 2660 832 lignorum
2714 773 2843 818 ante
2876 768 3231 837 -composita,
3277 780 3335 825 et
3385 773 3635 826 membra
3686 791 3815 844 qua:

2217 866 2358 908 caasa
2387 863 2519 908 sunt
2546 854 2785 926 desuper
2830 858 3173 926 ordinantes,
3205 874 3374 932 caput
3424 865 3702 924 videlicet.
3756 877 3816 922 et

2216 952 2413 998 cuncta
2437 961 2558 1014 quae
2574 947 2857 1003 adhaerent
2890 949 3086 1019 jecori,
3146 952 3423 1010 intestinis
3460 965 3517 1011 et
3574 958 3814 1027 pedibus

2215 1033 2341 1089 lotis
2370 1051 2508 1105 aqua
2543 1055 2555 1090 :
2595 1039 2945 1110 adolebitque
2984 1056 3055 1096 ea
3110 1046 3373 1099 sacerdos
3416 1061 3583 1116 super
3633 1050 3815 1105 altare

2215 1125 2270 1179 in
2304 1126 2701 1192 holocaustum,
2732 1139 2787 1183 et
2819 1148 3043 1187 suavem
3073 1134 3296 1190 odorem
3326 1137 3580 1193 Domino.
3617 1158 3635 1191 ι

2284 1217 2510 1273 Multum
2533 1219 2805 1276 laboriosa
2822 1237 2905 1276 esu.
2924 1224 3030 1288 lex,
3089 1236 3147 1281 et
3167 1227 3472 1295 spiritalem
3485 1230 3809 1286 considera-

2215 1308 2418 1364 tionem
2482 1319 2706 1381 propter
2744 1313 2850 1369 boc
2896 1316 3105 1371 habens
3157 1320 3548 1385 necessariam,
3595 1330 3656 1376 ut
3692 1338 3808 1375 non

2213 1399 2483 1468 superﬂue
2520 1401 2795 1472 legislator
2824 1406 3128 1463 subtilitate
3152 1408 3257 1463 hac
3284 1410 3569 1467 rationalis
3609 1413 3807 1468 hostia:

2215 1506 2345 1546 usus
2379 1508 2501 1549 esse
2548 1495 2816 1551 videatur.
2861 1496 2997 1555 Illud
3045 1515 3175 1571 ergo
3218 1502 3271 1555 in
3324 1503 3518 1572 primis
3553 1505 3804 1568 intende.

2214 1583 2340 1649 quia
2369 1583 2598 1639 vitulum
2618 1602 2803 1641 coram
2832 1588 3060 1644 Domino
3085 1592 3345 1662 praecepit
3364 1594 3540 1649 occidi
3570 1605 3668 1662 ;ut
3691 1611 3805 1651 non

2214 1672 2387 1727 solum
2423 1676 2697 1744 propriam
2746 1679 3161 1747 conscientiam,
3216 1686 3806 1756 conversationemque

2214 1775 2456 1820 nostram
2486 1768 2779 1826 oﬂ'eramus
2814 1772 2945 1838 Deo,
2994 1774 3088 1829 sed
3117 1776 3579 1844 quemadmodum
3624 1779 3807 1848 placet

2214 1858 2286 1919 ci,
2331 1859 2495 1913 etiam
2542 1876 2743 1930 corpus
2793 1864 3207 1933 mortiﬁcemus,
3236 1884 3344 1923 non
3382 1871 3452 1925 ad
3481 1870 3804 1928 inferiorem

2212 1950 2460 2020 gloriam,
2488 1952 2585 2006 sed
2614 1953 2682 2007 ad
2714 1970 2950 2024 superna
2997 1957 3368 2024 intendentes,
3404 1960 3511 2017 hoc
3533 1972 3619 2017 est
3656 1964 3803 2019 enim

2212 2057 2395 2097 coram
2426 2043 2676 2099 Domino.
2724 2044 2831 2101 Sed
2857 2048 2951 2116 qui
2978 2061 3127 2114 sunt,
3167 2051 3260 2120 qui
3288 2053 3434 2108 hunc
3478 2056 3804 2126 sanguinem

2212 2133 2483 2188 offerunt?
2506 2134 2627 2189 Filii
2649 2138 2900 2195 videlicet
2921 2140 3106 2195 Aaron
3135 2144 3461 2209 sacerdotis,
3497 2146 3604 2215 ipsi
3650 2148 3801 2203 enim

2209 2235 2267 2281 et
2294 2227 2571 2281 occidunt.
2603 2227 2865 2299 Equidem
2890 2232 2935 2286 is
2957 2234 3050 2303 qui
3076 2234 3406 2291 oblationem
3434 2238 3652 2305 olieret,
3684 2241 3803 2297 sine

2210 2321 2431 2376 nomine
2451 2329 2641 2376 etnon
2669 2322 2947 2394 designate
2990 2342 3284 2397 expressus
3326 2339 3430 2384 est.
3457 2328 3581 2385 Filii
3616 2343 3800 2388 autem

2209 2415 2467 2471 dicuntur
2521 2417 2700 2472 Aaron
2754 2418 3102 2474 immolantes
3135 2421 3281 2491 quod
3322 2421 3566 2478 oblatum
3597 2432 3706 2487 est,
3748 2435 3803 2479 et

2210 2508 2532 2579 sanguinem
2590 2510 2886 2565 oﬂcrentes
2931 2530 2945 2566 :
2985 2512 3112 2580 quia
3180 2512 3513 2568 oblationem
3577 2515 3799 2585 quidem

2210 2600 2500 2665 adducere,
2527 2602 2580 2655 id
2608 2611 2690 2655 est
2721 2600 3061 2670 promittere,
3099 2602 3471 2670 quorumlibet
3509 2612 3592 2657 est
3634 2620 3649 2656 :
3689 2604 3797 2658 im-

2210 2693 2359 2761 plere
2405 2703 2587 2747 autem
2638 2693 2922 2764 promissa,
2968 2694 3115 2762 quod
3156 2694 3363 2748 occisia
3422 2693 3580 2748 bovis
3626 2694 3800 2764 ipsius

2211 2787 2440 2839 docetet
2460 2787 2740 2855 sanguinis
2767 2785 2985 2848 etl'usio,
3018 2800 3128 2839 non
3167 2785 3558 2854 quorumlibet,
3587 2787 3683 2841 sed
3732 2786 3800 2841 il—

2211 2876 2386 2931 lorum
2419 2880 2511 2946 qui
2537 2878 2632 2932 lilii
2670 2878 2850 2933 Aaron
2898 2892 3088 2932 revera
3109 2886 3258 2937 sunt.
3300 2885 3492 2947 utpote
3530 2878 3801 2933 habentes

2212 2968 2264 3022 in
2293 2967 2599 3037 semetipsis
2621 2966 2905 3022 sacerdotii
2925 2966 3262 3037 dignitatem.
3295 2968 3476 3021 Aaron
3504 2967 3653 3021 enim
3672 2982 3800 3019 arca

533 3044 884 3101 suadebimus
912 3050 1072 3104 corda
1109 3062 1291 3107 nostra
1329 3073 1340 3108 :
1376 3057 1513 3121 Quia
1547 3061 1594 3114 si
1637 3066 1966 3132 reprehendit
2011 3044 2107 3126 nos

2216 3058 2601 3113 velmontanus
2649 3059 3063 3128 interpretatur.
3116 3060 3258 3130 Ergo
3299 3058 3553 3129 quisquis
3595 3067 3802 3113 semet-

533 3152 623 3187 cor
647 3148 900 3204 nostrum,
937 3151 984 3196 et
1018 3144 1213 3199 scimus
1244 3149 1369 3217 quia
1410 3152 1586 3220 major
1636 3166 1710 3209 est
1765 3158 1899 3213 Deus
1958 3168 2111 3217 corde

535 3237 728 3287 nostra.
774 3240 821 3282 et
874 3236 1154 3300 cognoscit,
1186 3240 1383 3293 omnia.
1425 3241 1781 3312 Dilectissimi,
1816 3252 1863 3303 si
1895 3269 1985 3306 cor
2011 3272 2108 3308 no-

531 3329 695 3370 strum
722 3336 823 3373 non
852 3327 1192 3390 reprehendat
1211 3345 1322 3396 nos,
1354 3333 1727 3401 conﬁdentiam
1755 3340 2006 3398 habemus
2038 3350 2110 3403 ad

535 3409 701 3464 [lenm
716 3412 783 3465 ⁵³.

606 3548 762 3606 Vsus.
805 3553 858 3607 4.
897 3574 917 3606 ι
975 3555 1250 3627 Ρηιιει.μιε
1308 3576 1504 3617 nianus
1555 3581 1722 3635 super
1773 3582 1937 3640 caput
2005 3576 2141 3632 ho—°

526 3645 665 3708 stiae,
694 3654 750 3701 et
785 3652 1133 3719 acceptqlziiis
1165 3653 1286 3719 erit,
1315 3664 1479 3725 atque
1532 3658 1585 3711 in
1630 3661 1941 3730 expiatione
1988 3668 2108 3740 ejus

525 3738 835 3807 proficiens.
879 3762 896 3793 ι

595 3876 748 3943 Quod
774 3896 874 3934 nos
901 3880 1133 3936 hostiam
1166 3883 1415 3951 dicimus,
1468 3886 1655 3944 Graece
1709 3892 1913 3948 dicitur
1964 3896 2101 3969 κάρ-

524 3988 714 4041 πωμα,
766 3975 911 4042 quod
953 3978 1264 4045 specialiter
1320 3980 1662 4055 intelligibile
1720 3985 2100 4045 holocaustum

523 4064 881 4134 significatur,
913 4069 1039 4138 quia
1063 4085 1225 4125 omne
1255 4076 1573 4131 mandatum
1611 4077 1926 4147 fructiﬁcat,
1957 4083 2103 4153 quod

522 4170 621 4223 per
680 4157 979 4224 spiritalem
1049 4166 1529 4222 conversationem
1578 4169 1811 4226 allii-itur
1844 4174 2103 4231 holocau-

523 4257 691 4300 stum.
724 4246 1018 4317 Propterea
1051 4263 1106 4307 et
1137 4269 1360 4309 manum
1396 4259 1448 4310 in
1474 4272 1641 4328 caput
1672 4262 1863 4318 hostiae
1896 4280 2101 4334 ponere

519 4354 647 4394 cum
708 4340 799 4408 qui
828 4340 1235 4413 oﬂ'eret,jubet,
1255 4355 1313 4400 nt
1343 4358 1506 4419 caput
1530 4352 1750 4421 quidem
1777 4354 1970 4411 hostia:
1997 4358 2099 4413 hoc

2216 3150 2394 3219 ipsum
2424 3150 2685 3219 templum
2719 3150 2830 3215 Dei,
2869 3161 2925 3204 et
2958 3150 3219 3219 templum
3243 3150 3520 3205 excelsum
3558 3148 3799 3206 aediﬁca-

2214 3242 2293 3297 vit
2320 3241 2630 3305 virtutibus,
2668 3242 2758 3296 hic
2793 3242 2934 3295 ﬁlius
2963 3242 3143 3297 Aaron
3180 3257 3306 3297 vere
3356 3241 3578 3306 dicitur,
3621 3241 3717 3296 sed
3745 3248 3802 3295 et

2212 3332 2482 3387 sacerdos.
2513 3333 2569 3386 Si
2598 3332 2744 3387 enim
2782 3334 2851 3387 ab
2882 3334 3141 3387 unctione
3171 3333 3429 3387 sacerdos
3458 3334 3799 3405 agnoscitur,

2112 3461 2119 3467 .
2211 3421 2398 3491 utique
2443 3425 2589 3476 uncti
2642 3432 2698 3478 et
2758 3438 2860 3478 nos
2890 3435 3110 3496 propter
3173 3425 3463 3495 mysticum
3530 3424 3797 3489 chrisma,

2209 3516 2356 3582 quod
2392 3514 2449 3568 in
2474 3515 2632 3570 nobis
2659 3523 2762 3579 est,
2795 3516 3049 3571 dicimur.
3080 3517 3222 3588 Ergo
3256 3526 3311 3572 et
3338 3534 3439 3573 nos
3483 3520 3797 3575 sacerdotes

2210 3621 2399 3662 sumus
2442 3609 2487 3662 si
2535 3609 2958 3663 custodiet-imus
3015 3609 3333 3680 dignitatem
3377 3611 3676 3675 unctionis,
3725 3611 3795 3666 de

2207 3714 2314 3766 qua
2351 3707 2407 3754 et
2423 3698 2659 3755 Joannes
2696 3700 2910 3755 dicebat
2937 3719 2948 3755 :
2979 3701 3045 3754 Et
3075 3718 3163 3756 vos
3198 3703 3497 3757 unctionem
3524 3702 3729 3776 habetis
3758 3719 3795 3756 α

2206 3801 2407 3856 sancto,
2431 3804 2477 3846 et
2509 3793 2654 3846 scitis
2688 3809 2864 3846 omnes
2890 3793 3095 3847 ".Sed
3138 3801 3194 3847 et
3232 3795 3428 3849 Petrus
3470 3810 3572 3850 nos
3614 3810 3796 3851 sacer-

2207 3882 2363 3938 dotes
2389 3885 2700 3954 appellavit.
2730 3884 2806 3938 ait
2826 3885 2972 3939 enim
3000 3903 3013 3937 :
3042 3884 3137 3939 Vos
3163 3898 3340 3940 autem
3364 3904 3529 3956 genus
3549 3887 3790 3951 electum,

2207 3969 2383 4038 regale
2427 3971 2799 4034 sacerdotium,
2829 3988 2953 4042 gens
2996 3983 3213 4034 sancta,
3240 3974 3463 4043 populus
3487 3976 3795 4046 acquisitio-

2206 4056 2287 4114 ‘nis
2306 4063 2370 4117 “.
2398 4062 2465 4116 Hi
2487 4063 2807 4132 sanguinem
2834 4063 3069 4119 fundunt
3113 4079 3210 4134 per
3235 4066 3423 4121 altaris
3457 4066 3746 4121 circuitum
3775 4106 3792 4129 ,

2203 4152 2345 4221 quod
2367 4163 2451 4208 est
2475 4163 2602 4208 ante
2647 4155 2849 4209 ostium
2906 4157 3266 4210 tabernaculi.
3304 4158 3405 4212 i'er
3466 4160 3793 4229 sanguinem

2203 4239 2440 4294 animam
2471 4239 2560 4295 hic
2589 4240 2813 4313 intelligi
2849 4243 3211 4298 dubitandum
3232 4260 3341 4299 non
3371 4255 3455 4301 est
3483 4263 3495 4299 :
3523 4262 3651 4301 cum
3677 4247 3795 4317 ipse

2205 4330 2481 4401 legislator
2518 4334 2679 4402 paulo
2708 4341 2831 4403 post
2867 4334 3012 4390 dicat
3039 4354 3051 4389 :
3076 4336 3406 4407 Sanguinem
3452 4354 3561 4393 non
3576 4322 3795 4394 ‘come-

520 4426 641 4483 loco
690 4429 905 4486 initium
953 4449 1064 4503 pra'
1085 4437 1223 4492 lictae
1265 4443 1698 4498 conversationis
1740 4445 2093 4518 intelligatur.
2131 4432 2177 4489 Ῐ)
2202 4421 2329 4477 ditis
2360 4423 2414 4518 i_“
2444 4422 2872 4518 habitationibus
2905 4426 3102 4482 “suis
3122 4467 3136 4489 ’
3168 4428 3295 4496 quia
3327 4429 3508 4482 anima
3537 4430 3793 4485 earnm“

519 4523 622 4585 Qui
657 4532 837 4586 autem
869 4527 1062 4582 oll‘eret
1102 4545 1243 4594 eam,
1288 4536 1403 4602 ipse
1433 4533 1537 4589 sibi
1595 4552 1756 4592 causa
1790 4539 2097 4610 huiusmodi

517 4619 899 4684 promissionis
915 4625 1269 4692 approbctur,
1296 4637 1483 4696 utpote
1506 4642 1702 4699 sponte
1732 4634 1799 4687 ad
1839 4635 1982 4690 hanc
2008 4652 2099 4690 ve.

517 4710 715 4763 niens:
748 4712 951 4768 donum
985 4718 1188 4786 quippe
1212 4720 1428 4783 oti'eret,
1464 4736 1629 4777 onme
1666 4733 1845 4779 autem
1889 4726 2096 4787 donum

517 4800 883 4857 voluntarium
914 4809 1173 4879 cst.Et-go
1197 4810 1240 4863 si
1273 4813 1696 4881 promissionem
1732 4834 1885 4873 suam
1914 4829 2098 4878 trans-

517 4908 734 4960 gressus
756 4894 936 4959 fuerit,
964 4902 1338 4970 sentetipsum,
1362 4920 1486 4959 eum
1503 4924 1689 4976 pmnas
1710 4909 1830 4974 luit,
1853 4926 2091 4971 accuset.

518 4981 608 5037 Sic
621 4993 799 5039 autem
817 4987 868 5041 ei
883 4992 1235 5058 acceptabilis
1264 4995 1461 5059 crit,ct
1488 4996 1554 5051 ad
1577 5000 1941 5066 expiationem
1971 5021 2095 5074 pro-

514 5075 722 5135 licirns.
760 5082 977 5147 quando
1009 5083 1383 5151 prasdieaverit
1410 5095 1467 5143 et
1503 5091 1871 5158 conﬁtebitur,
1901 5104 1957 5151 et
1995 5114 2094 5167 po-

512 5169 769 5225 sitionem
828 5189 1023 5229 manus
1069 5178 1504 5236 manifestaverlt
1538 5224 1553 5247 ,
1615 5185 1743 5255 quia
1792 5199 2096 5258 spontaneo

513 5276 685 5319 motu.
716 5276 896 5319 etnon
920 5271 1241 5328 necessitate
1256 5274 1592 5344 compulsus,
1613 5293 1716 5333 nec
1743 5289 1969 5338 exactus
1990 5281 2095 5339 hoc

512 5357 709 5412 olttulLt
738 5360 1085 5417 sacriﬁcium.

581 5469 742 5528 Vens.
960 5497 977 5529 ι
1012 5477 1420 5551 lmmolabitque
1468 5481 1693 5539 vitulum
1747 5501 1931 5542 coram
1985 5487 2091 5545 Do-

578 5647 766 5733 '1Ac_t..
801 5668 887 5733 sv.
925 5656 1006 5733 l0.
1068 5659 1289 5733 ”_Deut.
1314 5676 1446 5733 itva
1482 5661 1544 5725 4;
1580 5664 1742 5720 lCor.
1767 5684 1839 5733 tx,
1867 5670 1900 5723 9

519 5719 650 5779 11,9.
721 5722 764 5753 ³⁷
799 5724 988 5779 Matth.
1021 5743 1075 5793 x,
1110 5730 1196 5785 59.
1289 5732 1331 5762 ³⁸
1362 5719 1542 5787 ιίῖοιιξ
1570 5719 1660 5799 xxi,
1698 5719 1787 5792 αι’.

1412 5678 1446 5744 ε,
1482 5672 1544 5744 s;
1580 5672 1839 5744 [Cor._tx,
1867 5672 1919 5723 9.
1998 5673 2044 5705 ⁸³
2066 5672 2198 5728 ibid.

2196 4515 2459 4587 sanguine
2487 4525 2589 4570 est.
2631 4516 2862 4586 Oportet
2884 4533 3012 4590 ergo
3036 4536 3136 4574 nos
3167 4535 3276 4575 non
3317 4536 3545 4590 part-ere
3570 4522 3793 4589 animm,

2197 4607 2343 4661 unde
2369 4607 2626 4661 Dominus
2645 4608 2721 4662 ait
2753 4627 2766 4662 :
2800 4608 2902 4673 Qui
2927 4612 3212 4677 perdiderit
3234 4614 3471 4666 animant
3496 4631 3649 4667 suam
3673 4630 3795 4684 pro-

2196 4703 2310 4764 pter
2340 4712 2440 4758 me,
2486 4696 2710 4749 inveniet
2753 4714 2871 4750 eam
2904 4698 2969 4752 ³⁷.
3000 4698 3113 4753 Hoc
3154 4707 3239 4753 est
3285 4701 3608 4772 sanguinem
3658 4701 3794 4757 fun-

2195 4784 2345 4839 dere.
2370 4785 2573 4841 Fundit
2599 4796 2781 4842 autcm
2815 4790 2867 4842 in
2903 4789 3090 4844 altaris
3136 4790 3392 4858 circuitu,
3427 4792 3685 4848 videlicet
3731 4793 3794 4850 in

2200 4877 2461 4948 unigeniti
2501 4893 2697 4947 corpus
2731 4898 2743 4932 :
2788 4880 2892 4937 hoc
2929 4882 3075 4936 enim
3101 4897 3292 4939 revera
3345 4884 3515 4938 altare
3545 4885 3793 4952 dicitur;

2197 4982 2306 5036 quo
2360 4969 2521 5022 modo
2590 4969 2731 5024 sicut
2778 4956 2941 5025 omne
3012 4973 3339 5029 sacriﬁcium
3400 4990 3565 5046 super
3614 4975 3800 5031 altare

2195 5073 2227 5112 a
2278 5058 2651 5115 sacerdotibus
2700 5063 3139 5120 ministrantibus
3199 5066 3445 5136 ponitur,
3516 5067 3596 5122 sic
3665 5083 3797 5122 om-

2198 5165 2323 5204 nem
2367 5152 2564 5208 animze
2622 5154 2878 5211 virtutem
2922 5158 2976 5211 in
3048 5173 3276 5227 corpore
3323 5159 3560 5225 Domini,
3596 5160 3649 5214 id
3678 5171 3793 5224 est,

2196 5242 2263 5295 ad
2286 5242 2405 5311 ejus
2447 5245 2802 5301 imitationem
2834 5250 3148 5305 sacerdotes
3193 5262 3517 5320 operantur.
3551 5251 3667 5306 Hoc
3706 5253 3794 5307 ai~

2196 5340 2309 5385 tare
2334 5332 2541 5404 Moyses
2566 5336 2898 5407 signiﬁcans,
2935 5339 3191 5396 dicebat:
3228 5341 3412 5395 Altare
3446 5344 3509 5396 de
3536 5352 3678 5396 terra
3704 5347 3795 5414 [a-

2195 5426 2340 5480 cietis
2367 5427 2494 5480 mihi
2532 5429 2598 5483 ³⁸.
2626 5429 2699 5484 De
2734 5440 2916 5485 nostra
2937 5433 3083 5487 enim
3112 5441 3276 5495 terra,
3304 5433 3355 5488 id
3378 5441 3480 5495 est.
3522 5450 3791 5506 consper—

2196 5518 2349 5575 sioue
2389 5520 2505 5576 sive
2545 5537 2744 5587 massa,
2787 5539 2986 5594 corpus
3025 5522 3367 5581 Dominicum
3425 5525 3629 5581 factum
3681 5539 3791 5584 est.

2278 5676 2321 5707 “
2351 5676 2506 5731 .Ioan.
2542 5695 2622 5743 ιιι,
2659 5679 2748 5745 20,
2771 5680 2860 5735 Ἦ.
2936 5684 2980 5714 ’⁵
3010 5681 3026 5735 l
3060 5681 3218 5738 Joan.
3253 5699 3314 5745 ιι,
3342 5683 3429 5738 ΞΟ.
3510 5684 3558 5717 ³⁸
3588 5684 3606 5740 l
3635 5683 3788 5743 Petr.
