4044 6224
344 236 450 304 797

1520 237 1600 299 1N
1641 198 2078 298 Lnrtrtcuu.
2115 258 2184 269 —
2215 235 2364 295 LIB.
2398 234 2448 293 1.

2145 106 2198 118 in.

3494 233 3599 297 798

348 357 415 412 Et
435 370 629 411 rursus
649 353 763 424 ipse
787 372 801 406 :
823 351 971 419 Quod
1003 357 1048 408 si
1073 352 1242 407 altare
1273 353 1537 422 lapideum
1558 351 1740 422 feceris
1770 347 1916 410 milii,
1950 353 1992 402 Λ
2022 358 2160 407 rum,
2192 343 2331 413 quod
2357 343 2583 414 fructum
2607 358 2762 396 suum
2789 343 2932 397 dabit
2950 343 3005 397 in
3029 354 3260 413 tempore
3282 361 3379 399 suo
3408 343 3472 399 ³⁸.
3491 344 3601 400 Sed

344 463 449 502 non
476 444 758 513 atdiﬁca’bis
788 444 920 498 illud
951 446 1015 498 de
1040 444 1191 497 sectis
1213 443 1474 512 lapidibus
1494 457 1512 494 :
1545 443 1588 494 si
1614 442 1749 493 enim
1774 439 1918 492 leva-

342 538 479 593 veris
526 538 752 590 cultrum
814 545 962 589 tuum
1007 551 1162 603 super
1214 552 1292 596 eo,
1334 533 1598 602 polluetur
1625 531 1692 586 ’⁸.
1735 530 1920 598 Neque

343 626 491 681 enim
534 635 716 691 secta,
760 641 938 695 neque
983 625 1162 679 dolata
1220 623 1289 677 ab
1338 622 1577 676 hominis
1617 636 1780 675 manu
1837 628 1922 674 est

342 717 548 772 Christi
580 732 727 778 caro,
765 720 828 771 de
857 732 963 785 qua
1012 715 1198 770 Daniel
1241 714 1487 769 dicebat:
1520 713 1787 767 Abscissns
1843 720 1920 765 est

347 810 484 878 lapis
509 811 573 863 de
603 818 776 861 monte
791 809 905 861 sine
937 808 1176 861 manibus
1201 806 1271 869 '°,
1310 806 1435 875 quia
1467 806 1587 859 sine
1635 804 1921 874 complexu

346 903 446 956 viri
473 910 525 955 ct
558 901 803 955 mulieris
822 908 1118 968 conceptus
1146 900 1266 968 ejus
1295 898 1561 967 processit
1608 907 1663 950 et
1710 906 1918 966 partus.

349 993 494 1046 liene
513 1004 694 1047 autem
718 991 964 1046 addidit:
1001 992 1067 1046 Et
1089 992 1227 1062 quod
1263 999 1339 1044 est
1360 997 1483 1043 ante
1526 990 1713 1042 ostium
1745 987 1921 1041 taber-

276 1076 281 1081 ’
349 1084 525 1138 uaculi
554 1084 850 1139 testimonii
878 1085 934 1138 in
966 1084 1217 1147 circuitu,
1243 1090 1304 1137 ut
1334 1081 1391 1135 in
1419 1080 1674 1136 omnibus
1701 1081 1919 1148 quidem

348 1191 473 1229 eum
495 1176 788 1230 imitemur.
816 1175 959 1230 Ante
993 1174 1193 1230 ostium
1239 1180 1421 1227 autem
1462 1170 1815 1233 tabernaculi,
1863 1178 1924 1223 ut

349 1267 572 1330 ostium,
603 1265 907 1320 doctrinam
954 1264 1331 1333 apostolorum
1388 1263 1770 1332 intelligamus.
1820 1261 1924 1315 Per

351 1355 520 1424 ipsam
548 1355 691 1410 enim
718 1356 880 1410 nobis
918 1355 976 1409 lit
998 1356 1252 1410 introitus
1290 1355 1344 1408 in
1392 1355 1611 1409 caeleste
1667 1353 1921 1407 taberna-

348 1446 551 1507 culum,
581 1445 634 1499 in
674 1461 782 1514 quo
827 1445 1071 1500 habitare
1099 1444 1266 1499 Deum
1322 1444 1601 1514 Scriptum
1651 1450 1921 1497 testatur:

349 1536 493 1603 quod
512 1534 826 1591 manifestat
855 1532 1041 1598 lsaias,
1073 1534 1259 1590 dicens
1288 1551 1302 1587 :
1337 1532 1546 1603 Respice
1599 1535 1663 1587 de
1689 1532 1835 1598 ctelo,
1874 1541 1923 1584 et

349 1626 466 1679 vide
521 1627 585 1681 de
630 1637 783 1682 domo
822 1637 1010 1682 sancta
1065 1627 1246 1697 glarite
1289 1636 1391 1680 tua:
1422 1627 1486 1681 ³⁸.
1534 1624 1691 1691 Quod
1741 1633 1921 1679 autem

350 1715 549 1770 ostium
577 1717 944 1786 apostolorum
985 1716 1234 1771 doctrina
1261 1725 1364 1780 est,
1396 1716 1736 1786 apertissime
1782 1715 1920 1769 Pau—

351 1807 438 1862 lus
466 1808 723 1870 ostendit,
753 1808 976 1863 uicens:
1010 1806 1214 1862 Ostium
1256 1808 1394 1860 enim
1423 1823 1661 1875 apertum
1691 1816 1765 1861 est
1813 1823 1924 1860 ma-

350 1914 512 1970 gnum
555 1907 603 1952 et
642 1898 872 1961 euidens,
895 1906 944 1951 et
976 1898 1269 1952 adversarii
1307 1898 1461 1951 multi
1490 1901 1556 1963 ³¹,
1592 1900 1788 1954 ostium
1825 1899 1923 1953 do-

350 1988 581 2043 ctrinam
629 2003 751 2058 quae
799 1987 951 2042 ducit
999 1987 1068 2042 ad
1120 1986 1401 2042 scientiam
1437 1987 1554 2050 Dei.
1580 1989 1788 2053 dicens,
1837 1991 1921 2044 cui

350 2077 667 2131 omnimodo
694 2077 784 2145 qui
811 2077 1022 2130 diversa
1047 2076 1244 2130 docent
1272 2076 1513 2131 obviant.
1559 2076 1704 2130 Nihil
1743 2087 1922 2130 autem

350 2167 550 2221 mirum
576 2175 659 2220 est
683 2168 750 2229 si,
783 2182 904 2221 cum
958 2165 1217 2220 Dominus
1246 2165 1449 2221 ostium
1487 2166 1556 2221 sit
1600 2166 1922 2236 appellatus,

351 2258 609 2312 similiter
641 2258 962 2327 appelletur,
996 2272 1159 2327 quam
1196 2258 1316 2326 ipse
1340 2256 1673 2325 impertitur,
1705 2267 1924 2328 aposto-

351 2347 528 2402 lorum
556 2349 822 2403 doctrina.
850 2346 941 2402 Sic
970 2348 1283 2402 sacerdotes
1334 2346 1647 2401 ministrare
1688 2358 1919 2418 oportet.

352 2435 706 2507 Detractaque
742 2436 875 2506 pelle
902 2437 1105 2500 hostire,
1138 2446 1285 2490 artus
1318 2438 1373 2489 in
1411 2438 1578 2507 frusta
1632 2439 1920 2503 concidere,

348 2538 402 2581 et
421 2526 613 2598 pellem
629 2527 845 2598 quidem
867 2527 1169 2592 detrahere,
1192 2535 1252 2580 ut
1267 2526 1488 2591 divitiis,
1506 2526 1733 2597 aliisque
1745 2529 1892 2585 omni
1915 2558 1941 2568 -η

347 2615 452 2673 bus
499 2619 847 2693 secularibus
889 2617 1086 2686 quibus
1137 2616 1602 2688 circumtegimur,
1654 2619 1922 2687 exspolie-

350 2724 494 2764 mur.
524 2708 749 2780 Propter
767 2709 912 2779 quod
941 2710 1008 2764 de
1035 2707 1137 2762 Joh
1166 2708 1415 2762 diabolus
1434 2708 1647 2764 dicebat
1680 2728 1694 2764 :
1724 2709 1921 2765 Pellem

349 2816 446 2871 pro
477 2799 627 2866 pelle,
654 2809 703 2853 et
729 2801 905 2854 omnia
928 2816 1248 2870 qua’cunque
1273 2799 1425 2853 habet
1455 2804 1627 2863 homo,
1655 2800 1797 2853 dabit
1828 2816 1924 2870 pro

346 2893 532 2951 ultima
550 2907 644 2945 sua
678 2890 743 2944 ³³.
772 2890 1070 2945 Concidere
1098 2900 1299 2956 autent,
1333 2901 1391 2946 ut
1438 2906 1535 2963 per
1574 2902 1755 2961 partes
1800 2909 1925 2961 par-

2020 444 2066 488 et
2095 433 2453 495 exsultabant,
2521 433 2719 502 inquit,
2787 436 2969 488 omnia
2994 435 3137 507 ligna
3170 436 3423 490 silvarum
3451 453 3482 489 a
3510 438 3598 506 [a-

2021 530 2098 583 cie
2129 528 2356 592 Domini,
2403 530 2651 598 quoniam
2668 531 2804 584 venit
2832 532 2896 583 ³⁹.
2939 532 3193 586 Gaudent
3220 533 3370 587 enim
3398 533 3451 587 hi
3503 533 3596 602 qui

2020 618 2230 672 divinas
2256 617 2569 688 beriptnras
2599 620 2951 683 meditantur,
2970 622 3191 689 quando
3215 637 3339 677 eum
3358 608 3595 688 venisse,

2019 710 2109 779 qui
2134 709 2188 762 in
2218 709 2297 764 eis
2318 717 2373 763 et
2400 725 2498 778 per
2523 725 2617 763 eos
2648 712 3002 779 prophetatus
3058 721 3161 776 est,
3202 719 3593 780 COguoverunt.

2021 801 2119 854 llis
2140 800 2301 870 jussit
2325 800 2533 869 imponi
2575 801 2921 855 concisiones
2938 803 3329 865 membrorum,
3361 812 3523 871 caput
3542 810 3596 855 et

2022 901 2217 945 cuncta
2239 906 2359 960 quae
2389 891 2878 961 adhaarentjecori.
2916 891 3035 952 Vel,
3074 894 3215 946 sicut
3237 892 3398 953 LXX,
3430 901 3599 963 caput

2021 991 2079 1036 et
2100 983 2314 1050 adipes.
2346 982 2459 1036 Nos
2532 997 2660 1035 vero
2706 998 2802 1051 per
2853 982 3193 1037 COIIClSlOIleS
3244 984 3479 1036 animam
3542 992 3599 1037 et

2021 1084 2219 1138 corpus
2240 1069 2590 1139 intelligimus
2614 1087 2630 1135 ;
2657 1086 2780 1124 cum
2812 1071 2956 1124 enim
2990 1071 3150 1125 unius
3185 1072 3297 1127 sint
3321 1073 3592 1137 animalis,

2022 1161 2320 1215 secundum
2339 1160 2685 1229 operationes
2716 1162 3030 1229 passionum
3084 1162 3318 1216 invicem
3370 1162 3598 1227 sibiad-

2023 1260 2313 1305 versantur
2345 1266 2359 1315 ;
2387 1249 2522 1303 dicit
2560 1249 2707 1303 enim
2749 1250 3045 1320 Apostolus
3074 1268 3086 1303 :
3117 1250 3253 1304 Caro
3285 1250 3597 1318 concupiscit
3691 1271 3694 1275 λ

2023 1342 2270 1394 adversus
2306 1340 2571 1409 spiritum,
2633 1342 2852 1411 spiritus
2903 1342 3154 1393 adversus
3200 1356 3432 1393 carnem.
3475 1343 3601 1393 Hcce

2024 1433 2158 1485 enim
2182 1432 2397 1485 invicem
2415 1431 2513 1485 sibi
2543 1432 2891 1485 adversantur
2912 1432 2978 1485 ‘°.
3008 1432 3301 1501 Propterea
3326 1431 3598 1503 Abraham

2024 1538 2147 1578 cum
2181 1524 2403 1578 oll'erret
2434 1523 2762 1578 sacriﬁcium
2821 1523 2954 1588 Deo,
2988 1524 3240 1578 dividrns
3269 1540 3510 1588 vaccam,
3546 1531 3601 1578 ct

2026 1630 2265 1684 capram,
2295 1622 2351 1669 et
2377 1614 2625 1679 arietem,
2653 1615 2954 1669 divisiones
3016 1625 3209 1670 contra
3241 1632 3299 1670 se
3346 1615 3601 1670 altrinse-
3636 1665 3640 1670 .

2026 1722 2124 1761 cus
2154 1706 2352 1772 posuit.
2378 1706 2569 1784 .Caput
2606 1713 2789 1760 autem
2822 1708 3003 1761 omnis
3031 1708 3314 1762 rationalis
3342 1707 3600 1761 animalis

2024 1814 2182 1853 mens
2215 1798 2436 1864 dicitur,
2460 1805 2681 1866 propter
2702 1798 2847 1867 quod
2903 1797 3069 1853 Isaias
3094 1799 3229 1852 dixit
3257 1817 3269 1852 :
3312 1802 3476 1853 Omne
3505 1814 3599 1853 ca-

2025 1898 2119 1959 put
2141 1889 2480 1959 languidum,
2508 1899 2556 1942 et
2590 1904 2742 1942 omne
2774 1904 2864 1941 cor
2914 1905 3153 1954 mcerens,
3180 1907 3211 1943 a
3244 1889 3428 1959 planta
3453 1889 3601 1960 pedis

2027 1995 2186 2048 usque
2219 1981 2288 2032 ad
2317 1980 2560 2032 verticem
2583 1995 2683 2032 non
2710 1989 2784 2033 est
2824 1981 2881 2032 in
2932 1996 2991 2033 eo
3019 1981 3224 2034 sanitas
3252 1982 3320 2035 “.
3349 1980 3599 2051 Compati

2025 2073 2169 2124 enim
2198 2069 2299 2124 sibi
2331 2069 2494 2123 nimis
2525 2070 2641 2124 haec
2685 2070 2920 2124 invicem
2954 2072 3234 2140 dicuntur,
3257 2084 3313 2128 et
3336 2073 3602 2128 rationale

2024 2169 2293 2226 nostrum,
2326 2170 2515 2230 utpote
2542 2160 2597 2215 in
2628 2170 2858 2233 utroque
2890 2164 3162 2228 habitans,
3200 2165 3484 2236 utriusque
3515 2165 3602 2221 lo-

2026 2269 2185 2314 vetur
2220 2260 2415 2315 salute.
2439 2257 2497 2313 In
2522 2269 2749 2328 utroque
2773 2266 2952 2312 autem
2975 2258 3202 2321 habitat,
3230 2256 3286 2311 in
3304 2258 3466 2312 corde
3492 2257 3602 2311 sci-

2026 2349 2153 2404 licet
2171 2361 2221 2405 et
2247 2352 2300 2404 in
2323 2351 2569 2413 cerebro,
2596 2351 2719 2420 quia
2738 2366 2845 2403 non
2867 2359 3081 2419 oportet
3096 2357 3337 2403 mentem
3363 2349 3601 2407 sobriam

2022 2441 2227 2505 dividi,
2256 2443 2350 2496 sed
2382 2443 2554 2511 ipsum
2579 2461 2609 2495 a
2641 2458 2773 2511 pace
2804 2443 2899 2497 Dei
2939 2440 3270 2497 custoditum
3295 2480 3312 2505 ,
3346 2438 3491 2495 sicut
3526 2442 3604 2495 ait

2024 2532 2315 2600 Apostolus
2335 2548 2349 2584 :
2374 2531 2437 2583 Et
2451 2547 2560 2601 pax
2574 2531 2690 2597 Dei,
2711 2547 2827 2602 qua:
2847 2537 3128 2598 exsuperat
3145 2544 3349 2581 onmem
3370 2544 3599 2591 sensum,

2023 2622 2282 2677 custodiat
2299 2624 2455 2676 corda
2477 2632 2666 2686 vestra,
2686 2632 2735 2675 et
2757 2619 3128 2689 intelligentias
3151 2627 3348 2672 vestras
3364 2616 3433 2681 δ’,
3457 2617 3607 2670 tolli-

2023 2728 2150 2783 gere
2163 2712 2442 2781 oportetin
2458 2727 2627 2765 unum
2646 2713 2890 2781 corporis
2907 2721 2961 2764 ct
2974 2709 3167 2763 animte
3188 2707 3606 2779 titotum.Adeps

2022 2811 2204 2856 autem
2225 2821 2255 2855 a
2277 2802 2636 2857 divisionibus
2660 2818 2770 2856 nou
2801 2801 2920 2857 sine
2944 2815 3109 2855 causa
3137 2807 3445 2868 separatur,
3476 2812 3602 2851 cum

2033 2895 2302 2951 atstimar‘i
2319 2905 2559 2965 oportet,
2585 2895 2734 2965 quia,
2760 2901 2948 2963 utpote
2980 2892 3072 2962 qui
3106 2893 3158 2945 in
3192 2891 3325 2960 ipsis
3351 2898 3455 2953 est,
3483 2905 3603 2942 cum

353 2993 541 3054 tesque
567 2991 753 3037 nostra
780 2984 1119 3039 conversatio
1155 2985 1503 3053 approhetur,
1533 2986 1661 3054 quia
1683 2995 1736 3039 et
1771 2986 1920 3040 Chri-
1951 3012 1994 3068 ε
2030 2987 2159 3057 ipsis
2187 2987 2409 3041 deberet
2438 2986 2620 3040 oll‘ert'i
2646 3003 2660 3050 ;
2692 2985 2785 3039 sed
2818 2984 2943 3053 quia
2978 2981 3337 3053 pinguiSsima
3368 2995 3493 3050 pars
3549 2986 3606 3032 et

351 3085 493 3141 stus,
520 3075 662 3129 sicut
685 3075 758 3129 ait
787 3074 1003 3139 Paulus,
1028 3075 1309 3129 secundant
1331 3077 1685 3144 operationem
1711 3078 1764 3129 in
1784 3094 1923 3131 men-

350 3184 535 3221 suram
584 3167 991 3236 uniuscujusque
1031 3168 1247 3220 membri
1311 3179 1652 3238 augmentum
1690 3170 1924 3238 corporis

350 3260 480 3328 facit
509 3259 565 3310 in
586 3259 983 3327 (atii/irationem
1026 3259 1109 3311 sui
1137 3259 1189 3311 in
1233 3259 1570 3315 charitate“.
1611 3260 1763 3315 Tunc
1799 3277 1928 3331 ergo

339 3332 452 3408 .tilii
481 3349 658 3402 Aaron
682 3348 979 3401 sacerdotis
1012 3346 1122 3419 (qui
1151 3356 1334 3402 autem
1368 3347 1424 3402 hi
1453 3351 1565 3403 sint
1595 3365 1758 3420 supra
1788 3350 1929 3404 dixi-

352 3441 506 3509 mus)
529 3439 802 3505 subjicieut
837 3438 1000 3493 altari
1023 3441 1211 3510 ignem.
1249 3439 1445 3510 Utpote
1469 3442 1925 3498 ministrationem

351 3530 580 3600 spiritus
608 3530 922 3599 plenissime
947 3530 1192 3585 valentes
1209 3534 1530 3587 accendere.
1567 3533 1633 3588 Et
1654 3536 1928 3603 quomodo

353 3606 676 3675 habebimus
696 3621 872 3692 ignem
898 3621 990 3691 qui
1011 3622 1234 3676 minime
1261 3623 1671 3693 exstinguatur?
1711 3624 1924 3679 Struem

351 3710 620 3782 lignorum
644 3721 1053 3780 componentes,
1085 3712 1293 3767 scilicet
1339 3724 1648 3769 sant-tarum
1680 3714 1926 3785 Scriptu-

352 3817 539 3857 rarum
560 3804 939 3879 meditationes
971 3814 1153 3874 atque
1205 3805 1482 3869 doctrinas
1503 3824 1517 3865 :
1541 3808 1752 3877 ρει-λης
1781 3809 1927 3863 enim

354 3897 842 3967 nutriturspiritus
901 3896 1012 3961 Dei,
1066 3904 1123 3952 et
1169 3898 1426 3952 continue
1480 3901 1815 3967 accenditur,
1871 3913 1925 3956 ut

355 3988 668 4044 turbinibus
701 3990 1050 4044 adversarum
1106 3998 1435 4057 potestatum
1505 3992 1772 4062 exstingui
1816 4008 1928 4046 non

353 4079 558 4152 possit;
590 4088 809 4150 propter
838 4079 983 4149 quod
1015 4087 1070 4133 et
1100 4077 1299 4134 Paulus
1349 4080 1566 4136 diccbat
1599 4098 1612 4134 :
1667 4080 1927 4151 Spiritum

354 4177 518 4241 nolite
540 4179 886 4247 exstinguere,
914 4175 1213 4245 prophetias
1256 4176 1415 4229 nolite
1447 4192 1689 4244 spernere
1714 4177 1780 4231 ³⁸.
1818 4178 1927 4233 Nec

354 4270 662 4324 mirandum
713 4279 816 4332 est,
868 4267 914 4322 si
967 4266 1108 4338 ligna
1152 4277 1465 4321 sanctarum
1519 4266 1924 4338 Scripturarum

2030 3079 2193 3133 nimis
2215 3079 2452 3132 crassior
2480 3079 2661 3131 otnuis
2692 3077 2945 3131 atttlnulis
2977 3074 3146 3136 adeps
3188 3088 3314 3126 esse
3376 3068 3602 3132 dicitur,

2028 3187 2096 3224 e1
2123 3170 2241 3239 ipso
2271 3179 2455 3224 autem
2500 3168 2657 3222 nobis
2684 3166 3078 3222 desideriorum
3111 3170 3411 3232 exsurgunt
3441 3168 3605 3228 atque

2027 3271 2440 3317 commoventur
2470 3261 2747 3328 appetitus
2768 3299 2783 3322 ,
2858 3257 3002 3327 quod
3047 3255 3398 3310 mattilcstutn
3433 3263 3511 3306 est
3539 3267 3604 3304 rx

2028 3370 2095 3409 eo
2145 3354 2289 3424 quod
2320 3354 2627 3422 superjacet
2655 3351 2879 3405 renibus
2935 3360 2992 3405 et
3015 3346 3349 3420 inguinibus,
3379 3362 3498 3415 qua:
3518 3360 3608 3399 or-

2028 3460 2165 3516 gana
2212 3460 2310 3499 seu
2354 3445 2718 3497 instrumenta
2776 3456 2899 3495 esse
2951 3442 3220 3494 seminum
3269 3436 3607 3492 commistio—

2029 3548 2267 3603 uumque
2290 3542 2568 3602 putamur,
2584 3531 2786 3586 auferri
2813 3532 2959 3585 hunc
2983 3546 3014 3583 a
3036 3530 3145 3584 divi
3164 3529 3397 3583 donibus
3418 3527 3605 3595 jussit,

2030 3641 2131 3682 nec
2154 3626 2298 3680 enim
2327 3626 2487 3679 aliter
2517 3633 2733 3695 poterat
2785 3624 2960 3677 solum
3016 3619 3221 3676 olierri.
3268 3617 3483 3672 Aul‘erri
3512 3633 3610 3670 au-

2032 3728 2162 3783 tent,
2199 3726 2261 3772 ut
2291 3718 2567 3772 discamus
2590 3715 2877 3771 desideriis
2904 3730 3014 3769 non
3051 3711 3405 3781 corporaliter
3430 3724 3609 3777 neque

2029 3808 2332 3863 animalitcr
2358 3808 2459 3871 uti,
2489 3811 2585 3862 sed
2620 3806 2959 3875 spiritaliter,
2989 3814 3049 3858 ut
3074 3804 3185 3857 sola
3217 3801 3485 3872 spiritalia
3509 3802 3608 3855 de-

2029 3898 2354 3959 sideremus,
2381 3907 2436 3951 et
2460 3914 2679 3953 omnem
2703 3898 3006 3967 appetitum
3039 3897 3095 3950 in
3124 3895 3204 3949 eis
3237 3904 3479 3962 etusque
3542 3895 3607 3947 ad

2027 4009 2091 4050 ea
2141 3994 2517 4054 extendamus.
2569 4010 2640 4063 qu
2667 4010 2697 4047 a
2733 4002 2788 4048 et
2821 3992 3074 4045 animalis
3120 3996 3273 4043 homo
3335 4006 3439 4042 non
3485 4006 3609 4059 per-

2031 4088 2165 4157 cipit
2216 4104 2276 4142 ea
2324 4104 2441 4158 qua:
2478 4096 2597 4141 sunt
2617 4087 2854 4156 spiritus,
2900 4084 3126 4139 stultitia
3161 4092 3234 4136 est
3264 4082 3404 4135 enim
3431 4080 3510 4134 illi
3541 4082 3608 4134 ⁵³.

2027 4180 2168 4251 Ergo
2191 4180 2482 4234 animalem
2508 4180 2690 4234 dicere
2723 4178 2922 4232 Paulus
2945 4177 3165 4231 videtur
3207 4191 3332 4230 eum
3385 4174 3480 4244 qui
3500 4188 3605 4228 non

2030 4273 2259 4328 multum
2289 4271 2357 4327 de
2380 4271 2693 4326 carnalibus
2716 4271 2920 4339 cogitat
2968 4268 3046 4341 (et
3077 4268 3198 4324 ideo
3228 4267 3461 4321 carnalis
3500 4280 3610 4320 non

352 4357 630 4414 doctrinas
661 4356 967 4421 docuimus,
1004 4372 1126 4410 cum
1156 4356 1448 4426 legerimus
1499 4357 1553 4411 in
1571 4358 1811 4426 Epistola
1859 4359 1926 4415 ad
1963 4359 2002 4411 D
2031 4374 2114 4419 est
2134 4364 2482 4434 appellatus),
2507 4363 2602 4419 sed
2633 4362 2877 4416 animum
2907 4377 3035 4431 erga
3080 4374 3220 4414 vana
3251 4357 3519 4413 desideria
3555 4363 3613 4411 et

352 4447 668 4504 Corinthios
703 4466 715 4501 :
749 4445 939 4518 Ligna,
970 4448 1169 4517 fenum,
1215 4446 1438 4517 stipulas
1464 4448 1526 4511 ’⁸,
1558 4449 1726 4503 malas
1757 4450 1930 4504 actio-

355 4557 457 4602 nes
501 4542 587 4596 vel
637 4542 912 4597 doctrinas
946 4526 1296 4610 signiﬁcatas.
1360 4540 1466 4595 Sed
1502 4540 1768 4612 lignorum
1827 4543 1933 4596 alia

354 4633 576 4704 quidem
607 4622 1059 4698 suntl'ructuosa,
1115 4649 1242 4687 nam
1289 4630 1557 4685 Jeremias
1608 4631 1685 4693 de,
1708 4646 1776 4685 eo
1838 4633 1930 4701 qui

354 4722 582 4779 conlidit
615 4722 670 4776 in
705 4722 814 4777 Deo
845 4722 1016 4779 dixit:
1046 4722 1113 4776 Et
1177 4723 1276 4775 erit
1325 4721 1477 4792 quasi
1528 4721 1726 4791 lignum
1793 4726 1932 4794 quod

317 4812 324 4820 ’
357 4815 780 4884 transplantatur
807 4832 963 4885 super
988 4832 1175 4886 aquas,
1209 4820 1346 4886 quod
1385 4816 1456 4868 ad
1478 4815 1748 4869 humorem
1770 4817 1932 4870 mittit

308 4887 323 4901 ⁴
356 4908 564 4969 radices
593 4924 717 4961 suas
742 4909 806 4962 ³⁷.
843 4907 999 4974 Quod
1037 4918 1218 4962 autem
1283 4924 1383 4978 per
1436 4907 1581 4980 ligna
1627 4907 1931 4974 fructifera,

357 5010 507 5059 recte
530 4999 808 5055 meditatio
832 5015 1108 5054 sacrarum
1139 4999 1541 5069 Scripturarum
1575 5000 1932 5071 intelligatur,

354 5099 545 5160 aperte
578 5089 735 5145 nobis
757 5090 923 5146 David
945 5089 1282 5144 demonstrat
1325 5091 1424 5145 :de
1455 5107 1519 5145 eo
1548 5092 1712 5154 enim,
1749 5092 1838 5161 qui
1878 5094 1941 5146 in.

357 5181 470 5247 lege
499 5180 707 5234 Domini
738 5182 1024 5235 meditatur
1057 5181 1142 5233 die
1173 5197 1236 5233 ac
1262 5191 1407 5234 nocte
1437 5181 1502 5246 ³⁸,
1531 5182 1671 5245 Erit,
1698 5184 1794 5247 ait,
1827 5184 1935 5238 sic-

358 5282 418 5326 ut
443 5272 642 5343 lignum
678 5271 814 5343 quod
840 5269 1142 5341 plantatum
1177 5280 1251 5324 est
1290 5288 1436 5326 secus
1488 5273 1734 5328 decursus
1764 5292 1938 5346 aqua-

456 5501 500 5533 »
527 5500 686 5567 tbid.,
720 5500 809 5555 es.

360 5571 409 5606 ⁸⁸
437 5572 453 5624 l
478 5570 667 5626 Thess.
702 5588 753 5636 v,
799 5570 881 5625 19.

364 5641 523 5712 v,17.
553 5723 556 5727 λ
585 5640 641 5728 ξ’
668 5641 771 5698 lsa.
796 5656 837 5709 ι,
865 5640 918 5696 6.

887 5500 932 5533 ³⁸
965 5497 1099 5555 Dan.
1158 5518 1223 5566 lt,
1263 5504 1352 5557 3t.

959 5572 1007 5604 ⁸⁸
1041 5572 1211 5627 lCor.
1254 5589 1335 5635 tu,
1368 5574 1442 5628 l2.

1037 5646 1080 5681 δ’
1116 5641 1229 5696 l’hzl
1256 5661 1344 5713 pp.
1375 5661 1446 5710 tv,
1498 5644 1550 5702 7.

1446 5503 1488 5534 ⁸⁸
1527 5503 1631 5566 lsa,
1685 5518 1839 5570 Lxm,
1897 5504 1985 5559 15.

1524 5575 1566 5606 ³⁷
1594 5574 1797 5630 Ιντειη.
1838 5590 1967 5641 xvu,
2034 5576 2087 5631 8.

2031 4456 2363 4527 quaastiones
2392 4465 2640 4525 occupat.
2677 4454 2829 4509 verbi
2864 4453 3058 4524 gratia,
3096 4453 3150 4505 in
3179 4449 3449 4505 mensuris
3464 4447 3611 4511 οωιίσ

2035 4559 2091 4605 et
2130 4557 2402 4603 astrorum
2451 4547 2724 4610 numeris,
2781 4552 2837 4600 et
2887 4543 3087 4597 similia
3143 4540 3609 4611 philosophantes,

2032 4641 2126 4711 qui
2156 4640 2459 4695 forinsecus
2486 4653 2741 4710 magnum
2790 4637 3046 4691 videntur
3081 4650 3207 4704 erga
3229 4633 3465 4686 animam
3498 4639 3614 4684 stu-

2034 4731 2532 4801 diumimpendere.
2564 4731 2789 4799 l’ropter
2819 4726 2964 4798 quod
2990 4733 3045 4781 et
3073 4741 3262 4780 eorum
3288 4722 3615 4792 sapientiam

2033 4824 2346 4887 animalem,
2387 4822 2732 4885 diabolicam,
2791 4828 3085 4881 terrenam,
3139 4832 3251 4873 non
3319 4824 3501 4868 autem
3546 4810 3616 4864 de

2035 4913 2411 4982 superioribus
2439 4910 2883 4973 descendentem,
2942 4922 3010 4961 ex
3049 4907 3252 4976 quibus
3311 4901 3607 4959 descendit

2036 5006 2281 5074 spiritus,
2311 5005 2547 5059 lacubus
2575 5001 2886 5072 appellavit,
2929 4999 3131 5070 quibus
3168 4996 3395 5052 stultitia
3421 5004 3507 5049 est
3549 5008 3613 5046 ea

2022 5111 2158 5164 qua:
2178 5103 2307 5149 sunt
2325 5094 2583 5162 spiritus;
2617 5107 2726 5146 non
2754 5091 2903 5145 enim
2932 5106 2998 5144 ea
3036 5096 3266 5159 possunt
3291 5084 3613 5154 intelligere,

2040 5187 2167 5257 quia
2195 5185 2512 5255 spiritaliter
2538 5201 2648 5239 non
2678 5185 3013 5238 examinant.
3041 5178 3183 5250 Ergo
3213 5176 3612 5247 intelligibilem

2048 5276 2290 5346 adipem.
2325 5276 2380 5332 id
2402 5288 2508 5342 est,
2549 5291 2714 5331 omne
2743 5283 2993 5330 nostrum
3015 5270 3291 5327 dcsideriu
3315 5288 3367 5333 ιι,
3388 5283 3492 5321 seu
3514 5282 3616 5334 ap-

2078 5504 2125 5537 "
2155 5504 2175 5559 1
2201 5500 2326 5559 Cor.
2378 5521 2492 5567 xw,
2544 5504 2598 5559 9.

2180 5575 2223 5606 ³³
2260 5575 2400 5629 Psal.
2436 5592 2476 5642 ι,
2507 5577 2562 5637 2,
2591 5575 2644 5628 5.

2703 5500 2748 5534 ³³
2792 5501 2891 5555 Job
2922 5514 2981 5563 Il,
3003 5499 3055 5552 4.

2738 5572 2781 5605 ⁸³
2813 5570 2957 5626 l'sal.
3012 5583 3131 5634 xcv,
3187 5568 3272 5622 1‘2.

3144 5496 3191 5528 ”
3219 5495 3420 5566 Ephes.
3455 5508 3526 5555 tv,
3557 5494 3610 5552 7.

3187 5568 3272 5621 1‘2.
3368 5566 3410 5597 ³ο
3434 5564 3610 5621 Galat.

1646 5645 1743 5699 "l
1803 5643 1929 5701 Cor.
1994 5645 2181 5711 11,1ί.
