4044 6224
487 269 596 336 799

1679 265 2044 328 HESYCHII
2092 266 2568 329 PRESBYTERI

2815 209 2975 229 δςσδθκι*
2988 210 2989 213 “
2998 216 3001 219 π

2840 231 2847 237 ⁴
2862 231 2883 251 τι
3087 231 3125 251 κ

3653 256 3766 321 800

492 383 722 454 petitum
744 395 939 437 vacare
960 378 1105 436 circa
1132 375 1384 448 spiritum
1433 374 1609 446 jubet,
1665 383 1723 430 et
1780 386 2067 448 propterea
2099 380 2142 436 Α
2174 376 2584 439 Verumtamen,
2610 389 2736 431 cum
2785 371 2969 428 ovium
3026 368 3344 425 memoriam
3389 366 3627 432 fecisset,
3683 369 3764 422 ait

494 491 604 531 non
634 488 756 527 cum
790 470 1176 534 divisionibus,
1208 469 1304 524 sed
1360 483 1460 539 per
1492 482 1553 522 se
1583 467 1794 523 oﬁ‘erri.
1837 469 2072 524 Verum-

492 574 675 619 tamen
699 569 756 617 et
771 560 1378 630 divisiones,.eteaput,
1397 566 1453 613 et
1477 557 1717 628 adipem,
1741 572 1907 628 super
1928 558 2075 629 ligna

492 652 692 707 tlttillus
721 651 861 721 ignis
891 650 1174 721 subjectus
1202 658 1309 714 est,
1367 663 1598 719 quaeque
1644 657 1773 703 sunt
1804 663 1973 719 super
1999 649 2078 703 al-

497 751 632 803 tare,
658 744 942 812 imponere
963 742 1141 811 jubet,
1174 749 1234 796 ut
1261 755 1481 797 omnem
1519 748 1767 795 nostrum
1794 739 2077 795 hominem

494 835 786 906 scripturis
845 833 1203 904 spiritalibus,
1270 848 1393 903 qua:
1449 832 1519 888 de
1591 832 1919 903 intelligibili
1992 834 2076 888 al-

497 927 597 980 tari
666 926 913 995 corporis
979 923 1194 979 Domini
1260 923 1420 979 dictae
1491 930 1654 989 sunt,
1739 931 2076 993 coaptemus,

497 1019 798 1074 secundum
854 1018 976 1088 ejus
1019 1016 1271 1073 viventes
1333 1030 1432 1072 seu
1500 1023 1895 1072 conversantes
1952 1015 2080 1070 imi-

498 1111 779 1165 tationem.

572 1202 843 1258 lntestinis
876 1207 1054 1255 autem
1088 1207 1136 1254 et
1168 1198 1383 1268 pedibus
1419 1198 1539 1253 lotis
1555 1215 1720 1270 aqua,
1760 1200 1903 1270 quod
1940 1199 2080 1255 LXX

502 1294 675 1349 edunt
699 1311 711 1346 :
742 1292 815 1347 Ea
829 1308 951 1363 qua:
970 1301 1092 1347 sunt
1112 1291 1169 1345 in
1191 1301 1403 1358 ventre,
1437 1299 1494 1346 et
1515 1293 1684 1362 pedes
1707 1308 1846 1363 aqua
1873 1294 2079 1359 lavent,

504 1398 604 1453 per
631 1397 694 1437 ea
727 1397 849 1452 quae
881 1381 938 1435 in
971 1388 1165 1436 ventre
1214 1389 1363 1446 sunt,
1411 1380 1626 1435 abditas
1648 1388 1705 1436 et
1738 1381 1971 1436 latentes
1991 1397 2085 1437 co-

505 1475 796 1546 gitationes
828 1473 1216 1546 signiﬁcantes
1277 1472 1329 1527 in
1403 1481 1597 1528 ventre
1660 1474 1901 1540 animae,
1959 1475 2084 1544 quia

505 1578 696 1621 venter
718 1566 914 1620 animae
939 1581 1033 1620 cor
1065 1575 1168 1620 est.
1199 1564 1357 1621 Unde
1381 1560 1384 1564 Α
1405 1575 1460 1620 et
1516 1566 1782 1622 Jeremias
1831 1566 2081 1621 dicebat:

513 1656 750 1712 Ventrem
786 1670 980 1721 meum,
1006 1664 1234 1708 ventrem
1260 1671 1432 1708 meum
1462 1655 1609 1709 doleo
1627 1654 1693 1719 “,
1728 1671 1889 1726 quem
1948 1672 2083 1711 ven—

506 1757 646 1801 trem
670 1746 784 1815 ipse
816 1745 1125 1800 subinlert:
1156 1744 1226 1798 Et
1247 1760 1428 1798 sensus
1445 1746 1619 1799 cordis
1650 1724 1759 1799 mei
1787 1747 2083 1800 conturbuti
2117 1724 2157 1779 Β

505 1844 648 1889 sunt.
674 1832 847 1886 Pedes
875 1840 1058 1886 autem
1094 1830 1360 1896 actiones,
1388 1831 1515 1900 quia
1549 1834 2085 1904 prophetmprmsens

509 1924 773 1979 saeculum
806 1923 972 1978 vitam
994 1921 1266 1992 appellare
1295 1933 1718 1982 consueverunt.
1748 1924 1895 1978 itaut
1921 1924 2086 1977 David

510 2015 720 2071 diceret
752 2034 765 2070 :
800 2014 953 2069 Beati
993 2010 1325 2067 immaculati
1376 2013 1429 2065 in
1457 2013 1565 2077 via,
1597 2015 1686 2083 qui
1714 2014 1989 2067 ambulant
2033 2015 2091 2066 in

514 2108 626 2178 lege
656 2106 869 2160 Domini
895 2107 964 2167 ",
990 2106 1043 2160 id
1071 2115 1175 2170 est,
1204 2106 1302 2176 qui
1346 2104 1401 2158 in
1437 2106 1552 2176 lege
1616 2105 1829 2159 Domini
1854 2121 2090 2175 operan-

516 2210 625 2254 tur.
656 2197 781 2251 Vult
811 2213 940 2264 crgo
968 2212 1067 2252 nos
1092 2197 1255 2252 simul
1295 2213 1420 2251 cum
1474 2196 1782 2251 actionibus
1840 2207 1896 2252 et
1950 2199 2095 2268 cogi-
2146 2221 2151 2227 τ

517 2291 751 2345 taliones
767 2289 974 2345 diluere
1002 2305 1162 2359 aqua,
1191 2289 1306 2344 sive
1338 2290 1614 2359 baptismi,
1640 2289 1754 2343 sive
1776 2288 2093 2359 ﬁetus.quia

518 2389 574 2436 et
606 2381 672 2436 de
694 2381 1113 2452 cegitationibus
1139 2381 1218 2436 rei
1246 2381 1300 2435 in
1335 2380 1543 2450 judicio
1568 2389 1838 2435 tenemur.
1864 2381 1916 2435 Si
1949 2363 2095 2435 enim

520 2473 609 2542 qui
629 2475 882 2526 irascitur
903 2472 1062 2541 fratri
1077 2489 1171 2526 suo
1192 2473 1311 2527 sine
1337 2487 1497 2527 causa
1526 2488 1643 2525 reus
1662 2481 1736 2525 est
1767 2474 2013 2543 geheuna:
2030 2474 2094 2539 “,

520 2566 600 2619 ira
623 2573 804 2618 autem
825 2566 1021 2618 animae
1042 2574 1125 2619 est
1150 2574 1354 2625 motus.
1384 2581 1494 2618 non
1527 2565 1691 2619 debet
1718 2565 1806 2619 hic
1836 2581 1897 2619 ex
1925 2566 2098 2622 actio-

520 2670 591 2708 Ite
636 2654 1059 2724 judiciunt?Sed
1118 2672 1241 2710 cum
1292 2666 1438 2710 tanta
1491 2656 1737 2719 dixisset,
1801 2657 2099 2728 legislatio-

522 2759 647 2797 nem
676 2760 826 2797 sitam
865 2744 929 2799 ad
970 2760 1136 2799 unum
1173 2746 1443 2814 breveque
1467 2746 1734 2800 conclusit
1762 2762 1776 2811 ;
1808 2746 1883 2800 ait
1909 2748 2056 2800 ettim
2083 2766 2096 2803 :

597 2835 932 2906 Adolebitque
962 2853 1022 2890 ea
1063 2837 1303 2891 sacerdos
1326 2853 1483 2906 super
1514 2837 1687 2891 altare
1734 2837 1791 2890 in
1843 2837 2101 2892 holocau-

522 2937 682 2994 stum,
714 2937 762 2981 et
782 2945 1001 2983 suavem
1030 2928 1241 2982 odorem
1300 2928 1541 2981 Domino.
1593 2927 1736 2998 Ergo
1767 2928 1986 2997 quando
2011 2944 2102 2984 sa-

523 3019 1064 3075 criﬁciumnostrum
1109 3020 1488 3075 holocaustum
1555 3021 1630 3082 ιιι,
1691 3026 1822 3073 tunc
1874 3019 2102 3076 Domino

522 3113 661 3166 odor
689 3111 1305 3169 suavitatisincenditur
1333 3129 1346 3166 :
1373 3125 1425 3167 et
1453 3111 1671 3183 quando
1693 3111 1876 3166 omnia
1934 3126 2102 3183 super

525 3199 864 3272 intelligibile
886 3201 1056 3256 altare
1099 3202 1479 3263 obtulerimus,
1539 3196 1840 3256 imitatores
1897 3199 2103 3255 Christi

524 3293 825 3348 secundum
860 3293 1272 3364 possibilitatem
1302 3292 1506 3355 ell‘ecti,
1531 3300 1586 3348 et
1614 3292 1681 3347 ad
1713 3291 1884 3362 ipsius
1915 3291 2102 3346 imita-

526 3385 733 3438 tionem
789 3392 1029 3439 nostram
1072 3385 1259 3447 vitam,
1319 3397 1417 3437 seu
1488 3379 1962 3437 conversationem
2008 3393 2102 3433 co-

526 3486 798 3546 aptantes.
829 3474 944 3531 Hoc
999 3477 1143 3531 enim
1182 3490 1303 3531 esse
1376 3474 1547 3529 altare
1603 3472 1858 3543 superius
1913 3479 2103 3527 osten-

528 3569 731 3624 (limus.

601 3658 965 3715 VensJO-is.
999 3679 1016 3710 ι
1048 3659 1202 3725 Quod
1230 3659 1274 3712 si
1302 3658 1370 3713 de
1402 3658 1691 3728 pecoribus
1743 3656 1948 3713 oblatio
1992 3664 2100 3721 est,

527 3750 598 3804 dc
623 3750 817 3804 ovibus
851 3750 965 3804 sive
994 3749 1061 3803 de
1092 3750 1269 3817 capris
1300 3748 1678 3802 holocaustum
1701 3762 1900 3819 agnum
1941 3745 2104 3799 anni-

527 3842 712 3896 culum
747 3851 799 3896 ct
828 3843 1035 3911 absque
1061 3840 1270 3896 macula
1305 3840 1520 3904 oﬁeret,
1561 3839 1974 3908 immolabitque
2032 3837 2099 3892 ad

531 3933 674 3987 latus
703 3934 909 3997 altaris,
937 3935 1080 4003 quod
1106 3933 1326 4003 respicit
1357 3932 1422 3987 ad
1449 3932 1761 4002 aquilonem
1783 3945 1969 3985 coram
1998 3928 2103 3982 Do-

531 4027 700 4080 mino.
729 4026 1057 4097 Sanguinem
1090 4040 1220 4079 vero
1249 4024 1394 4079 illius
1436 4024 1666 4079 fundent
1719 4038 1886 4092 super
1935 4021 2109 4076 altare

533 4116 628 4171 lilii
652 4117 828 4169 Aaron
852 4132 949 4187 per
969 4115 1277 4179 circuitum,
1310 4115 1668 4184 dividentque
1713 4114 1977 4176 membra,
2017 4126 2111 4166 ca-

532 4217 652 4276 put,
673 4216 723 4261 et
754 4208 937 4260 oinriia
972 4223 1092 4276 quae
1146 4207 1431 4261 adhaerent
1491 4205 1764 4275 jecori,ct
1825 4206 2106 4273 imponent

534 4311 702 4365 super
723 4296 881 4365 lignis
909 4297 1107 4365 quibus
1131 4295 1508 4365 subjiciendus
1541 4303 1626 4349 est
1674 4294 1847 4366 ignis;
1881 4292 2101 4347 intesti-

2178 471 2325 525 cnim
2367 488 2381 525 :
2411 468 2471 524 Si
2499 476 2677 522 autem
2709 473 2773 521 de
2801 464 2982 520 ovibus
3029 472 3105 517 est
3159 461 3356 516 oblatio
3381 502 3396 526 ,
3465 460 3766 515 subinlulit

2176 562 2319 617 aliud
2349 560 2570 625 animal,
2601 559 2655 614 id
2689 568 2775 614 est
2802 571 3134 627 caprarum;
3170 553 3303 609 dicit
3334 552 3481 608 enim
3509 553 3590 607 sic
3631 570 3646 606 :
3686 552 3764 606 De

2178 654 2356 709 ovibus
2381 661 2431 707 et
2464 653 2527 707 de
2558 652 2753 722 capris.
2805 649 3021 717 Quanta
3048 655 3231 701 autem
3288 645 3434 699 inter
3461 659 3657 713 capras
3703 653 3764 698 et

2178 758 2308 799 oves
2345 741 2655 798 differentia
2684 741 2776 804 sit,
2796 737 3143 810 apertissime
3174 750 3276 790 nos
3309 732 3576 787 Dominus
3600 732 3765 787 Jesus

2180 838 2386 901 docuit,
2429 837 2557 891 dum
2593 836 2662 891 de
2717 832 3197 891 consummatione
3243 830 3429 885 saeculi
3464 837 3713 882 narraret
3745 847 3760 882 :

2180 928 2275 1000 qui
2301 928 2431 984 dum
2466 943 2597 984 oves
2644 942 2675 982 a
2721 925 2932 983 dextris
2974 923 3284 988 statuisset,
3318 919 3763 976 benedictionem

2181 1022 2262 1079 eis
2282 1024 2555 1094 justorum
2581 1020 2842 1084 subdidit,
2865 1017 3050 1074 haedos
3079 1025 3261 1071 autem
3291 1029 3320 1067 a
3350 1013 3609 1075 sinistris,
3628 1026 3766 1066 eon-

2182 1123 2263 1170 tra
2286 1129 2424 1185 quos
2454 1113 2784 1169 sententiam
2838 1109 2986 1165 illam
3044 1104 3348 1162 terribilem
3403 1111 3763 1173 peccatorum

2184 1206 2408 1278 protulit
2431 1205 2496 1259 “.
2525 1204 2679 1261 Sicut
2701 1218 2830 1274 ergo
2855 1201 2984 1256 licet
2997 1214 3109 1254 non
3137 1197 3315 1253 solum
3342 1196 3412 1250 de
3426 1194 3647 1256 ovibus,
3667 1191 3764 1246 sed

2183 1308 2238 1355 et
2278 1300 2345 1355 de
2376 1297 2558 1367 capris
2572 1295 2778 1361 oﬁerri,
2808 1302 2865 1349 et
2891 1291 3097 1349 oblatio
3122 1289 3190 1345 de
3209 1287 3501 1360 pecoribus
3529 1285 3769 1348 dicitur,

2186 1395 2266 1449 sic
2295 1402 2344 1447 et
2375 1406 2500 1445 eum
2530 1390 2623 1460 qui
2650 1404 2719 1444 ex
2760 1372 3147 1458 peccatoribus
3204 1391 3309 1445 est,
3370 1379 3635 1452 possibile
3681 1388 3769 1433 est

2188 1483 2521 1556 simplicitati
2556 1495 2777 1552 operam
2832 1479 2984 1542 dare,
3016 1485 3074 1532 et
3109 1475 3267 1546 quasi
3315 1488 3474 1529 ovem
3537 1472 3768 1536 factum,

2186 1576 2659 1632 conversationem
2681 1586 2837 1627 suam
2868 1570 2924 1625 in
2979 1569 3361 1624 holocaustum
3381 1564 3581 1620 oﬁerre
3619 1563 3769 1618 Deo:

2187 1670 2314 1739 quia
2346 1667 2492 1723 enim
2520 1664 2656 1719 nihil
2683 1662 2908 1734 impedit
2928 1660 2996 1716 ad
3049 1657 3463 1728 adipiscendam
3494 1640 3774 1723 juSIitica-

2189 1761 2390 1813 tionem
2418 1764 2767 1827 peccatorem
2798 1750 3116 1821 quempiam
3161 1747 3353 1810 fuisse,
3380 1743 3634 1815 quamvis
3664 1743 3774 1796 hoc

2187 1849 2357 1904 Judaei
2384 1862 2495 1901 non
2520 1851 2773 1913 putarent
2796 1885 2811 1908 ,
2842 1843 2967 1897 audi
2989 1840 3170 1911 qualia
3200 1854 3299 1910 per
3331 1835 3635 1891 Ezechielis
3648 1848 3777 1903 pro-

2191 1940 2428 2012 phetiam
2464 1937 2616 1993 dixit.
2648 1934 2785 1990 Cum
2814 1934 2960 1989 enim
2989 1934 3043 1987 in
3063 1931 3247 1986 multis
3275 1931 3527 1984 invectus
3568 1926 3775 1981 fuisset

2189 2041 2379 2089 contra
2407 2032 2690 2100 injustum,
2721 2038 2777 2082 et
2807 2026 3058 2089 dixisset,
3088 2023 3258 2078 Morte
3310 2021 3593 2082 moriatur,
3643 2033 3776 2072 san-

2191 2125 2306 2196 guis
2350 2122 2462 2191 ejus
2486 2136 2642 2190 super
2668 2120 2842 2189 ipsum
2868 2117 2965 2170 erit
2999 2156 3014 2181 ,
3072 2115 3190 2170 haec
3242 2112 3407 2167 etiam
3470 2108 3719 2165 subdidit
3760 2120 3775 2157 :

2194 2216 2345 2282 Quod
2378 2215 2422 2268 si
2447 2213 2683 2284 genuerit
2708 2210 2879 2281 [ilium
2921 2209 3010 2280 qui
3035 2246 3048 2271 ,
3073 2209 3254 2262 videns
3308 2205 3487 2259 omnia
3554 2211 3779 2273 peccata

2194 2307 2361 2376 patris
2400 2303 2483 2358 sui
2509 2318 2625 2373 qua:
2672 2301 2815 2372 fecit,
2870 2315 2975 2353 non
3017 2298 3193 2368 fecerit
3245 2294 3419 2350 simile
3464 2293 3560 2354 eis,
3605 2305 3773 2360 super

2198 2407 2394 2453 montes
2418 2412 2519 2449 non
2546 2393 2846 2458 comederit,
2870 2401 2917 2445 et
2948 2391 3123 2445 oculos
3147 2405 3268 2443 suos
3306 2403 3409 2441 non
3430 2384 3687 2439 (evaserit
3709 2382 3783 2435 ad

2198 2492 2338 2545 idola
2366 2496 2549 2543 domus
2581 2485 2770 2549 Israel,
2804 2496 2851 2539 et
2882 2500 3097 2539 uxorem
3125 2481 3353 2553 proximi
3373 2478 3455 2533 sui
3482 2493 3591 2551 non
3615 2474 3786 2530 viola-

2199 2587 2348 2649 verit,
2373 2592 2428 2638 et
2448 2582 2552 2636 alia
2578 2580 2664 2634 his
2690 2578 2908 2642 similia,
2940 2576 2994 2630 in
3016 2576 3218 2647 quibus
3250 2574 3412 2628 ﬁnem
3447 2572 3599 2626 hunc
3622 2567 3777 2624 addi-

2201 2678 2298 2744 dit,
2327 2677 2410 2730 hic
2432 2692 2534 2730 non
2554 2654 2805 2727 morietur
2836 2672 2890 2725 in
2910 2671 3191 2741 iniquitate
3214 2668 3386 2738 patris
3412 2666 3516 2730 sui,
3556 2663 3647 2717 sed
3672 2662 3784 2716 vita

2201 2772 2353 2825 vivet.
2388 2767 2451 2821 Et
2480 2767 2653 2821 dicitis
2676 2781 2696 2820 :
2717 2762 2892 2830 Quare
2918 2779 3021 2817 non
3076 2761 3309 2831 portabit
3353 2758 3495 2829 [ilius
3520 2756 3785 2826 iniquita-

2205 2871 2307 2916 tem
2338 2860 2506 2930 patris
2530 2856 2613 2910 ’⁵θῖ
2674 2854 2950 2911 SicJudmi
2975 2866 3203 2908 necesse
3223 2864 3343 2906 esse
3382 2849 3553 2904 ﬁlium
3578 2886 3595 2912 ,
3625 2843 3788 2917 quasi

2207 2936 2548 3007 hereditario
2566 2948 2689 3018 jure
2710 2988 2724 3013 ,
2761 2948 2816 3001 in
2845 2944 3014 3016 patris
3044 2941 3345 2998 succedere
3375 2947 3606 3010 peccato
3635 2935 3787 2991 arbi-

2129 3058 2171 3113 c
2205 3044 2506 3100 trahantur.
2536 3041 2641 3097 Sed
2660 3054 2821 3111 quam
2845 3039 2914 3093 ob
2940 3052 3055 3092 rem
3080 3051 3210 3091 oves
3248 3043 3305 3090 et
3333 3047 3527 3104 capras
3544 3031 3614 3086 ad
3643 3030 3787 3085 latus

2210 3136 2394 3192 altaris
2445 3134 2588 3206 quod
2611 3131 2835 3203 reSpicit
2869 3130 2937 3185 ad
2966 3128 3301 3199 aquilonem,
3330 3139 3514 3181 coram
3550 3122 3791 3178 Domino

2210 3228 2471 3301 praeepit
2495 3226 2693 3292 occidi,
2714 3241 2839 3280 cum
2869 3238 2979 3277 non
3004 3221 3080 3275 ita
3108 3221 3176 3276 de
3204 3219 3382 3274 bobus
3408 3215 3789 3287 praecepisset.

2211 3321 2306 3377 sed
2339 3335 2522 3376 coram
2554 3317 2784 3373 Domino
2845 3314 3115 3370 sanxisset
3159 3309 3463 3366 immolari?
3522 3306 3793 3362 Videntur

2210 3414 2357 3470 enim
2382 3411 2546 3467 verba
2602 3410 2719 3480 ipsa
2756 3406 3201 3463 contrarietatem
3255 3399 3547 3472 quamdam
3589 3398 3792 3453 habere

2211 3514 2373 3575 atque
2401 3499 2766 3558 differentiam
2806 3514 2820 3550 :
2849 3496 2975 3567 quia
3019 3509 3145 3553 cum
3182 3492 3254 3547 sit
3285 3489 3611 3546 sacriﬁcium
3634 3488 3796 3542 holo-

2212 3596 2537 3653 cautomatis
2556 3600 2868 3661 utrumque,
2901 3585 3211 3643 dillerentia
3239 3584 3326 3639 his
3358 3580 3792 3637 distribuitloca.

2212 3686 2333 3741 Non
2358 3694 2442 3740 est
2465 3699 2594 3754 ergo
2645 3678 3002 3752 ignorandum
3028 3674 3178 3746 quia.
3208 3679 3477 3743 quantum
3508 3671 3576 3725 ad
3595 3682 3794 3739 super-

2215 3775 2390 3832 ﬁciem
2418 3775 2636 3850 litterae,
2672 3770 2924 3827 eumdem
2972 3767 3030 3822 in
3084 3766 3333 3834 utrisque
3353 3763 3535 3818 locum
3573 3761 3797 3832 legisla-

2216 3879 2301 3926 tor
2341 3864 2678 3939 signiﬁcavit.
2738 3862 3253 3917 Holocautomatum
3280 3857 3428 3912 enim
3449 3856 3643 3917 altare,
3666 3861 3798 3907 ante

2216 3958 2627 4015 tabernaculum
2650 3953 3006 4010 constitutum
3066 3966 3128 4005 ex
3163 3950 3332 4004 latere
3372 3955 3490 4003 erat
3510 3948 3716 4015 ianuae.
3739 3954 3802 3999 ut

2217 4068 2329 4108 non
2358 4058 2667 4105 sanctorum
2710 4043 3146 4101 ministrantibus
3180 4041 3562 4096 obstrueretur
3622 4037 3800 4090 intro-

2220 4144 2350 4209 itus,
2384 4141 2528 4195 sicut
2556 4139 2612 4193 in
2636 4137 2824 4193 Exodo
2848 4136 2916 4192 de
2951 4135 3144 4190 eodem
3167 4132 3368 4188 dicitur
3399 4130 3499 4185 :Et
3546 4127 3799 4198 imposuit

2222 4188 2350 4209 "“"”
2384 4188 2525 4195 """"
2559 4188 2612 4193 "'
2638 4188 2819 4193 "'"""
2854 4188 2911 4192 ν-
2962 4188 2974 4190 -
2996 4188 3007 4190 ν
3031 4188 3037 4189 ί
3625 4188 3634 4198 ,

2219 4232 2590 4302 velumjanuae
2621 4226 2949 4283 tabernaculi
2985 4223 3291 4285 testimonii,
3346 4230 3395 4277 et
3441 4235 3600 4274 aram
3654 4188 3826 4334 noto-:-

2480 4332 2485 4334 _
2771 4320 2803 4334 ο.
2867 4318 2878 4330 ι
3032 4316 3139 4334 A_.9,
3168 4330 3210 4334 Α.-
3260 4310 3590 4334 ..,l.__..----l:
3660 4311 3776 4334 .--ιε

2221 4332 2582 4381 cautomatum
2630 4320 2805 4390 posuit
2831 4318 2974 4372 circa
3021 4316 3215 4369 ostium
3257 4310 3590 4367 tabernaculi
3657 4306 3839 4400 ωειῑοῖ

538 4406 606 4442 ¹¹²¹
637 4404 764 4479 νειω
798 4399 852 4442 εί
883 4388 1049 4479 pedes
1077 4388 1406 4479 lambunt?"
1429 4404 1590 4479 a‘l‘ia'
1627 4396 1683 4479 9⁸
1712 4387 1892 4441 "Nam
1923 4385 2108 4439 omnia
2145 4415 2187 4471 D
2217 4415 2381 4472 monii
2398 4413 2462 4467 '°.
2485 4385 2838 4479 Quaecunque
2866 4422 2994 4477 ergo
3024 4405 3092 4461 ad
3121 4403 3449 4460 sacriﬁcium
3490 4385 3835 4457 offereban-‘f

536 4478 772 4586 “fuel,”
796 4477 1050 4586 “verat”
1095 4491 1261 4586 sui)?
1307 4477 1477 4585 “jure
1518 4476 1573 4530 in
1628 4476 2010 4531 homcauswm
2059 4480 2115 4528 et
2152 4470 2159 4471 γ
2217 4470 2329 4573 tur,
2356 4521 2421 4560 ex
2447 4470 2621 4559 lalere
2642 4470 2829 4557 alta-ris
2859 4470 3221 4569 ab'aquiloue
3247 4498 3487 4561 stabant,
3519 4503 3577 4550 et
3610 4494 3691 4549 sic

536 4574 758 4628 odorem
786 4573 1169 4628 suavissimum
1196 4573 1439 4627 Domino.
1482 4590 1502 4623 ι
2218 4568 2330 4628 ..,...ζ
2369 4595 2600 4628 hama“
2631 4592 2960 4628 εηηνςιιηςιιηι
2982 4568 3366 4628 ηίηιοιυ-..ιιαιηι-
3427 4588 3477 4628 ιιι
3501 4596 3579 4628 ρει
3609 4586 3662 4628 in
3682 4568 3829 4628 mn.’

893 4588 1169 4676 ξἰεείωυω
1196 4582 1453 4675 ¹³⁰¹¹¹ξ¹¹⁰χ
1482 4590 1502 4623 ³
1617 4672 1629 4676 _
1675 4660 1707 4676 Δ,
1979 4657 2114 4676 mJ
2218 4614 2333 4656 ram
2369 4595 2600 4651 Domino
2631 4592 2961 4649 sacriﬁcium
2982 4591 3385 4651 celebrabatur,
3427 4588 3481 4643 id
3501 4586 3662 4642 estin
3682 4582 3827 4640 con?

615 4664 813 4761 Eadem
835 4665 997 4718 etiam
1016 4680 1163 4720 nunc
1192 4664 1380 4734 paucis
1440 4660 1742 4718 immutatis
1773 4659 1924 4714 dicit.
1979 4657 2118 4712 [llud
2221 4695 2412 4761 specu]
2440 4695 2755 4742 sanctorum
2792 4702 2806 4738 ε
2853 4682 3061 4739 faciem
3098 4683 3247 4737 enim
3296 4679 3510 4734 Domini
3570 4678 3812 4747 animum

2223 4779 2421 4834 Sancta
2444 4785 2779 4844 sanctorum,
2803 4775 2931 4846 quia
2952 4775 3007 4829 in
3029 4773 3165 4845 ipsis
3186 4772 3282 4827 Dei
3319 4770 3599 4826 habitabat
3615 4768 3815 4840 gloria.

2223 4871 2378 4927 Unde
2403 4885 2507 4925 nec
2532 4868 2851 4939 frequenter
2878 4867 2934 4922 in
2988 4867 3110 4937 ipsa
3168 4865 3377 4919 intrare
3434 4861 3807 4925 sacerdotem,

2222 4961 2330 5016 nisi
2359 4959 2528 5015 semel
2557 4959 2614 5014 in
2644 4973 2791 5014 anno
2818 4957 3064 5029 jubebat.
3086 4955 3182 5012 llis
3229 4970 3361 5027 ergo
3390 4954 3467 5008 ita
3499 4968 3560 5009 se
3595 4952 3814 5008 baben-

2227 5053 2393 5120 tibus,
2425 5050 2793 5107 ditl‘erentiam
2836 5050 2946 5107 dici
2971 5049 3289 5114 verborum,
3331 5046 3477 5102 sicut
3497 5043 3813 5102 necessaria

2228 5142 2674 5215 contemplationi
2702 5151 2842 5207 erat,
2870 5141 3131 5211 oportuit.
3153 5139 3291 5208 Quia
3308 5139 3455 5196 enim
3479 5138 3653 5193 altare
3668 5137 3814 5192 dixi-

2230 5252 2354 5292 mus
2377 5251 2498 5291 esse
2516 5234 2819 5298 Christum,
2849 5233 3034 5290 ovium
3055 5242 3237 5288 autem
3260 5231 3588 5288 sacriﬁcium
3607 5227 3815 5299 simpli-

2237 5326 2454 5382 citatem
2484 5325 2841 5389 studentium,
2866 5339 2977 5380 non
2998 5324 3246 5380 absolute
3262 5331 3443 5378 autem
3465 5321 3631 5376 etiam
3648 5318 3815 5391 justi-

2238 5419 2368 5474 tiam
2384 5420 2722 5490 operantium
2732 5459 2747 5483 ,
2760 5434 2870 5473 non
2884 5418 2940 5473 in
2952 5418 3218 5474 directum
3240 5414 3594 5488 intelligibilis
3608 5411 3815 5476 altaris,

2238 5510 2334 5567 sed
2361 5527 2425 5566 ex
2459 5511 2631 5566 latere
2657 5509 2906 5566 otl‘ertur.
2937 5509 2998 5564 In
3044 5501 3313 5566 directum
3355 5514 3441 5562 est
3469 5503 3639 5570 enim,
3689 5501 3817 5572 quia

3076 5625 3120 5660 “
3150 5624 3339 5681 Matth.
3370 5637 3499 5687 xxv,
3534 5620 3606 5676 33
3658 5633 3815 5689 seqq.

543 4764 726 4811 autem
751 4756 1049 4827 intelligere
1076 4767 1291 4826 oportet
1331 4773 1458 4811 eum
1489 4754 1583 4826 qui
1610 4752 1895 4809 subtiliter
1952 4750 2119 4805 verba

545 4846 680 4911 legis
710 4846 1015 4916 investigat,
1049 4846 1176 4916 quia
1215 4862 1326 4901 non
1349 4846 1527 4900 solum
1545 4845 1613 4899 de
1645 4843 1840 4907 bobus,
1862 4840 1958 4896 sed
1976 4849 2033 4894 et
2051 4839 2119 4894 de

546 4940 739 4995 nvibus
770 4940 1025 5009 prmcepit
1050 4939 1346 4994 lsraelitam
1369 4938 1567 4993 otl'erre
1603 4936 1946 4991 holocausta.
1977 4933 2120 5004 Ergo

546 5048 654 5086 non
697 5032 871 5087 Solum
905 5032 995 5102 qui
1030 5031 1161 5102 legis
1190 5030 1446 5084 mandata
1481 5037 1765 5099 operatur,
1798 5026 1948 5081 hunc
1973 5023 2126 5080 enim

544 5138 669 5178 esse
692 5123 907 5188 bovem,
946 5131 1007 5177 ut
1029 5131 1158 5191 pete
1177 5128 1520 5191 operatorem
1541 5118 1801 5184 diximus,
1820 5116 1915 5172 sed
1933 5114 2128 5184 etqui-

550 5215 682 5269 liliet
702 5213 937 5284 simplex
991 5223 1048 5268 et
1081 5213 1201 5268 sine
1224 5211 1456 5275 malitia,
1493 5211 1581 5266 cui
1612 5218 1968 5279 comparatur
1987 5204 2126 5270 ovis,

552 5307 767 5361 (licente
794 5304 1028 5361 Jcremia
1061 5323 1075 5360 ε
1114 5304 1224 5375 Ego
1258 5304 1412 5376 quasi
1471 5319 1638 5374 agnus
1671 5310 1997 5364 mansuetus,
2038 5296 2130 5370 qui

552 5406 795 5459 portatur
820 5397 889 5449 ad
915 5396 1202 5458 uictimam,
1260 5402 1312 5449 et
1349 5410 1451 5448 non
1504 5392 1804 5463 cognoui”.
1869 5390 2012 5460 Ergo
2075 5395 2132 5442 et

557 5490 1453 5564 ipsosemetipsumholocaustum
1508 5491 1622 5547 Deo
1675 5489 1876 5546 oﬂ'erre
1903 5486 2127 5561 poterit.

1267 5640 1312 5673 ⁸⁸
1342 5638 1484 5694 Psal.
1530 5654 1716 5703 cxvm,
1760 5640 1805 5693 l.

1311 5711 1358 5743 ⁵ο
1389 5709 1561 5766 Exod.
1587 5725 1813 5775 xxxvtn,
1841 5707 1932 5763 26.

660 5630 704 5658 ⁵³
724 5634 925 5691 Jorem.
973 5654 1047 5698 tv.
1083 5640 1161 5695 l9.

590 5700 847 5761 “Etct‘h.
883 5723 993 5773 xu,
1034 5710 1220 5766 13-19.

1912 5637 1957 5671 ιε
2001 5635 2191 5694 Matth.
2226 5641 2278 5703 πῖ,
2312 5604 2403 5691 se.

2498 5634 2542 5666 "
2565 5632 2767 5689 Jerem.
2801 5646 2874 5697 XI,
2908 5625 2995 5686 l9.
