4044 6224
322 345 420 416 801

1475 349 1555 408 IN
1593 349 2029 410 LEVITJCUM.
2071 373 2138 384 --
2173 352 2316 410 LIB.
2363 353 2406 411 l.

3470 361 3577 426 802

323 461 578 517 mandata
629 457 858 528 perlicit.
895 457 971 512 Ex
1029 457 1196 511 latere
1241 467 1444 522 autem,
1477 460 1604 528 quia
1660 475 1689 512 a
1749 458 1903 513 malis
1933 463 1972 517 Α
2007 458 2186 512 autde
2218 461 2484 514 columbis
2543 462 2733 518 oll‘erat
2783 481 2984 524 munus
3041 483 3220 536 suum,
3271 468 3323 524 id
3379 482 3491 538 est,
3514 475 3573 528 in

322 553 582 609 abstinet.
611 551 826 617 Quare?
861 551 987 620 quia
1016 552 1156 606 sicut
1191 553 1242 605 in
1277 553 1476 615 aulam,
1500 552 1647 606 verbi
1703 553 1895 623 gratia,

323 644 528 716 regiam
566 643 763 697 melius
793 651 876 696 est
904 643 1123 712 quidem
1185 658 1280 711 per
1308 643 1507 696 ostium
1554 651 1762 697 rectum
1813 642 1900 696 in-

321 735 496 807 gredi,
525 750 650 788 cum
682 742 864 788 autem
887 735 990 788 hoc
1033 749 1140 786 non
1195 742 1278 787 est
1339 733 1518 796 facile,
1573 733 1774 787 bonum
1830 733 1901 787 sit

321 827 486 882 etiam
519 841 616 895 per
645 825 776 879 illud
804 825 947 893 quod
980 840 1046 879 ex
1077 825 1246 880 latere
1277 836 1360 879 est
1391 825 1616 880 introire
1645 845 1656 878 :
1691 826 1769 880 sic
1783 840 1900 880 me—

323 919 430 973 lius
452 929 535 973 est
566 917 678 972 Deo
706 919 922 987 quidem
957 934 1053 988 per
1105 918 1477 972 mandatorum
1507 919 1688 972 oﬂerri
1721 921 1900 988 perfe-

322 1011 806 1072 ctionem,honum
827 1018 911 1064 est
943 1019 1124 1063 tamen
1172 1019 1227 1065 et
1261 1010 1306 1064 si
1368 1026 1465 1080 per
1515 1011 1783 1064 malorum
1840 1027 1899 1066 se

323 1103 445 1174 quis
475 1103 669 1157 oderat
696 1104 1104 1168 abstinentiam,
1150 1105 1256 1158 Deo
1317 1105 1519 1173 quippe
1563 1105 1726 1158 modo
1760 1120 1896 1174 quo-

325 1194 458 1248 libet
491 1194 673 1248 oli'erri
708 1194 913 1248 bonttm
936 1204 1041 1248 est.
1067 1195 1152 1248 'Ad
1191 1194 1336 1248 latus
1367 1205 1550 1248 autem
1591 1196 1776 1249 altaris
1831 1195 1898 1249 ad

290 1353 298 1363 ‘
324 1286 634 1356 aquilonem
666 1288 981 1342 necessario
1013 1287 1250 1353 addidit;
1301 1290 1563 1344 nebulosa
1583 1290 1727 1342 enim
1763 1303 1899 1356 pene

295 1393 542 1448 _scmpcr
568 1380 684 1432 haec
704 1394 830 1448 pars
861 1388 944 1432 est
975 1399 987 1432 :
1015 1381 1333 1434 obtinentur
1377 1381 1644 1449 siquidem
1680 1381 1894 1445 nebula,

252 1459 297 1568 Ι
328 1469 381 1523 id
407 1479 490 1522 est
524 1469 857 1539 ignorantia,
894 1470 949 1523 hi
981 1473 1070 1538 qui
1103 1486 1166 1524 ex
1197 1480 1309 1524 toto
1345 1487 1404 1525 se
1444 1472 1766 1527 innocentiae
1793 1482 1900 1526 tra-

323 1559 484 1619 dunt,
511 1568 798 1627 propterea
827 1568 880 1613 et
901 1560 1274 1614 holocaustum
1335 1561 1554 1628 dicitur,
1583 1562 1746 1616 etiam
1782 1563 1900 1618 sine

321 1649 641 1718 operatione
665 1650 909 1718 justitiae.

394 1741 788 1810 νεηεηΜ-Π.
823 1761 841 1792 ι
904 1741 961 1795 Si
991 1752 1172 1796 autem
1229 1743 1296 1796 de
1360 1744 1551 1799 avibus
1596 1745 1895 1800 holocausti

2001 550 2228 604 scientia
2260 557 2751 611 etmansuctudine
2797 559 3050 628 spiritali,
3090 560 3190 615 hac
3238 561 3383 616 enim
3435 579 3576 634 opus

2000 639 2190 707 habet,
2222 652 2410 699 utnon
2439 646 2665 700 excedat
2717 647 2850 719 legis
2909 650 3269 705 consideratio
3322 652 3374 706 in
3424 655 3576 708 vanis

1999 745 2286 804 occupata.
2315 737 2432 792 Non
2457 738 2654 794 frustra
2711 751 2890 796 autem
2948 753 3210 798 turturem
3268 754 3324 798 et
3365 747 3568 800 colt-.m-

2000 824 2148 890 bam,
2173 827 2267 880 sed
2294 829 2362 883 ad
2385 829 2836 900 significationem
2886 835 3263 902 praedictorum
3298 836 3575 906 legislator

1999 919 2336 988 assumpsit;
2373 930 2550 975 turtur
2587 923 2887 991 siquidem,
2925 924 3048 993 quia
3078 925 3440 995 cegnitionem
3471 929 3572 982 ba-

1999 1009 2113 1075 bet,
2146 1010 2218 1064 ita
2251 1020 2310 1064 ut
2338 1011 2457 1080 ejus
2490 1013 2759 1082 exemplo,
2791 1015 3101 1069 Judzeorum
3151 1017 3576 1086 exprobraretur

1999 1107 2251 1173 populus,
2307 1106 2573 1161 Jeretnias
2643 1110 2879 1178 prohat;
2930 1111 3004 1163 ait
3053 1126 3197 1164 enim
3233 1130 3246 1166 :
3288 1111 3480 1164 Turtur
3523 1121 3571 1164 et

1998 1193 2225 1247 hirundo
2250 1206 2297 1249 et
2326 1197 2526 1250 ciconia
2558 1201 2912 1253 custodierunt
2947 1212 3148 1270 tempus
3180 1203 3430 1254 adventus
3458 1202 3574 1262 sui;

2000 1293 2221 1362 populus
2250 1301 2426 1346 autem
2446 1309 2589 1348 meus
2614 1308 2715 1344 non
2745 1293 2977 1361 cognovit
2997 1293 3259 1360 judicium
3284 1292 3570 1345 Domini".

2000 1381 2262 1436 Columba
2293 1392 2476 1437 autem
2507 1386 2707 1438 munda
2727 1393 2782 1437 ct
2813 1385 3064 1456 simplex,
3095 1383 3573 1450 annuntiatrixque

1999 1475 2304 1542 praesentiae
2333 1476 2504 1528 sancti
2535 1476 2769 1544 Spiritus
2786 1483 2889 1538 est,
2946 1474 3134 1543 quales
3190 1483 3408 1543 oportet
3445 1488 3572 1528 esse

2001 1569 2201 1634 eosqni
2237 1567 2377 1621 circa
2413 1567 2860 1634 contemplandas
2883 1565 3192 1635 Scripturas
3227 1567 3428 1618 habent
3456 1574 3576 1618 stu-

2000 1654 2171 1708 dium.
2209 1656 2435 1726 Propter
2469 1657 2609 1725 quod
2634 1665 2687 1710 ct
2715 1657 2987 1726 apostolos
3023 1656 3296 1725 simplices
3327 1656 3572 1710 vItltcsse

2001 1746 2284 1810 Dominus,
2315 1757 2374 1801 ut
2415 1749 2756 1814 columbam;
2797 1747 2872 1800 ait
2923 1747 3066 1800 enim
3107 1764 3119 1799 :
3163 1745 3314 1800 Beati
3375 1749 3575 1800 mundo

320 1835 524 1890 oblatio
547 1834 712 1887 fuerit
748 1835 999 1898 Domino,
1042 1835 1110 1888 de
1143 1836 1449 1890 turturibus
1505 1844 1559 1890 et
1594 1839 1774 1907 pullis-
1812 1855 1896 1893 co-
1930 1815 1970 1868 Β
2003 1837 2176 1901 corde,
2211 1838 2336 1906 quia
2381 1838 2481 1906 ipsi
2547 1837 2830 1890 Dominum
2884 1837 3128 1890 videbunt
3157 1839 3222 1889 ⁵⁸.
3283 1836 3387 1890 Sed
3419 1847 3474 1890 et
3503 1837 3572 1892 ad

320 1927 540 1992 lumbze,
559 1927 754 1981 oil'eret
774 1941 894 1980 eam
923 1926 1179 1981 sacerdos
1209 1928 1274 1980 ad
1311 1929 1500 1992 altare,
1522 1938 1575 1983 et
1605 1940 1808 1985 retorto
1828 1931 1895 1985 ad

319 2017 520 2072 collum
543 2017 743 2088 capite,
779 2033 843 2072 ac
874 2029 1035 2086 rupto
1059 2019 1300 2073 vulneris
1336 2020 1479 2076 loco.
1503 2020 1795 2076 decurrere
1819 2022 1897 2076 fa-

319 2111 429 2165 eict
449 2110 769 2180 sanguinem
795 2125 961 2180 super
991 2111 1324 2180 crepidinem
1344 2113 1550 2167 altaris.
1587 2112 1893 2169 Vesiculam

316 2214 450 2255 vero
471 2201 706 2270 gutturis
735 2210 792 2254 et
819 2192 1035 2269 plumas
1071 2202 1323 2270 projicict
1351 2213 1572 2272 propter
1604 2205 1775 2259 altare
1825 2205 1893 2260 ad

318 2293 638 2348 orientalem
673 2293 885 2363 plagam
909 2333 926 2358 ,
965 2294 1019 2347 in
1077 2294 1196 2348 loco
1228 2293 1280 2346 in
1304 2310 1413 2363 quo
1445 2295 1658 2350 cineres
1689 2294 1892 2350 effundi

317 2385 518 2450 solent,
549 2384 962 2455 coniringetque
989 2385 1216 2439 ascellas
1266 2387 1406 2454 ejus,
1438 2394 1493 2440 et
1522 2402 1630 2441 non
1662 2387 1888 2452 secabit,

317 2491 421 2531 nec
445 2475 588 2530 ferro
617 2476 992 2536 divideteam:
1024 2485 1080 2530 et
1105 2477 1520 2549 adolebitsuper
1547 2479 1892 2551 altarelignis

318 2566 441 2636 igne
467 2566 763 2636 suppositis
797 2584 812 2623 :
847 2567 1224 2623 holocaustum
1245 2577 1330 2624 est
1362 2578 1416 2624 et
1445 2570 1650 2625 oblatio
1673 2572 1888 2627 suavis-

316 2653 442 2708 simi
465 2653 651 2709 odoris
683 2653 934 2709 Domino.
971 2674 992 2708 ι

386 2744 738 2799 Admirabilis
771 2757 854 2800 est
874 2747 1124 2818 legalium
1159 2749 1450 2806 verborum
1469 2749 1759 2816 subtilitas,
1778 2765 1889 2805 non

317 2836 494 2891 solum
520 2837 646 2906 quia
684 2836 1025 2893 differentias
1076 2841 1548 2896 conversationem
1611 2841 1885 2906 describit,

317 2927 412 2981 sed
435 2927 598 2982 etiam
630 2929 1087 2997 quemadmodum
1142 2932 1403 3000 quasdam
1443 2934 1890 2988 conversationes

316 3019 616 3073 secundum
651 3020 846 3090 legem,
869 3021 1131 3090 quasdam
1158 3037 1287 3077 vero
1301 3039 1463 3093 super
1492 3024 1686 3094 legem,
1718 3025 1888 3096 signi-

316 3110 461 3165 ﬁcet.
498 3111 808 3166 Secundum
835 3113 1005 3183 legem
1040 3113 1185 3167 enim
1227 3122 1355 3168 sunt
1389 3116 1551 3169 boum
1594 3124 1648 3170 et
1680 3117 1886 3180 ovium,

317 3202 444 3257 licet
469 3211 784 3273 spontancze
806 3204 1082 3259 dicuntur.
1128 3204 1442 3260 Secundum
1469 3206 1643 3278 legem
1679 3207 1890 3276 quare?

317 3293 454 3359 Quia
485 3293 586 3348 etsi
621 3293 820 3348 oﬂcrre
882 3310 1083 3348 munus
1117 3296 1170 3348 in
1219 3304 1543 3365 potestatem
1604 3296 1888 3351 offerentis

314 3384 488 3450 dedit,
517 3384 681 3438 nimis
702 3392 867 3446 recte,
893 3385 1047 3437 liberi
1074 3376 1512 3455 quippe‘arbitrii
1545 3387 1685 3440 Deus
1708 3387 1889 3441 horni-

316 3480 444 3528 nem
476 3475 780 3539 constituit,
803 3483 984 3528 tamen
1023 3476 1181 3543 quale
1207 3475 1489 3539 oﬂeratur,
1514 3491 1624 3530 non
1660 3477 1774 3547 jam
1794 3491 1891 3530 vo-

316 3567 546 3621 luntatis
576 3575 680 3631 est,
701 3582 771 3621 ne
799 3567 938 3621 forte
965 3567 1105 3620 mala
1157 3567 1493 3623 oﬂ‘crantur:
1521 3584 1749 3624 necesse
1803 3580 1890 3625 est

315 3674 446 3728 ergo
468 3666 566 3711 aut‘
582 3659 772 3712 bovem
795 3658 982 3713 oil'erri
1011 3667 1106 3712 aut
1134 3674 1315 3732 ovem,
1341 3660 1391 3714 id
1416 3669 1522 3725 est,
1553 3670 1647 3716 aut
1670 3662 1887 3730 operari

308 3750 603 3819 justitiam,
621 3759 716 3805 aut
754 3767 784 3805 a
816 3751 972 3806 malis
999 3752 1294 3807 abstinere.
1320 3752 1463 3806 Dixit
1489 3754 1633 3808 enim
1659 3753 1713 3807 in
1731 3754 1888 3809 initio

313 3841 439 3896 libri
465 3857 478 3894 :
528 3841 696 3896 Homo
729 3843 819 3913 qui
848 3843 1092 3897 obtulerit
1120 3859 1185 3896 ea:
1211 3843 1350 3896 vobis
1373 3843 1600 3897 hostiam
1639 3844 1884 3910 Domino,

313 3933 381 3988 de
405 3934 694 3999 pecoribus,
728 3933 780 3985 id
806 3942 880 3986 est
910 3934 973 3986 de
989 3933 1144 3986 bobus
1167 3941 1215 3986 et
1239 3934 1415 3987 ovibus
1439 3935 1883 4004 oﬂ'erelvictimas.

313 4022 376 4076 In
402 4023 504 4076 hac
532 4031 714 4076 autem
734 4023 1008 4078 oblatione
1042 4039 1152 4077 non
1185 4023 1281 4089 ita,
1316 4025 1588 4094 praedicta:
1620 4025 1885 4094 siquidem

313 4113 576 4168 oblationi
603 4113 912 4169 diﬂerentia
934 4117 1236 4171 volatilium
1270 4131 1380 4172 non
1417 4126 1501 4173 est
1525 4133 1888 4174 connumera-

314 4215 392 4270 ta,
429 4214 489 4260 ut
511 4206 764 4261 videlicet
790 4208 1081 4277 perfectior
1145 4219 1202 4266 et
1252 4211 1446 4280 major,
1480 4213 1886 4284 multorumque

315 4296 729 4366 transgrediens
747 4297 1185 4365 possibilitatem.
1241 4299 1490 4357 Volatilia
1513 4304 1681 4367 enim,
1707 4305 1887 4360 homi-

311 4403 412 4443 nes
432 4397 561 4442 sunt
593 4390 1041 4458 contemplationi
1099 4404 1374 4456 vacantes,
1407 4397 1637 4452 terrenis
1661 4400 1886 4454 omnino

2001 1925 2369 1981 meditandum
2399 1943 2589 1982 vacare
2614 1928 2833 1990 debent,
2858 1929 2999 1980 unde
3024 1925 3281 1980 Ezechias
3311 1925 3387 1979 ait
3420 1925 3571 1978 :Me-

2000 2017 2210 2071 ditabor
2237 2028 2292 2072 ut
2325 2019 2560 2072 columba
2589 2021 2652 2072 ³⁷.
2693 2019 2843 2073 lianc
2863 2019 3192 2073 oblationem
3226 2034 3366 2073 unus
3392 2033 3571 2072 sacer.

2000 2108 2099 2162 dos
2126 2109 2340 2172 oll‘eret,
2368 2125 2477 2163 non
2507 2111 2661 2164 multi
2681 2127 2697 2176 ;
2717 2125 2826 2164 non
2843 2111 3138 2180 estquippe
3154 2110 3575 2179 contemplativa

2001 2200 2112 2255 vita
2151 2200 2532 2268 plurimorum.
2567 2202 2618 2257 id
2639 2211 2742 2270 est,
2775 2211 2834 2256 ut
2867 2217 2933 2256 ex
2957 2211 3065 2256 tota
3104 2217 3164 2256 se
3219 2211 3402 2268 mente
3432 2201 3570 2256 oile-

2000 2298 2126 2343 rant
2151 2288 2284 2356 Deo,
2319 2293 2567 2362 nihilque
2598 2293 2895 2346 humanum
2921 2292 3152 2346 ulterius
3176 2293 3436 2363 cogitent,
3470 2292 3572 2347 sed

2000 2383 2260 2438 continue
2280 2385 2719 2454 contemplentur
2746 2385 3007 2450 etelestia,
3039 2395 3094 2439 et
3122 2398 3186 2438 ea
3209 2399 3331 2452 quae
3349 2398 3571 2438 sursum

1999 2480 2147 2538 sunt,
2181 2473 2415 2544 sapiant,
2449 2475 2536 2528 ubi
2571 2474 2810 2529 Christus
2859 2483 2956 2540 est,
2993 2473 3224 2527 sicut‘ait
3252 2471 3566 2542 Apostolus,

1996 2559 2053 2612 in
2073 2567 2285 2614 dextera
2314 2561 2413 2615 Dei
2442 2563 2622 2617 sedens
2647 2562 2712 2629 ⁸⁸,
2739 2562 2990 2618 videlicet
3008 2561 3220 2627 Patris;
3246 2560 3371 2630 quia
3383 2568 3571 2615 autem

1998 2651 2104 2707 hoc
2139 2653 2304 2708 nimis
2328 2669 2511 2709 rarum
2535 2663 2638 2720 est,
2675 2653 2793 2724 ipse
2822 2653 3086 2708 Dominus
3121 2652 3190 2707 de
3221 2652 3418 2707 talibus
3437 2666 3569 2720 pro-

1996 2745 2177 2814 phetat
2207 2745 2477 2800 Ezechieli
2501 2746 2726 2814 loquens
2764 2744 3015 2800 edocuit:
3066 2743 3322 2798 Scrutare
3343 2743 3570 2796 Jerusa-

1997 2836 2118 2901 lem,
2150 2845 2197 2889 et
2227 2837 2341 2890 vide
2369 2837 2451 2890 :si
2479 2837 2735 2890 inveneris
2760 2837 2928 2890 virum
2947 2835 3002 2888 in
3033 2850 3094 2888 ea
3119 2833 3327 2886 omnino
3341 2841 3570 2887 stantem

1996 2938 2118 2984 ante
2147 2930 2335 3000 faciem
2356 2945 2546 2994 meam,
2570 2928 2862 2997 propitiaris
2892 2926 3212 2995 propitiabor
3235 2925 3280 2978 ei
3304 2923 3370 2978 ⁵⁸.
3401 2922 3568 2993 Atqui

1995 3027 2153 3073 erant
2184 3018 2276 3072 ﬁlii
2305 3017 2548 3073 Jonadab
2598 3030 2701 3070 nec
2725 3013 2910 3070 vinum
2941 3013 3209 3076 bibentes,
3241 3025 3344 3066 nec
3370 3009 3566 3064 domus

1997 3111 2283 3174 habentes,
2316 3124 2421 3164 nec
2447 3122 2607 3177 agros
2642 3106 2968 3176 plantantes.
3011 3103 3121 3158 Sed
3162 3102 3410 3157 absolute
3461 3101 3567 3156 ali-

1995 3203 2128 3274 quid
2149 3185 2435 3257 sublimius
2459 3199 2672 3270 quaarit,
2706 3197 2850 3252 unde
2899 3195 2990 3250 alii
3033 3195 3101 3249 ad
3154 3193 3566 3250 tabernaculum

1999 3293 2294 3349 testimonii
2311 3291 2640 3348 oblationem
2669 3287 2936 3352 otIerunt;
2959 3287 3075 3340 haec
3095 3294 3277 3340 autem
3308 3284 3376 3339 ad
3396 3285 3568 3340 altare

1996 3384 2243 3448 offertur,
2278 3385 2436 3454 cujus
2465 3382 2574 3438 vim
2604 3381 2659 3435 in
2708 3377 3145 3450 praecedentibus
3199 3375 3458 3441 didicisti,
3511 3375 3568 3430 id

1996 3478 2235 3548 estquia
2269 3476 2612 3531 Dominicum
2659 3471 2923 3542 signiticet
2969 3484 3187 3540 corpus.
3241 3469 3351 3524 Sed
3379 3468 3569 3524 videa-

1998 3587 2117 3629 mus
2143 3586 2262 3640 quae
2293 3570 2380 3625 his
2412 3569 2791 3638 subjiciuntur.

2067 3662 2137 3716 Et
2156 3671 2348 3716 retorto
2379 3661 2449 3714 ad
2474 3660 2663 3714 collum
2691 3658 2880 3727 capite,
2927 3671 2990 3709 ac
3015 3664 3167 3726 rupto
3183 3655 3410 3709 vulneris
3427 3655 3563 3711 loco.

2001 3751 2340 3820 Abrumpens
2367 3749 2618 3803 videlicet
2644 3762 2674 3801 a
2705 3747 2844 3816 pelle
2899 3760 3018 3813 quae
3057 3745 3363 3814 superjacet
3400 3743 3565 3809 collb,

1993 3856 2104 3894 non
2139 3841 2293 3894 valde
2316 3840 2458 3892 illam
2481 3852 2741 3908 separans
2771 3851 2801 3890 a
2840 3849 3088 3904 corpore,
3121 3844 3183 3889 ut
3203 3849 3306 3889 nec
3325 3835 3562 3912 dissipa-

1997 3939 2080 3984 ret
2101 3928 2253 3994 illud,
2276 3943 2379 3982 nec
2401 3941 2467 3982 eo
2506 3940 2692 3980 rursus
2734 3923 3082 3994 astringatur,
3109 3924 3255 3992 quod
3289 3923 3564 3994 signiﬁca-
3660 3962 3663 3963 ν

1994 4031 2084 4076 tur
2101 4021 2335 4090 abrupto
2360 4018 2598 4072 vulneris
2623 4017 2763 4080 loco,
2788 4015 2893 4080 vel,
2924 4015 3068 4070 sicut
3091 4013 3234 4069 LXX
3259 4015 3451 4080 edunt,
3474 4031 3562 4071 re—

1994 4110 2258 4166 tractione
2285 4111 2497 4182 capitis.
2524 4109 2725 4164 Eodem
2757 4107 2960 4178 quippe
2973 4121 3226 4162 sermone
3263 4116 3327 4162 et.
3342 4107 3560 4164 Samuel

1993 4199 2059 4255 ad
2086 4201 2302 4266 Saulem
2327 4215 2457 4255 usus
2480 4208 2582 4263 est,
2633 4198 2852 4268 quando
2907 4197 2959 4253 ei
2985 4212 3197 4252 armum
3227 4197 3384 4264 dans,
3414 4199 3560 4254 idem

1992 4293 2290 4350 secundum
2322 4291 2461 4346 LXX
2482 4291 2615 4346 dixit
2645 4307 2658 4343 :
2685 4289 2923 4355 Comede,
2970 4291 3093 4360 quia
3122 4290 3179 4342 in
3208 4287 3560 4345 testimonium

1992 4405 2025 4441 a
2051 4385 2243 4457 populo
2269 4386 2494 4454 positum
2523 4392 2596 4438 est
2619 4384 2710 4436 tibi
2733 4383 2799 4435 ⁸ο.
2835 4381 3101 4452 Refringe,
3130 4380 3183 4435 id
3211 4388 3297 4436 est
3315 4397 3413 4451 per
3431 4398 3560 4451 par-

312 4494 373 4532 se
402 4494 514 4533 non
541 4480 837 4536 miscentes
858 4483 1092 4551 negotiis
1122 4501 1134 4536 :
1166 4486 1308 4553 quod
1327 4494 1379 4540 et
1405 4488 1450 4542 si
1480 4488 1620 4544 forte
1645 4492 1886 4545 necessi-

1996 4489 2075 4535 tes
2103 4479 2413 4534 comminue
2445 4487 2500 4532 ct
2519 4489 2799 4531 consume.
2827 4475 2897 4529 Et
2922 4474 3044 4529 ideo
3073 4473 3236 4528 etiam
3271 4489 3418 4529 nunc
3445 4489 3557 4528 non

313 4579 396 4624 tas
422 4571 684 4642 exegerit,
704 4588 829 4626 mox
857 4574 1100 4628 revolant
1120 4577 1186 4629 ad
1215 4578 1488 4644 sublimia,
1533 4589 1589 4635 et
1616 4581 1706 4636 illo
1727 4599 1896 4640 evan-

310 4660 486 4728 gelico
537 4660 798 4730 juvantur
861 4665 1190 4729 testimonio,
1256 4668 1400 4737 quod
1464 4667 1725 4726 Dominus
1767 4675 1890 4730 ait:

312 4748 654 4806 Considerate
680 4754 921 4808 volatilia
960 4756 1092 4820 cwli,
1123 4757 1246 4826 quia
1297 4774 1400 4811 non
1424 4762 1686 4816 seminant
1730 4782 1894 4837 neque

313 4851 536 4906 metunt,
579 4853 627 4895 et
650 4842 812 4896 Pater
829 4854 1012 4900 ,ναῖεν
1034 4845 1253 4899 cwlestis
1276 4860 1450 4917 pascet
1483 4851 1576 4903 illa
1615 4854 1752 4909 5"".
1817 4855 1891 4911 De

310 4937 518 4991 eisdem
554 4935 817 4991 Dominus
840 4938 1092 4992 dicebat:
1140 4938 1324 4994 Simile
1354 4951 1428 4996 est
1480 4961 1696 5014 regnum
1734 4949 1888 5001 coelo-

311 5044 431 5080 rum
453 5043 620 5096 grano
653 5029 876 5098 sinapis,
903 5030 1043 5097 quod
1093 5047 1211 5083 cum
1257 5033 1571 5098 seminatur,
1616 5037 1788 5092 minus
1817 5050 1888 5093 est

311 5117 550 5172 omnibus
602 5120 872 5185 oleribus;
935 5136 1052 5173 cum
1093 5134 1273 5174 autem
1300 5125 1534 5189 creverit,
1597 5127 1685 5195 ﬁet
1735 5130 1892 5183 arbor

311 5212 508 5282 major,
523 5215 597 5266 ita
627 5223 683 5266 ut
712 5213 943 5268 volucres
975 5214 1089 5269 cali
1111 5216 1371 5268 venientes
1389 5217 1621 5270 habitent
1645 5219 1698 5271 in
1727 5221 1891 5274 ramis

311 5303 428 5370 ejus
456 5303 519 5356 ⁵⁸.
546 5305 1000 5372 Contemplationi
1027 5321 1155 5375 ergo
1206 5321 1426 5370 vacans,
1456 5315 1512 5361 et
1550 5308 1605 5361 in
1642 5310 1892 5379 superio-

311 5409 432 5446 rum
463 5395 961 5449 consitlerationcm
1033 5395 1310 5464 perfectus
1345 5397 1506 5450 homo
1539 5414 1551 5448 :
1582 5399 1685 5454 hoc
1739 5403 1886 5456 enim

310 5498 434 5552 qua:
458 5483 715 5552 pra'dicta
743 5484 1215 5549 suntdocuernnt,
1277 5485 1320 5538 si
1385 5490 1884 5555 conversationem,

311 5572 429 5627 sive
469 5572 631 5626 vitam
650 5587 801 5626 suam
837 5572 1165 5626 oblationem
1197 5573 1410 5640 oﬂ‘eret,
1447 5575 1514 5630 de
1565 5579 1884 5642 turturibus,

384 5706 503 5736 "4'
549 5704 736 5760 Matth.
770 5722 846 5769 vt,
879 5704 969 5758 26.
1045 5706 1090 5738 ⁵³
1119 5705 1308 5761 Matth.
1355 5723 1474 5770 xm,
1508 5709 1597 5768 5i,
1641 5711 1729 5766 5‘2.

313 5774 358 5806 ⁵³
379 5776 586 5833 Coloss.
616 5794 695 5842 ιιι,
732 5779 775 5830 l.
880 5777 924 5808 ‘9
959 5777 1088 5844 lmo,
1117 5777 1320 5832 Jcrcm.
1353 5795 1405 5844 ν,
1436 5779 1482 5831 1.

1840 5712 1885 5744 ⁵⁸
1910 5713 2111 5788 Jercm.
2149 5730 2263 5780 rm,
2294 5716 2344 5768 7.

1587 5782 1630 5812 ‘°
1660 5782 1681 5836 ι
1707 5782 1839 5855 iicg.
1879 5801 1954 5851 ιιι,
1984 5785 2073 5839 24.

1993 4581 2054 4626 ιιι
2081 4572 2362 4627 occidatur
2381 4571 2520 4631 avis,
2551 4567 2647 4624 sed
2673 4580 2730 4621 ut
2790 4567 3148 4636 abrumpatur
3174 4567 3260 4622 vel
3289 4567 3556 4640 refringa-

1993 4672 2082 4717 tur
2104 4662 2375 4730 lcgislator
2394 4659 2574 4730 jussit,
2599 4656 2894 4711 ostendens
2954 4656 3228 4725 quomodo
3255 4672 3352 4727 per
3376 4667 3560 4726 partes

1991 4755 2270 4810 ettleniter
2300 4767 2484 4807 verum
2519 4760 2700 4820 caput,
2747 4749 2798 4803 id
2845 4757 2929 4803 est
2981 4757 3218 4803 mentem
3271 4750 3476 4804 dividat
3523 4766 3554 4806 a

1991 4848 2150 4917 pelle,
2172 4847 2226 4901 id
2258 4854 2358 4908 est.
2383 4861 2413 4899 a
2439 4859 2630 4909 carne;
2653 4843 2796 4897 unde
2822 4857 2921 4896 nec
2953 4841 3186 4896 eﬂ'nndit
3210 4844 3554 4914 sanguinem,

1989 4939 2084 4993 sed
2108 4938 2399 4992 decurrere
2421 4937 2600 4998 faciet,
2627 4936 2709 4990 vel
2738 4935 3034 4990 secundum
3059 4934 3220 4999 LXX,
3251 4937 3478 5000 esculat,
3497 4943 3557 4990 ut

1989 5047 2085 5102 per
2115 5042 2298 5101 partes
2320 5041 2376 5086 et
2410 5030 2646 5100 perfecte
2673 5028 2934 5098 despiciat
2953 5027 3304 5096 praesentium
3324 5027 3555 5081 medita-

1991 5125 2192 5177 tionem
2223 5123 2308 5178 vel
2337 5125 2524 5187 vitam,
2553 5130 2742 5192 utpote
2769 5123 2858 5190 qui
2893 5130 3057 5176 totam
3119 5135 3270 5174 suam
3317 5119 3554 5173 animam

1988 5217 2183 5271 obtulit
2216 5217 2347 5270 Deo.
2389 5216 2502 5269 Hoc
2535 5215 2677 5268 enim
2714 5214 2983 5283 signiﬁcat
3019 5229 3034 5264 :
3074 5212 3141 5266 Et
3171 5211 3385 5280 sanguis
3411 5225 3559 5263 escu-

1991 5308 2130 5360 latus
2159 5309 2298 5360 circa
2333 5307 2499 5360 basim
2529 5305 2737 5368 altaris,
2768 5305 2909 5373 quod
2933 5311 3015 5358 est
3050 5301 3558 5358 CltristuszCltristi

1996 5406 2177 5453 autem
2216 5398 2360 5452 basis
2389 5407 2472 5452 est
2495 5396 2868 5468 Evangelium,
2898 5395 2950 5448 in
2990 5409 3099 5462 quo
3127 5393 3359 5447 maxime
3393 5408 3560 5462 apor-

1998 5496 2112 5542 tere
2136 5504 2232 5543 nos
2263 5497 2582 5558 praesentem
2610 5488 2774 5540 vitam
2820 5487 3121 5555 despicere,
3151 5492 3340 5554 utpote
3391 5493 3558 5539 totam

1997 5581 2233 5634 animam
2264 5591 2505 5636 nostram
2547 5579 2656 5634 Deo
2687 5580 2998 5640 oﬂ‘crentes,
3033 5576 3342 5632 didicimus.
3404 5577 3557 5632 Vesi-

2443 5713 2486 5744 ³⁸
2522 5708 2706 5764 Matth.
2734 5727 2786 5776 v,
2819 5709 2870 5765 8.
2962 5711 3005 5744 '"
3050 5712 3149 5767 isa.
3196 5727 3427 5770 xxxrttt.
3475 5713 3558 5772 Li.
