4030 6240
303 411 408 476 805

1400 437 1404 441 -
1465 399 1540 459 IN
1579 395 2015 460 LEVITICUM.
2063 419 2130 430 -η
2172 396 2317 454 LIB.
2354 397 2402 454 Ι.

3447 391 3556 452 8'lli

302 523 370 574 ad
390 517 756 588 expiationem
788 515 973 585 lepra,
999 513 1054 569 id
1075 521 1159 568 est
1200 512 1267 566 ad
1320 512 1698 566 remissionem
1748 522 1877 579 pec-
1906 516 1948 567 Α
1983 505 2140 566 LXX.
2170 522 2276 558 non
2310 504 2510 560 dicitur
2548 512 2607 557 ut
2651 504 2898 558 absolute
2928 499 3248 557 ollerentrm
3277 501 3556 572 signiﬁca-

301 611 430 675 cati,
458 609 600 665 Deus
635 607 801 679 Moysi
833 606 1110 676 praecepit.
1164 603 1234 658 Ut
1267 618 1395 674 ergo
1416 603 1592 657 adhuc
1617 601 1871 665 crassior,

301 712 494 772 etquae
547 700 782 754 necdum
807 697 965 768 plena
996 697 1050 749 in
1096 696 1212 765 lege
1267 680 1450 750 divina
1504 693 1738 763 cognitio
1781 705 1878 745 ne-

301 790 730 848 cessariesimila
759 790 1080 860 appellatur,
1108 788 1163 842 in
1217 786 1528 857 Evangeliis
1569 794 1751 839 autem
1801 783 1880 838 fa-

307 884 444 944 rina,
470 890 531 935 ut
556 880 870 936 subtiliores
911 879 1165 934 videlicet
1214 886 1270 931 et
1290 875 1636 930 sublimior-es
1685 889 1716 927 a
1761 873 1880 943 lege

304 975 613 1030 intellectus
642 973 886 1034 habens,
925 972 1029 1026 hoc
1070 970 1278 1039 Moyses
1317 968 1551 1022 innuens
1582 966 1728 1038 (quia
1769 972 1879 1018 tam

305 1065 483 1122 farina
521 1079 685 1133 quam
713 1063 912 1124 simila.
946 1070 1171 1130 propter
1201 1059 1486 1129 praedictas
1552 1072 1747 1112 causas
1796 1057 1878 1110 di-

305 1153 433 1206 vina
490 1153 717 1206 scientia
773 1159 988 1221 poterat
1043 1147 1196 1219 dici,)
1229 1164 1354 1202 cum
1419 1133 1717 1217 apparente
1771 1146 1881 1200 Deo

303 1245 535 1298 Abrahae
563 1245 628 1299 ad
663 1245 842 1297 ilicem
869 1242 1148 1304 Mambrae,
1205 1241 1494 1296 Trinitatis
1557 1239 1879 1311 mysterium

303 1335 654 1405 signiﬁcaret,
682 1334 941 1389 describit
958 1349 1082 1388 eum
1137 1332 1286 1388 Sara:
1312 1333 1583 1388 dicentem
1619 1349 1632 1385 :
1666 1332 1880 1394 Festina

303 1434 351 1478 et
371 1426 648 1479 commisce
671 1426 775 1478 tria
803 1435 922 1479 sata
947 1424 1135 1478 simin
1171 1426 1238 1479 τ’.
1265 1425 1415 1480 Licet
1443 1433 1624 1478 autem
1653 1423 1746 1476 Dei
1784 1437 1880 1476 co-

301 1516 480 1587 gnitio
509 1515 701 1571 salutis
731 1517 972 1585 gentium
1003 1515 1332 1585 principium
1357 1515 1447 1578 sit,
1485 1513 1880 1583 superfundere

303 1625 486 1670 tamen
518 1616 706 1670 similae
731 1616 911 1669 oleum
938 1659 951 1681 ,
987 1625 1044 1669 et
1077 1616 1200 1670 thus
1227 1627 1594 1684 superponere
1621 1629 1758 1681 opus
1781 1613 1880 1666 ha-

302 1708 518 1766 bemus.
562 1717 623 1760 ut
679 1708 906 1776 gratiam
970 1706 1063 1760 Dei
1135 1705 1494 1775 cleemosynis
1543 1704 1881 1772 orationique

299 1798 802 1852 commisceamus:
839 1798 956 1851 bzec
980 1797 1127 1851 enim
1167 1797 1329 1851 nobis
1354 1806 1587 1865 possunt
1635 1797 1702 1848 de
1742 1797 1880 1850 coelo

300 1884 397 1939 Dei
431 1887 714 1940 scientiam
744 1885 1050 1955 proﬂigare.
1123 1884 1216 1938 His
1247 1894 1427 1939 autem
1462 1885 1616 1938 testis
1636 1893 1719 1938 est
1747 1882 1880 1937 Cor-

298 1977 506 2038 nelius,
529 1976 595 2030 ad
624 1991 785 2044 quem
817 1976 1160 2030 descendens
1199 1975 1266 2029 de
1293 1975 1432 2028 cmlo
1455 1975 1678 2044 angelus
1701 1974 1834 2027 dixit
1861 1990 1874 2024 :

299 2065 536 2128 Corneli,
568 2067 830 2119 orationes
859 2075 963 2118 tute
989 2075 1036 2118 et
1077 2065 1415 2134 elecmosynw
1431 2066 1775 2118 ascenderunt
1812 2063 1882 2117 ad

303 2156 608 2222 Dominum,
641 2168 690 2210 et
711 2173 848 2210 nunc
875 2158 1021 2209 mitte
1041 2156 1178 2210 viros
1208 2157 1264 2209 in
1281 2155 1467 2224 Joppe,
1500 2157 1700 2210 accersi
1730 2155 1801 2208 ad
1835 2164 1882 2209 te

296 2244 585 2309 Simonem,
615 2246 704 2315 qui
732 2247 1134 2316 cognominatur
1155 2245 1427 2299 Petrus".
1459 2246 1577 2315 ipse
1608 2247 1755 2299 enim
1785 2261 1883 2299 ve-

299 2353 417 2390 ram
439 2337 725 2392 scientiam
778 2338 1032 2393 Cornelio
1078 2337 1380 2392 traditurus
1403 2347 1542 2392 erat.
1600 2337 1884 2403 Quomodo

298 2432 484 2481 autem
507 2428 562 2480 in
595 2429 754 2482 thure
771 2428 1063 2496 accipiatur
1093 2429 1288 2491 oratio,
1319 2443 1572 2497 quan-ens
1605 2431 1724 2498 ejus
1773 2432 1881 2484 vim

301 2527 783 2588 perscrutansque,
814 2519 1115 2589 cognoscis.
1153 2518 1237 2573 Uti
1272 2520 1473 2589 quippe
1499 2535 1564 2573 eo
1589 2529 1777 2574 contra
1809 2520 1887 2574 in-

301 2609 534 2664 teriores
553 2610 834 2679 passiones
865 2610 1062 2664 medici
1085 2610 1287 2675 solent,
1315 2611 1706 2679 oculorumque
1726 2613 1884 2682 aegri-

301 2702 510 2756 tudinis
535 2717 727 2756 curare
767 2703 1012 2764 vulnera,
1048 2711 1105 2757 et
1142 2703 1322 2772 siquis
1350 2704 1648 2758 incendens
1679 2706 1884 2758 fumum

299 2794 426 2863 ejus
459 2795 738 2864 suscipiat,
777 2795 1056 2864 restringit
1107 2796 1430 2848 accedentes
1447 2811 1512 2848 ex
1569 2796 1886 2850 inﬁrmitate

301 2883 574 2955 lacrymas
608 2902 623 2938 :
665 2886 772 2939 hoc
802 2884 994 2939 eodem
1028 2885 1190 2938 modo
1221 2885 1395 2939 oratio
1417 2901 1635 2955 quoque
1659 2886 1886 2954 plurima

300 2984 565 3040 oneratur
599 2991 614 3028 :
652 2976 765 3029 haec
796 2975 1000 3043 quippe
1032 2976 1267 3028 maxime
1296 2975 1490 3030 anima:
1509 2977 1789 3044 passiones
1804 2993 1890 3031 sa-

403 3109 420 3132 ,
514 3069 632 3123 haec
681 3069 846 3122 etiam
894 3069 1312 3135 intelligibilium
1383 3069 1664 3122 oculorum
1734 3079 1889 3125 curat

1980 603 2080 646 ret.
2113 593 2168 645 Si
2193 595 2338 646 enim
2370 593 2436 646 de
2462 592 2744 646 sacerdote
2773 593 3020 653 dixisset,
3051 591 3210 660 plane
3234 591 3337 645 hoc
3367 594 3556 660 utique

1979 685 2120 738 sicut
2147 683 2202 737 in
2231 683 2518 744 sacriﬁcio,
2541 683 2608 736 de
2631 678 2851 750 peccato
2913 681 3180 736 sancitan
3207 691 3371 746 esset,
3411 682 3557 751 quod

1979 785 2033 828 et
2057 775 2232 842 ipsum
2267 774 2334 828 de
2376 773 2552 827 simila
2575 772 2756 834 ﬁebat.
2783 774 3025 828 adderet.
3060 773 3134 827 lbi
3167 774 3314 828 enim
3346 789 3558 826 memo-

1979 863 2111 919 riale
2143 881 2261 920 esse
2282 866 2396 920 vult
2434 864 2537 918 hoc
2557 867 2702 934 quod
2740 865 2793 917 in
2855 865 3054 933 pugillo
3083 866 3377 918 sacerdotis
3399 863 3560 918 offer-

1983 967 2070 1012 tur
2098 956 2206 1010 Deo
2245 955 2431 1016 :aliud
2470 957 2750 1024 quidpiam
2777 955 3031 1010 sanciens
3075 966 3229 1008 extra
3256 956 3359 1010 hoc
3411 955 3558 1024 quod

1979 1064 2126 1103 nunc
2157 1049 2380 1110 dicitur,
2416 1049 2556 1102 sicut
2589 1049 2753 1117 paulo
2781 1049 3054 1117 posterius
3074 1049 3558 1104 ostendemus.llic

1983 1156 2112 1194 vero
2142 1155 2253 1194 non
2283 1141 2355 1194 ita
2379 1181 2393 1204 ,
2427 1141 2520 1195 sed
2572 1148 2809 1208 sumpto,
2845 1141 3146 1194 Secundum
3176 1142 3319 1209 quod
3353 1141 3558 1194 dictum

1984 1243 2083 1297 est,
2121 1249 2188 1287 eo
2257 1234 2401 1301 quod
2453 1233 2645 1287 oﬁerel.
2698 1233 2951 1287 sacerdos
2980 1233 3119 1302 (esse
3170 1242 3350 1286 autem
3415 1232 3560 1286 hunc

1979 1321 2164 1376 Jesum
2199 1322 2479 1391 didicisti),
2514 1323 2766 1376 sacriﬁcii
2791 1323 3100 1376 memoriale
3129 1323 3182 1375 in
3199 1323 3408 1378 caelesti
3433 1324 3562 1377 olle-

1981 1423 2063 1468 ret
2088 1413 2265 1466 altari.
2298 1412 2611 1466 Memoriale
2664 1421 2848 1466 autem
2880 1414 3211 1482 cognitionis
3245 1415 3337 1467 Dei
3381 1415 3560 1482 perfe-

1980 1514 2066 1558 cta
2122 1505 2350 1559 scientia
2411 1512 2514 1568 est,
2549 1505 2706 1573 cujus
2757 1520 2974 1575 semper
3014 1520 3285 1559 memores
3333 1506 3556 1568 erimus,

1980 1596 2196 1664 quando
2224 1597 2340 1664 ejus
2364 1610 2588 1664 capaces
2612 1596 2894 1660 fuerimus,
2953 1613 3074 1666 qua:
3133 1612 3411 1664 nunquam
3468 1596 3561 1649 dc-

1981 1687 2231 1751 struitur,
2255 1702 2376 1754 quae
2400 1701 2518 1739 eam
2563 1701 2683 1755 quae
2698 1701 2844 1741 nunc
2859 1695 2963 1750 est,
3009 1703 3120 1741 non
3151 1696 3210 1740 ut
3229 1687 3556 1741 contrariam

1981 1775 2233 1839 destruit,
2259 1777 2358 1830 sed
2391 1785 2600 1845 partem
2627 1792 2745 1830 eam
2797 1777 3075 1831 minimam
3119 1793 3236 1831 esse
3286 1794 3382 1846 per
3406 1792 3560 1830 suam

1983 1866 2370 1935 plenitudinem
2399 1874 2685 1928 monstrat,
2707 1866 3008 1920 secundum
3037 1867 3180 1934 quod
3209 1866 3417 1918 dielum
3437 1873 3554 1918 est:

1982 1957 2067 2010 Ex
2099 1967 2250 2027 parte
2272 1958 2644 2028 cognoscimus,
2681 1965 2728 2010 et
2758 1974 2821 2011 ea:
2848 1968 3000 2025 parte
3023 1959 3409 2027 prophetaums.
3429 1957 3561 2009 Cum

1981 2060 2157 2103 autem
2183 2051 2378 2103 venerit
2409 2051 2546 2120 quod
2571 2051 2855 2119 perfectum
2901 2059 2998 2114 est,
3051 2049 3391 2103 euacuabitur
3419 2051 3558 2116 quod

1982 2157 2046 2195 ea:
2070 2151 2220 2210 parte
2241 2150 2314 2194 est
2333 2141 2397 2196 ⁸ο.
2433 2142 2496 2194 Et
2529 2141 2805 2209 quomodo
2859 2140 3239 2204 evacuabitur,
3270 2143 3416 2193 clare
3438 2153 3556 2215 ma-

1983 2234 2206 2287 nifestat
2231 2234 2512 2286 subdens:
2552 2233 2792 2285 Videmus
2829 2248 2968 2285 nunc
3031 2248 3124 2300 per
3177 2231 3448 2301 speculum
3499 2231 3559 2284 in

1987 2325 2288 2394 a’nigmate.
2318 2333 2440 2375 tunc
2469 2333 2646 2376 autem
2681 2324 2818 2393 facie
2849 2323 2918 2374 ad
2947 2323 3159 2391 faciem.
3202 2321 3561 2392 Nunccogno-

1984 2433 2069 2468 sco
2097 2432 2160 2468 ea:
2178 2425 2349 2483 parte,
2381 2426 2502 2467 tunc
2532 2431 2837 2484 cognoscant
2865 2415 3000 2466 sicut
3031 2423 3079 2466 et
3099 2414 3333 2483 cognitus
3362 2428 3476 2465 sum
3490 2413 3558 2466 ⁸⁸.

1988 2505 2101 2561 Hoc
2133 2507 2458 2561 sacriﬁcium
2509 2507 2736 2560 odorem
2804 2505 3190 2559 suavissimum
3253 2503 3562 2557 necessario

1986 2598 2216 2652 Domino
2243 2599 2514 2668 l:-gislator
2545 2595 2854 2666 appellavit.
2882 2595 3112 2649 Odorem
3151 2595 3206 2646 in
3225 2594 3454 2647 Domino
3479 2591 3563 2647 est

1986 2689 2246 2757 cognitio,
2269 2689 2386 2741 sive
2415 2688 2641 2742 scientia
2667 2687 2817 2755 ejus;
2845 2693 2897 2739 et
2930 2699 2996 2738 ne
3015 2684 3117 2738 hoc
3137 2683 3371 2747 dubites,
3395 2684 3566 2737 habes

1987 2780 2052 2832 ad
2079 2779 2181 2832 hoc
2213 2791 2427 2846 quoque
2453 2776 2679 2829 Paulum
2726 2773 3136 2828 veracissimum
3172 2782 3363 2826 testem
3401 2790 3415 2826 :
3454 2773 3562 2827 Deo

1988 2870 2126 2922 enim
2163 2869 2386 2938 gratias,
2421 2867 2614 2936 inquit,
2645 2868 2734 2937 qui
2779 2881 2984 2933 semper
3004 2866 3292 2932 triumphat
3331 2882 3421 2931 per
3472 2880 3566 2920 nos

1986 2961 2043 3012 in
2071 2959 2277 3013 Christo
2301 2957 2444 3022 Jesu,
2467 2967 2516 3010 et
2548 2959 2754 3010 odorem
2781 2957 2979 3009 notitia:
3004 2970 3114 3008 sua:
3136 2955 3439 3026 manifestat
3472 2968 3566 3022 per

1989 3066 2079 3103 nos
2114 3049 2330 3116 inomni
2371 3048 2480 3101 loco
2506 3049 2572 3100 ³⁸.
2598 3049 2733 3101 Ecce
2767 3046 2983 3100 interim
3014 3046 3309 3116 cognovisti
3337 3045 3576 3098 odorem-

305 3162 560 3228 vulnera,
586 3162 876 3217 absolvens
912 3163 978 3215 ab
1033 3161 1336 3231 ignorantia
1369 3170 1531 3230 atque
1548 3177 1611 3215 ex
1641 3178 1703 3216 ea
1763 3178 1882 3232 qua!

1989 3142 2214 3197 notitise.
2239 3140 2344 3195 Sed
2365 3148 2421 3194 et
2457 3143 2654 3195 bonum
2712 3141 2934 3193 odorem
2991 3139 3046 3191 in
3109 3137 3567 3206 subsequentibus

303 3266 441 3305 vere
464 3260 548 3305 est
573 3251 856 3322 (egritudo,
891 3251 944 3305 id
974 3259 1055 3304 est
1087 3265 1154 3304 ex
1176 3261 1397 3319 peccato
1427 3251 1689 3321 lacrymas
1712 3267 1878 3305 acce-

300 3343 502 3396 dentes
525 3342 717 3396 salvat.
742 3342 1052 3410 lnﬁrmatur
1111 3342 1254 3395 enim
1313 3343 1428 3412 quis
1480 3343 1538 3394 in
1599 3343 1762 3407 vobis,
1805 3345 1881 3397 ait

299 3433 561 3496 Jacobus.
595 3444 830 3487 convocet
868 3434 1213 3503 presbyteros,
1265 3442 1314 3487 et
1341 3444 1485 3487 orent
1538 3451 1696 3503 super
1739 3451 1877 3498 eum,

301 3535 554 3596 augentes
585 3541 701 3579 eum
744 3524 855 3578 oleo
883 3526 938 3578 in
967 3526 1176 3579 nomine
1214 3525 1460 3590 Domini;
1491 3535 1539 3578 et
1566 3527 1735 3578 oratio
1759 3526 1880 3593 ﬁdei

299 3617 529 3671 salvabit
555 3617 845 3683 inﬁrmum,
870 3626 918 3670 et
947 3617 1196 3670 alleuabit
1221 3633 1338 3670 eum
1392 3616 1665 3680 Dominus,
1688 3627 1735 3668 et
1756 3617 1802 3670 si
1827 3619 1882 3669 in

301 3713 536 3781 peccatis
561 3714 648 3775 sit,
671 3714 1005 3766 remittemur
1027 3713 1078 3765 ei
1109 3712 1172 3764 τι.
1228 3710 1356 3765 Post
1386 3711 1520 3775 hac,
1546 3712 1748 3780 pugillo
1779 3711 1882 3765 tol-

301 3804 422 3858 lere
456 3803 611 3872 jubet
644 3803 896 3865 similam,
934 3789 990 3855 id
1016 3812 1101 3856 est
1163 3803 1266 3856 ﬁde
1303 3803 1587 3856 scientiam
1625 3802 1714 3855 llei
1742 3818 1884 3856 com-

303 3895 680 3963 prehendere;
731 3908 828 3961 per
850 3893 1107 3963 pugillum
1157 3895 1302 3946 enim
1337 3893 1424 3946 hic
1485 3893 1642 3946 ﬁdem
1676 3893 1884 3961 signiﬁ-

301 3995 413 4046 cat,
438 3991 731 4053 aperteque
754 3983 992 4037 ostendit
1023 3983 1166 4035 illam
1216 3982 1499 4037 scientiam
1528 4023 1544 4047 ,
1573 3983 1685 4037 sire
1701 3983 1885 4052 cogni-

303 4077 516 4130 tionem
546 4074 638 4128 Dei
677 4072 906 4127 Domiuo
945 4083 1246 4144 acceptam,
1291 4089 1452 4142 quam
1477 4074 1609 4129 ﬁdes
1635 4090 1886 4144 compre-

303 4163 556 4218 hendere
586 4170 806 4232 potest;
843 4172 900 4217 ct
927 4163 1388 4232 quemadmodum
1422 4165 1512 4234 qui
1545 4165 1748 4234 pugillo
1766 4165 1885 4234 plus

299 4257 427 4310 vult
471 4253 962 4323 comprehendere,
1011 4253 1144 4308 nihil
1199 4255 1433 4324 proﬁcit,
1481 4263 1653 4310 totum
1683 4257 1883 4326 quippe

300 4347 555 4402 decurrit
580 4355 631 4398 et
664 4345 830 4409 cadit,
865 4353 1026 4413 atque
1079 4343 1344 4398 inutiliter
1370 4344 1597 4409 laborat,
1621 4345 1699 4400 sic
1729 4361 1882 4399 men-

300 4451 440 4495 sura
473 4435 564 4489 Dei
587 4435 830 4496 scientia:
870 4435 1002 4489 ﬁdes
1053 4445 1156 4489 est.
1207 4434 1428 4490 Credere
1473 4437 1614 4489 enim
1658 4445 1876 4504 oportet,

1986 3233 2111 3287 audi
2156 3230 2331 3295 :Quia
2361 3229 2551 3284 Christi
2617 3232 2778 3282 bonus
2809 3231 2936 3282 odor
2999 3243 3202 3291 sumus,
3231 3227 3286 3280 in
3339 3226 3419 3279 his
3477 3227 3568 3296 qui

1985 3326 2116 3378 salvi
2137 3334 2278 3386 sunt,
2304 3332 2352 3376 et
2381 3323 2436 3376 in
2459 3324 2540 3376 his
2573 3323 2662 3391 qui
2700 3332 2915 3389 pereunt
2943 3321 3010 3374 ⁸³.
3078 3318 3284 3373 Deinde
3323 3319 3455 3373 dicit
3485 3318 3563 3372 le-

1987 3421 2205 3492 gislator
2239 3435 2253 3472 ι

2057 3510 2206 3573 Quod
2241 3517 2416 3561 autem
2449 3506 2704 3576 reliquum
2731 3506 2888 3574 fuerit
2911 3506 2974 3558 de
3000 3502 3260 3572 sacriﬁcio
3278 3501 3566 3562 eritAaron

1989 3612 2036 3655 et
2070 3601 2296 3669 ﬁliorum
2322 3602 2455 3667 ejus,
2505 3606 2744 3651 sanctum
2789 3606 3092 3649 sanctorum
3133 3603 3194 3648 de
3217 3594 3566 3650 oblationibus

1990 3693 2222 3748 Domini.
2269 3692 2551 3760 lieliqnum
2575 3689 2650 3743 ait
2678 3690 2746 3742 de
2796 3687 2882 3741 illa
2941 3687 3200 3755 perfecta,
3229 3695 3285 3740 et
3309 3686 3365 3739 in
3413 3685 3568 3739 catlis

1989 3783 2310 3839 abscondita
2333 3792 2494 3850 atque
2535 3781 2768 3849 reposita
2820 3779 2875 3831 in
2908 3778 3127 3832 Christo
3187 3776 3415 3830 scicntia
3451 3776 3568 3830 sive

1990 3875 2200 3928 notitia.
2221 3875 2282 3926 In
2313 3875 2424 3942 ipso
2457 3872 2594 3925 enim
2613 3880 2733 3924 sunt
2767 3870 3000 3923 thesauri
3017 3868 3289 3936 sapientiw
3319 3876 3368 3919 et
3395 3868 3560 3920 scicn-

1991 3969 2078 4020 tia:
2101 3966 2386 4020 absconditi
2415 3965 2481 4018 “.
2518 3964 2782 4016 Sanctum
2809 3971 3120 4016 sanctorum
3141 3969 3226 4012 est
3249 3959 3316 4011 de.
3336 3957 3565 4011 oblatio-

1989 4059 2153 4112 nibus
2185 4055 2420 4118 Domini,
2447 4053 2658 4124 partilis
2677 4052 2824 4107 enim
2845 4057 2932 4106 est
2965 4049 3190 4104 scientia
3217 4064 3338 4119 qua
3361 4049 3564 4118 reliqua

1990 4157 2096 4214 est,
2119 4162 2312 4202 omnes
2347 4155 2528 4200 tamen
2553 4145 2687 4199 alias
2738 4157 3024 4213 superans,
3065 4147 3122 4195 et
3146 4141 3453 4210 perducens
3497 4141 3562 4194 ad

1989 4240 2404 4313 perfectionem.
2429 4237 2607 4293 Aaron
2665 4251 2795 4307 ergo
2834 4242 2890 4290 et
2962 4233 3195 4288 ﬁliorum
3254 4231 3374 4302 ejus
3438 4229 3562 4283 erit.

1990 4335 2169 4390 Aaron
2199 4343 2540 4386 autemarca
2599 4329 2685 4383 vel
2728 4336 3011 4382 inantanus
3061 4325 3471 4393 interpretatur,
3511 4322 3567 4375 id

1997 4436 2100 4491 est,
2121 4425 2228 4478 alta
2261 4423 2328 4477 de
2355 4422 2464 4476 Deo
2500 4421 2831 4490 intelligens.
2859 4418 2983 4488 quia
3007 4427 3061 4471 et
3087 4431 3235 4484 arca,
3259 4424 3444 4485 utpote
3467 4417 3560 4467 ba-

236 4513 252 4539 "
301 4527 458 4582 sicut
480 4526 682 4580 Paulus
707 4527 801 4589 ait,
833 4527 922 4596 qui
953 4527 1154 4579 accedit
1197 4534 1267 4579 ad
1317 4527 1505 4590 Deum,
1561 4528 1686 4597 quia
1715 4537 1788 4580 est
1819 4529 1883 4580 ⁸⁸⁸.
1922 4523 1968 4581 ι)
1995 4522 2132 4575 bcns
2160 4519 2213 4572 in
2245 4532 2304 4571 se
2334 4515 2506 4586 legem
2539 4512 2706 4567 Dciet
2753 4511 2988 4580 eloquia,
3025 4508 3220 4564 oll‘erre
3250 4506 3568 4576 praedictum

306 4621 374 4677 Et
402 4636 636 4674 rursus:
660 4619 786 4674 Sine
814 4622 916 4688 ﬁde
949 4622 1269 4690 impossibile
1307 4631 1384 4675 est
1422 4621 1630 4691 placere
1686 4622 1790 4676 Deo
1821 4623 1888 4676 ⁷⁸.

305 4715 371 4768 lit
398 4721 463 4766 ut
491 4713 736 4768 dicamus
765 4713 1204 4776 breviter,omne
1237 4713 1375 4783 quod
1424 4728 1527 4773 non
1583 4723 1660 4766 est
1697 4728 1761 4766 ea:
1790 4713 1894 4780 ﬁde

303 4812 589 4872 peccatum
627 4811 702 4855 est
727 4841 742 4866 ,
775 4801 917 4856 sicut
947 4802 1090 4855 idem
1138 4803 1206 4856 ad
1263 4801 1540 4856 Romanos
1578 4803 1796 4870 scripsit
1822 4803 1889 4858 ⁷⁷.

307 4892 459 4961 Ergo
482 4905 592 4943 non
627 4897 949 4959 potestesse
1000 4889 1317 4959 gloriﬁcatio
1359 4889 1414 4942 in
1447 4889 1780 4944 inﬁdelitate.
1807 4889 1895 4943 ln-

307 4978 481 5032 tende
509 4986 695 5031 autem
714 4976 839 5044 quia
869 4992 995 5030 cum
1031 4977 1154 5030 oleo
1206 4977 1364 5047 jubet
1411 4976 1645 5031 similam
1697 4976 1892 5046 accipi,

309 5067 660 5138 apertissime
691 5067 1092 5138 elcemosynam
1141 5083 1244 5120 nos
1291 5067 1472 5122 facere
1509 5068 1715 5122 volens.
1767 5067 1898 5122 Date

309 5160 465 5215 cnim
498 5159 898 5230 elcemosynam,
938 5159 1114 5228 inquit
1144 5159 1427 5219 Dominus.
1452 5169 1500 5213 et
1558 5176 1670 5213 ecce
1718 5161 1896 5213 omnia

313 5251 519 5304 pianda
546 5251 941 5306 eruntuobis".
999 5250 1160 5305 Jubet
1207 5261 1388 5306 autem
1441 5267 1603 5305 omne
1655 5252 1782 5306 thus
1838 5251 1892 5304 in

313 5341 526 5412 pugillo
541 5343 718 5395 sumi:
739 5357 919 5406 omne,
938 5345 1139 5411 quare?
1167 5345 1289 5413 quia
1311 5359 1527 5412 semper
1542 5353 1752 5410 oportet
1775 5358 1892 5395 ora-

314 5447 380 5486 re
403 5469 419 5494 ,
452 5442 504 5484 et
541 5433 664 5486 sine
685 5433 1088 5488 intermissione
1115 5436 1314 5505 gratias
1336 5436 1672 5504 agere,sieut
1693 5434 1891 5490 Paul-us

313 5524 484 5578 ait”.
506 5525 609 5579 Sed
633 5527 757 5595 quis
786 5528 983 5596 estqui
1020 5527 1075 5580 in
1123 5528 1322 5597 pugillo
1364 5528 1540 5579 tollit?
1591 5527 1891 5580 secundum

949 5743 996 5774 ⁷³
1027 5749 1145 5797 Act.
1184 5759 1236 5796 κ.
1269 5744 1316 5801 i.
1350 5744 1400 5796 5.

1205 5814 1249 5844 εο
1278 5814 1297 5866 ι
1327 5815 1452 5866 Cor.
1487 5813 1620 5877 Χιιι,
1649 5815 1698 5866 9.

393 5744 438 5774 τ’
467 5741 601 5796 Gen.
634 5759 786 5806 nus,
821 5747 872 5796 αἱ.

324 5828 400 5877 λι,
432 5815 520 5866 ii.
597 5816 640 5845 7’
682 5813 698 5866 1
739 5814 937 5867 Thess.
963 5832 1012 5877 γ,
1049 5813 1126 5870 l7.

1484 5744 1528 5773 “
1558 5744 1672 5796 Jac.
1709 5761 1758 5808 v,
1784 5745 1868 5803 ixi.
1903 5744 1988 5796 15.

1777 5812 1818 5844 ⁸⁸
1853 5814 1984 5867 ibid.
2022 5813 2105 5866 1‘2.

1990 4611 2314 4668 sacriﬁcium
2343 4616 2542 4680 potest.

2061 4705 2225 4758 Vens.
2267 4699 2322 4753 4.
2356 4718 2374 4751 ι
2411 4699 2547 4754 Cum
2603 4705 2786 4750 autem
2817 4692 3082 4748 obtuleris
3119 4689 3443 4744 sacriﬁcium
3471 4704 3564 4744 co—

1994 4806 2142 4851 ctum
2173 4794 2228 4848 in
2259 4792 2474 4846 clibano
2519 4790 2587 4844 de
2633 4788 2831 4851 simila,
2885 4799 3055 4856 panes
3104 4782 3312 4836 scilicet
3364 4781 3570 4849 absque

1992 4891 2264 4945 termento
2285 4928 2300 4954 ,
2361 4898 2686 4954 conspersos
2720 4881 2875 4946 oleo,
2926 4887 2982 4934 et
3015 4878 3204 4948 lagona
3241 4889 3426 4946 azyma
3447 4873 3570 4928 oleo

1993 4983 2106 5037 lita.
2140 4999 2160 5033 ι

2064 5069 2418 5128 Admirabilis
2453 5077 2538 5123 est
2570 5066 2894 5137 legislatoris
2940 5062 3195 5122 intentio,
3237 5075 3336 5130 per
3387 5057 3567 5114 omnia

1997 5159 2272 5214 subtiliter
2300 5157 2563 5211 incedens
2596 5172 2610 5208 :
2642 5155 2768 5223 quia
2798 5153 2945 5206 enim
2993 5149 3238 5205 scientiae
3285 5147 3401 5210 Dei,
3454 5145 3569 5198 sive

1993 5251 2206 5305 notitiae
2237 5249 2493 5319 superius
2526 5248 2858 5302 mentionem
2894 5245 3042 5308 fecit,
3063 5259 3133 5297 ne
3159 5242 3304 5295 forte
3362 5238 3565 5308 putaris

1998 5353 2149 5396 extra
2179 5357 2298 5395 eam
2331 5355 2452 5395 esse
2481 5338 2902 5410 dispensationis
2924 5335 3211 5390 Dominicse
3231 5333 3564 5402 mysterium,

2000 5436 2125 5490 vide
2156 5432 2431 5503 quomodo
2477 5447 2578 5502 per
2635 5431 2919 5501 aenigmata
2981 5424 3226 5493 exponit,
3276 5418 3571 5475 nativitatis

2002 5529 2139 5598 ejus,
2207 5527 2388 5580 crucis
2435 5533 2510 5578 et'
2539 5519 2956 5578 resurrectionis
2999 5516 3186 5572 volens
3230 5513 3572 5568 introducere

2571 5741 2763 5795 "ibid.
2813 5741 2856 5772 '7
2889 5737 3039 5790 Rom.
3073 5753 3180 5794 xiv,
3204 5735 3291 5787 ’23.
3371 5732 3412 5763 ἴε
3441 5729 3570 5784 Luc.

2055 5745 2101 5773 ⁸15
2124 5745 2264 5773 "rin-
2322 5760 2345 5773 ιι

2123 5743 2282 5796 llrhr.
2322 5759 2396 5798 xu.
2441 5743 2492 5804 6,
2571 5743 2763 5795 "ibid.
2813 5743 2856 5772 ⁷⁷
2890 5743 3039 5790 Hom.
3073 5743 3291 5794 unum.
3371 5743 3412 5763 ’³
3442 5743 3570 5784 la“:-

2184 5815 2228 5844 επ
2263 5814 2303 5865 ll
2330 5814 2454 5867 Cor.
2479 5827 2537 5868 ιι,
2578 5813 2657 5866 ll.
2737 5813 2780 5841 ⁸³
2805 5810 2933 5864 ibid.
2968 5810 3043 5862 l5.
3121 5807 3384 5860 Is'ttloless.
3407 5817 3465 5868 ιι,
3483 5799 3537 5852 3.
3573 5827 3582 5862 ,

2184 5815 2228 5844 δε
2263 5814 2303 5865 ll
2330 5814 2454 5867 Cur.
2479 5827 2537 5879 tt,
2578 5813 2657 5866 ll.
