4044 6224
441 373 549 441 8οΊ

1625 369 1987 433 HESYCHII
2045 366 2512 428 PRESBYTER]

3582 368 3688 429 808

447 485 830 543 narrationem.
856 482 1192 539 Sacriﬁcium
1249 491 1488 551 coctum,
1524 481 1726 539 Christi
1777 479 2015 551 appellat
2041 486 2086 540 Α
2115 475 2276 531 oﬂ'crt
2304 493 2319 531 :
2346 475 2577 546 Eﬁ'undit
2604 486 2760 546 super
2797 492 2914 529 eam
2947 473 3158 536 oteum;
3197 472 3284 528 hic
3314 483 3520 535 autem,
3560 476 3686 543 quia

443 576 893 638 incarnationem,
925 575 991 629 ad
1024 576 1128 628 hoc
1175 575 1320 629 enim
1353 575 1669 630 incarnatus
1710 584 1796 627 est
1831 581 1890 626 ut
1911 572 2016 625 im-

443 669 758 721 molaretur.
788 667 1013 737 I‘ropter
1033 666 1178 736 quod
1206 682 1354 731 eum,
1389 667 1600 737 Agnum
1631 666 1724 719 Dei
1758 666 1850 734 qui
1879 663 2016 717 tollit

442 767 657 826 peccata
683 759 866 813 mundi
882 758 948 820 ⁸⁸,
977 757 1220 812 Joannes
1250 757 1490 826 Baptista
1516 756 1830 825 appellavit.
1850 754 2015 808 Recte

441 864 570 920 ergo
598 848 922 904 sacriﬁcium
951 849 1004 902 in
1054 849 1159 902 hoc
1191 849 1330 911 loco,
1365 855 1424 901 ut
1445 846 1796 901 denuntiaret
1816 844 2014 898 nativi-

444 947 608 994 tatem
637 939 774 1008 ejus,
803 938 1001 993 dicitur
1024 948 1240 992 coctum
1270 937 1323 990 in
1343 937 1577 998 clibano,
1610 934 2016 989 DeiGeuitricis

443 1028 695 1082 videlicet
721 1036 898 1081 utero.
938 1027 1031 1080 Illa
1062 1027 1209 1080 enim
1272 1026 1521 1080 clibanus
1571 1024 1879 1079 necessarie
1917 1039 2015 1079 uo-

442 1118 699 1181 minatur,
735 1120 858 1187 quia
890 1126 947 1172 et
981 1133 1150 1188 panes
1199 1118 1487 1188 ignemque
1506 1117 1741 1186 desuper
1768 1115 2013 1170 clibanus

443 1210 690 1280 suscipit,
714 1211 856 1266 sicut
875 1218 930 1264 et
954 1209 1047 1264 Dei
1082 1208 1357 1273 Genitrix,
1390 1210 1627 1278 desuper
1644 1208 1768 1263 vitae
1793 1222 2010 1277 panem,

444 1304 539 1358 Dei
573 1303 821 1357 videlicet
844 1301 1078 1356 Verbum
1110 1302 1165 1355 in
1186 1317 1286 1355 suo
1305 1310 1478 1366 utero,
1510 1300 1799 1370 ignemque
1826 1290 2013 1354 susceQ

444 1394 523 1461 pit
552 1392 853 1461 praesentiae
877 1391 1133 1461 Spiritus.
1188 1389 1415 1459 Spiritus
1446 1390 1612 1454 enim,
1645 1390 1841 1459 inquit,
1895 1405 2014 1443 san-

443 1493 556 1536 ctus
588 1483 909 1551 superveniet
933 1483 984 1535 iu
1008 1490 1077 1548 te,
1114 1492 1162 1535 et
1187 1483 1351 1534 virtus
1405 1480 1661 1533 Altissimi
1683 1478 2011 1532 obumbrabit

444 1576 538 1630 tibi
567 1577 634 1629 ⁸⁸.
660 1575 816 1629 Hunc
848 1574 1077 1645 Moyses,
1100 1573 1318 1644 quando
1337 1574 1477 1627 Deus
1505 1573 1573 1627 ad
1602 1572 1870 1626 Abraham
1901 1571 2012 1626 dis-

442 1667 623 1736 posuit
668 1666 892 1721 seminis
924 1673 1326 1729 testamentum,
1356 1664 1626 1719 clibanum
1659 1662 2009 1717 commendas

446 1759 549 1823 vit;
566 1759 644 1811 ait
662 1758 832 1820 enim,
854 1755 981 1825 quia
1011 1755 1266 1809 veniente
1288 1756 1401 1809 sole
1423 1756 1489 1808 ad
1517 1768 1790 1818 occasum,
1818 1752 2010 1822 (signi.

2118 569 2383 623 lncarnati
2440 569 2700 638 pietatem
2757 566 3043 638 signiﬁcat,
3117 581 3226 620 non
3285 568 3380 631 ait,
3453 566 3684 621 eiltm'dit

2115 658 2314 722 oleum,
2353 658 2470 723 sed,
2504 658 2681 712 Panes
2704 658 2759 711 in
2797 657 2908 711 oleo
2971 673 3269 727 conspersos
3309 658 3541 726 exponit.
3593 659 3683 714 His

2113 747 2258 801 enim
2292 747 2473 802 verbis
2501 747 2822 818 signiﬁcavit
2870 747 3085 801 Domini
3143 747 3503 803 nativitatem.
3547 751 3683 805 Sub-

2114 838 2468 905 sequentibus
2489 847 2671 892 autem
2706 848 2761 892 et
2790 838 3098 909 passionem
3119 838 3407 909 signiﬁcat.

2184 930 2347 986 Vens.
2387 932 2440 996 5,
2471 931 2525 986 6.
2571 950 2590 983 ι
2630 930 2686 985 Si
2726 932 2928 987 oblatio
2970 940 3061 985 tua
3102 931 3269 986 fuerit
3309 932 3376 986 de
3415 932 3687 1005 sartagine

2114 1023 2304 1079 similae
2344 1038 2653 1094 conspersae
2695 1023 2834 1088 oleo.
2871 1032 2929 1078 et
2969 1024 3177 1093 absque
3224 1023 3515 1091 fermento,
3548 1025 3685 1079 divi-

2111 1113 2208 1168 des
2234 1130 2353 1169 eam
2386 1114 2716 1178 minutatim,
2748 1115 3110 1185 eﬁundesque
3141 1131 3306 1186 supra
3337 1117 3537 1173 oleum.
3574 1137 3593 1169 ι

2185 1206 2522 1261 Sacriﬁcium
2538 1206 2606 1261 de
2635 1206 2909 1276 sartagine
2925 1190 3386 1277 dispensationem
3419 1208 3688 1278 passionis

2112 1296 2347 1366 appellat
2375 1297 2676 1368 Unigeniti:
2708 1312 2924 1352 crucem
2957 1297 3239 1352 assimilari
3272 1299 3528 1369 sartagini
3560 1316 3686 1369 pro-

2113 1398 2296 1459 pterea
2317 1389 2724 1459 judicans,quia
2749 1400 2964 1459 sartago
2985 1389 3043 1443 in
3081 1398 3289 1443 tantum
3321 1399 3404 1445 est
3424 1390 3603 1457 fortis,
3628 1402 3685 1447 ut

2112 1480 2451 1550 superposita
2485 1479 2748 1550 igni,ipsa
2784 1480 3004 1549 quidem
3033 1494 3143 1534 non
3185 1491 3558 1547 consumatur,
3583 1498 3687 1536 nec

2111 1572 2345 1641 aliquam
2364 1571 2769 1642 corruptionem
2795 1571 3063 1626 sustineat
3087 1580 3177 1626 aut
3196 1571 3636 1627 imminutionem
3666 1613 3683 1638 ,

2111 1663 2483 1733 superpositos
2495 1673 2676 1718 autem
2692 1663 2844 1718 cibos
2862 1678 2984 1717 mox
3000 1672 3060 1717 ut
3079 1662 3257 1733 ignem
3276 1664 3571 1734 tetigerint,
3599 1668 3686 1719 vel

2112 1756 2158 1810 si
2183 1755 2433 1810 duriores
2456 1753 2677 1819 iuerint,
2701 1769 2809 1808 non
2828 1754 2990 1824 longo
3028 1753 3316 1808 intervallo
3363 1764 3520 1824 aptos
3562 1757 3688 1811 esui

441 1847 568 1903 ﬁcat
594 1846 681 1900 hic
699 1823 1109 1915 ﬁnemimundi)
1134 1843 1349 1898 ﬂamma
1370 1844 1508 1898 facta
1540 1852 1642 1906 est.
1675 1849 1731 1897 et
1763 1858 1891 1897 ecce
1914 1857 2012 1912 ει)-
2042 1823 2086 1882 Β
2115 1846 2311 1902 reddit.
2361 1846 2454 1902 Sic
2498 1854 2555 1901 et
2585 1844 2789 1901 Christi
2822 1823 2974 1911 crus,
3016 1843 3171 1899 fortis
3202 1823 3422 1914 quidem
3474 1856 3684 1903 tantum

443 1937 888 2008 paruitciibanus
913 1936 1113 1990 ardens
1132 1936 1199 1990 ⁸⁷.
1248 1935 1317 1989 Et
1358 1935 1488 2004 quid
1529 1942 1614 1989 est
1649 1931 1782 1987 hoc?
1805 1932 2014 1987 addidit

442 2041 498 2084 et
519 2029 809 2100 fumigans,
828 2037 885 2082 et
907 2027 1157 2083 transivit
1185 2043 1283 2097 per
1304 2028 1540 2082 medium
1560 2026 1915 2081 divisionum.
1948 2025 2010 2079 In

442 2120 532 2174 die
589 2120 675 2175 illa
735 2119 944 2189 pepigit
984 2119 1245 2173 Dominus
1309 2118 1483 2173 imdus
1533 2133 1656 2172 cum
1715 2116 2009 2171 Abraham.

443 2209 672 2276 Quando
694 2210 839 2265 enim
885 2209 1121 2265 etelestis
1148 2209 1308 2280 ignis,
1377 2207 1611 2279 Spiritus
1648 2207 1920 2273 videlicet,
1954 2207 2011 2260 in

441 2302 655 2356 clibano
678 2300 816 2355 uteri
847 2299 1139 2356 Genitricis
1165 2299 1262 2354 Dei
1288 2301 1459 2366 venit,
1492 2312 1553 2355 ut
1578 2308 1719 2355 totas
1740 2300 2009 2357 accende-

443 2399 529 2446 ret
558 2390 744 2445 mundi
773 2399 977 2461 partes,
1012 2396 1144 2445 tunc
1192 2397 1579 2445 testamentum
1642 2390 1786 2446 Deus
1836 2391 2012 2445 Abra-

443 2481 590 2545 ham,
609 2480 663 2535 id
686 2488 772 2535 est
802 2479 1053 2551 gentibus
1072 2480 1340 2551 disposuit
1377 2499 1390 2534 :
1425 2481 1696 2536 Abraham
1723 2479 1869 2536 enim
1910 2496 2011 2551 pa-

442 2582 523 2625 ter
550 2572 782 2646 gentium
831 2571 1170 2627 nominatur.
1197 2572 1254 2626 Si
1308 2588 1436 2644 ergo
1464 2588 1667 2629 munus
1696 2573 1895 2629 oﬁ'eres
1923 2574 2012 2627 in-

440 2661 777 2717 carnationis
793 2660 1089 2732 Unigeniti,
1131 2677 1254 2731 quae
1281 2663 1339 2717 in
1381 2672 1573 2720 ventre
1605 2664 1844 2736 Virginis
1869 2664 2010 2721 facta

441 2762 547 2817 est,
580 2767 688 2805 non
717 2751 875 2805 aliter
896 2758 1182 2820 acceptum
1210 2761 1295 2807 est
1325 2751 1455 2816 Deo,
1497 2754 1600 2810 nisi
1662 2764 1878 2810 coctum
1941 2754 2011 2810 de

438 2843 637 2910 simila,
665 2842 719 2898 id
744 2858 810 2897 ex
848 2840 941 2896 Dei
964 2842 1190 2897 scientia
1219 2844 1306 2898 vel
1337 2845 1531 2900 notitia
1557 2845 1668 2901 ﬁat.
1691 2844 1845 2902 Unde
1863 2848 2008 2902 enim

440 2934 660 2988 aliunde
690 2934 757 2988 de
780 2934 882 2988 hac
915 2950 976 2989 re
1005 2934 1357 3002 locutionem,
1419 2935 1522 2991 nisi
1549 2937 1617 2991 ab
1645 2937 1907 3007 apostolis
1955 2945 2011 2992 et

440 3023 722 3095 praphetis
785 3028 1155 3095 sumpsimus?
1203 3029 1378 3084 Verba
1435 3043 1566 3098 ergo
1637 3028 2006 3099 apostolorum

438 3133 610 3189 panes
645 3118 851 3188 accipe,
874 3120 1265 3190 prophetarum
1316 3137 1447 3176 vero
1477 3122 1665 3192 lagana
1694 3138 1710 3176 :
1742 3129 2005 3191 quantum
2033 3156 2077 3214 Ω

439 3209 586 3264 enim
617 3224 786 3279 panes
814 3226 844 3265 a
873 3210 1081 3282 lagonis
1140 3213 1207 3267 ad
1240 3212 1587 3268 nutriendum
1645 3220 1774 3267 sunt
1828 3211 2006 3283 aptio-

440 3316 551 3366 res,
589 3310 797 3356 tantum
813 3304 976 3358 verba
1007 3305 1371 3373 apostolorum
1389 3304 1570 3360 verbis
1593 3305 2005 3374 prophetarum;

439 3393 656 3461 utrique
671 3401 850 3447 autem
876 3393 1080 3465 azymi,
1109 3395 1235 3464 quia
1267 3410 1332 3450 ex
1365 3394 1466 3449 alia
1496 3394 1740 3449 doctrina
1767 3393 2009 3449 [ermen-

440 3492 556 3536 tum
590 3498 702 3536 non
735 3483 959 3549 habent,
983 3485 1134 3539 verbi
1183 3485 1354 3556 gratia
1413 3485 1691 3554 sapientiae
1711 3485 2007 3549 saecularis,

439 3572 585 3639 quod
625 3573 894 3627 haereticis
909 3575 1165 3629 convenit
1201 3575 1482 3630 accedere.
1519 3574 1588 3629 Hi
1631 3575 1834 3645 quippe
1880 3590 2008 3630 cum

438 3660 706 3715 exteriora
734 3663 1088 3721 interioribus
1118 3666 1460 3736 conjungere
1484 3665 1757 3731 nituntur,
1785 3675 1840 3720 et
1892 3666 2010 3721 haec

438 3753 610 3822 magis
630 3752 736 3808 illis
769 3753 1039 3825 subjicere
1065 3763 1122 3810 et
1180 3754 1532 3821 fermentare,
1587 3772 1708 3828 qum
1781 3757 2012 3812 fermen-

441 3841 541 3895 tari
561 3842 871 3898 nullatenus
886 3855 1134 3914 possunt,
1162 3846 1232 3902 ab
1251 3847 1454 3918 azymis
1485 3848 1830 3903 sermonibus
1859 3846 2010 3904 exci-

436 3932 636 3988 derunt
666 3951 683 4001 ;
709 3934 805 3990 sed
861 3950 992 3991 ecce
1040 3937 1410 4008 apostolorum
1462 3953 1632 4009 panes
1665 3939 1721 3993 in
1746 3939 1888 4006 oleo,
1955 3947 2011 3995 et

438 4023 830 4093 prephetarum
860 4024 1052 4105 lagana
1084 4028 1140 4082 in
1165 4029 1287 4085 oleo
1312 4029 1448 4085 ﬁunt
1475 4031 1846 4086 :concorditer
1861 4031 2007 4086 enim

436 4125 493 4169 et
525 4116 594 4170 ab
623 4116 750 4184 illis,
777 4127 833 4174 et
856 4119 925 4173 ab
980 4119 1102 4175 istis
1127 4122 1392 4192 scriptum
1424 4131 1528 4189 est,
1559 4125 1687 4193 quia
1713 4139 1814 4179 nos
1843 4124 2031 4179 mise-u

440 4221 566 4261 rans
592 4205 843 4264 Christus
883 4209 1109 4265 advenit
1140 4227 1155 4278 ;
1217 4213 1313 4268 sed
1346 4215 1574 4284 apostoli
1640 4216 1855 4286 planius
1886 4233 1901 4283 ;
1932 4216 2011 4271 ait

436 4296 585 4350 enim
613 4296 810 4353 Paulus
843 4297 1331 4363 :Quemodmodum
1361 4306 1502 4359 enim
1555 4322 1644 4361 vos
1704 4308 1850 4376 prius
1909 4324 2011 4362 non

435 4387 732 4441 credidistis
753 4387 880 4452 Deo,
916 4405 1054 4443 nunc
1080 4399 1260 4444 autem
1293 4394 1704 4448 misericordiam
1749 4397 2009 4450 consecuti

2116 1939 2237 2006 fuit,
2274 1946 2329 1993 ut
2377 1953 2597 1993 omnem
2649 1942 2952 1992 creaturam
3011 1936 3308 2007 subjiceret
3353 1936 3625 1993 Cruciﬂxo
3666 1958 3684 1994 :

2114 2044 2333 2083 carnem
2378 2039 2558 2084 autem
2605 2030 2744 2099 ejus,
2784 2045 2907 2100 qua:
2948 2029 3015 2083 ad
3056 2030 3452 2084 comedendum
3500 2029 3686 2101 inepta

2110 2128 2228 2174 erat
2257 2129 2383 2174 ante
2426 2120 2757 2189 passionem,
2797 2120 2943 2192 (quis
2983 2119 3129 2175 enim
3156 2121 3444 2175 comedere
3492 2120 3685 2191 cupie~

2112 2210 2208 2267 bat
2235 2225 2454 2265 carnem
2485 2209 2644 2280 Dei?)
2679 2220 2860 2281 aptam
2893 2211 3017 2265 cibo
3035 2221 3156 2281 post
3170 2210 3479 2281 passionem
3509 2210 3639 2267 fecit
3666 2229 3681 2266 :

2111 2297 2154 2352 si
2188 2296 2334 2351 enim
2358 2312 2493 2351 non
2537 2296 2731 2352 fuisset
2768 2298 3083 2365 cruciﬁxus,
3119 2298 3447 2355 sacriﬁcium
3483 2306 3684 2370 oorpo-

2110 2387 2187 2443 ris
2217 2388 2338 2458 ejus
2368 2387 2590 2444 minime
2627 2389 3062 2445 comederemus.
3106 2390 3458 2447 Comedimus
3497 2401 3682 2447 autem

2109 2496 2258 2537 nunc
2299 2481 2506 2548 cibum,
2538 2489 2818 2537 sumentes
2861 2482 2982 2552 ejus
3027 2484 3347 2539 memoriam
3390 2483 3680 2551 passionis.

2112 2570 2262 2626 lianc
2293 2572 2627 2640 sartaginem
2661 2572 2805 2641 apud
2842 2571 3182 2628 Ezechielem
3213 2572 3478 2629 Dominus
3508 2574 3684 2645 signi-

2110 2660 2279 2716 ﬁcans
2307 2662 2383 2716 ait
2416 2678 2428 2714 :
2460 2662 2527 2716 Et
2561 2670 2639 2724 tu,
2676 2678 2822 2716 sume
2863 2662 2957 2716 tibi
2977 2664 3302 2733 sartagincm
3342 2665 3591 2735 ferream,
3630 2673 3683 2718 et

2109 2768 2268 2822 partes
2293 2768 2412 2806 eam
2444 2769 2654 2806 murum
2684 2755 2912 2824 ferreum
2956 2754 3094 2808 inter
3133 2766 3185 2809 te
3226 2765 3273 2809 et
3309 2756 3573 2810 civitatem
3608 2758 3688 2812 ⁹¹.⁴

2111 2841 2366 2898 Ferreum
2409 2844 2629 2913 quidem
2672 2859 2791 2899 eam
2828 2854 3050 2914 propter
3087 2846 3401 2916 praedictam
3438 2848 3684 2917 appella-

2109 2934 2190 2990 vit
2226 2934 2621 2990 fortitudinem.
2668 2935 2816 2991 lnter
2848 2943 2902 2990 te
2933 2945 3115 2991 autem
3154 2946 3214 2992 et
3208 2938 3549 3017 χ(ιὶνὶιίιιθιιι,
3583 2940 3681 3004 ait,

2110 3022 2164 3078 id
2209 3032 2295 3078 est
2334 3022 2635 3079 Jerusalem
2669 3025 2835 3096 :quia
2869 3027 3106 3083 maxime
3145 3028 3247 3098 ipsi
3289 3029 3344 3083 in
3382 3045 3545 3085 cruce
3576 3031 3684 3087 Do-

2110 3114 2268 3180 mini,
2298 3114 2639 3170 oﬂ‘endentes
2671 3124 2726 3171 et
2757 3116 2920 3171 illatis
2940 3118 3286 3187 passionibus
3311 3118 3381 3174 ab
3411 3119 3530 3188 ejus
3553 3129 3685 3175 sunt

2110 3206 2339 3261 scientia
2391 3207 2648 3277 separati.
2702 3206 3018 3272 Mysterium
3074 3223 3205 3279 ergo
3259 3209 3574 3278 passionum
3624 3210 3682 3265 in

2108 3298 2229 3353 oleo
2278 3299 2676 3369 conspergitur,
2722 3298 2849 3368 quia
2897 3298 3165 3355 miserans
3209 3314 3332 3363 nos,
3378 3315 3479 3371 pro
3523 3301 3684 3356 nobis

2107 3388 2372 3444 sustinuit
2410 3398 2664 3444 mortem.
2701 3388 2858 3455 Quod
2891 3398 2946 3444 et
2977 3390 3098 3445 sine
3141 3389 3413 3447 fermento
3448 3406 3592 3459 esse,
3629 3393 3680 3446 id

2108 3489 2193 3537 est
2230 3480 2494 3535 mundum
2542 3481 2611 3536 ab
2660 3480 2919 3536 exteriori
2962 3481 3079 3536 vult
3119 3497 3242 3537 esse
3280 3483 3549 3540 doctrina.
3591 3486 3683 3541 Ait

2107 3581 2286 3626 autem
2326 3589 2339 3626 ε

2179 3664 2387 3719 Diuides
2424 3681 2487 3719 ea
2531 3664 2855 3719 minutatim.
2886 3662 2960 3719 Ut
2985 3663 3039 3720 in
3070 3666 3353 3735 passiones
3390 3668 3531 3739 ejus,
3558 3685 3680 3741 quae

2107 3770 2205 3825 per
2258 3764 2439 3825 partes
2488 3766 2916 3826 processerunt,
2969 3772 3283 3812 sermonem
3338 3758 3680 3829 dividamus,

2106 3845 2275 3901 veluti
2327 3846 2532 3917 alapis,
2581 3846 2846 3918 colaphis,
2880 3848 3093 3918 sputis,
3142 3849 3559 3921 conﬁxioneque
3602 3852 3683 3907 la-

2109 3937 2261 3992 teris.

2163 4018 2426 4101 ’Elfuudes
2475 4045 2637 4099 supra
2687 4029 2877 4084 oleum.
2929 4027 3037 4085 Sed
3088 4031 3547 4100 quemadmodum
3593 4033 3682 4088 ille

2106 4120 2537 4178 misericordiam
2585 4121 2638 4174 in
2681 4121 2841 4176 nobis
2889 4121 3117 4188 habens,
3152 4138 3253 4192 pro
3286 4124 3443 4180 nobis
3479 4136 3681 4180 semct-

2108 4212 2286 4284 ipsum
2323 4212 2545 4267 tradidit
2589 4212 2850 4282 passioni,
2896 4212 2976 4268 sic
3018 4222 3236 4283 oportet
3275 4221 3331 4268 et
3366 4231 3468 4271 nos
3499 4218 3683 4286 proxi—

2110 4304 2216 4360 mis
2257 4303 2529 4368 misereri,
2565 4303 2874 4373 passionem
2914 4304 3251 4360 Dominicam
3288 4306 3355 4360 ad
3388 4307 3549 4376 hujus
3588 4322 3682 4361 ac-

2111 4396 2379 4466 cipientes
2394 4394 2955 4465 pietatisesemplum,
2972 4395 3119 4449 unde
3138 4396 3245 4449 ait:
3266 4394 3509 4466 Eﬁ‘undes
3519 4415 3680 4467 supra

434 4480 557 4532 cstis
588 4493 682 4547 per
708 4480 928 4532 istorum
957 4478 1381 4548 inobedientiam,
1403 4485 1479 4537 sic
1505 4495 1553 4538 et
1580 4486 1669 4540 isti
1698 4500 1808 4539 non
1834 4489 2004 4540 credi-
2036 4484 2083 4540 D
2109 4490 2302 4556 oleum,
2331 4498 2390 4544 ut
2407 4497 2464 4544 et
2480 4488 2793 4543 nosviscera
2814 4487 3200 4543 misericordia:
3230 4488 3683 4546 Dominisemule-

433 4570 618 4622 derunt
642 4570 698 4622 in
724 4579 893 4624 vestra
914 4571 1295 4640 misericordia,
1324 4584 1441 4629 utet
1457 4577 1558 4646 ipsi
1586 4577 2004 4632 misericordiam

434 4670 833 4731 consequantur.
888 4663 1157 4719 Couclusit
1211 4668 1350 4722 enim
1408 4667 1551 4723 Deus
1583 4670 1761 4723 omnia
1786 4670 1880 4724 sub
1896 4686 2008 4739 pec-

393 4778 397 4788 ι
433 4758 570 4815 cuto,
593 4759 651 4803 ut
680 4753 916 4809 omnibus
939 4756 1256 4811 misereatur
1298 4758 1364 4812 ⁸⁸.
1412 4758 1848 4829 ,Μίδθιθίεονόίιιιη
1881 4761 2006 4815 ubi-

432 4856 538 4908 que
558 4840 791 4911 appellat
842 4844 1107 4902 adventus
1155 4847 1357 4904 Christi
1390 4852 1726 4916 mysterium,
1785 4861 2008 4922 propter

388 4920 575 5011 jquod
606 4946 776 5000 panes
828 4935 1049 5004 quidem
1104 4936 1160 4991 in
1225 4938 1346 4993 oleo
1385 4941 1667 5010 conspersi
1725 4920 2004 4997 dicuntur.

429 5021 713 5093 Prophetas
737 5034 919 5082 autem
941 5044 1049 5085 non
1072 5030 1172 5094 sic,
1197 5032 1291 5086 sed
1321 5032 1470 5086 velut
1489 5031 1544 5086 in
1574 5034 1859 5105 tentigmate
1883 5051 1897 5099 ;
1921 5035 2007 5089 di-

427 5114 503 5168 cit
529 5117 677 5172 enim
704 5117 875 5174 David
908 5135 926 5175 :
954 5119 1315 5176 Misericordia
1345 5132 1394 5176 et
1445 5125 1640 5178 ueritas
1668 5126 2007 5180 obviauerunt

426 5205 601 5263 sibi”.
628 5207 689 5263 Et
719 5226 908 5265 rursus
939 5226 952 5264 :
979 5210 1202 5266 Ostende
1235 5213 1401 5276 nobis,
1430 5213 1677 5279 Domine,
1702 5216 2003 5270 misericor-

427 5295 572 5351 diam
597 5307 744 5353 tuam
773 5311 821 5355 et
842 5301 1084 5356 salutare
1114 5311 1263 5356 tuum
1294 5304 1363 5357 da
1415 5306 1560 5360 nobis
1588 5307 1655 5360 ⁹⁰.
1707 5307 1998 5377 Propterea

423 5396 534 5439 non
556 5401 872 5459 conspersa,
901 5392 1107 5448 sedlita
1128 5393 1251 5449 oleo
1278 5395 1469 5465 lagona
1500 5398 1858 5468 appellantur.
1892 5399 1997 5454 Sed

426 5475 644 5533 etillam
670 5482 880 5538 custodi
921 5485 1211 5540 verborum
1285 5487 1662 5553 subtilitatem,
1702 5492 1997 5561 quomodo,

427 5568 644 5632 quando
674 5573 790 5626 vult
820 5583 878 5629 ut
906 5590 1006 5632 nos
1032 5576 1408 5645 misereantur,
1471 5580 1602 5636 dicit
1656 5582 1725 5636 de
1765 5599 1852 5638 .eo
1906 5581 1997 5650 qui

489 5699 539 5736 ⁸⁸
577 5701 734 5761 Joan.
775 5724 814 5772 ι,
848 5711 937 5766 29.

433 5773 474 5808 ⁹¹
501 5773 701 5831 Ezech.
736 5792 810 5844 tv,
830 5780 882 5835 5.
957 5783 1002 5816 ⁸³
1029 5784 1160 5839 Luc.
1188 5803 1261 5855 γι,
1291 5788 1378 5841 36.

2104 4598 2265 4645 mur;
2297 4579 2374 4635 ait
2399 4578 2602 4651 quippe
2638 4597 2654 4634 :
2683 4579 2864 4634 Estotc
2912 4578 3275 4632 misericordes
3297 4579 3501 4633 sirutet
3522 4580 3685 4634 Pater

2103 4682 2269 4727 vester
2297 4671 2595 4726 misericors
2623 4678 2697 4725 cst
2722 4670 2791 4723 9’.
2823 4667 2959 4735 Quia
2991 4669 3136 4722 enim
3176 4669 3280 4724 hoc
3307 4670 3373 4723 de
3403 4668 3683 4725 Dominica

2104 4762 2450 4835 proposuerit
2510 4761 2764 4832 passione
2819 4759 3158 4829 capitulum,
3220 4760 3526 4831 designatio
3585 4761 3682 4813 de—

2105 4863 2374 4908 monstrat
2425 4853 2539 4923 ipsa
2594 4867 2929 4907 sermonum.
2986 4851 3142 4917 Quod
3185 4852 3330 4905 enim
3381 4850 3681 4906 secundum

2106 4944 2247 4999 LXX
2275 4945 2501 5007 addidit,
2533 4942 2866 5013 Sacriﬁcium
2910 4954 2986 4998 est
3029 4944 3270 5009 Domino,
3305 4945 3409 4999 hoc
3454 4943 3540 4998 hic
3588 4944 3687 4998 ad-

2103 5034 2240 5090 dens
2274 5035 2632 5104 praecipuum,
2676 5034 2822 5103 quod
2852 5050 3119 5104 nusquam
3154 5035 3210 5089 in
3272 5036 3682 5091 holocautoma-

2104 5126 2174 5180 tis
2217 5125 2516 5195 inscripsit,
2554 5133 2648 5179 aut
2680 5124 2738 5179 in
2775 5125 2898 5180 aliis
2929 5142 3050 5195 quae
3084 5127 3347 5197 praecepit
3377 5128 3632 5197 superius
3665 5144 3680 5181 :

2104 5215 2194 5271 hic
2235 5222 2417 5270 autem
2464 5215 2720 5271 addidit:
2757 5217 2885 5286 quia
2923 5216 3198 5288 Unigeniti
3245 5219 3426 5289 passio
3472 5221 3684 5274 sacriﬁ-

2106 5305 2249 5360 cium
2302 5305 2415 5360 Deo
2460 5305 2605 5361 Patri
2657 5306 2837 5362 oblata
2888 5318 3006 5373 est,
3058 5311 3410 5378 semetipsum
3440 5309 3681 5375 Christo,

2107 5398 2565 5466 quemadmodum
2616 5401 2693 5455 ait
2747 5399 2980 5465 Paulus,
3027 5399 3294 5456 oﬂ'erente
3322 5419 3336 5455 :
3367 5401 3444 5455 ait
3487 5402 3679 5455 enim:

2108 5486 2166 5542 Si
2193 5488 2330 5543 enim
2358 5490 2576 5560 sanguis
2606 5499 2898 5546 «taurorum
2951 5500 3000 5544 et
3030 5492 3315 5555 hircorum,
3345 5502 3395 5546 ct
3435 5493 3565 5545 cinis
3604 5508 3683 5545 vt-

2110 5581 2234 5636 tulae
2257 5599 2500 5652 aspersus
2529 5583 2892 5653 coinquinatos
2922 5583 3219 5652 sanctiﬁcat
3249 5585 3321 5637 ad
3345 5588 3678 5637 emundatto-

1032 5714 1079 5791 f‘
1126 5714 1255 5771 Luc.
1293 5718 1473 5791 1,35.
1546 5717 1749 5775 "Gen.
1781 5737 1874 5787 xv,
1920 5720 2005 5774 i7.
2059 5718 2104 5752 ⁸⁸
2142 5719 2303 5776 Dom.
2336 5737 2414 5787 XI,
2444 5722 2633 5778 50-32.
2711 5724 2757 5756 ⁸³
2783 5722 2926 5779 Psal.
2989 5738 3210 5791 Lxxxtv,
3266 5725 3321 5780 8.
3398 5723 3445 5756 ”
3469 5723 3600 5779 ibid.
3623 5722 3677 5777 8.
