4044 6224
359 351 466 424 '809

1518 356 1600 424 ΙΝ
1643 366 2076 426 LEViTiCUM.
2120 394 2184 401 -
2227 357 2370 430 LIB.
2413 361 2462 427 Ῑ.

3513 368 3618 438 810

361 485 476 521 nem
493 466 688 526 carnis,
716 468 910 536 quanto
931 467 1096 536 magis
1110 468 1324 538 sanguis
1348 466 1560 533 Christi,
1588 471 1676 540 qui
1703 486 1794 538 per
1818 467 1940 539 Spi-
1974 482 2014 532 Α
2047 481 2101 523 et
2135 471 2353 526 dedisse
2384 473 2503 526 viro
2542 474 2631 542 qui
2662 475 2890 529 ves-titus
2921 485 3037 531 erat
3073 467 3254 544 lineis,
3285 480 3458 551 ipsum
3489 500 3619 542 vero

362 560 519 610 ritum
537 565 774 609 sanctum
791 557 1122 618 semetipsum
1143 557 1322 612 obtulit
1339 559 1738 612 immaculatum
1754 552 1939 613 Deo”?

435 644 596 698 Vens.
641 644 792 698 7-10.
831 661 848 693 ι
884 643 980 697 Sin
1012 655 1192 699 autem
1236 646 1303 699 de
1345 647 1604 701 craticula
1648 646 1809 700 fuerit
1855 661 1941 700 sa-

361 736 668 798 criﬁcium,
720 751 874 804 aaque
924 736 1100 790 simila
1159 736 1280 791 oleo
1335 746 1745 808 conspergetur,
1775 753 1939 808 quam

359 828 599 882 oﬁ'crens
650 827 884 881 Domino
935 827 1113 882 tradet
1161 828 1414 882 manibus
1458 830 1756 884 sacerdotis
1799 829 1938 899 :qui

361 935 486 974 cum
527 919 787 974 obtulerit
829 935 973 980 eam,
1010 920 1165 974 tollet
1205 922 1520 976 memoriale
1552 922 1619 976 de
1652 922 1937 986 sacriﬁcio,

361 1021 418 1066 et
454 1012 694 1067 adole-bit
739 1027 892 1082 super
947 1013 1120 1068 altare
1152 1015 1206 1066 in
1244 1013 1468 1068 odorem
1507 1015 1790 1069 suavitatis
1833 1013 1940 1068 Do-

361 1103 532 1157 mino.
585 1102 861 1172 Quidquid
911 1112 1092 1157 autem
1144 1104 1412 1173 reliquum
1465 1115 1568 1168 est,
1611 1107 1715 1160 erit
1757 1107 1936 1159 Aaron

358 1203 418 1248 et
453 1193 686 1248 ﬁliorum
730 1194 870 1264 ejus,
913 1204 1162 1250 sanctum
1205 1207 1516 1252 sanctorum
1554 1199 1622 1253 de
1649 1197 1938 1253 oblationi-

362 1285 465 1340 bus
495 1284 730 1340 Domini.
764 1304 783 1336 ι
1199 1329 1215 1359 _.

435 1374 648 1429 Similia
679 1375 960 1444 disputare
999 1382 1056 1429 et
1090 1375 1156 1429 de
1190 1373 1592 1430 resurrectione
1629 1375 1938 1447 disceptan-

362 1473 470 1518 tofm
515 1464 648 1529 vult,
680 1465 840 1534 cujus
870 1463 1187 1534 mysterium
1231 1465 1546 1519 craticulam
1595 1481 1704 1520 non
1739 1467 1938 1522 frustra

360 1555 672 1624 appellavit,
709 1556 802 1610 sed
837 1570 934 1625 per
965 1555 1281 1610 craticulam
1321 1566 1554 1611 mortem
1591 1557 1936 1628 signiﬁcavit.

361 1648 518 1702 Sicut
565 1659 748 1702 autem
795 1648 849 1701 in
899 1648 1171 1717 sartagine
1215 1648 1552 1703 Dominicam
1585 1665 1803 1704 crucem
1844 1666 1936 1705 su-

361 1755 458 1810 pra
493 1739 827 1809 accepimus,
859 1740 932 1794 ita
966 1739 1020 1792 in
1060 1729 1318 1793 cratiCula
1359 1749 1611 1807 mortem,
1643 1743 1735 1796 sed
1770 1750 1824 1795 ct
1851 1758 1936 1797 se-

2044 557 2370 626 dispersisse
2402 561 2711 616 incendium
2750 566 2813 614 9'.
2848 564 3053 623 Docere
3089 579 3271 625 autem
3320 588 3422 628 nos
3463 575 3596 646 legis

2043 649 2181 703 lator
2209 653 2399 706 volens
2419 655 2469 706 in
2501 655 2684 725 aliquo
2722 659 2978 726 pra-dicta
3004 664 3281 732 mysteria,
3303 669 3618 723 eorumdcm

2044 744 2310 796 rationem
2342 746 2731 802 sacriﬁciorum
2763 749 2845 804 his
2872 753 3192 820 recapi'tulat
3222 757 3424 824 verbis,
3449 758 3618 824 Quam

2042 837 2223 904 offeres
2260 835 2504 903 Domino,
2537 850 2698 908 quam
2738 841 2924 911 utique
2957 845 3026 898 de
3053 846 3290 910 clibano,
3325 858 3382 904 et
3407 851 3474 905 de
3503 867 3621 906 sar-

2039 922 2245 992 tagine,
2279 932 2334 977 et
2365 924 2432 978 de
2480 927 2758 993 craticula,
2799 930 2850 984 id
2899 941 2984 986 est
3033 934 3334 990 nativitatis
3380 937 3618 1002 Domini,

2042 1020 2097 1064 et
2123 1013 2421 1080 passionis,
2450 1024 2507 1070 et
2549 1018 2737 1074 mortis
2768 1036 2781 1072 :
2819 1019 2872 1072 in
2902 1020 2986 1075 his
3014 1023 3159 1078 enim
3203 1027 3370 1082 totius
3396 1029 3618 1099 dispen-

2041 1103 2268 1159 sationis
2314 1107 2433 1175 ejus
2479 1124 2661 1163 sermo
2703 1112 2952 1180 expletus
2975 1124 3106 1169 est:
3144 1117 3196 1171 in
3243 1119 3332 1174 his
3377 1138 3621 1178 resurre-

2041 1195 2242 1250 ctionis
2290 1211 2506 1270 quoque
2564 1202 2683 1270 ejus
2743 1204 2884 1259 ratio
2947 1208 3283 1271 continetur,
3343 1213 3466 1282 quia
3527 1217 3619 1284 qui

2040 1286 2344 1352 descendit,
2380 1290 2497 1359 ipse
2545 1302 2650 1356 est,
2695 1300 2749 1347 et
2793 1297 2882 1364 qui
2933 1300 3178 1354 ascendit
3221 1317 3385 1372 super
3427 1317 3620 1360 Omnes

2041 1380 2228 1454 cados,
2263 1392 2322 1438 ut
2355 1384 2606 1453 impleret
2635 1389 2815 1443 omnia
2846 1389 2913 1443 '9.

2115 1460 2313 1525 Tradet
2347 1475 2403 1525 in
2437 1476 2678 1530 manibus
2707 1481 3010 1535 sacerdotis.
3045 1483 3153 1553 Ipsi
3183 1485 3435 1543 videlicet
3460 1489 3618 1544 Chri-

2040 1565 2145 1624 sto,
2178 1561 2271 1630 qui
2323 1574 2606 1634 postquam
2663 1571 3120 1641 appropinquavit
3169 1576 3324 1631 altari
3363 1581 3509 1648 quod
3564 1581 3616 1634 in

2041 1651 2192 1704 ccelis
2220 1661 2321 1719 est,
2355 1657 2810 1726 appropinquavit
2851 1671 3036 1717 autem
3078 1680 3242 1721 carne
3287 1685 3384 1737 per
3418 1686 3614 1726 ascen~

2043 1737 2250 1792 sionem
2279 1760 2292 1795 :
2324 1757 2602 1812 nunquam
2632 1747 2774 1800 enim
2807 1761 3089 1819 separatur
3115 1769 3144 1807 a
3171 1755 3475 1813 divinitate.

359 1831 636 1901 pulmram
686 1831 1034 1900 accipiamus"
1069 1830 1200 1896 Quae
1243 1833 1388 1885 enim
1436 1832 1579 1887 ίηιει-
1623 1833 1934 1890 craticulam
1970 1825 2010 1879 Β
2111 1829 2599 1890 Tolletmemuriale
2620 1838 2684 1892 de
2707 1842 2988 1910 sacriﬁcio.
3015 1844 3419 1906 Abundantium
3442 1853 3615 1907 scicn-

357 1933 416 1977 et
453 1925 781 1994 sartagincm
809 1923 1113 1978 dilTerentia
1145 1924 1234 1987 sit,
1263 1924 1395 1978 nulli
1424 1926 1645 1994 penitus
1676 1934 1762 1980 est
1789 1927 1938 1998 igno-

359 2027 474 2068 tum
514 2034 525 2068 :
559 2016 686 2086 quia
720 2025 934 2087 sartago
967 2031 1131 2086 super
1168 2016 1347 2087 ignem
1386 2033 1534 2071 nunc
1575 2019 1938 2073 exardescen-

360 2115 468 2159 tem
509 2116 561 2160 et
603 2121 947 2170 succensum,
980 2105 1242 2161 craticula
1280 2114 1462 2159 autem
1514 2107 1566 2160 in
1612 2107 1939 2161 carbonibus

357 2199 680 2252 ardentibus
733 2206 786 2251 et
817 2197 946 2250 olim
973 2198 1221 2251 accensis
1251 2198 1492 2267 ponitur.
1525 2196 1678 2251 Sicut
1707 2207 1760 2252 et
1795 2216 1940 2252 niors

362 2291 572 2344 Domini
605 2305 712 2342 non
741 2289 844 2344 fuit
878 2289 1093 2343 initium
1123 2290 1336 2359 aliquod
1365 2288 1656 2358 passionis,
1693 2289 1784 2342 sed
1819 2304 1940 2356 pas-

357 2382 594 2445 sionum,
626 2396 747 2450 qua:
785 2381 990 2450 pridem
1035 2382 1088 2434 in
1128 2395 1194 2434 eo
1234 2389 1474 2449 operata:
1504 2387 1652 2445 sunt,
1682 2378 1783 2432 fuit
1806 2380 1938 2433 sub-

358 2473 631 2526 sistentia.
668 2473 734 2525 Et
760 2472 923 2540 hujus
959 2486 1091 2540 ergo
1117 2486 1316 2524 munus
1347 2487 1410 2523 ex
1444 2470 1642 2530 simila.
1677 2470 1727 2524 id
1764 2484 1843 2524 est
1871 2487 1936 2524 ex

359 2564 456 2618 Dei
498 2563 828 2633 cognitione,
864 2562 977 2616 sive
1003 2562 1252 2624 scientia,
1279 2576 1400 2630 quae
1434 2561 1500 2615 de
1534 2570 1708 2614 morte
1749 2560 1936 2616 Domi-

358 2655 482 2709 nica
515 2667 621 2715 est.
659 2653 983 2724 perﬁcitur:
1014 2661 1231 2722 Oportet
1280 2653 1425 2706 enim
1457 2653 1740 2707 Christum
1784 2663 1839 2707 et
1881 2653 1936 2706 in

358 2755 536 2799 morte.
577 2745 902 2806 Deum'dici,
933 2743 1294 2797 nihilominus
1335 2743 1694 2798 immortalem
1737 2745 1934 2814 pra-di-

358 2849 483 2886 care
517 2847 645 2886 eum
694 2834 787 2902 qui
832 2844 1056 2903 propter
1095 2833 1378 2886 mortalem
1421 2849 1640 2887 carnem
1689 2845 1935 2889 mortuus

355 2929 463 2974 est.
504 2921 561 2974 In
602 2921 725 2975 oleo
761 2931 939 2975 tamen
981 2937 1182 2975 munus
1216 2923 1320 2975 ﬁet.
1371 2921 1597 2991 Oportet
1625 2923 1824 2993 quippe
1866 2926 1934 2978 de

356 3012 643 3067 Dominica
680 3023 852 3068 morte
895 3023 948 3068 et
975 3016 1377 3069 resurrectione
1410 3015 1797 3084 disputantem,
1829 3019 1932 3068 mi-

358 3105 712 3159 scricordiam
747 3120 963 3175 quoque
1008 3105 1098 3158 Dei
1121 3104 1338 3160 ‘addere
1381 3106 1666 3169 rationem,
1699 3122 1818 3176 qure
1849 3115 1932 3161 est

357 3198 559 3253 oleum.
597 3197 859 3251 \liserans
880 3197 1146 3266 siquidem
1179 3198 1756 3268 genusbumanum,et
1787 3215 1934 3252 mor-

358 3299 468 3344 tem
509 3290 787 3354 sustinuit,
819 3299 872 3344 et
911 3291 1366 3344 resurrectionem
1399 3304 1426 3342 a
1457 3291 1686 3343 mortuis
1717 3289 1935 3359 dispen-

357 3381 520 3436 savit.
551 3380 605 3435 Si
639 3390 820 3436 autem
853 3381 1031 3448 ignem
1065 3381 1156 3450 qui
1187 3396 1352 3451 super
1380 3381 1654 3435 clibanum
1680 3390 1782 3445 est,
1805 3397 1932 3435 san-

355 3481 505 3526 ctum
555 3488 676 3527 esse
716 3472 1003 3542 Spiritum,
1033 3483 1086 3526 et
1116 3472 1238 3526 ideo
1266 3480 1478 3526 uterum
1510 3471 1801 3526 Genitricis
1840 3471 1936 3526 Dei

361 3565 638 3619 clibanum
669 3565 999 3636 signiﬁcasse
1033 3565 1288 3629 diximus,
1323 3564 1374 3617 in
1409 3565 1680 3634 sartagine
1728 3574 1930 3628 autem,

353 3666 413 3710 et
454 3659 714 3711 craticula
755 3657 808 3709 in
856 3657 977 3727 igne
1015 3673 1202 3711 rursus
1236 3656 1547 3727 passionem
1595 3666 1652 3710 et
1703 3664 1932 3710 mertcm

358 3747 702 3816 interpretati
745 3762 955 3811 sumus,
985 3748 1301 3801 nullatenus
1333 3748 1449 3800 llch
1477 3745 1773 3811 discredas,
1815 3747 1933 3817 ipsa

354 3839 502 3893 enim
560 3841 654 3893 tibi
713 3840 1049 3902 satisfacere,
1096 3855 1216 3908 quae
1253 3839 1318 3891 de.
1361 3839 1606 3908 utr-isque
1653 3838 1928 3905 dicuntur,

355 3937 608 4002 possunt.
675 3930 814 3996 Quia
866 3931 918 3984 in
973 3931 1188 3985 clibano
1241 3929 1458 3998 quidem
1512 3929 1660 4000 ignis-
1698 3929 1932 3998 desuper

353 4025 618 4084 mittitur.
647 4025 712 4078 de
745 4024 884 4078 curio
921 4039 1159 4092 namque
1204 4022 1532 4075 ministratio
1563 4022 1787 4091 spiritus
1826 4029 1928 4085 est,

352 4119 422 4170 de
469 4132 578 4184 quo
623 4115 884 4169 Dominus
938 4116 1154 4168 dicebat
1185 4133 1198 4167 :
1234 4113 1415 4183 Ignem
1464 4115 1578 4166 veni
1625 4113 1831 4164 mittere
1876 4113 1931 4164 in

356 4217 556 4260 terram
586 4205 653 4258 ".
688 4205 754 4258 Et
779 4204 1020 4258 Joannes
1048 4205 1114 4258 de
1141 4205 1399 4257 Domino:
1435 4200 1554 4271 Ipse
1584 4217 1669 4255 vos
1692 4202 1931 4266 baptiza-

270 4365 282 4374 _
353 4299 426 4350 bit
459 4299 511 4348 in
536 4295 740 4365 Spiritu
770 4305 952 4349 sancto
977 4307 1023 4349 et
1057 4297 1167 4366 igni
1189 4295 1256 4348 9'.
1290 4294 1348 4347 ln
1376 4293 1642 4364 sartagine
1666 4303 1845 4347 autem
1875 4301 1932 4348 et

349 4391 610 4445 craticula
665 4389 802 4460 ignis
859 4391 927 4442 ab
967 4387 1321 4441 inferioribus
1378 4388 1630 4448 sumitur,
1684 4384 1807 4454 quia
1862 4386 1930 4439 ab

2045 1918 2151 1985 tiae,
2197 1921 2310 1976 sive
2353 1925 2706 1994 cognition-is,
2752 1930 2891 1985 sicut
2932 1934 3041 2002 jam
3092 1951 3254 2006 supra
3303 1940 3614 2007 docuimus.

2040 2010 2188 2080 quod
2246 2027 2414 2082 super
2463 2015 2633 2070 altare
2678 2019 2923 2074 adolebit
2973 2024 3117 2092 apud
3169 2041 3246 2089 se,
3303 2031 3616 2084 custodiens

2041 2099 2170 2154 illud
2204 2101 2259 2154 in
2289 2103 2546 2158 saeculum
2577 2105 2842 2162 futurum.

2110 2192 2380 2265 Quidquid
2437 2208 2614 2252 autem
2664 2201 2925 2272 reliquum
2973 2182 3067 2258 es}.
3122 2206 3177 2260 ld
3221 2217 3324 2273 est,
3354 2222 3616 2280 quantum

2037 2292 2181 2338 scire
2210 2300 2311 2339 nos
2341 2294 2396 2341 et
2423 2292 2754 2358 perscrutari
2792 2298 3068 2364 praecepit.

2111 2373 2226 2429 Hoc
2259 2377 2441 2432 Aaron
2475 2380 2575 2432 erit
2601 2389 2648 2432 et
2671 2381 2904 2449 filiorum
2937 2385 3070 2453 ejus.
3096 2387 3155 2441 'ld
3185 2398 3289 2454 est,
3317 2400 3372 2445 et
3401 2391 3489 2446 his
3523 2395 3614 2463 qui

2038 2466 2288 2522 sublimia
2321 2469 2388 2524 de
2417 2470 2525 2524 Deo
2551 2471 2791 2541 cogitare
2825 2484 2879 2528 et
2915 2479 3120 2532 sentire
3154 2492 3408 2550 possunt,
3444 2488 3616 2541 tradi-

2037 2556 2135 2620 dit,
2167 2572 2304 2625 quos
2332 2560 2470 2615 ﬁlios
2497 2560 2677 2617 Aaron
2705 2578 2825 2618 esse
2856 2567 3226 2635 praediximus.

2109 2648 2362 2705 Sanctum
2405 2663 2708 2708 sanctorum
2747 2657 2811 2710 de
2848 2657 3198 2718 oblationibus
3235 2665 3463 2723 Domini.
3500 2669 3613 2724 Ma-

2037 2742 2118 2811 gis
2173 2740 2408 2812 idipsum
2468 2746 2799 2802 conﬁrmans
2859 2749 2964 2804 hoc
3025 2751 3300 2822 lcgislator
3360 2760 3612 2830 scripsit;

2037 2840 2221 2885 sancta
2252 2835 2452 2902 quippe
2482 2847 2566 2890 est
2592 2838 2773 2892 omnis
2813 2839 2951 2894 bona
3001 2843 3248 2914 scientia,
3288 2851 3384 2904 sed
3414 2848 3610 2906 Sancta

2036 2933 2347 2977 sanctorum
2392 2941 2513 2994 (una:
2545 2926 2612 2980 de
2647 2928 2738 2983 Dei
2789 2931 3036 3001 scientia,
3069 2937 3211 2992 sicut
3237 2951 3471 3010 oportet,
3503 2944 3610 2998 ἀίδ-

2035 3019 2228 3079 putare
2265 3023 2462 3080 potest.

2111 3101 2270 3156 Vens.
2307 3104 2392 3168 ll,
2428 3105 2513 3160 12.
2561 3121 2581 3159 ι
2611 3108 2801 3166 Omnis
2846 3112 3051 3171 oblatio
3086 3133 3205 3187 qua:
3247 3120 3472 3178 offertur
3502 3122 3611 3178 Dii-

1980 3199 2003 3220 λ
2037 3193 2186 3246 mino
2215 3196 2422 3266 absque
2455 3198 2722 3255 fermento
2752 3205 2865 3267 ﬁet,
2899 3222 2999 3260 nec
3032 3210 3326 3280 quidquam
3356 3213 3608 3272 fermenti

2035 3299 2099 3337 ac
2129 3286 2303 3341 mellis
2329 3288 2637 3345 adolebitur
2669 3294 2722 3346 in
2764 3297 3087 3353 sacriﬁcium
3128 3301 3376 3359 Domino.
3417 3307 3620 3362 Primi-

2036 3378 2139 3431 tias
2187 3388 2393 3434 tantum
2437 3398 2624 3437 eorum
2661 3387 2905 3442 'oll‘eretis
2949 3405 3012 3444 ac
3053 3409 3301 3459 munera,
3333 3411 3498 3467 super
3530 3401 3610 3453 al-

2039 3479 2150 3524 tare
2180 3489 2309 3527 vero
2337 3490 2443 3528 non
2472 3487 2746 3546 ponentur
2775 3481 2828 3534 in
2856 3483 3078 3539 odorem
3110 3489 3410 3545 suavitatis.
3441 3510 3463 3544 υ

2105 3561 2252 3617 Nihil
2303 3569 2704 3625 communionis
2755 3574 2868 3627 vult
2917 3575 3120 3632 habere
3166 3580 3470 3636 doctrinam
3517 3582 3608 3638 Dei

2034 3663 2156 3704 cum
2190 3654 2445 3707 exteriori
2475 3655 2722 3711 scientia.
2753 3657 2907 3724 Quod
2937 3663 3082 3716 enim
3117 3663 3444 3722 fermentum
3477 3671 3612 3724 alie-

2034 3758 2159 3796 nam
2213 3745 2516 3800 doctrinam
2586 3750 2860 3818 appellat.
2922 3764 3111 3822 aperte
3172 3756 3292 3825 ipse
3349 3758 3608 3815 Dominus

2034 3832 2240 3898 docuit,
2269 3836 2456 3890 dicens
2497 3838 2774 3908 discipulis
2811 3845 2963 3897 suis:
2995 3844 3262 3900 Attendite
3283 3865 3321 3899 ea
3346 3849 3606 3918 fermento

2034 3923 2426 3980 Pltarisrcorum
2473 3937 2520 3980 et
2547 3927 2967 3985 Sadducazormn
2996 3935 3034 3986 ¹.
3081 3934 3216 4003 Ipsis
3245 3946 3425 3992 autem
3463 3940 3606 4011 igno-

2035 4015 2282 4069 rantibus
2324 4032 2444 4085 quae
2488 4018 2830 4088 dicebantur,
2861 4021 3070 4078 addidit
3099 4041 3112 4077 :
3142 4023 3378 4080 Necdum
3417 4029 3607 4086 intelli-

2032 4107 2174 4178 gitis,
2225 4125 2388 4180 neque
2436 4113 2750 4180 cognoscitis
2779 4113 2904 4184 quia
2949 4132 3057 4169 non
3111 4119 3174 4172 de
3215 4122 3442 4188 panibus
3495 4124 3605 4177 dixi

2031 4200 2170 4253 vobis
2215 4202 2255 4252 ².
2312 4201 2375 4254 Ει
2429 4209 2558 4256 tunc
2638 4219 3011 4276 cognoverunt
3063 4209 3188 4279 quia
3238 4211 3305 4265 de
3359 4213 3603 4268 doctrina

2033 4291 2346 4346 Scribarum
2380 4304 2441 4349 et
2482 4293 2878 4353 Pharisaeorum
2915 4299 3159 4357 dixisset.
3205 4302 3308 4358 Mel
3338 4323 3464 4360 vero
3507 4323 3603 4376 pa-

2033 4400 2297 4454 ganorum
2343 4386 2642 4442 doctrinam
2700 4389 2952 4462 intelligi.
3007 4404 3227 4465 propter
3283 4399 3600 4456 suavitatem

355 4482 669 4538 hominibus
719 4481 810 4550 qui
864 4488 1046 4533 mente
1097 4478 1152 4531 in
1199 4476 1399 4532 inﬁmis
1443 4477 1646 4546 jacent,
1681 4475 1928 4545 provenit
1962 4498 2004 4551 ι)
2036 4475 2344 4539 verborum,
2379 4485 2433 4529 et
2466 4477 2808 4533 dulcedinem
2849 4482 3071 4550 eloquii,
3102 4485 3356 4540 Salomon
3387 4488 3438 4540 in
3471 4488 3600 4542 Pro—

354 4570 681 4640 praeparatio
730 4567 1016 4636 passionis.
1062 4566 1218 4631 Quod
1264 4575 1445 4618 autem
1484 4566 1620 4636 ignis
1661 4581 1757 4634 pro
1803 4581 1930 4633 pas-

352 4661 506 4714 sione
521 4660 804 4728 accipitur,
831 4659 954 4713 audi
979 4656 1269 4711 Jeremiam
1298 4656 1566 4710 dicentem
1594 4674 1607 4708 :
1639 4656 1701 4708 Et
1733 4657 1930 4726 factum

351 4759 429 4802 est
460 4750 612 4817 quasi
661 4749 798 4818 ignis
848 4753 1060 4807 ardens.
1104 4756 1152 4799 et
1177 4757 1411 4798 wstuans
1428 4747 1481 4797 in
1499 4747 1693 4797 ossibus
1713 4747 1839 4798 meis
1864 4745 1928 4798 ⁸⁸.

353 4841 424 4894 Et
477 4854 665 4892 rursus
717 4838 926 4892 David:
965 4837 1218 4890 Dominus
1260 4837 1314 4888 in
1354 4837 1437 4889 ira
1479 4853 1572 4890 sua
1607 4839 1931 4890 conturbabit

348 4946 462 4995 eos,
492 4940 540 4984 et
573 4931 848 4984 decumbit
891 4946 975 4984 eos
1014 4930 1148 4999 ignis
1178 4930 1244 4980 υτ.
1278 4927 1502 4981 Mortem
1529 4929 1737 4992 dicens,
1767 4944 1930 4997 quam

347 5022 738 5092 peccatoribus
777 5021 1025 5074 illaturus
1054 5028 1189 5072 erat.
1223 5017 1340 5072 Non
1373 5027 1456 5073 est
1485 5028 1664 5072 autem
1696 5020 1930 5074 admira-

353 5114 482 5174 bile,
507 5115 782 5167 carbones
811 5113 1013 5182 quippe
1041 5109 1269 5181 spiritali
1302 5110 1591 5164 traditione
1619 5123 1715 5163 eos
1762 5127 1932 5180 panes

348 5205 446 5274 qui
494 5219 659 5258 causa
704 5213 834 5257 sunt
884 5203 1107 5255 luminis
1163 5209 1215 5254 et
1259 5200 1577 5270 perditionis
1607 5200 1926 5269 accipimus.

351 5296 523 5350 Isaias
573 5295 776 5351 etenim
831 5310 996 5347 unum
1041 5296 1109 5347 de
1149 5292 1442 5346 (Ihernbim
1476 5292 1723 5352 missum,
1771 5307 1928 5345 acce-

353 5387 502 5456 pisse
547 5389 837 5441 carbonem
889 5387 956 5440 de
1009 5385 1185 5447 altari,
1226 5393 1282 5437 et
1318 5383 1614 5436 mandasse
1663 5398 1820 5435 suum
1867 5397 1928 5435 os

351 5480 507 5534 dixit.
559 5478 812 5534 Ezechiel
861 5478 1023 5533 etiam
1079 5479 1148 5531 de
1197 5476 1401 5531 eisdem
1459 5475 1789 5536 carbonibus
1836 5474 1926 5542 qui

351 5579 508 5626 erant
553 5571 607 5625 in
658 5571 840 5626 medio
887 5568 1209 5632 Cherubim,
1259 5565 1450 5622 tulisse
1489 5566 1639 5644 ‘dixit
1678 5565 1924 5630 Cherub,

421 5707 469 5740 ”
496 5706 659 5763 Hebr.
690 5721 764 5762 Ix.
802 5705 884 5766 l5,
913 5703 999 5757 N.
1075 5702 1122 5736 "‘
1147 5701 1279 5757 Luc.
1312 5719 1411 5761 ιιι,
1444 5701 1532 5756 l9.

360 5796 413 5842 tt,
440 5778 493 5831 7.
590 5779 636 5809 ”
669 5775 866 5844 Ephes.
903 5791 977 5840 IV,
1006 5773 1061 5835 9,
1089 5773 1176 5827 10.
1203 5787 1216 5800 ⁶
1273 5773 1288 5804 ¹
1329 5772 1519 5825 Matth.
1548 5788 1661 5836 xvr,
1688 5771 1740 5824 6.

551 5872 820 5932 PA'mon.
865 5869 980 5928 Gn.
1027 5868 1229 5928 XClll.

1609 5700 1655 5732 ⁸⁵
1680 5698 1868 5754 Matth.
1907 5715 1988 5759 Ill.
2015 5699 2101 5754 il.

1609 5788 1661 5824 τι.
1688 5771 1740 5824 6.
1841 5772 1860 5801 ¹
1892 5769 2024 5824 ibid.
2085 5771 2117 5824 9

1892 5785 2024 5824 ιυια.
2085 5785 2138 5824 ν.

2036 4566 2234 4620 verbiis
2273 4567 2450 4631 docet,
2491 4568 2678 4623 dicens
2720 4589 2738 4622 -:
2781 4571 2902 4624 Non
2943 4577 3183 4644 respicies
3225 4579 3296 4630 ad
3329 4580 3599 4635 mulierem

2035 4659 2353 4711 meretricem
2389 4659 2591 4730 :favus
2639 4663 2776 4714 enim
2809 4662 3072 4717 distilluns
3115 4666 3260 4726 labia,
3298 4671 3600 4730 meretricis.

2033 4759 2080 4802 et
2111 4751 2326 4803 nitidius
2377 4751 2487 4804 oleo
2531 4760 2711 4821 guttur
2740 4752 2874 4822 ejus,
2912 4757 3192 4812 novissima
3241 4770 3418 4815 autem
3463 4763 3604 4818 illius

2034 4858 2222 4894 amara
2267 4844 2418 4909 quasi
2463 4843 2793 4914 absyntliium
2821 4845 2860 4898 ³.
2893 4846 3200 4904 Novissima
3240 4861 3418 4907 autem
3449 4858 3602 4922 qum?

2033 4931 2250 5000 quando
2282 4932 2538 4987 videlicet
2576 4934 2718 4988 inter
2751 4951 2932 4990 veram
2965 4939 3288 5008 sapientiam
3321 4951 3376 4996 ct
3405 4943 3604 5002 ﬁctam.

2028 5021 2277 5090 falsoque
2348 5032 2594 5077 utentem
2669 5025 2892 5081 nomine
2959 5027 3270 5083 discernere
3355 5033 3604 5100 cmperis.

2032 5113 2169 5165 Nam
2213 5113 2339 5168 licet
2367 5113 2626 5169 Ecclesia:
2657 5115 2714 5168 in
2746 5116 2991 5172 Canticis
3030 5119 3366 5174 canticorum
3401 5122 3545 5176 dicat
3592 5141 3602 5174 :

2034 5202 2139 5255 Mel
2182 5213 2234 5255 et
2279 5202 2360 5255 lac
2401 5207 2494 5256 sub
2535 5203 2718 5275 lingua
2751 5214 2843 5258 tua
2870 5205 2914 5273 ⁸,
2953 5220 3063 5260 non
3102 5206 3425 5260 contradicit
3469 5223 3607 5277 prer-

2035 5294 2304 5363 sentibus,
2339 5295 2433 5349 sed
2462 5304 2518 5349 et
2557 5297 2709 5350 valde
2739 5297 3030 5350 consentit.
3074 5297 3258 5365 Neque
3284 5299 3433 5352 enim
3473 5299 3607 5352 dixit
3637 5285 3642 5294 ἰ

2035 5386 2091 5440 in
2144 5387 2324 5457 lingua
2371 5399 2481 5452 tua,
2517 5387 2612 5441 sed
2657 5387 2748 5441 sub
2779 5388 2980 5458 lingua,
3035 5396 3093 5442 ut
3134 5392 3446 5445 ostenderet
3481 5391 3605 5456 quia

2035 5493 2368 5548 paganorum
2413 5477 2701 5546 sapientia,
2734 5487 2789 5532 et
2819 5478 3128 5534 Judmorum
3169 5477 3369 5545 littera,
3409 5481 3606 5551 lingu-.e

2035 5567 2312 5632 Ecclesiae,
2348 5567 2399 5622 id
2431 5577 2512 5622 est
2540 5568 2800 5623 doctrinm
2822 5567 3066 5638 subjecta
3100 5576 3200 5621 est.
3240 5567 3376 5640 Ergo
3414 5570 3604 5625 borum

2178 5699 2224 5732 "
2248 5699 2450 5756 Jerem.
2473 5717 2561 5764 xx,
2591 5703 2643 5756 9.
2745 5702 2790 5734 "'
2823 5699 2966 5755 Psal.
3021 5717 3114 5768 xx,
3152 5703 3235 5757 10.
3335 5703 3380 5736 ’⁸
3406 5703 3610 5762 Ezech.

2245 5771 2265 5800 ³
2303 5769 2459 5825 Prov.
2497 5789 2546 5834 v,
2574 5772 2694 5826 9-4.
2771 5771 2793 5801 ⁸
2823 5771 2978 5826 Cant.
3035 5788 3109 5839 tv,
3167 5773 3253 5830 Η.

3208 5868 3280 5930 26
