4030 6240
417 223 510 310 8n

1608 237 1971 298 HESYCHll
2013 236 2485 302 PRESBYTERI

3582 233 3695 302 812

414 373 529 413 non
574 354 690 410 vult
741 353 1003 425 integram
1051 349 1163 406 Deo
1225 347 1529 405 doctrinam
1590 349 1778 404 offerri
1816 368 1830 404 :
1867 347 1996 403 inde
2032 359 2070 410 Α
2103 352 2368 408 rationale
2412 363 2517 409 est.
2573 354 2713 426 Ergo
2784 355 3094 409 testamenti
3127 355 3420 426 evangelici
3463 365 3518 409 et
3561 357 3693 410 salis

415 445 548 502 dicit
587 485 600 497 .

485 535 606 591 Non
644 533 941 588 adolebitur
969 533 1025 585 in
1068 532 1388 604 sacriﬁcium
1445 533 1584 596 quod
1631 541 1706 585 est
1757 532 1812 582 in
1860 531 2005 582 holo-

385 637 675 689 ‘caustum,
706 624 974 694 primitias
1005 632 1214 676 tantum
1246 639 1430 678 eorum
1462 625 1706 694 oﬂ'eretis.
1743 622 2008 691 Praecepit.

413 721 563 775 enim
585 733 650 773 ex
685 726 840 787 parte
868 716 1013 770 illius
1041 715 1323 786 sapientia:
1356 716 1626 786 primitias
1653 715 1858 779 offerri,
1897 727 2004 767 non

419 821 604 866 autem
648 810 810 879 plene
841 825 903 863 ea
935 809 1037 871 uti,
1068 809 1163 862 sed
1207 807 1665 878 quemadmodum
1708 823 1831 862 cum
1867 807 2000 859 Pan.

420 905 500 963 lus
520 904 666 972 apud
687 901 1055 955 Athenienses
1081 901 1521 964 concionaretur,
1551 901 1738 954 dicens
1762 901 1781 930 ⁵
1821 917 1833 952 :
1861 897 2008 952 Sicut

413 995 635 1064 quidam
665 1002 831 1047 tester
885 1001 1037 1062 poeta
1066 992 1194 1044 dixit
1237 1007 1256 1044 :
1308 991 1476 1060 Hujus
1521 1001 1568 1044 et
1613 1007 1772 1062 genus
1807 1006 2007 1051 sumus,

415 1086 509 1155 qui
541 1085 832 1139 inveniens
875 1082 1099 1136 verbum
1155 1083 1399 1135 exterius
1440 1081 1504 1135 ad
1541 1080 1881 1136 occasionem
1915 1073 2010 1133 Dei

417 1175 664 1233 scientiae
707 1183 915 1244 aptum,
965 1187 1074 1227 non
1126 1173 1347 1243 quidem
1401 1171 1628 1241 respuit,
1679 1186 1779 1224 nec
1829 1181 2010 1223 tamen

421 1269 650 1333 addidit,
686 1283 867 1338 neque
916 1266 1064 1320 enim
1119 1265 1245 1319 inde
1291 1265 1428 1318 ultra
1476 1263 1783 1318 testimonia
1831 1260 2014 1316 multi-

423 1356 668 1426 plicavit.
718 1354 942 1422 Quare?
990 1355 1116 1423 quia
1171 1353 1382 1406 Placuit
1439 1353 1543 1404 Deo
1595 1367 1686 1420 per
1731 1350 2012 1404 stultitiam

422 1447 844 1518 predicationis.
893 1446 1034 1500 sicut
1080 1445 1194 1513 ipse
1244 1443 1438 1496 Paulus
1486 1443 1583 1508 ait,
1631 1442 1799 1496 salvos
1842 1443 2014 1512 facere

424 1541 712 1602 credentes,
746 1548 802 1592 ut
831 1539 959 1607 ﬁdes
987 1547 1159 1591 vestra
1192 1554 1293 1590 non
1340 1537 1407 1590 sit
1447 1537 1504 1588 in
1544 1535 1808 1604 sapientia
1846 1535 2014 1588 homi-

423 1648 586 1696 num,
640 1631 730 1685 sed
781 1632 837 1683 in
890 1630 1079 1683 virtute
1124 1628 1225 1682 Dei
1263 1629 1303 1682 '.
1348 1627 1576 1698 Propter
1625 1627 1767 1697 quod
1811 1626 1890 1680 ait
1932 1626 2013 1682 le-

425 1723 557 1793 gisla
566 1732 651 1776 tor
683 1743 695 1777 :

494 1813 667 1884 Super
699 1812 876 1866 altare
901 1829 1022 1866 vero
1051 1828 1155 1866 non
1184 1813 1520 1881 imponentur
1548 1811 1601 1864 in
1634 1815 1846 1864 odorem
1881 1808 2008 1862 sua-3

423 1907 622 1961 citatis.
667 1904 733 1958 Et
773 1919 894 1958 cum
933 1903 1126 1957 liceret
1165 1902 1268 1956 dici
1306 1915 1416 1954 non
1450 1909 1748 1970 ponuntur,
1776 1913 1884 1952 non
1912 1911 2010 1967 po-

423 2007 628 2053 nentur
662 1996 820 2058 dixit,
871 1993 1168 2049 ostendens
1214 1993 1362 2064 quia,
1416 1992 1519 2046 etsi
1572 2007 1672 2046 nos
1714 1989 2012 2045 tentaveri-

423 2107 550 2146 mus
588 2091 656 2146 de
701 2088 1070 2144 exterioribus
1117 2083 1418 2139 divinitatis
1461 2082 1685 2153 adipisci
1733 2080 2007 2143 notitiam,

423 2185 491 2238 ad
533 2183 702 2237 altare
749 2180 840 2234 Dei
893 2178 999 2233 tale
1050 2179 1154 2232 hoc
1200 2175 1525 2230 sacriﬁcium
1583 2189 1694 2227 non
1745 2172 2008 2235 ascendit,

424 2291 528 2332 nec
577 2277 716 2331 odor
767 2273 826 2329 ﬁt
881 2270 1170 2327 suavitatis
1221 2267 1471 2332 Domino,
1522 2266 1614 2321 sed
1661 2263 2013 2321 inferioribus

422 2369 718 2440 deputatur
747 2365 853 2422 tale
882 2361 1229 2423 sacriﬁcium,
1263 2371 1338 2427 et,
1373 2368 1560 2429 utpote
1590 2358 1733 2429 quod
1756 2357 1824 2412 de
1867 2363 2011 2410 terra

424 2460 591 2515 habet
623 2455 1055 2519 subsistentiam,
1084 2455 1151 2508 ad
1183 2464 1381 2508 terram
1413 2451 1758 2521 deprimitur.

497 2549 664 2604 Vens.
711 2549 800 2601 15.
855 2563 874 2596 ι
913 2545 1192 2615 Quidquid
1245 2543 1508 2598 obtuleris
1562 2542 1848 2606 sacrificii,
1902 2539 2012 2594 sale

428 2642 673 2703 condies,
705 2654 810 2694 nec
854 2637 1071 2691 auferes
1104 2637 1182 2689 sal
1216 2635 1437 2689 foederis
1469 2634 1559 2688 Dei
1604 2635 1680 2686 tui
1733 2634 1798 2687 de
1841 2631 2014 2687 sacri-

429 2734 557 2789 ﬁcio
601 2741 717 2786 tuo.
755 2730 813 2784 ln
842 2729 990 2783 omni
1023 2727 1298 2782 oblatione
1327 2726 1526 2781 oﬁ‘eres
1555 2727 1652 2780 sal.
1688 2745 1708 2780 ι

499 2823 694 2880 Cernis
745 2821 870 2892 quia
922 2820 991 2875 de
1043 2819 1152 2873 Deo
1205 2819 1492 2887 loquentes
1539 2831 1645 2869 non
1696 2815 1809 2869 vult
1851 2815 2014 2868 nimis

428 2917 680 2974 exteriori
708 2915 786 2970 uti
816 2912 1106 2983 sapientia,
1144 2912 1237 2966 sed
1290 2909 1607 2982 apostolica,
1638 2908 1703 2962 de
1734 2921 1839 2978 qua
1871 2905 2012 2959 Pau-

427 3011 516 3066 lus
552 3009 719 3064 dicit:
748 3005 1080 3076 Sapientiam
1131 3004 1397 3075 loquimur
1435 3003 1572 3056 inter
1616 3001 1888 3071 perfectos,
1921 3015 2012 3051 sao

428 3102 683 3173 pientiam
720 3111 895 3152 autent
932 3114 1034 3150 non
1067 3096 1251 3150 mundi
1296 3094 1476 3164 hujus,
1506 3109 1672 3158 neque
1718 3091 2015 3160 principum

430 3192 615 3248 mundi
644 3191 823 3262 hujus,
855 3190 945 3260 qui
977 3189 1343 3250 destruantur,
1388 3185 1478 3239 sed
1510 3184 1773 3252 loquimur
1806 3182 1898 3235 Dei
1929 3198 2018 3234 sa-

432 3286 712 3354 pientiam,
746 3285 800 3336 in
830 3281 1080 3350 mysterio
1117 3278 1498 3339 absconditam,
1544 3292 1704 3347 quam
1743 3272 2018 3342 pra’desti-

430 3375 578 3430 'ttaoit
629 3372 770 3426 Deus
821 3379 944 3425 ante
989 3368 1183 3424 alecula
1223 3368 1294 3421 ad
1335 3367 1560 3439 gloriam
1608 3375 1841 3419 nostram
1871 3363 1910 3416 ⁷.
1951 3361 2017 3416 Et

433 3468 582 3524 unde
609 3474 694 3521 est
734 3473 969 3526 certum,
1001 3461 1160 3520 dicis,
1193 3461 1318 3530 quia
1347 3459 1424 3513 sal
1453 3474 1550 3528 pro
1589 3457 1884 3527 apostolica
1927 3470 2016 3510 sa-

433 3560 640 3633 pientia
685 3555 854 3612 dixit?
901 3555 1070 3609 Plane
1113 3553 1216 3609 hoc
1257 3552 1416 3606 nobis
1453 3551 1715 3605 Dominus
1753 3548 2014 3612 ostendit,

434 3652 625 3706 dicens
670 3645 929 3720 apostolis
961 3663 974 3698 :
1012 3643 1107 3698 Vos
1152 3643 1274 3697 estis
1308 3641 1390 3696 sal
1430 3650 1616 3705 terra;
1643 3640 1688 3692 si
1729 3647 1902 3692 autem
1934 3638 2018 3691 sal

434 3743 727 3808 euanuerit,
753 3740 824 3794 ad
859 3737 1082 3793 nihilum
1123 3735 1314 3790 ualebit
1347 3733 1509 3796 ultra,
1546 3733 1647 3787 nisi
1676 3741 1732 3786 ut
1773 3731 2018 3786 mittatur

437 3839 599 3908 foras,
621 3844 670 3888 et
696 3830 1028 3888 conculcetur
1047 3829 1111 3883 ab
1133 3826 1426 3882 hominibus
1447 3825 1489 3878 ⁸.
1520 3823 1813 3894 Propterea
1833 3832 2014 3878 autem

436 3928 516 3984 sal
563 3924 916 3998 apostolicam
968 3922 1297 3993 sapientiam
1343 3918 1657 3990 appellavit,
1705 3917 1834 3988 quia
1878 3917 2018 3971 sicut

435 4016 614 4070 omnis
653 4015 808 4069 cibus
849 4012 915 4066 ad
949 4011 1304 4065 nutriendum
1338 4016 1500 4078 aptus
1553 4006 1866 4061 omnimodo
1905 4005 2018 4061 sale

436 4107 692 4163 conditur
724 4148 739 4171 ,
772 4105 848 4159 ita
879 4113 934 4158 et
966 4102 1146 4157 omnis
1189 4115 1370 4156 sermo
1401 4098 1550 4154 utilis
1586 4097 1654 4153 ad
1692 4098 2015 4167 iuvandum,

437 4197 750 4269 apostolicae
781 4192 1097 4249 omnimodo
1125 4191 1496 4246 necessarium
1535 4189 1702 4243 habet
1740 4189 2018 4259 sapientia:

437 4287 873 4345 condimentum.
911 4284 1208 4354 Propterea
1245 4296 1358 4337 non
1403 4282 1595 4337 abesse
1647 4283 1726 4336 sal
1773 4297 1803 4334 a
1849 4281 2019 4336 sacri-

2112 447 2390 514 apostolici
2423 464 2761 518 praemonere
2791 464 2890 503 nos
2919 449 3192 520 legislator
3221 449 3356 505 vult.

2182 536 2344 593 Vens.
2383 539 2470 593 16.
2507 559 2526 591 ‹
2563 539 2660 593 Sin
2709 549 2892 594 autem
2941 539 3206 595 obtuleris
3251 554 3452 594 munus
3499 536 3688 610 primi;

2113 628 2309 682 tiarum
2363 631 2576 701 frugum
2615 639 2830 685 tuarum
2886 631 3137 695 Domino,
3190 631 3257 686 de
3306 630 3470 700 spicis
3511 632 3692 684 adhuc

2113 721 2412 776 virentibus
2456 722 2689 777 torrebis
2726 737 2818 777 eas
2863 723 2969 793 igni
3003 736 3016 776 :
3048 733 3103 777 et
3143 722 3454 793 confringes
3491 737 3585 776 eas
3637 724 3691 775 in

2110 828 2318 866 morem
2372 814 2550 877 farris,
2579 826 2632 869 et
2659 815 2739 870 sic
2768 813 2967 869 offeres
2990 814 3261 884 primitias
3286 823 3406 869 tuas
3436 813 3690 873 Domino.

2113 903 2347 960 fundens
2383 920 2547 975 super
2590 920 2653 959 ea
2697 906 2899 967 oleum,
2931 913 2985 959 et
3026 905 3153 960 thus
3201 903 3512 974 imponens,
3563 904 3690 973 quia

2111 990 2314 1051 oblatio
2345 995 2558 1052 Domini
2587 1006 2689 1062 est,
2717 999 2782 1050 de
2806 1012 2910 1068 qua
2943 996 3180 1050 adolebit
3208 995 3465 1061 sacerdos
3491 995 3546 1049 in
3572 1011 3689 1048 nie-

2114 1089 2343 1142 moriam
2395 1088 2660 1152 muneris,
2699 1096 2904 1158 partem
2948 1088 3110 1143 farris
3157 1088 3314 1142 fracti
3347 1097 3404 1143 et
3451 1089 3576 1153 olei,
3627 1104 3693 1141 ac

2115 1185 2285 1231 totum
2318 1173 2465 1232 thus.
2500 1197 2517 1228 ι

2187 1267 2306 1322 Non
2333 1269 2507 1323 solum
2552 1269 2801 1340 prrecipit
2842 1268 2935 1324 Dei
2985 1269 3236 1324 notitiam
3273 1269 3388 1325 sive
3408 1269 3691 1324 scientiam

2113 1375 2208 1414 eos
2235 1360 2433 1414 oderre
2473 1361 2566 1430 qui
2617 1360 2671 1414 in
2712 1360 2902 1415 eadem
2939 1359 3166 1416 scientia
3203 1356 3433 1414 multum
3479 1369 3695 1429 tempus

2114 1461 2554 1523 permanserunt,
2603 1451 2698 1508 sed
2742 1460 2798 1507 et
2842 1452 3166 1506 inchoantes
3207 1451 3352 1504 illam
3381 1451 3558 1520 qualis
3589 1449 3696 1504 fuit

2115 1539 2315 1594 Paulus
2362 1557 2374 1594 :
2421 1556 2545 1595 mox
2603 1540 2748 1594 enim
2799 1547 2858 1594 ut
2911 1548 3137 1594 vocatus
3192 1547 3310 1604 est,
3358 1537 3691 1607 pradicas-it.

2116 1631 2345 1702 Propter
2365 1633 2509 1703 quod
2550 1633 2647 1695 sic,
2673 1648 2792 1701 qua:
2823 1647 2973 1687 nunc
3001 1632 3278 1691 dicuntur.
3304 1630 3692 1702 intelligamus.

2043 1699 2086 1754 Β
2116 1699 2433 1774 Primitivus
2478 1718 2590 1774 Deo
2633 1699 2719 1772 est
2773 1719 2816 1772 is
2857 1717 2950 1787 qui
2996 1717 3210 1772 noviter
3242 1717 3411 1786 cmpit
3450 1699 3690 1778 credere.

2112 1820 2165 1866 et
2201 1811 2294 1882 qui
2338 1811 2389 1866 ei
2442 1811 2652 1881 nullum
2707 1810 2917 1881 pridem
2967 1810 3166 1864 divinae
3209 1809 3454 1864 scientia:
3498 1808 3696 1864 obtulit

2113 1901 2374 1957 fructum.
2419 1899 2474 1956 Si
2521 1916 2652 1973 ergo
2700 1900 2750 1955 ei
2803 1899 3131 1955 sacriﬁcium
3173 1899 3320 1954 verbi
3367 1899 3461 1953 Dei
3508 1900 3696 1954 oderi—

2112 2010 2256 2060 mus,
2289 1994 2575 2050 scientiam
2629 1993 2748 2063 ejus
2793 1993 3010 2048 noviter
3048 1992 3394 2055 inchoantes,
3429 1999 3484 2046 et
3511 1991 3697 2046 viren-

2113 2086 2186 2139 tia
2233 2085 2476 2156 quidem,
2510 2095 2570 2140 ut
2620 2087 2835 2140 uoviter
2883 2084 3012 2155 quid
3059 2084 3336 2138 discentes
3381 2092 3439 2138 et
3482 2083 3697 2137 noviter

2113 2181 2482 2250 percipientes
2513 2179 2876 2234 obtulerimus
2909 2196 2922 2230 :
2955 2177 3214 2247 quoniam
3245 2177 3483 2232 necdum
3521 2179 3695 2231 subti-

2113 2274 2236 2328 liter
2269 2274 2388 2342 ejus
2439 2273 2687 2343 proferre
2736 2271 2990 2341 mysteria
3030 2271 3318 2339 cmpimus,
3361 2279 3422 2324 ut
3463 2270 3694 2323 farinam

2113 2364 2428 2425 offeramus,
2465 2371 2559 2418 aut
2593 2363 2848 2427 similam,
2881 2361 3253 2418 necessarium
3292 2371 3374 2416 est
3425 2372 3485 2416 ut
3512 2362 3695 2416 viren-

2114 2454 2186 2509 tia
2207 2463 2262 2508 et
2285 2454 2485 2508 torrida
2514 2463 2676 2522 atque
2701 2451 2999 2514 confracta,
3025 2451 3132 2516 vel,
3157 2451 3299 2506 sicut
3318 2449 3460 2504 LXX
3481 2451 3694 2512 dicunt,

2115 2556 2176 2600 ut
2205 2546 2444 2601 recentia
2502 2544 2680 2608 fricta,
2714 2555 2924 2597 matura
2956 2543 3124 2596 fracta
3153 2541 3470 2597 offeramus.
3492 2541 3696 2608 Quem-

2114 2639 2404 2694 admodum
2453 2638 2598 2691 enim
2646 2636 2934 2690 humectos
2979 2635 3208 2698 fructus,
3249 2644 3305 2689 et
3337 2634 3429 2705 qui
3465 2638 3695 2689 necdum

2113 2739 2348 2802 possunt
2397 2731 2549 2796 moli,
2589 2739 2651 2782 ut
2689 2731 2820 2782 ﬁant
2877 2727 3047 2781 farina
3098 2737 3193 2781 aut
3238 2726 3438 2791 simila,
3477 2726 3698 2796 quando

2114 2822 2451 2876 voluerimus
2486 2828 2648 2889 aptos
2683 2819 2799 2872 esui
2849 2819 3099 2881 reddere,
3147 2816 3273 2886 igne
3316 2832 3412 2871 eos
3447 2817 3693 2872 confrin-

2115 2921 2328 2985 gentes.
2368 2911 2551 2981 paleas
2585 2926 2799 2968 eorum.
2851 2909 2903 2963 in
2955 2924 3020 2964 eo
3066 2909 3211 2978 quod
3255 2922 3350 2962 eos
3399 2908 3697 2978 frangimus

2117 3019 2439 3075 separamus
2474 3021 2486 3056 :
2518 3002 2598 3058 sic
2633 3003 2948 3072 quicunque
2981 3002 3214 3056 necdum
3244 2999 3526 3054 scientiam
3562 2999 3696 3053 soli-

2117 3096 2241 3150 dam
2288 3095 2574 3158 habemus,
2613 3108 2715 3147 nec
2765 3092 3018 3147 subtilem
3061 3091 3443 3160 excelsumque
3489 3090 3694 3145 theolo-

2117 3186 2283 3256 giam,
2305 3186 2540 3240 necdum
2571 3184 2720 3238 enim
2751 3183 2896 3237 illam
2925 3183 3240 3237 discernere
3273 3182 3454 3236 idonei
3486 3197 3695 3246 sumus,

2115 3275 2444 3348 spiritalium
2470 3274 2877 3345 Scripturarum
2915 3275 3213 3344 perfectam
3254 3275 3542 3328 scientiam
3587 3289 3696 3328 non

2117 3370 2406 3431 habentes,
2431 3383 2570 3437 opus
2602 3367 2866 3422 habemus
2895 3380 3014 3419 eam
3054 3367 3110 3418 in
3143 3366 3264 3436 igne
3300 3366 3522 3434 spiritus
3559 3365 3690 3419 frin-

2118 3475 2269 3531 gere,
2295 3458 2349 3513 id
2378 3467 2464 3512 est
2485 3457 2632 3512 illius
2657 3457 3031 3527 operationem
3054 3465 3110 3511 et
3132 3456 3696 3511 subministrationem

2116 3550 2278 3606 nobis
2323 3549 2694 3611 commodare,
2726 3557 2786 3602 ut
2826 3548 2895 3604 ab
2928 3564 2989 3602 ea
3034 3548 3228 3603 littera:
3260 3548 3444 3618 paleas
3479 3564 3699 3619 separe—

2115 3660 2261 3699 mus.
2297 3643 2378 3697 Ex
2429 3643 2524 3698 illo
2558 3643 2706 3696 enim
2753 3641 3112 3698 sufﬁcientem
3156 3649 3320 3712 atque
3358 3640 3698 3696 celeri-imam

2115 3737 2210 3792 Dei
2246 3736 2536 3791 scientiam
2581 3735 3011 3805 possidebimus,
3045 3743 3265 3804 propter
3295 3733 3440 3803 quod
3481 3744 3536 3788 et
3577 3747 3698 3786 eam

2117 3827 2477 3897 intelligibilis
2512 3826 2767 3881 sacerdos
2810 3826 3056 3896 suscipit.
3099 3824 3328 3896 Oportet
3369 3834 3550 3880 autem
3599 3840 3699 3878 nos

2119 3920 2518 3992 superfundere
2573 3921 2773 3985 oleum,
2809 3929 2865 3974 et
2905 3919 3354 3990 superimponere
3403 3919 3532 3972 thus
3571 3933 3700 3988 :per

2120 4015 2522 4085 eleemosynam
2551 4013 2752 4082 quippe
2784 4021 2837 4066 et
2861 4012 3165 4067 orationem
3193 4011 3421 4067 scientia
3454 4012 3508 4065 in
3543 4010 3701 4066 nobis

2121 4104 2304 4158 divina
2355 4101 2654 4172 perﬁcitur.
2688 4102 2763 4156 De
2793 4103 2990 4172 quibus
3034 4102 3368 4166 hominibus,
3400 4117 3612 4157 necnon
3645 4111 3699 4156 ct

2121 4195 2188 4250 de
2211 4194 2514 4249 memoriali
2541 4194 2683 4264 quod
2711 4209 2876 4265 super
2897 4195 3066 4249 altare
3091 4195 3376 4249 sacerdote
3399 4195 3698 4264 accipiente

2123 4287 2363 4356 ponitur,
2388 4286 2443 4340 in
2466 4285 2841 4356 superioribus
2883 4286 3138 4340 subtilius
3177 4286 3553 4355 exposuimus.
3581 4285 3722 4339 Non.

439 4378 598 4446 ﬁciis,
629 4375 724 4433 sed
753 4377 808 4430 in
837 4373 987 4430 omni
1031 4387 1259 4428 munere
1285 4371 1546 4443 praecepit
1575 4371 1652 4427 sal
1679 4371 1865 4428 otlerri
1902 4389 1915 4426 :
1957 4380 2017 4425 ut
2047 4389 2094 4447 υ
2121 4391 2250 4446 ergo
2297 4389 2526 4430 necesse
2573 4384 2659 4429 est
2705 4389 2853 4428 nunc
2903 4375 3297 4446 expositionem
3340 4375 3696 4430 confundere.

437 4467 806 4539 quodcunque
857 4463 1130 4530 docueris,
1179 4461 1545 4532 quodcunque
1596 4461 1921 4524 correxeris,
1962 4461 2019 4515 in

438 4572 765 4632 quacunque
795 4555 1000 4610 virtute
1030 4562 1388 4608 conversatus
1426 4549 1617 4618 fueris,
1648 4553 1717 4607 ad
1757 4551 2020 4621 apostoli-

438 4665 560 4707 cam
595 4648 998 4705 aemulationem
1027 4655 1188 4715 atque
1209 4645 1565 4699 imitationem
1590 4642 1835 4713 opereris
1867 4684 1882 4708 ,
1912 4658 2023 4698 me-

439 4756 672 4813 morque
719 4740 796 4795 sis
836 4737 992 4793 Pauli
1041 4736 1318 4796 dicentis:
1351 4735 1650 4789 Imitatores
1696 4734 1798 4787 mei
1841 4743 2022 4800 estote,

435 4835 571 4890 sicut
613 4840 663 4886 et
705 4844 799 4900 ego
849 4827 1048 4882 Christi
1079 4827 1119 4880 ⁹.
1168 4825 1237 4881 Et
1285 4841 1476 4880 rursus
1513 4843 1528 4880 :
1565 4825 1703 4895 Ergo
1745 4825 1864 4893 jam
1915 4841 2020 4880 non

435 4925 560 4982 estis
607 4923 824 4979 advenae
870 4927 920 4973 et
959 4919 1202 4988 hospites,
1241 4919 1332 4972 sed
1381 4919 1505 4971 estis
1541 4918 1674 4971 cives
1715 4927 2017 4972 sanctorum

437 5026 488 5072 et
518 5015 792 5072 domestici
837 5011 955 5079 Dei,
985 5009 1395 5081 superazdiﬁcati
1424 5024 1579 5078 super
1615 5009 2017 5080 fundamentum

437 5108 800 5181 apostolorum
841 5115 888 5162 et
938 5105 1336 5178 prophetarum,
1368 5103 1480 5174 ipso
1515 5117 1720 5156 summa
1767 5100 2019 5172 angulari

439 5202 616 5275 lapide
647 5199 856 5258 Christo
895 5198 1016 5254 Iesu
1049 5197 1115 5252 '°.
1143 5195 1281 5263 Quia
1326 5203 1508 5249 autem
1547 5209 1658 5256 non
1703 5193 2021 5264 simpliciter

435 5297 517 5356 sal
537 5297 695 5360 dixit,
727 5295 824 5350 sed
857 5293 987 5349 illud
1021 5287 1385 5360 intelligibile,
1417 5286 1689 5358 legislator
1719 5287 1935 5342 innuit:

507 5384 629 5441 Non
675 5387 886 5458 auferes
923 5381 1028 5444 sal,
1058 5380 1255 5450 inquit,
1289 5377 1496 5449 {aderis
1529 5375 1624 5429 Dei
1654 5377 1751 5431 tui.
1783 5375 1938 5442 Quod
1976 5377 2019 5431 si

435 5477 616 5535 foedus
642 5479 757 5533 sive
791 5482 1175 5532 testamentum
1207 5469 1470 5526 rationale
1497 5478 1603 5536 est,
1640 5469 1826 5539 utique
1855 5479 1910 5525 et
1944 5473 2022 5526 sal

527 5612 708 5741 :ghct.
753 5611 998 5679 xvn,28.
1096 5611 1118 5645 ⁸
1145 5610 1165 5666 l
1189 5609 1315 5666 Cor.
1353 5626 1393 5676 I,
1428 5609 1516 5664 2|.

440 5701 503 5752 Il,
527 5701 605 5741 ιν.

1613 5608 1675 5663 ⁷1
1707 5608 1832 5667 Cor.
1885 5629 1943 5680 tt,
1999 5619 2052 5681 6,
2107 5618 2162 5670 7.

2118 4467 2256 4534 Quia
2292 4467 2440 4522 enim
2493 4469 2647 4538 fricta
2697 4477 2934 4528 matura,
2979 4467 3280 4522 secundum
3331 4466 3494 4526 LXX,
3527 4468 3696 4536 fracta

2118 4566 2286 4623 sunt,
2319 4572 2382 4612 ea
2409 4571 2529 4626 quae
2563 4556 2687 4628 igne
2729 4555 2886 4610 fricta
2928 4563 3076 4620 sunt,
3118 4555 3311 4626 reliqui
3377 4557 3700 4625 interpretes

2122 4648 2479 4704 Hebraeorum
2514 4650 2812 4719 explanant
2847 4664 2959 4719 pro-
2989 4664 3077 4716 eo,
3107 4648 3240 4704 frixa
3276 4659 3487 4704 matura
3523 4650 3658 4702 facta
3684 4688 3698 4709 ,

2125 4740 2264 4810 {rixa
2298 4741 2356 4794 in
2385 4740 2503 4810 igne
2537 4739 2719 4794 mollia
2755 4739 3066 4794 ediderunt.

2721 4895 2948 4952 CAPUT
2989 4896 3078 4952 Ill.

2201 5011 2360 5067 Vens.
2395 5011 2514 5066 1-5.
2561 5028 2579 5061 t
2619 5009 2776 5077 Quod
2827 5013 2873 5068 si
2922 5012 3099 5067 hostia
3137 5012 3489 5084 paciﬁcorum
3542 5014 3704 5070 fuerit

2128 5103 2250 5173 eius
2286 5101 2515 5167 oblatio,
2550 5111 2605 5156 et
2651 5101 2720 5156 de
2766 5102 2943 5158 bobus
2979 5103 3214 5159 voluerit
3241 5102 3458 5170 offerre,
3499 5120 3703 5160 marem

2127 5197 2245 5252 sive
2286 5194 2547 5250 feminam
2572 5194 2980 5250 immaculatum
3009 5196 3203 5252 oll‘eret
3231 5212 3413 5252 coram
3437 5197 3694 5259 Domino.

2035 5351 2039 5354 Α
2126 5295 2402 5358 ponetque
2449 5300 2674 5339 manum
2721 5301 2888 5355 super
2926 5295 3092 5356 caput
3139 5287 3373 5342 victima:
3413 5302 3548 5352 sum,
3587 5301 3708 5355 quae

2130 5375 2502 5433 immolabitur
2553 5373 2610 5427 in
2662 5373 2888 5430 introitu
2941 5375 3277 5432 tabernaculi
3319 5394 3332 5428 :
3372 5375 3707 5444 fundentque

2129 5470 2221 5526 ﬁlii
2277 5470 2458 5523 Aaron
2517 5467 2817 5523 sacerdotis
2881 5468 3203 5540 sanguinem
3263 5484 3360 5540 per
3415 5468 3710 5523 circuitum

2258 5611 2279 5642 ⁸
2311 5608 2500 5664 Matth.
2549 5624 2598 5672 v,
2645 5606 2730 5670 l3,
2833 5606 2894 5661 Ἰ
2935 5607 3063 5664 Cor.
3120 5625 3196 5676 tv,
3237 5607 3326 5664 l6.
3423 5608 3465 5639 '°
3503 5606 3708 5676 prcs.
