4030 6240
442 262 552 328 M3

1600 257 1679 318 ῑΝ
1718 252 2154 314 ιΕΠῚῚΟυΜ..
2193 277 2260 290 κ-
2303 253 2450 316 LIB.
2491 255 2540 317 Ι.

3578 245 3689 330 'Blt

444 384 652 447 nitaris,
687 393 742 442 et
780 384 1014 438 oﬂercnt
1058 383 1124 436 de
1175 379 1348 434 hostis
1390 376 1739 446 paciﬁrorum
1781 373 1836 425 ln
1862 369 2012 423 obla-
2046 373 2088 427 Α
2115 366 2254 422 ﬁciis
2325 369 2818 426 holocautomatum
2899 373 3234 434 sufﬁcienter
3312 381 3686 443 discussimus.

448 477 652 531 tionem
711 477 942 531 Dan-ine
989 472 1259 541 :adipem
1323 470 1416 539 qui
1478 469 1656 538 operit
1706 464 1908 527 vitalia.
1967 469 2024 516 et

445 567 710 638 quidquid
746 565 1092 637 pinguediuis
1125 563 1454 617 intrinsecus
1486 566 1569 613 est
1601 576 1614 612 :
1655 557 1794 611 duos
1840 567 2022 620 renes,

449 670 574 709 cum
614 656 772 726 adipe
810 669 918 726 quo
969 661 1227 724 teguntur
1256 652 1370 714 ilia,
1408 659 1465 704 et
1503 648 1786 703 reticulum
1822 642 2024 714 jecoris

452 760 577 800 cum
619 747 934 803 renunculis
970 764 984 800 :
1025 746 1428 812 adolehuntque
1466 755 1529 796 ea
1566 753 1730 808 super
1765 737 1934 791 altare
1967 733 2023 788 in

454 839 851 900 holocaustum.
895 839 1053 910 lignis
1091 837 1216 909 igne
1251 833 1556 905 supposito,
1602 832 1656 884 in
1693 827 2023 884 oblationem

453 931 764 987 suavissimi
801 931 989 985 odoris
1019 928 1271 983 Domino:
1311 943 1333 977 θ

525 1024 692 1078 Recte
731 1023 898 1077 David
933 1020 1198 1091 propheta
1229 1015 1492 1087 psallebat
1527 1031 1542 1066 ε
1582 1013 1701 1067 Vias
1743 1021 1882 1075 tuas,
1915 1007 2025 1062 Do-

453 1113 610 1176 mine,
646 1113 945 1167 demonstra
992 1111 1140 1174 mihi,
1171 1119 1220 1162 et
1261 1107 1478 1172 semitas
1524 1115 1643 1158 tuas
1671 1105 1822 1158 edoce
1852 1119 1932 1156 me
1959 1103 2023 1156 ¹¹.

451 1202 719 1268 Quoniam
762 1202 1215 1256 conversationes
1243 1199 1384 1252 Deus
1421 1196 1732 1250 hominibus
1766 1194 2026 1250 differen-

449 1299 536 1343 tes
583 1307 681 1360 per
727 1292 902 1361 legem
943 1292 1144 1355 sanxit,
1178 1299 1232 1344 et
1269 1290 1322 1342 in
1371 1288 1593 1342 modum
1631 1287 1894 1341 scalarum
1927 1285 2029 1340 vir-

449 1392 596 1438 tutes
625 1385 922 1448 ordinavit,
964 1393 1022 1437 ut
1049 1383 1140 1435 alii
1180 1382 1406 1451 quidem
1451 1379 1641 1434 liceret
1669 1393 1859 1433 omnes
1888 1391 2028 1432 asse-

452 1474 686 1540 qui,‘alii
717 1483 902 1528 autem
945 1472 1228 1544 quasdam,
1257 1480 1315 1525 ut
1343 1485 1556 1525 sursum
1591 1478 1769 1523 tamen
1800 1468 2027 1539 quisque

448 1566 828 1620 sublevaretur
857 1581 886 1619 ιι
917 1575 1066 1620 terra
1085 1582 1101 1616 :
1119 1565 1223 1619 hoc
1244 1563 1445 1633 quippe
1463 1560 1832 1615 etdiﬁ'erentia
1859 1560 2027 1614 sacri-

453 1657 704 1711 ﬁciorum
762 1655 1123 1726 signiﬁcabat.
1173 1654 1308 1709 Nam
1356 1655 1447 1709 hic
1489 1653 1708 1722 quidem
1757 1653 1824 1708 de
1868 1651 2027 1706 nobis

453 1720 838 1803 holocaustum
867 1747 1082 1811 offeret,
1113 1756 1282 1801 totum
1314 1747 1665 1816 semetipsum
1695 1746 1804 1800 Deo
1827 1744 2025 1798 oﬁ‘errc
2057 1720 2100 1776 Β

453 1839 668 1904 volens,
718 1848 776 1894 et
821 1839 965 1893 sicut
1006 1839 1207 1892 Paulus
1253 1839 1473 1892 dicebat
1503 1854 1517 1890 :
1551 1838 1757 1893 Christo
1798 1837 2028 1905 conﬁxus

452 1945 574 1984 sunt
621 1931 769 1983 truci
806 1931 870 1984 ι’.
931 1929 1080 1982 Alter
1136 1928 1461 1982 sacriﬁcium
1512 1928 1858 1998 paciﬁcorum
1916 1928 2031 1983 sive

452 2021 730 2086 salutare,
777 2019 872 2089 qui
929 2018 1204 2074 desiderat
1258 2017 1510 2080 salutem,
1561 2020 1664 2073 etsi
1717 2033 1824 2071 non
1855 2025 2031 2088 potest

452 2113 620 2168 nimis
665 2112 974 2166 sublimiter
1008 2109 1324 2164 conversari
1366 2128 1379 2161 :
1412 2124 1540 2163 nam
1578 2119 1632 2164 et
1661 2110 1703 2163 si
1741 2125 1852 2164 non
1888 2111 2032 2164 valet

453 2207 820 2277 virginitatem
872 2206 1143 2276 quispiam
1203 2205 1486 2273 consequi,
1530 2204 1586 2257 in
1644 2212 1792 2258 casto
1847 2213 2029 2258 autem

453 2301 708 2370 conjugio
749 2306 1129 2361 conversetur,
1176 2298 1392 2352 veniam
1432 2297 1664 2366 percipit
1703 2312 1733 2350 a
1778 2297 2028 2362 Domino,

453 2390 549 2460 qui
573 2390 746 2446 dixit:
780 2389 900 2442 Non
934 2405 1111 2442 omnes
1133 2389 1352 2454 capiunt
1383 2388 1594 2441 verbum
1617 2388 1660 2419 "
1679 2425 1695 2452 ,
1718 2388 1936 2457 quando
1963 2388 2031 2443 de

457 2481 770 2550 virginitate
821 2479 1083 2550 apostolis
1129 2479 1455 2548 exponebat.
1507 2479 1615 2534 Sed
1661 2487 1842 2533 tamen
1890 2480 2031 2534 inter

455 2587 552 2626 eos
575 2572 669 2641 qui
695 2572 976 2624 salvantur
1001 2570 1312 2625 necessarie
1337 2569 1679 2624 ordinantur.
1710 2569 1824 2624 Hoc
1853 2570 2028 2640 ipsum

457 2673 640 2717 autem
681 2672 731 2717 el
763 2664 831 2718 de
869 2671 1184 2732 contemptu
1216 2677 1418 2726 rerum,
1445 2671 1501 2715 et
1527 2662 1593 2717 de
1612 2662 1842 2731 justitia,
1878 2673 1932 2716 et
1963 2663 2030 2716 de

450 2754 578 2810 cibo
618 2770 744 2810 cum
786 2756 1086 2825 gratiarum
1131 2755 1368 2814 actione.
1402 2755 1528 2822 quia
1569 2770 1796 2825 magnus
1823 2763 1905 2808 est
1937 2754 2027 2824 qui

453 2859 669 2914 magna,
702 2851 759 2898 et
784 2858 1006 2914 parvus,
1037 2858 1146 2897 non
1187 2851 1366 2897 tamen
1393 2843 1677 2906 minimus,
1711 2843 1805 2914 qui
1835 2845 2026 2898 saltem

454 2935 752 2989 mediocria
779 2935 1037 3005 consequi
1068 2945 1264 3004 petest.
1297 2933 1367 2988 Ut
1396 2933 1721 3004 probaretur
1744 2949 1873 3004 ergo
1900 2935 2024 3004 quia

2122 457 2261 524 Quid
2309 470 2492 516 autem
2544 462 2653 518 Deo
2693 465 2890 522 oﬂerre
2933 469 3004 523 de
3037 485 3138 526 suo
3172 473 3438 530 sacriﬁcio
3471 491 3692 532 necesse

2124 552 2357 608 habeant
2404 557 2497 624 qui
2541 557 2735 612 salvari
2795 561 3000 626 volunt,
3034 565 3141 620 hoc
3169 548 3693 636 quaeritetconsidr-

2122 644 2228 734 rari
2263 647 2632 701 necessarium
2669 659 2771 703 est.
2813 650 3064 709 Oderunt
3109 657 3254 712 enim
3283 660 3351 727 (le
3395 660 3568 716 hostia
3597 680 3692 734 pa-

2122 733 2399 826 ciﬁcorum
2432 737 2486 790 in
2517 738 2846 796 oblationem
2884 744 3120 811 Domini,
3154 751 3369 820 adipem
3396 754 3488 822 qui
3517 733 3697 826 operit

2127 824 2323 890 vitalia,
2374 837 2428 880 et
2487 829 2745 899 quidquid
2812 833 3152 904 pinguedinis
3225 824 3568 899 intrinsecus
3588 857 3690 901 est.

2128 913 2246 978 Vel,
2291 918 2435 972 sicut
2480 919 2855 991 bept‘ua‘ginta,
2878 927 3086 995 adipem
3115 931 3205 1000 qui
3231 934 3398 1000 aperit
3441 947 3690 1000 ventrem,

2125 1015 2174 1060 et
2220 1023 2424 1062 omnem
2472 1011 2676 1079 adipem
2728 1016 2818 1081 qui
2859 1016 2914 1069 in
2947 1028 3122 1072 ventre
3163 1033 3236 1074 est
3271 1061 3286 1085 ,
3328 1039 3423 1093 per
3450 1037 3691 1083 ventrem

2125 1112 2222 1151 cor
2249 1098 2598 1168 signiﬁcans:
2635 1104 2757 1158 ideo
2791 1113 2973 1161 autem
3006 1112 3248 1165 secundo
3273 1113 3393 1183 ejus
3421 1115 3474 1169 in
3510 1131 3695 1187 supra-

2127 1187 2268 1242 dicta
2329 1191 2566 1246 editione
2618 1195 2936 1250 memoriam
2981 1198 3136 1265 fecit,
3184 1203 3312 1270 quia
3350 1203 3488 1260 duas
3531 1207 3694 1262 habet

2126 1282 2486 1350 Operationes.
2517 1285 2658 1339 sicut
2688 1287 2876 1342 dicunt
2901 1290 3116 1346 medici.
3153 1293 3368 1348 Etenim
3402 1311 3498 1365 per
3533 1315 3693 1353 unam

2128 1380 2336 1440 partem
2369 1375 2534 1429 trahit
2565 1376 2840 1443 alimenta,
2878 1385 3020 1450 quod
3059 1393 3303 1440 ventrem
3331 1381 3690 1458 superiorem.

2128 1475 2225 1530 per
2253 1463 2408 1518 aliam
2442 1466 2791 1534 purgationes
2820 1469 3097 1535 discernit.
3131 1476 3275 1544 quod
3323 1490 3566 1535 ventrem
3609 1482 3695 1536 in-

2129 1553 2381 1608 feriorem
2443 1567 2659 1612 vocant.
2698 1558 2878 1616 Renes
2920 1571 3049 1618 vero
3095 1567 3368 1623 coitalium
3427 1575 3692 1628 seminum

2131 1653 2260 1698 sunt
2293 1645 2614 1713 ministeria,
2665 1649 2867 1705 habent
2895 1662 3075 1708 autem
3104 1661 3544 1717 communionem
3573 1681 3695 1720 cum

2129 1741 2318 1789 ventre
2339 1743 2396 1789 et
2423 1735 2720 1793 femoribus
2744 1757 2758 1794 :
2791 1749 2953 1809 atque
2979 1743 3139 1812 hujus
3175 1747 3251 1800 rei
3287 1751 3458 1818 gratia
3481 1753 3694 1823 adipem

2127 1825 2384 1894 primum,
2417 1828 2509 1897 qui
2541 1845 2704 1899 supra
2748 1841 2993 1887 ventrem
3025 1845 3129 1900 est,
3178 1847 3233 1891 et
3257 1840 3394 1896 duos
3426 1859 3606 1907 renes,
3644 1857 3699 1899 et

2129 1931 2320 1970 rursus
2356 1918 2569 1986 adipem
2606 1922 2699 1990 qui
2751 1937 2918 1991 super
2953 1936 3048 1978 eos
3070 1933 3174 1990 est,
3207 1928 3258 1982 id
3288 1939 3391 1997 est,
3428 1947 3592 2002 super
3621 1935 3698 1989 fc-

2130 2019 2300 2069 mora,
2329 2015 2514 2076 utpote
2540 2023 2660 2077 quae
2691 2010 2866 2065 vicina
2891 2021 3020 2067 sunt
3042 2016 3283 2082 renibus,
3313 2020 3469 2088 jubet
3491 2023 3697 2086 oﬁerri.

2129 2097 2255 2166 quia
2307 2097 2448 2154 inter
2493 2101 2730 2156 medium
2786 2103 3008 2160 femoris
3046 2114 3106 2161 et
3155 2112 3358 2166 ventris
3397 2127 3562 2170 renes
3609 2118 3698 2171 siti

2130 2196 2278 2242 sunt.
2309 2188 2365 2241 In
2393 2189 2578 2256 jecore
2621 2200 2827 2259 autem,
2862 2195 2912 2248 id
2945 2205 3028 2251 est
3067 2199 3120 2252 in
3155 2200 3347 2270 hepate
3379 2203 3699 2260 delectatio-

2130 2293 2278 2343 nem,
2309 2279 2426 2334 sive
2455 2283 2952 2352 concupiscentiam
3003 2291 3353 2346 constitutam
3390 2309 3510 2349 esse
3544 2297 3699 2353 dixit.

2133 2367 2283 2424 Unde
2321 2372 2622 2426 secundum
2664 2371 3022 2447 Septuaginta
3072 2379 3286 2449 hepatis
3323 2385 3544 2454 pinnam
3576 2405 3699 2444 cum

2131 2463 2354 2518 renibus
2372 2463 2558 2518 offerri
2587 2465 2792 2522 dictum
2821 2479 2924 2534 est,
2955 2481 3141 2542 utpote
3177 2473 3372 2546 hepate
3403 2479 3456 2532 in
3483 2481 3702 2537 renibus

2131 2554 2237 2607 vim
2269 2557 2600 2635 operationis
2621 2576 2733 2615 suae
2759 2561 3122 2619 ministrante.
3154 2567 3262 2622 Sed
3293 2570 3423 2638 quid
3457 2588 3555 2641 per
3586 2575 3702 2629 huic

2129 2645 2413 2715 signiﬁcat,
2447 2650 2531 2703 vel
2564 2650 2693 2719 quid
2725 2653 2976 2718 sancivit,
3010 2657 3102 2725 qui
3141 2659 3332 2714 salvari
3369 2662 3701 2727 volentibus,

2129 2738 2292 2791 etiam
2335 2755 2479 2794 nunc
2511 2739 2566 2795 in
2603 2743 2872 2811 parabolis
2905 2761 2971 2801 os
3011 2749 3269 2817 aperuit?
3313 2752 3448 2818 Quia
3487 2765 3701 2824 oportet

2130 2829 2381 2892 hostiam.
2411 2831 2466 2885 id
2494 2841 2580 2887 est
2605 2835 2874 2903 primitias
2897 2847 2953 2893 et
3004 2840 3461 2910 holocautomata,
3495 2845 3605 2901 Deo
3634 2851 3702 2903 ab

2131 2921 2214 2974 his
2261 2925 2351 2993 qui
2388 2925 2582 2980 salvari
2612 2928 2822 2991 volunt,
2848 2929 3245 3002 intelligibilem
3275 2937 3512 3006 adipem,
3555 2941 3704 2996 vidc-

458 3023 579 3077 duae
620 3025 1097 3079 conversationum
1139 3025 1350 3093 species
1396 3032 1524 3078 sunt
1567 3025 1634 3078 ad
1680 3023 2094 3116 justiﬁcatio--c
2125 3011 2254 3116 “id
2304 3014 2673 3116 ξίθδίάςτίυῐξὶδ
2725 3021 2872 3088 ιιιιοά
2928 3037 3101 3091 smce
3148 3025 3448 3097 ἐπιθυμίαν
3495 3031 3700 3093 dicunt.

457 3129 585 3168 nem
639 3116 946 3181 hominum,
987 3116 1123 3169 duas
1175 3115 1563 3170 sacriﬁciorum
1604 3125 2026 3184 spontaneorum

457 3205 809 3261 deﬁnitiones
839 3207 1026 3276 posuit
1051 3223 1066 3271 ;
1099 3207 1175 3259 ait
1204 3207 1348 3260 enim
1371 3207 1427 3260 in
1455 3207 1592 3261 libro
1615 3207 1781 3260 Exodi
1813 3223 1827 3260 :
1857 3205 2035 3258 Altam

451 3298 522 3351 de
561 3307 702 3352 terra
739 3300 945 3370 facietis
982 3299 1132 3362 mihi,
1163 3307 1211 3352 et
1252 3298 1592 3352 immutabilis
1620 3313 1776 3366 super
1808 3315 1868 3351 eo
1896 3297 2036 3351 holo-

455 3400 765 3442 cantomata
835 3400 885 3444 et
907 3392 1135 3460 paciﬁca
1177 3401 1370 3455 vestra,
1402 3406 1517 3445 oves
1562 3399 1757 3444 vestras
1787 3399 1833 3443 et
1864 3388 2030 3443 boves.

456 3481 520 3535 In
543 3484 686 3537 omni
709 3482 820 3536 loco
849 3483 905 3536 in
935 3499 1039 3552 quo
1060 3484 1397 3536 nominatum
1431 3483 1589 3554 fuerit
1628 3498 1813 3534 nomen
1839 3498 2032 3547 meum,

456 3575 663 3628 ueniam
684 3574 754 3626 ad
776 3583 845 3638 te,
865 3583 912 3626 et
925 3564 1230 3628 benedicatur
1247 3574 1347 3627 tibi
1372 3573 1434 3626 “.
1461 3573 1530 3626 Et
1540 3574 1799 3643 praecepit
1811 3574 2033 3642 quidem

456 3664 816 3732 paciﬁcorum
839 3666 1235 3724 holocaustum.
1260 3663 1532 3718 suhinl‘ert
1555 3673 1735 3719 autem
1765 3681 1777 3717 :
1809 3663 1874 3716 Et
1896 3665 2036 3732 paci-

444 3752 558 3821 ﬁca
569 3793 582 3815 ,
609 3755 755 3807 velut
773 3754 996 3808 secundi
1015 3754 1220 3807 ordinis
1235 3763 1290 3806 et
1303 3753 1538 3807 virtutis.
1573 3752 1893 3822 Quicunque
1908 3770 2036 3825 ergo

455 3844 635 3898 solum
667 3843 770 3898 sibi
801 3845 906 3898 hoc
936 3840 1354 3913 putatsulﬁcere
1382 3842 1424 3896 si
1451 3843 1710 3906 salvetur,
1743 3843 1789 3896 is
1816 3844 2034 3913 quidem

455 3937 529 3990 de
573 3936 750 3990 bobus
779 3934 970 3989 oll‘eret
1020 3935 1160 3999 (esse
1185 3943 1368 3986 autem
1424 3934 1615 3988 bovem
1661 3934 1892 3988 diximus
1943 3949 2038 3990 eos

453 4025 553 4094 qui
603 4025 745 4078 circa
794 4025 1000 4093 agenda
1034 4037 1096 4075 ea
1129 4038 1249 4091 qua-
1286 4023 1421 4092 legis
1469 4031 1600 4077 sunt
1641 4022 1879 4096 vacant),
1922 4024 2037 4079 sive

457 4114 784 4178 mascuium,
816 4114 928 4168 sive
957 4114 1237 4178 feminam,
1265 4113 1670 4169 immaculatum
1711 4123 1888 4169 tanien
1916 4131 2038 4170 mu—

456 4219 565 4258 nus
589 4205 803 4259 oﬁ‘erat.
834 4205 1096 4274 Equidem
1134 4219 1258 4260 eum
1287 4203 1379 4274 qui
1413 4204 1791 4260 holocaustum
1820 4206 2034 4269 oﬁ'eret,

455 4311 571 4351 non
609 4296 867 4366 pra'cepit
913 4296 1111 4350 θαι-τω
1172 4296 1452 4361 feminam,
1503 4311 1841 4367 nequaquam
1876 4297 2036 4353 femi-

2135 3103 2342 3170 oﬂ’erri,
2389 3105 2480 3176 qui
2527 3106 2677 3177 prius
2719 3110 2942 3178 quidem
2988 3114 3165 3182 operit
3203 3120 3540 3187 superiorem
3571 3139 3702 3176 ven-

2137 3201 2296 3258 trem,
2323 3194 2519 3250 deinde
2563 3195 2870 3252 inferiorem
2910 3218 2928 3256 :
2961 3211 3018 3256 ut
3046 3211 3100 3256 et
3130 3203 3183 3257 in
3214 3206 3522 3275 cogitando,
3564 3221 3618 3266 et
3651 3214 3701 3266 in

2137 3283 2430 3355 implendo,
2463 3287 2791 3344 desiderium
2821 3289 2929 3346 Deo
2955 3293 3251 3350 oﬁ‘eramus
3277 3315 3290 3350 :
3320 3309 3534 3367 oportet
3559 3305 3702 3357 enim

2136 3377 2365 3466 proponi
2419 3377 2591 3447 prius,
2624 3389 2695 3466 ,ει
2738 3392 2924 3451 postea
2973 3385 3254 3456 compleri.
3294 3388 3522 3460 Propter
3561 3398 3702 3466 quod

2133 3475 2192 3520 et
2241 3465 2444 3522 Paulus
2479 3465 2727 3525 dicebat:
2777 3471 2878 3536 Qui
2919 3475 3274 3546 episcopatum
3303 3465 3593 3546 desiderat,
3617 3485 3678 3538 bo

2135 3572 2263 3610 num
2305 3575 2434 3628 opus
2475 3561 2819 3616 desiderat".
2867 3562 2942 3618 De
2971 3566 3063 3619 illo
3100 3569 3303 3639 quippe
3336 3586 3482 3628 nunc
3519 3586 3703 3629 ventre

2137 3646 2408 3716 legislator
2460 3650 2718 3719 loquitur,
2767 3654 2833 3707 de
2877 3671 2984 3724 quo
3025 3657 3290 3713 Jeremias
3325 3661 3534 3731 inquit:
3571 3663 3704 3718 Ven—

2135 3745 2267 3790 trem
2290 3754 2461 3792 meum
2481 3742 2648 3802 doleo.
2667 3756 2894 3798 ventrem
2929 3762 3100 3800 meum
3121 3749 3268 3802 doleo
3288 3751 3350 3802 ‘7:
3370 3766 3477 3804 non
3509 3753 3703 3807 frustra

2133 3839 2192 3884 et
2221 3831 2334 3899 ipse
2380 3834 2669 3903 dupliciter
2696 3839 3007 3903 nominans,
3039 3842 3132 3895 sed
3170 3853 3226 3894 ut
3275 3844 3544 3915 duplicem
3576 3863 3706 3917 ope-

2138 3924 2365 3978 rationis
2410 3928 2529 3997 ejus
2559 3928 2666 3982 vim
2703 3930 3049 4001 signiﬁcaret.
3079 3933 3157 3988 Ne
3202 3934 3334 3990 forte
3373 3947 3552 3993 autem
3582 3955 3705 3993 cor-

2138 4015 2374 4082 poralem
2466 4021 2842 4074 necessitatem
2926 4025 3282 4079 accusandam
3355 4038 3701 4096 putaremus.

2137 4109 2462 4165 subintnlit:
2508 4111 2575 4166 Et
2619 4129 2798 4167 sensus
2833 4115 3002 4169 cordis
3049 4117 3150 4169 mei
3182 4120 3477 4173 conturbati
3499 4131 3618 4175 sunt
3641 4123 3701 4177 “'.

2143 4201 2280 4272 Ergo
2325 4214 2515 4258 tenter
2558 4207 2756 4260 anima:
2778 4221 2874 4261 eor
2901 4218 3005 4273 est,
3050 4209 3103 4262 in
3134 4225 3242 4279 quo
3270 4211 3422 4282 prius
3449 4217 3703 4286 proponi-

2138 4307 2258 4349 mus
2302 4294 2560 4364 quasdam
2616 4296 2891 4361 actiones,
2952 4309 3136 4370 postea
3198 4311 3378 4357 autem
3445 4319 3708 4361 conamur

456 4403 583 4442 nam
657 4389 879 4458 privans
932 4390 1005 4443 ab
1060 4389 1372 4458 huiusmodi
1431 4391 1872 4453 conversatione.
1937 4391 2031 4448 sed
2063 4406 2108 4468 ι)
2140 4385 2383 4456 implere.
2439 4385 2753 4458 Proponel'e
2799 4405 2928 4461 ergo
2989 4403 3246 4462 appetere
3310 4395 3706 4463 quodammodo

452 4478 748 4532 ostendens
792 4479 916 4548 quia
958 4479 1196 4549 perfecta
1242 4495 1454 4550 sapere,
1504 4484 1722 4552 proprie
1785 4484 2028 4539 virorum

453 4575 561 4620 est.
595 4566 746 4633 Quod
785 4567 887 4622 etsi
933 4570 1128 4624 mulier
1175 4570 1289 4625 haec
1316 4571 1521 4642 sapiat,
1554 4572 1639 4626 vir
1667 4573 1804 4637 hac,
1843 4582 2030 4644 utpote

456 4661 631 4726 tortis,
663 4662 1042 4732 appellabitur,
1089 4663 1156 4718 de
1198 4679 1303 4733 qua
1349 4663 1605 4720 Solomon
1632 4665 1807 4720 dixit:
1838 4667 2026 4722 Mulie-

457 4767 566 4808 rem
596 4755 781 4824 fortem
816 4755 935 4825 quis
965 4754 1192 4809 inveniet
1211 4755 1288 4808 ³⁵7
1338 4757 1720 4812 demonstrans
1756 4759 1882 4828 quia
1919 4759 2029 4813 lor-

457 4847 652 4908 titudo.
711 4847 764 4902 id
813 4859 896 4904 est
935 4847 1217 4917 perfectio.
1269 4849 1484 4904 diﬁicile
1509 4851 1563 4905 in
1606 4851 1924 4907 mulieribus
1955 4853 2035 4906 in-

459 4937 695 4992 venitur.
742 4935 1102 4991 Paciﬂcorum
1148 4945 1328 4992 autem
1387 4937 1734 5002 sacriﬁcium,
1786 4939 2054 4995 similiter.

460 5029 698 5083 virorum
753 5038 811 5083 et
842 5028 1131 5083 mulierum
1157 5039 1265 5091 est,
1286 5040 1502 5099 oportet
1528 5030 1672 5084 enim
1706 5040 1759 5085 et
1777 5031 2032 5085 mulieres

458 5122 530 5174 ita
579 5121 786 5183 vivere,
814 5121 958 5176 sicut
978 5132 1166 5192 aptum
1189 5131 1274 5177 est
1309 5123 1375 5176 ad
1411 5123 1660 5177 salutem.
1724 5121 1830 5176 Sed
1863 5138 2026 5193 quam

458 5213 528 5266 ob
593 5228 708 5267 rem
788 5228 984 5268 manus
1025 5215 1308 5285 imponere
1359 5231 1528 5285 super
1579 5223 1742 5287 caput
1794 5217 2029 5271 victimas

461 5305 870 5373 prmcipiuntur,
904 5314 962 5361 et
993 5306 1276 5361 immolare
1320 5308 1374 5361 in
1407 5307 1631 5362 introitu
1670 5308 2025 5372 tabernaculi,

460 5395 885 5468 satguinemque
917 5396 1147 5454 fundere
1179 5400 1235 5454 iu
1276 5397 1506 5454 circuitu
1535 5399 1738 5465 altaris,
1773 5401 1824 5454 in
1859 5400 2025 5456 sacri-

529 5597 569 5628 "
608 5596 746 5652 Psal.
773 5613 919 5662 sxw,
947 5599 1001 5652 4.
1103 5600 1146 5630 ¹¹
1179 5598 1354 5654 Galat.
1379 5617 1434 5663 η,
1469 5601 1554 5655 i9.

465 5679 540 5730 In,
571 5666 622 5722 l.
732 5665 774 5698 "
799 5666 996 5722 Jcrem.
1026 5683 1098 5730 tv.
1137 5669 1216 5725 l9.
1293 5671 1335 5701 ’⁸
1367 5669 1496 5724 ibid.
1597 5671 1637 5702 ’θ
1669 5668 1810 5723 Psal.
1853 5687 1980 5738 xxv,
2004 5675 2059 5726 2.

1659 5601 1702 5632 ¹³
1729 5601 1922 5656 Matth.
1965 5619 2077 5667 th,

2137 4486 2238 4543 est,
2264 4477 2518 4534 festinare
2555 4490 2735 4535 autem
2765 4481 3050 4552 perﬁcere.
3083 4484 3312 4554 digestio
3345 4485 3526 4542 forsan
3555 4503 3705 4560 quzr-

2137 4569 2261 4624 dam
2302 4571 2522 4640 proprie
2562 4570 2796 4625 dicatur.
2821 4571 3066 4638 Quorum
3099 4583 3455 4645 utrorumque
3483 4577 3696 4634 deside-

2136 4659 2274 4713 rium
2315 4661 2458 4730 quod
2487 4660 2702 4730 adipem
2739 4661 3012 4725 clamavit,
3044 4677 3272 4720 necesse
3299 4665 3564 4724 habemus
3595 4646 3704 4724 De”

2135 4754 2352 4819 oﬁ'erre,
2390 4763 2452 4809 ut
2495 4753 2633 4809 nihil
2684 4770 2910 4826 pravum
2962 4771 3349 4828 proponamus,
3389 4776 3570 4832 neque
3610 4779 3703 4816 ex-

2129 4847 2393 4916 pleamus.
2434 4845 2580 4902 Bent:
2623 4855 2804 4901 autem
2843 4861 3009 4916 super
3040 4857 3287 4904 ventrem
3311 4869 3313 4872 ‘
3337 4852 3700 4922 superiorem,

2128 4937 2222 5007 qui
2251 4946 2336 4992 est
2370 4937 2664 5008 appetitus,
2705 4938 2918 5008 adipem
2975 4939 3067 5009 qui
3106 4941 3286 5010 operit
3313 4950 3563 4996 ventrem
3605 4941 3698 5003 ait,

2127 5027 2255 5095 quia
2330 5027 2566 5092 maxima
2617 5040 2743 5096 pars
2787 5025 3046 5081 desiderii
3099 5028 3242 5082 circa
3283 5028 3605 5098 appetitum.
3649 5038 3702 5082 et

2129 5120 2272 5175 circa
2315 5119 2652 5191 propositum
2691 5129 2794 5175 est.
2841 5118 3088 5175 lnieriori
3134 5131 3314 5175 autem
3350 5119 3526 5174 ventri
3562 5118 3697 5173 duos

2133 5228 2294 5272 renes
2334 5213 2645 5285 "conjunxit,
2695 5213 2933 5268 diximus
2979 5213 3126 5268 enim
3167 5211 3291 5282 quia
3356 5209 3696 5266 communio-

2134 5327 2258 5367 nem
2298 5325 2458 5365 renes
2511 5308 2578 5363 ad
2621 5323 2716 5363 cor
2761 5307 3006 5361 habent:
3054 5306 3196 5359 unde
3236 5304 3400 5360 David
3452 5304 3564 5358 ait:
3602 5303 3704 5360 Ure

2135 5416 2280 5456 renes
2328 5417 2466 5456 meos
2508 5409 2557 5455 et
2598 5416 2686 5454 cor
2715 5399 2968 5454 meum".
3009 5395 3147 5451 Audi
3187 5394 3389 5450 etenim
3411 5394 3698 5456 Dominum

2127 5605 2211 5657 il.
2293 5601 2528 5656 “Exod.
2563 5616 2647 5662 xx,
2674 5596 2766 5652 94.
2845 5597 2888 5628 ⁸³
2907 5595 3068 5650 Prov.
3098 5609 3246 5660 sui,
3281 5593 3372 5650 10,
3446 5591 3527 5648 ⁸⁸1
3555 5591 3703 5646 Tim.
