4044 6224
313 216 419 295 815

1509 209 1873 273 nssrcnn
1924 162 2394 271 Pansam-3m

3465 172 3583 279 sit

315 351 415 408 per
443 332 737 391 lcremiam
763 329 1091 404 prophetam
1122 328 1398 383 dicentem
1423 346 1438 383 :
1479 326 1590 399 Ego
1625 327 1899 392 Dominus,
1930 334 1972 393 Α
2003 323 2115 380 Deo
2142 323 2354 387 offerat,
2385 322 2479 379 sed
2514 332 2569 377 et
2594 338 2625 375 ιι
2650 318 2786 378 mala
2819 314 2918 388 ira,
2947 332 3003 380 et
3037 339 3067 379 a
3103 325 3191 380 tali
3216 324 3579 385 delectatione

312 437 558 486 scrutaris
616 425 777 479 corda
839 431 889 476 et
940 423 1173 493 probans
1222 420 1451 476 renes”.
1522 419 1684 475 Nullo
1739 418 1901 474 modo

314 528 499 574 autem
544 517 788 571 membra
833 514 950 570 haec
1004 511 1289 584 prophetia
1336 509 1751 580 conjunxisset,
1792 508 1898 564 nisi

315 611 467 665 omni
506 608 667 662 modo
710 604 995 679 quidpiam
1029 604 1110 659 eis
1146 618 1441 660 commune
1471 602 1683 666 fuisset,
1719 607 1901 654 motus

314 703 461 759 enim
503 698 771 756 irascendi
823 699 877 753 in
923 698 1108 761 corde,
1138 697 1193 751 in
1229 696 1453 751 renibus
1477 702 1658 749 autem
1693 706 1902 746 memo-

315 797 450 850 riam
495 794 615 864 ejus
657 792 838 863 jacere
881 789 1077 845 medici
1124 789 1335 844 dicunt.
1386 785 1538 842 Unde
1577 784 1902 838 innocentiae

319 884 422 941 sibi
467 882 841 939 testimonium
888 879 1185 950 perhibens
1209 877 1375 933 David
1402 896 1416 930 :
1449 875 1646 928 Judica
1672 890 1772 939 me,
1796 872 1902 926 Do-

319 976 478 1041 mine,
499 975 750 1046 quoniam
774 987 866 1041 ego
884 972 939 1025 in
963 970 1261 1025 innocentia
1282 985 1397 1023 mea
1424 969 1819 1037 iogressussum
1833 965 1899 1029 ³³,

318 1067 416 1132 ait,
446 1074 503 1120 et
540 1078 701 1121 renes
738 1062 848 1128 uri,
899 1070 1063 1132 atque
1110 1076 1206 1116 cor
1244 1061 1556 1131 postulavit,
1609 1066 1791 1126 utpote
1813 1055 1901 1110 cui

320 1167 549 1228 utraque
569 1162 821 1226 poterant
844 1151 1214 1207 testimonium
1252 1151 1560 1220 perhibere.
1594 1149 1652 1203 lu
1682 1150 1905 1203 renibus

323 1248 440 1304 istis
478 1247 642 1302 etiam
687 1243 913 1301 seminis
964 1256 1127 1297 causa
1171 1243 1449 1308 est,unde
1480 1250 1537 1295 et
1564 1241 1902 1294 communio-

324 1350 447 1390 nem
494 1349 619 1391 cum
666 1331 968 1388 femoribus
1029 1331 1255 1396 habere,
1298 1331 1429 1400 quia
1474 1330 1577 1399 ipsi
1620 1329 1904 1383 coitalibus

324 1425 629 1481 actionibus
669 1423 777 1477 vim
818 1420 1061 1491 praebere
1089 1428 1376 1490 putantur.
1424 1418 1584 1473 Unde
1605 1418 1772 1473 lacob
1812 1432 1904 1486 pa-

328 1519 557 1573 triarcha
590 1514 818 1589 dicebat
881 1530 895 1566 :
955 1511 1077 1566 Non
1123 1513 1287 1566 deerit
1331 1520 1589 1580 sceptrum
1626 1511 1690 1564 de
1740 1508 1903 1573 Iuda,

326 1624 416 1663 nec
445 1608 551 1660 dua:
575 1607 638 1660 de
666 1604 946 1675 femoribus
970 1603 1144 1671 ejus”
1163 1643 1177 1669 ,
1204 1617 1302 1672 per
1324 1601 1531 1657 femora
1559 1600 1783 1656 seminis
1808 1600 1904 1655 de-

1999 417 2255 471 mundari
2280 417 2461 471 debet.
2492 414 2785 484 Propterea
2818 418 2964 471 enim
2999 427 3208 472 motum
3242 418 3359 481 ira,
3388 427 3451 474 et
3477 420 3577 491 (le-'-

1971 506 2351 586 jlectationum
2397 506 2680 576 primitias,
2715 506 3001 577 ipsumque
3047 516 3220 564 totum
3261 510 3579 582 conjugium

1999 610 2101 669 per
2118 600 2340 669 pinnam
2366 599 2580 669 hepatis
2605 608 2665 654 et
2695 614 2888 653 renum
2917 599 3097 664 oﬁ'ert,
3120 613 3377 672 recteque
3396 612 3585 672 potest

1998 705 2156 745 suam
2195 690 2662 745 conversationem
2706 692 2774 747 ad
2818 706 3119 761 supernum
3149 693 3321 748 altare
3359 693 3580 758 oﬁ'erre,

1998 789 2058 837 et
2080 797 2244 853 super
2275 782 2588 837 holocausta
2615 822 2630 846 ,
2652 792 2708 837 et
2731 799 2896 854 super
2925 784 3065 856 ligna
3094 800 3217 854 qua:
3248 795 3381 840 sunt
3412 802 3584 857 super

2003 874 2145 946 igne.
2188 874 2502 929 Secundum
2544 875 2689 929 enim
2726 875 2977 930 mandata
3029 877 3256 946 spiritus
3279 892 3582 933 conversa-

2003 976 2111 1032 tur,
2141 976 2198 1021 et
2244 967 2417 1021 hostia
2468 967 2699 1021 Domino
2742 967 3050 1022 suavissimi
3092 968 3273 1023 odoris
3324 969 3579 1025 edicitur.

2001 1055 2185 1111 Placet
2228 1058 2431 1127 quippe
2459 1057 2508 1111 ei
2553 1056 2812 1125 perﬁcere
2838 1057 3074 1112 fructum
3105 1073 3213 1113 non
3244 1060 3420 1113 solum
3445 1074 3582 1114 cen—

2004 1147 2279 1215 tesimum,
2307 1149 2404 1202 sed
2433 1158 2489 1202 et
2517 1149 2934 1218 sexagesimum,
2968 1159 3023 1203 et
3044 1149 3400 1205 tricesimum.

2075 1239 2232 1294 Vens.
2259 1240 2411 1293 6-l7.
2444 1258 2463 1290 ι
2498 1239 2554 1292 Si
2594 1256 2722 1294 vero
2750 1239 2819 1293 de
2854 1241 3048 1294 ovibus
3080 1239 3250 1295 fuerit
3282 1241 3403 1311 ejus
3431 1240 3580 1296 obla-

2002 1337 2098 1394 tio,
2149 1339 2204 1383 et
2251 1329 2598 1399 paciﬁcorum
2650 1330 2858 1394 hostia,
2919 1331 3036 1384 sive
3089 1332 3416 1394 masculum,
3458 1334 3578 1388 sive

2004 1420 2260 1493 feminam
2303 1421 2583 1484 obtulerit,
2640 1421 2983 1475 immaculata
3023 1433 3205 1475 erunt.
3261 1422 3317 1476 Si
3376 1438 3578 1492 agnum

2004 1510 2254 1564 obtulerit
2289 1525 2470 1566 coram
2494 1510 2743 1574 Domino,
2776 1520 2941 1580 ponet
2984 1527 3205 1566 manum
3228 1528 3395 1582 super
3418 1522 3581 1582 caput

2006 1602 2239 1657 victima:
2266 1617 2398 1667 sum,
2436 1618 2556 1672 qua).
2596 1603 2969 1658 immolabitur
3006 1603 3066 1658 in
3101 1604 3369 1659 vestibulo
3399 1605 3580 1659 taber-

327 1669 676 1752 rivationem'
730 1710 827 1750 seu
886 1669 1309 1749 descensionem
1378 1693 1715 1764 signiﬁcans.
1779 1691 1905 1746 Vult
1936 1669 1978 1723 Β
2006 1693 2186 1748 naculi
2234 1669 2532 1748 testimonii
2568 1710 2582 1747 :
2631 1693 2971 1763 laudentque
3013 1694 3109 1748 ﬁlii
3153 1694 3332 1750 Aaron
3361 1697 3583 1767 stinguia

323 1802 453 1859 ergo
485 1796 538 1841 et
571 1785 880 1856 nuptiarum
907 1784 1238 1839 desiderium
1259 1782 1444 1839 oﬂ'erri
1484 1785 1616 1850 Deo,
1651 1791 1710 1837 ut
1739 1783 1908 1853 prolis

323 1892 508 1942 causa,
564 1892 674 1930 non
724 1874 1099 1930 fornicationis
1147 1876 1449 1945 proveniat,
1500 1885 1556 1931 et
1591 1875 1906 1932 bonorabile

324 1970 396 2024 sit
446 1967 782 2038 coujugium,
808 1973 863 2021 et
904 1975 1056 2021 torus
1099 1966 1500 2022 immaculatus.
1559 1966 1667 2021 Sed
1705 1976 1763 2021 et
1804 1966 1907 2022 hoc

323 2062 468 2132 quod
500 2061 553 2113 in
593 2060 754 2114 nobis
781 2068 866 2114 est
898 2059 1191 2133 irascibile,
1234 2062 1343 2114 Deo
1388 2060 1551 2114 debet
1579 2059 1759 2113 ull'erri
1784 2075 1799 2124 ;
1828 2059 1906 2113 sic

325 2149 469 2203 enim
506 2164 617 2202 non
661 2148 728 2202 ad
782 2148 1156 2217 operationem
1191 2148 1418 2217 peccati,
1463 2149 1558 2202 sed
1588 2149 1655 2202 ad
1690 2149 1907 2203 destru-

324 2242 559 2295 ctionem
588 2239 790 2309 peccati
821 2239 977 2294 irasci
1022 2241 1344 2307 poterimus,
1373 2248 1431 2293 et
1463 2240 1627 2293 David
1661 2239 1717 2292 in
1743 2240 1905 2293 nobis

324 2330 637 2403 implebitur
708 2331 1036 2402 Scriptura:
1093 2330 1416 2394 Irascimini,
1467 2341 1513 2384 et
1567 2330 1727 2385 nolite
1784 2347 1903 2397 pec-

322 2440 447 2477 care
467 2424 531 2477 ”.
568 2423 702 2489 Quia
731 2423 878 2478 enim
902 2431 985 2477 est
1015 2422 1092 2476 ira
1118 2422 1340 2492 placens
1377 2423 1509 2483 Deo.
1544 2424 1760 2492 quando
1795 2439 1905 2476 non

326 2514 391 2567 ad
422 2514 756 2574 nocendum,
786 2514 878 2567 sed
918 2515 984 2568 ad
1018 2515 1399 2582 corrigendum
1443 2515 1677 2582 prolicit,
1706 2516 1907 2583 probat

326 2613 534 2672 aperte,
573 2603 715 2673 quod
745 2604 979 2674 primum
1006 2604 1075 2658 de
1107 2603 1285 2674 Moyse
1320 2605 1374 2658 in
1409 2604 1592 2659 Exodo
1627 2607 1901 2671 scribitur,

327 2700 402 2748 ait
436 2695 622 2749 enim;
659 2693 893 2765 Cumque
933 2696 1404 2766 appropinquasset
1442 2697 1510 2750 ad
1551 2707 1748 2761 castra,
1775 2699 1905 2751 uidit

326 2785 570 2848 uitulum,
606 2794 653 2839 et
678 2785 880 2851 choros,
910 2787 1180 2853 iratusque
1220 2787 1373 2840 valde
1404 2787 1623 2855 projecit
1656 2795 1718 2842 de
1745 2805 1905 2842 manu

329 2876 557 2941 tubulus,
610 2886 657 2930 et
714 2876 967 2948 confregit
1013 2893 1103 2931 eas
1152 2878 1227 2931 ad
1274 2878 1476 2930 radices
1517 2879 1727 2942 montis,
1760 2879 1903 2931 arri-

2006 1800 2130 1839 uem
2191 1785 2311 1854 ejus
2367 1800 2463 1854 per
2528 1785 2716 1840 altaris
2761 1786 3070 1851 circuitum,
3139 1795 3196 1841 et
3253 1786 3487 1841 oﬂ‘erent
3512 1789 3581 1842 de

2007 1878 2353 1946 paciticorum
2404 1877 2579 1932 hostia
2612 1877 2941 1933 sacriﬁcium
2982 1879 3230 1942 Domino,
3281 1878 3496 1948 adipem
3527 1888 3585 1934 et

2004 1969 2229 2022 caudam
2274 1977 2437 2023 totam
2479 1984 2603 2023 cum
2650 1970 2893 2030 renibus.
2939 1981 2993 2024 et
3024 1971 3432 2041 pinguedinem,
3460 1985 3585 2042 qua

2004 2060 2179 2129 operit
2210 2070 2473 2120 ventrem,
2503 2070 2664 2129 atque
2687 2060 2938 2114 universa
2966 2061 3171 2123 vitalia,
3202 2072 3258 2115 et
3288 2073 3582 2133 utrumque

1978 2151 2362 2204 'reuunculum
2401 2167 2525 2204 cum
2571 2151 2753 2220 adipe,
2784 2153 2877 2221 qui
2919 2160 3004 2205 est
3028 2152 3181 2221 juxta
3227 2152 3336 2218 ilia,
3373 2155 3583 2207 reticu-

2007 2241 2224 2309 lumque
2272 2242 2473 2311 jecoris
2519 2258 2649 2295 cum
2707 2244 3044 2297 renunculis.
3110 2244 3176 2298 Et
3239 2244 3476 2298 adolebit
3510 2257 3575 2297 ea

2004 2335 2260 2388 sacerdos
2292 2347 2456 2402 super
2495 2332 2666 2387 altare
2722 2334 2779 2386 in
2835 2332 3091 2402 pabulum
3121 2333 3284 2404 ignis,
3339 2344 3396 2389 et
3418 2335 3581 2388 oblat

2008 2423 2169 2477 tionis
2200 2422 2440 2477 Doruini.
2460 2420 2515 2476 Si
2550 2437 2711 2492 capra
2738 2421 2901 2477 fuerit
2930 2423 3052 2494 ejus
3075 2424 3304 2491 oblatio,
3335 2433 3392 2480 et
3419 2426 3582 2481 οδω-

2006 2513 2127 2569 lerit
2153 2529 2271 2567 eam
2298 2514 2546 2575 Domino,
2588 2523 2761 2584 ponet
2793 2530 3017 2569 manum
3035 2530 3191 2570 suam
3223 2531 3390 2587 super
3415 2528 3589 2587 caput

2004 2604 2142 2674 ejus,
2193 2604 2603 2673 immolabitque
2660 2620 2784 2659 eam
2840 2606 2894 2659 in
2949 2605 3176 2661 iutrontu
3237 2609 3582 2664 tabernaculi

2007 2695 2337 2749 testimonii:
2393 2703 2447 2749 et
2483 2694 2715 2750 fundent
2752 2695 2847 2751 ﬁlii
2899 2696 3080 2751 Aaron
3111 2700 3432 2769 sanguinem
3463 2698 3586 2768 ejus

2005 2802 2103 2857 per
2138 2787 2326 2842 altaris
2358 2786 2670 2851 circuitum,
2716 2788 3018 2858 tollentque
3056 2803 3124 2842 es
3162 2804 3228 2844 ea
3267 2790 3322 2843 in
3366 2799 3587 2860 pastum

2004 2879 2445 2951 ignis,Dominici
2482 2879 2721 2949 adipem,
2758 2880 2853 2949 qui
2886 2881 3064 2951 operit
3095 2889 3362 2943 ventrem,
3398 2888 3455 2935 et
3487 2883 3585 2951 qui

328 2970 574 3037 pictisque
616 2967 836 3021 vitulum
892 2983 1045 3039 quem
1075 2969 1329 3039 fecerant,
1359 2968 1660 3031 combussit,
1693 2979 1740 3023 et
1777 2985 1903 3023 con-
1930 2995 1974 3053 ε
2008 2979 2148 3041 teget
2198 2970 2449 3024 universa
2480 2970 2681 3034 vitalia,
2716 2972 2854 3025 duos
2889 2966 3222 3027 renuuculos
3280 2986 3403 3026 cum
3451 2973 3583 3026 retis

330 3060 471 3112 trivit
499 3076 662 3127 usque
689 3062 758 3113 ad
783 3059 1065 3129 pulverem,
1098 3077 1250 3131 quem
1287 3063 1480 3131 sparsit
1509 3062 1564 3115 in
1603 3078 1801 3132 aquam
1855 3071 1903 3117 et

2006 3063 2130 3116 culo
2179 3061 2322 3129 quod
2368 3069 2450 3115 est
2519 3075 2687 3130 super
2714 3076 2811 3116 eos
2843 3062 2986 3116 circa
3017 3062 3221 3127 vitalia,
3253 3070 3310 3116 et
3340 3063 3586 3115 arvinam

330 3152 471 3205 dedit
506 3168 569 3206 ex
606 3167 666 3204 eo
711 3163 891 3223 potum
930 3153 1056 3222 ﬁliis
1081 3152 1334 3207 Israel“.
1362 3152 1478 3208 Non
1515 3164 1697 3210 tamen
1733 3155 1786 3209 in
1820 3155 1906 3209 bis
2001 3153 2203 3223 jecoris
2259 3167 2382 3206 cum
2430 3152 2766 3209 ranunculis.
2808 3153 3170 3224 Adolebitque
3216 3168 3282 3209 ea
3325 3155 3582 3209 sacerdos

333 3245 696 3314 reprehensus
731 3252 833 3308 est,
875 3246 973 3300 sed
1019 3247 1128 3300 imo
1167 3246 1402 3301 multum
1434 3246 1772 3301 admirabilis
1807 3261 1906 3300 ex-

333 3332 471 3386 stitit
512 3349 525 3386 :
571 3346 637 3397 ex
682 3335 802 3387 zelo
842 3334 992 3389 enim
1031 3341 1181 3389 tanta
1224 3335 1306 3389 ira
1339 3351 1471 3391 usus
1495 3345 1577 3391 est
1612 3336 1905 3406 legislator,

333 3423 459 3493 quia
486 3432 542 3477 et
579 3422 721 3479 Deus
753 3424 914 3479 irasci
941 3424 994 3478 in
1028 3426 1215 3481 multis
1248 3441 1416 3483 saeue
1447 3427 1748 3497 Scriptura:
1772 3427 1907 3483 dici-

337 3528 424 3569 tur
465 3515 620 3579 locis,
668 3531 1011 3586 nequaquam
1056 3528 1238 3573 autem
1279 3521 1345 3574 de
1371 3534 1443 3575 eo
1466 3521 1590 3583 hoc,
1620 3519 1667 3575 si
1707 3520 1909 3575 malum

335 3605 547 3669 fuisset,
587 3604 882 3660 diceretur.
925 3606 995 3661 Et
1033 3607 1152 3663 haec
1201 3607 1423 3677 quidem
1475 3607 1552 3661 its
1594 3622 1655 3663 se
1686 3608 1908 3663 habent.

335 3696 473 3764 Quia
511 3707 692 3773 autem
737 3698 793 3752 in
828 3698 1029 3770 bepate
1071 3700 1540 3771 concupiscentia:
1569 3701 1911 3771 requiescere

337 3796 616 3858 putantur,
657 3798 944 3860 propterea
988 3790 1338 3860 pinuam,,id
1383 3799 1488 3854 est,
1539 3793 1911 3849 summitatem

337 3882 540 3937 auferri
581 3898 709 3938 cum
746 3882 966 3939 renibus
1012 3883 1297 3955 prmcepit,
1325 3893 1382 3938 et
1413 3882 1600 3938 oﬁ‘erri
1629 3882 1698 3937 ad
1719 3882 1908 3948 altare,

340 3984 398 4027 ut
427 3974 495 4030 ab
524 3974 673 4030 omni
719 3974 858 4028 mala
889 3974 1251 4031 delectatione
1284 3976 1634 4041 mundemur,
1675 3976 1912 4031 scientes

337 4063 461 4132 quia
489 4065 764 4135 primitiva
788 4067 1179 4138 cogitationum
1206 4076 1517 4122 nostrarum
1547 4067 1659 4122 Deo
1690 4081 1913 4122 necesse

342 4154 605 4210 habemus
635 4156 857 4220 oll‘erre,
882 4158 1286 4213 sanctiﬁcantes
1324 4173 1423 4227 per
1450 4158 1833 4213 delibationem
1858 4166 1914 4213 et

343 4260 601 4302 massam.
627 4246 687 4303 Si
707 4247 853 4302 enim
879 4248 1134 4305 delibatio
1161 4260 1369 4315 sancta,
1401 4249 1598 4320 inquit,
1628 4258 1684 4305 et
1710 4263 1910 4314 massa,

2007 3260 2171 3315 super
2189 3244 2359 3299 altare
2381 3245 2434 3298 in
2462 3244 2775 3299 alimoniam
2810 3244 2973 3316 ignis,
3007 3253 3065 3300 et
3103 3245 3415 3299 suavissimi
3441 3246 3583 3300 odo—

2008 3337 2102 3393 ris.
2135 3335 2326 3392 Omnis
2352 3336 2520 3407 adeps
2552 3334 2765 3392 Domini
2804 3338 2911 3392 erit
2934 3338 3060 3407 jure
3093 3349 3360 3406 perpetuo
3398 3337 3454 3390 in
3485 3352 3581 3408 ge-

2007 3427 2399 3493 nerationibus,
2443 3435 2498 3483 et
2551 3427 2764 3482 cunctis
2824 3425 3148 3483 habitaculis
3207 3426 3425 3492 vestris,
3481 3440 3589 3480 nec

2007 3518 2218 3588 adipes,
2244 3533 2347 3574 nec
2371 3519 2694 3590 sanguinem
2723 3518 2948 3574 omnino
2981 3519 3334 3574 comedetis.»

2078 3608 2250 3675 Quem
2300 3609 2494 3665 bovem
2537 3608 2735 3665 offerre
2755 3651 2770 3671 ,
2819 3618 2876 3664 et
2936 3625 3098 3679 quem
3151 3623 3343 3664 rursus
3398 3622 3585 3676 ovem,

2009 3715 2239 3772 quamve
2266 3714 2483 3770 capram
2507 3700 2780 3771 lcgislator
2805 3699 3078 3770 praecepit,
3116 3700 3248 3755 olim
3279 3702 3335 3753 in
3361 3701 3447 3756 bis
3466 3715 3593 3770 quas

2006 3792 2079 3847 de
2138 3791 2465 3848 holocaustis
2521 3790 2664 3845 dicta
2721 3798 2849 3845 sunt
2914 3791 3286 3860 exposuimus.
3338 3791 3595 3845 Diximus

2010 3884 2157 3938 enim
2208 3883 2471 3939 sacriﬁcia
2525 3882 3036 3937 conversationibus
3079 3881 3431 3937 ollerentium
3463 3897 3591 3938 esse

2010 3984 2322 4046 comparata
2350 3993 2364 4029 :
2395 3984 2450 4031 et
2486 3975 2791 4030 differentia
2819 3974 3219 4030 sacriﬁciorum
3256 3974 3595 4029 dilicreutiss

2013 4066 2495 4123 conversationum
2541 4081 2667 4121 esse
2695 4064 2990 4136 ﬁguratas:
3035 4080 3164 4135 ergo
3193 4065 3409 4127 bovem,
3441 4064 3590 4135 lega-

2012 4159 2145 4214 lium
2202 4157 2581 4212 mandatorum
2638 4163 2981 4225 opemtorent
3038 4157 3402 4223 ostendimus,
3462 4171 3598 4212 oves

2013 4257 2197 4304 autem
2242 4248 2516 4318 simplices
2566 4262 2689 4300 esse
2724 4247 2983 4311 diximus,
3026 4263 3221 4318 capras
3249 4249 3414 4303 etiam
3460 4248 3593 4301 sim-

343 4337 427 4393 sic
467 4337 615 4392 enim
658 4337 715 4393 in
760 4338 917 4393 nobis
945 4339 1233 4395 delectatio
1261 4340 1403 4394 mala
1431 4355 1540 4394 non
1572 4338 1687 4395 ﬂet.
1728 4337 1838 4393 Sed
1867 4338 1912 4393 si
1943 4322 1988 4378 Ῑ)
2014 4339 2190 4410 plices
2207 4337 2424 4406 quidem
2446 4346 2690 4392 versatos
2712 4337 2768 4390 in
2797 4338 3056 4407 peccatis,
3086 4338 3180 4394 sed
3203 4349 3385 4393 tamen
3410 4347 3599 4408 postea

343 4429 546 4487 divitiis
573 4430 695 4501 quis
722 4429 1045 4497 delectatur,
1068 4430 1285 4487 divitias
1306 4432 1529 4502 iustitiae
1552 4440 1777 4502 quaerat,
1800 4431 1914 4487 sive

344 4522 539 4587 salute,
587 4538 708 4577 eam
750 4538 871 4593 quae
912 4530 996 4579 est
1040 4523 1095 4578 iu
1140 4523 1540 4594 subjectionem
1577 4530 1634 4578 et
1671 4524 1915 4579 refrena-

346 4615 548 4671 tionem
578 4617 845 4687 corporis,
867 4616 983 4672 sive
1009 4616 1283 4687 conjugio,
1313 4617 1407 4671 illo
1428 4616 1572 4687 quod
1597 4616 1654 4671 in
1684 4615 1915 4670 ﬁliorum

345 4706 720 4777 procreatione
749 4715 834 4771 est
860 4715 917 4761 et
942 4706 996 4762 in
1030 4707 1313 4778 pudicitia.
1355 4706 1583 4777 Oportet
1609 4716 1790 4763 autem
1816 4720 1919 4761 nos

348 4797 621 4854 reminisci
666 4799 792 4868 quia
825 4814 975 4854 nunc
1025 4814 1136 4854 non
1168 4814 1296 4861 eum
1323 4799 1416 4870 qui
1450 4814 1510 4854 se
1542 4798 1834 4863 cruciﬁxit,
1863 4807 1921 4852 et

346 4886 692 4943 mortiﬁcavit
736 4892 960 4953 mundo,
993 4889 1089 4947 sed
1137 4904 1263 4944 eum
1292 4890 1385 4960 qui
1410 4889 1758 4945 mediocriter
1787 4904 1921 4945 con-

344 4964 591 5033 versatur
614 5016 634 5044 ,
655 4976 928 5049 legislator
975 4977 1280 5049 descripsit.
1317 4979 1472 5036 Unde
1514 4979 1657 5071 ejus.
1671 4989 1728 5035 et
1764 4994 1921 5036 renes

332 5066 532 5124 offerri
569 5066 747 5140 jubet,
778 5069 1076 5129 ostendens
1101 5069 1227 5140 quia
1261 5070 1330 5125 de
1353 5085 1420 5126 eo
1444 5071 1537 5141 qui
1582 5066 1923 5143 in'conjugio

347 5170 721 5226 conservatur.
760 5161 1003 5233 loquitur
1023 5180 1040 5215 :
1071 5175 1194 5216 esse
1228 5169 1412 5215 autem
1442 5161 1500 5215 in
1528 5162 1753 5219 renibus
1778 5163 1923 5217 dixi-

349 5266 471 5306 mus
518 5251 729 5308 coitalis
769 5251 1104 5323 Operationis
1133 5251 1362 5306 semina.
1417 5250 1799 5311 Verumtamen
1847 5253 1922 5308 ita

347 5354 408 5401 se
433 5342 555 5412 quis
569 5343 1048 5415 debetdisponere,
1077 5352 1136 5398 ut
1159 5358 1320 5399 omne
1342 5342 1693 5411 desiderium,
1720 5353 1776 5398 et
1797 5358 1924 5414 pro-

350 5435 584 5500 positum
638 5434 930 5506 cujuslibet
985 5434 1240 5501 actionis,
1292 5442 1348 5490 et
1397 5424 1925 5490 consummationem

436 5567 697 5623 "let-ein.
750 5586 887 5638 xm,
930 5572 1013 5627 ιθ.

335 5640 402 5729 κη
425 5642 592 5695 Amos
647 5655 738 5704 vn,
769 5642 849 5694 ll.

2019 4441 2338 4485 conversos.
2382 4425 2490 4481 Sed
2536 4427 2611 4481 ibi
2649 4428 2847 4483 ovibus
2872 4428 3036 4482 etiam
3068 4444 3358 4498 caprarum
3385 4428 3597 4484 sacriﬁ-

2018 4520 2168 4575 cium
2195 4517 2435 4581 miscuit,
2462 4518 2540 4571 ait
2565 4518 2710 4572 enim
2736 4536 2748 4571 :

2020 4664 2025 4667 Α
2093 4612 2245 4677 Quod
2272 4610 2320 4663 si
2351 4609 2414 4664 de
2445 4610 2711 4678 pecoribus
2732 4608 2930 4663 oblatio
2954 4619 3048 4673 est,
3092 4611 3154 4663 de
3198 4611 3376 4663 ovibus
3400 4610 3503 4664 sive
3534 4614 3599 4662 de

2023 4705 2196 4774 capris
2229 4703 2589 4757 holocaustum
2620 4702 2930 4757 anniculam
2964 4701 3158 4771 absque
3194 4700 3401 4754 macula
3430 4701 3575 4770 oﬂert

2014 4793 2372 4864 scpluaginta
2392 4801 2575 4851 autem
2620 4791 2700 4846 sic
2737 4790 2946 4845 edunt:
2979 4789 3034 4843 Si
3069 4790 3138 4843 ab
3168 4788 3363 4845 ovibus
3395 4804 3604 4842 mulius

2021 4885 2165 4952 ejus,
2195 4881 2265 4936 ab
2297 4881 2451 4951 agnis
2481 4888 2538 4934 et
2561 4879 2728 4935 hmdis
2758 4878 2816 4932 in
2854 4877 3255 4942 holocaustum,
3297 4876 3603 4932 masculum

2022 4972 2433 5029 immaculatum
2473 4970 2672 5025 oll‘eret
2720 4970 2891 5034 illum,
2936 4969 3063 5039 quia
3092 4984 3224 5023 oves
3262 4983 3438 5039 genus
3463 4981 3603 5035 quo-

2023 5067 2317 5123 dammodo
2362 5082 2484 5122 esse
2518 5081 2787 5137 agnorum
2829 5073 2886 5119 et
2927 5064 3215 5121 haedorum
3276 5061 3601 5132 complexio-

2027 5158 2194 5214 Yetus
2228 5156 2633 5214 Testamentum
2659 5157 2963 5212 azstiniavit.
2997 5156 3246 5212 Invenies
3274 5164 3476 5217 tamen,
3508 5154 3609 5208 sed

2029 5261 2085 5306 et
2121 5252 2265 5322 apud
2311 5252 2628 5321 pr0phetam
2668 5249 2836 5305 Amos
2885 5264 3078 5318 capras
3116 5248 3415 5318 appellatas
3438 5262 3607 5309 oves;

2030 5344 2106 5398 ait
2138 5343 2287 5398 enim
2309 5359 2323 5397 :
2348 5341 2466 5396 Non
2488 5358 2606 5397 sum
2635 5340 2923 5411 propheta,
2949 5355 3049 5394 nec
3078 5339 3220 5409 ﬁlius
3256 5338 3518 5410 propheta
3538 5336 3603 5398 “.

2032 5436 2127 5490 sed
2163 5435 2383 5497 αἰπόλος
2422 5449 2522 5504 ego
2550 5448 2694 5498 sum,
2723 5432 2990 5487 vellicans.
3015 5432 3299 5486 sicamina.
3335 5429 3403 5484 Et
3430 5438 3613 5483 sustu»

1110 5572 1320 5628 "Psal.
1378 5587 1504 5635 xxv,
1561 5571 1614 5624 i.
1692 5570 1905 5628 "'Gcri.
1954 5586 2100 5637 xux,
2151 5569 2238 5623 ιθ.
2319 5569 2364 5601 ’⁸
2400 5567 2543 5624 Psal.
2601 5584 2675 5634 iv,
2723 5568 2777 5623 5.
2851 5564 3093 5642 "‘Exod.
3149 5572 3320 5632 astu,
3369 5565 3459 5631 l9,
3510 5563 3605 5617 20.
