4030 6240
350 435 456 504 817

1510 430 2074 498 IN.LEVITICUM.
2118 459 2187 467 -
2229 435 2373 494 LIB.
2418 433 2464 492 Ι.

3523 427 3632 496 818

353 551 413 606 lit
439 565 526 603 me
565 549 829 604 Dominus
866 563 934 603 ex
972 550 1229 620 gregibus
1275 548 1480 602 ovium.
1535 548 1670 602 Cum
1721 546 1937 618 proprie
1965 547 2012 602 Α
2040 547 2442 616 simplicitatem
2485 545 2710 607 habent,
2737 553 3113 596 verumtamen
3150 541 3219 595 ah
3247 539 3392 594 omni
3427 540 3628 593 malitia

353 647 589 710 αἰπόλοι,
641 647 732 716 qui
777 662 970 716 capras
1016 654 1246 715 pascunt
1293 645 1654 716 appellentur,
1697 642 1932 697 manil‘eo

354 746 494 792 stum
539 745 622 791 est
673 737 798 805 quia
843 745 899 791 et
943 752 1134 805 capras
1177 737 1317 790 inter
1372 751 1503 792 oves
1567 736 1764 805 posuit.
1796 734 1938 800 Quia

355 843 485 894 ergo
530 827 776 897 quaedam
823 843 888 882 ex
934 827 1068 898 ipsis
1111 842 1300 898 agnos,
1343 827 1590 898 quasdam
1633 843 1826 897 capras
1853 826 1936 880 lex

356 919 503 982 dicit,
547 934 774 988 quorum
827 918 1047 988 quidem
1089 918 1211 989 agni
1253 917 1529 987 simplices
1577 927 1829 972 tantum:
1884 926 1940 972 et

356 1010 446 1078 qui
495 1011 630 1064 nihil
661 1019 1023 1079 peccaverunt
1054 1009 1426 1080 signiﬁcantur
1461 1028 1474 1063 :
1519 1025 1697 1079 capt-te
1729 1016 1936 1070 autem,

356 1099 628 1168 simplices
656 1101 898 1168 quidem,
937 1100 1032 1154 sed
1065 1101 1155 1169 qui
1182 1110 1567 1168 peccaverunt.
1601 1108 1658 1155 et
1687 1101 1936 1154 conversi

355 1197 501 1242 sunt.
556 1187 760 1241 Horum
793 1189 1119 1243 sacriﬁcium
1161 1205 1334 1244 unum
1376 1189 1780 1260 quodammodo
1811 1205 1937 1244 esse

355 1281 408 1334 in
480 1281 1005 1336 holocautomatibus
1085 1291 1235 1338 recte
1302 1283 1558 1338 traditum
1638 1291 1741 1336 est.
1799 1282 1934 1336 Cum

352 1382 532 1429 autem
573 1375 666 1442 qui
715 1373 953 1443 perfecta
986 1376 1100 1430 vult
1129 1391 1340 1444 sapere,
1369 1376 1469 1430 etsi
1517 1385 1769 1444 peccator
1796 1374 1933 1438 luit,

352 1477 418 1516 ex
446 1478 556 1532 quo
593 1463 756 1517 vitam
809 1463 1106 1533 perlectam
1161 1465 1404 1535 elegerit.
1439 1465 1518 1518 sic
1547 1473 1766 1533 Oportet
1802 1479 1938 1519 cou-

356 1551 582 1612 versari,
622 1551 763 1607 sicut
811 1553 964 1607 illum
1009 1555 1101 1623 qui
1141 1563 1267 1609 ante
1299 1571 1406 1608 non
1443 1556 1704 1624 peccavit.
1761 1554 1818 1607 In
1845 1570 1936 1609 sa-

352 1641 559 1695 criﬁcio
589 1653 770 1696 autem
819 1644 1196 1712 paciﬁcatum,
1230 1660 1354 1699 cum
1387 1647 1577 1698 eadem
1601 1645 1936 1700 custodisset

353 1745 459 1790 tam
497 1735 551 1791 in
587 1736 852 1790 sacrillcio
890 1736 1096 1799 ovium,
1127 1753 1287 1806 quam
1331 1753 1615 1804 caprarum
1659 1747 1714 1792 et
1747 1737 1934 1798 boum,

353 1843 521 1882 utinm
571 1829 673 1882 hoc
743 1828 864 1898 plus
914 1829 969 1882 in
1019 1829 1214 1884 ovibus
1260 1830 1576 1894 custodivit,
1628 1830 1773 1899 quod
1825 1846 1937 1884 non

351 1919 526 1972 solum
567 1919 1228 1994 adipem,reticulumque
1249 1921 1468 1991 iecoris,
1509 1921 1592 1974 vel
1624 1921 1928 1975 secundum

353 2004 707 2079 Septuaginta
754 2009 977 2078 pinnam
1008 2010 1238 2078 hepatis,
1275 2011 1370 2064 sed
1405 2027 1567 2065 renes
1602 2023 1658 2065 et
1679 2012 1927 2065 caudam.

351 2097 448 2153 Vel
498 2101 640 2156 idem
707 2102 1009 2156 secundum
1055 2101 1407 2173 Septuaginta
1457 2104 1702 2158 lumbum
1735 2104 1928 2158 imma-

346 2189 588 2244 culatum
628 2206 752 2246 cum
797 2193 1018 2247 renibus
1046 2193 1206 2262 jussit
1253 2194 1458 2248 oll'erri.
1493 2193 1631 2261 Quia
1680 2195 1826 2248 enim
1873 2204 1934 2249 ut

347 2285 599 2354 simplex,
652 2285 818 2340 multa
851 2301 973 2354 quae
1011 2287 1228 2355 operari
1278 2286 1482 2348 debuit,
1534 2287 1737 2349 omisit,
1765 2286 1931 2342 debet

349 2393 499 2430 suam
556 2377 808 2432 virtutem
853 2377 1051 2432 offerre
1093 2377 1223 2440 Deo,
1256 2387 1448 2432 utnon
1493 2379 1693 2433 virtute
1743 2395 1837 2433 sua
1872 2380 1926 2434 in

351 2468 550 2521 malum
580 2476 638 2522 ut
670 2469 920 2537 simplex,
973 2470 1067 2523 sed
1120 2471 1289 2537 magis
1321 2479 1500 2524 utatur
1539 2471 1590 2524 in
1621 2473 1844 2535 bonum,
1877 2483 1933 2527 et

349 2559 700 2636 manifestum
759 2561 942 2622 faciat,
993 2562 1120 2630 quia
1175 2563 1312 2615 nihil
1360 2578 1426 2616 ex
1491 2563 1574 2617 his
1619 2581 1740 2630 quas
1791 2565 1931 2619 scire

351 2660 548 2720 potest,
593 2661 649 2707 et
689 2653 915 2722 exsequi
963 2655 1164 2710 Omisit.
1208 2654 1340 2708 Nam
1391 2657 1534 2725 quod
1581 2674 1677 2724 pro
1711 2657 1930 2717 virtute.

349 2761 452 2812 qua
485 2745 718 2798 maxime
767 2746 984 2800 lumbus
1011 2747 1149 2815 apud
1187 2756 1427 2801 sanctam
1471 2748 1811 2817 Scripturam
1834 2765 1929 2803 ac-

345 2837 566 2904 cipitur,
615 2837 901 2907 cognoscis
941 2854 1007 2892 ex
1057 2838 1142 2894 his
1183 2839 1239 2892 in
1284 2840 1483 2907 quibus
1550 2841 1792 2895 Rohoam
1827 2843 1932 2895 cir-

345 2936 678 2980 cumstantes
725 2927 877 2996 pueri
931 2936 1120 2981 contra
1173 2926 1429 2996 pnplllztm
1466 2926 1833 2979 immiserunt.
1870 2936 1931 2981 ut

348 3017 540 3072 iortcnt
613 3018 964 3085 semetipsum
1019 3028 1075 3071 et
1127 3018 1424 3072 terribilem
1487 3020 1926 3074 demonstraret:

353 3107 475 3161 Ha'c
507 3110 649 3162 dices
682 3110 752 3162 ad
776 3125 860 3162 eos
894 3125 910 3162 :
951 3109 1194 3163 Mittimus
1218 3111 1412 3179 digitus
1444 3128 1586 3165 meus
1609 3115 1836 3183 grissior
1857 3122 1928 3166 est

2041 638 2258 694 mundae
2281 645 2429 692 sunt.
2457 635 2562 702 Qui
2588 645 2770 688 autem
2795 650 2861 687 es
2889 633 3065 687 bobus
3087 630 3416 686 sacrificium
3437 630 3619 690 oliert.

2041 740 2226 800 utpote
2261 736 2515 798 operator
2553 728 2808 797 legalium
2854 725 3264 786 mandatorum,
3308 737 3416 776 non
3460 722 3620 775 hath

2040 819 2422 886 necessitatem
2471 819 2715 872 lumbum
2766 815 2990 880 oﬂ'erre,
3043 815 3170 884 quia
3213 817 3316 868 hoc
3350 813 3405 866 in
3439 828 3627 867 corrc-

2039 913 2222 968 ctione
2257 913 2521 966 bonarum
2546 909 2773 965 sortitus
2795 917 2880 964 est
2907 907 3212 962 actionum.
3244 905 3295 959 ls
3325 913 3506 958 autem
3535 907 3628 972 qui

2039 1007 2108 1060 de
2145 1005 2324 1075 capris
2363 1003 2628 1066 immolat,
2679 1002 2782 1057 etsi
2830 999 3097 1069 simplicis
3139 1007 3222 1054 est
3251 995 3502 1068 generis,
3537 1011 3628 1048 vc-

2041 1108 2345 1152 rumtamen
2394 1097 2521 1167 quia
2569 1111 2636 1149 ex
2687 1093 3067 1162 peccatoribus
3115 1088 3400 1146 conversis
3474 1088 3633 1142 intel-

2040 1192 2212 1266 lectus
2231 1200 2332 1254 est,
2353 1205 2463 1244 non
2487 1196 2667 1259 potest
2685 1187 2936 1242 lumbum
2964 1183 3379 1238 immaculatum
3405 1180 3628 1239 oﬂerrc.

2039 1285 2166 1338 olim
2221 1283 2421 1354 quippe
2464 1297 2594 1336 eum
2636 1288 2856 1349 pecean
2901 1275 3213 1331 maculavit.
3275 1272 3628 1327 Manifestum

2037 1387 2122 1432 est
2149 1393 2280 1448 ergo
2329 1377 2474 1445 quod
2517 1376 2605 1429 hic
2637 1374 2880 1443 quidem,
2920 1379 3107 1440 utpote
3159 1383 3249 1438 qui
3300 1381 3411 1421 non
3453 1366 3631 1420 fuerat

1996 1517 1999 1520 .
2041 1467 2094 1522 in
2141 1467 2396 1537 peccatis,
2447 1464 2853 1519 immaculatum
2902 1460 3152 1514 lumbum
3192 1456 3395 1512 oﬂerre
3425 1463 3626 1524 potest.

2039 1556 2140 1622 Qui
2174 1572 2306 1611 vero
2332 1556 2454 1617 iuit,
2484 1555 2572 1609 hic
2607 1554 2720 1622 jam
2754 1567 2864 1606 non
2893 1547 3323 1604 oliertlumbum
3357 1547 3412 1600 in
3453 1547 3628 1600 sacri-

2041 1648 2218 1703 liciis:
2256 1647 2523 1717 siquidem
2548 1659 2671 1716 quin
2699 1653 2847 1706 sunt,
2897 1642 2965 1696 de
2998 1640 3180 1711 capris
3209 1639 3529 1703 ascribitur,
3562 1637 3631 1690 dc

2038 1738 2238 1806 quibus
2279 1735 2523 1790 lumbum
2560 1734 2746 1789 oﬂ'erri
2795 1748 2908 1786 non
2953 1730 3209 1795 sancivit,
3257 1737 3315 1783 et
3345 1729 3449 1782 hoc
3489 1736 3629 1785 erat.

2040 1836 2264 1899 prepter
2297 1828 2441 1897 quod
2474 1827 2529 1880 in
2551 1825 2821 1881 sacrificio
2845 1823 3202 1894 pacificorum
3231 1821 3302 1874 ab
3341 1819 3496 1890 agnis
3535 1834 3630 1872 ca-

2039 1939 2166 1992 pras
2195 1921 2464 1976 distinxit.
2506 1919 2834 1974 Communia
2867 1926 3052 1972 autem
3101 1923 3231 1970 sunt
3257 1914 3382 1977 alia,
3413 1911 3481 1966 de
3503 1912 3627 1981 qui-

2034 2015 2135 2069 bus
2168 2013 2315 2083 loqui
2360 2013 2737 2069 necessarium
2784 2025 2893 2064 non
2950 2007 3237 2072 habemus,
3267 2005 3320 2058 in
3343 2003 3624 2057 oblatione

1967 2108 2185 2173 ..enim,
2208 2108 2370 2162 boum
2407 2104 2739 2161 sullicienter
2789 2109 3079 2158 tractatum
3121 2108 3224 2155 est.
3275 2097 3412 2152 Illud
3447 2107 3628 2150 autem

2032 2207 2248 2270 oportet
2275 2197 2553 2269 cognosci,
2580 2194 2858 2266 quomodo
2890 2193 2982 2247 ubi
3012 2193 3088 2246 ait
3119 2209 3132 2246 :

2103 2291 2340 2346 Adoleiit
2369 2299 2431 2345 ea
2479 2289 2728 2344 sacerdos
2769 2301 2929 2356 super
2987 2287 3165 2339 altare
3209 2284 3263 2336 in
3313 2282 3628 2336 alimoniam

2032 2381 2189 2455 ignis,
2226 2395 2274 2439 et
2306 2382 2609 2439 suavissimi
2639 2382 2815 2436 odoris
2837 2421 2852 2447 ,
2887 2395 3008 2434 cum
3040 2376 3392 2447 Septuaginta
3421 2371 3624 2429 edidisi

2033 2482 2156 2528 sent
2196 2491 2208 2525 :
2240 2471 2430 2542 Oﬂcret
2461 2470 2596 2524 illud
2622 2469 2866 2523 sacerdos
2895 2487 2965 2521 at.
3008 2467 3202 2528 altare,
3238 2474 3387 2519 extra
3417 2466 3627 2518 odorem

2031 2564 2346 2628 suavitatis,
2387 2561 2574 2617 caeteri
2631 2568 2960 2628 interpretes
3008 2558 3064 2610 in
3105 2555 3368 2623 sacriﬁcio
3393 2555 3615 2625 quidem

2032 2657 2556 2718 holocautomatum,
2623 2666 2721 2720 pro
2777 2650 2908 2705 extis
2985 2649 3413 2702 holocautomata
3467 2662 3484 2701 :
3536 2646 3626 2700 alii

2033 2758 2213 2804 autem
2253 2747 2574 2801 oblationem
2633 2743 2947 2798 ediderunt.
3000 2741 3058 2795 In
3087 2741 3190 2794 hoc
3217 2747 3398 2794 autem
3425 2738 3618 2808 pacili-

2033 2857 2220 2897 corum
2268 2837 2559 2898 sacrificio,
2625 2836 2714 2890 hic
2768 2833 3000 2903 quidem
3031 2847 3251 2903 panem,
3300 2831 3391 2887 alii
3440 2839 3624 2884 autem

2032 2933 2410 2987 frumentum:
2463 2931 2902 2982 demonstrantes
2926 2926 3044 2980 sine
3088 2924 3257 2978 dubio
3323 2923 3474 2992 quia,
3522 2923 3627 2975 etsi

2033 3041 2140 3078 non
2183 3021 2437 3092 perfectae
2471 3017 2832 3089 philosophia:
2863 3016 2938 3070 sit
2965 3013 3192 3076 oblatio,
3237 3014 3340 3066 hoc
3367 3012 3515 3066 enim
3545 3020 3631 3063 est

2035 3113 2531 3169 holocautomatum
2599 3105 2951 3169 sacriﬁcium,
3034 3112 3416 3158 verumtamen
3475 3100 3629 3154 suni-

351 3197 541 3251 lumbis
583 3199 754 3266 patris
784 3198 957 3252 mei".
995 3197 1100 3252 Sed
1133 3209 1187 3252 et
1219 3198 1486 3252 lsraclitas
1525 3204 1754 3270 cupiens
1786 3203 1927 3255 Deus
1955 3217 1998 3274 ο
2031 3209 2184 3263 ciens
2234 3213 2321 3259 est
2359 3204 2524 3257 etiam
2581 3202 2695 3256 haec
2723 3213 2949 3270 pascere
2986 3197 3040 3250 in
3100 3197 3221 3274 his.
3249 3211 3372 3264 qua:
3399 3201 3527 3247 sunt
3560 3195 3627 3246 ad

349 3306 559 3342 arinare
590 3291 660 3343 ad
690 3280 966 3355 virtutem,
997 3289 1161 3360 Moysi
1208 3291 1276 3345 ita
1309 3293 1564 3361 praecepit
1593 3311 1605 3346 :
1641 3291 1728 3347 Sic
1753 3310 1927 3346 come-

346 3383 478 3434 detis
508 3381 658 3434 illum
684 3397 703 3434 :
737 3380 936 3434 lumbos
955 3390 1152 3434 vestros
1181 3383 1534 3451 prteciugetis,
1571 3383 1928 3438 calceamenta

346 3473 590 3527 [tabentes
627 3474 680 3526 in
712 3473 948 3542 pedibus.
977 3482 1210 3526 tenentes
1244 3475 1301 3526 in
1351 3474 1593 3528 manibus
1621 3474 1851 3540 buculos,
1880 3485 1928 3529 at

345 3565 622 3618 comedetis
665 3565 1049 3634 festinanter".
1107 3564 1305 3620 Paulus
1345 3567 1529 3632 etiam,
1575 3583 1700 3620 cum
1739 3579 1933 3623 contra

347 3657 620 3726 principes
642 3667 697 3711 et
733 3657 1306 3727 potestatesindiceret
1341 3659 1562 3732 bellum,
1584 3660 1754 3714 dixit:
1781 3660 1930 3715 State

345 3747 593 3800 succincti
639 3747 839 3799 lumbos
889 3758 1082 3800 vestros
1123 3745 1179 3797 in
1240 3747 1478 3809 veritate,
1528 3746 1697 3800 induti
1764 3746 1927 3800 lorica

341 3838 646 3906 justitiw".
681 3838 784 3890 Sed
819 3848 874 3891 et
912 3838 1177 3893 Dominus
1211 3839 1474 3908 apostolis
1523 3837 1737 3892 dicebat
1765 3855 1778 3890 :
1810 3837 1928 3891 Sint

347 3931 517 3988 Lumbi
553 3929 711 3982 vestri
739 3928 1084 3997 prrecincti”.
1119 3930 1225 3985 Sed
1260 3930 1359 3984 etsi
1403 3938 1814 3998 cooperatorem
1842 3929 1930 3982 di-

345 4035 541 4074 camus
587 4019 827 4072 lumbum
877 4019 1152 4074 coitalium
1185 4018 1622 4074 couuuistionum
1648 4057 1663 4081 ,
1703 4019 1756 4071 in
1798 4019 1930 4088 ipsis

344 4111 491 4166 enim
531 4119 589 4165 ct-
634 4126 793 4164 renes
824 4111 1080 4177 rejacent,
1116 4111 1344 4166 undeet
1374 4109 1576 4164 Pan-Ius
1604 4110 1670 4164 de
1701 4109 1827 4164 Levi
1856 4111 1923 4165 ad

348 4202 602 4254 llebrmos
628 4200 870 4254 scribens
904 4202 1016 4254 ait:
1055 4199 1240 4257 Adhuc
1277 4202 1415 4253 enim
1455 4201 1509 4252 in
1537 4199 1726 4254 lumbis
1759 4201 1929 4268 patris

344 4302 476 4355 erat,
525 4291 738 4357 quando
791 4291 968 4345 obvius
1023 4301 1097 4344 est
1152 4293 1202 4345 ei
1250 4291 1696 4346 Melchisedech“;
1757 4290 1927 4347 Recte

343 4382 487 4436 cauti
529 4382 831 4436 redduntur
861 4381 1159 4452 simplices,
1206 4392 1394 4453 utpote
1438 4383 1527 4453 qui
1565 4399 1630 4437 ex
1671 4383 1927 4452 simplici-

345 4483 455 4529 tate
491 4473 651 4528 facile
705 4483 956 4542 poterant
997 4474 1064 4528 ad
1116 4473 1456 4544 voluptatem
1493 4475 1654 4541 trahi,
1708 4483 1765 4529 ut
1815 4491 1923 4529 non

2036 3295 2286 3359 salutem,
2314 3301 2365 3347 et
2409 3268 2787 3346 fortitudinem
2837 3287 2971 3342 dare
3014 3268 3296 3340 oﬂ‘eretiti.
3329 3281 3443 3337 Hoc
3477 3281 3628 3336 enim

2036 3386 2430 3441 nutrimentum
2505 3396 2703 3450 panem
2780 3377 3024 3449 praebere
3099 3373 3268 3429 David
3357 3372 3627 3443 propheta

2035 3477 2346 3540 dicit.cum
2396 3474 2518 3530 ait:
2575 3472 2742 3530 Panis
2801 3473 2950 3529 enim,
3007 3469 3294 3539 conﬁrmat
3346 3465 3626 3520 corltomi~

2037 3572 2118 3624 nis
2131 3571 2174 3602 ³²
2183 3610 2196 3624 .

2105 3663 2286 3718 Omnis
2315 3661 2478 3730 adeps
2511 3659 2724 3714 homini
2745 3660 2844 3713 erit
2865 3658 2992 3727 jure
3020 3667 3272 3728 perpetuo
3311 3660 3368 3710 in
3405 3671 3627 3726 genera-

2037 3753 2284 3815 tionibus,
2315 3761 2364 3803 et
2408 3749 2609 3802 cunctis
2661 3745 2976 3800 habitaculis
3025 3745 3227 3806 vestris,
3279 3759 3371 3796 nec
3416 3741 3627 3809 adipem

2038 3863 2129 3900 nec
2151 3843 2466 3913 sanguinem
2513 3840 2728 3893 omnino
2754 3837 3059 3891 comedetis.
3106 3835 3362 3903 Adipem,
3385 3835 3506 3902 ejus
3532 3831 3625 3899 qui

2038 3938 2090 3991 in
2135 3935 2291 3989 nobis
2323 3939 2406 3986 est
2435 3930 2694 3985 desiderii
2739 3943 2840 3984 seu
2871 3927 3359 3995 concupiscentiae,
3404 3923 3628 3992 sangui-

2036 4043 2162 4082 nem
2203 4040 2330 4080 vero
2353 4023 2549 4078 animus
2575 4021 2802 4092 figuram
2820 4034 3011 4091 gerere
3035 4017 3294 4072 diximus.
3327 4014 3464 4080 Quia
3494 4029 3625 4083 ergo

2036 4115 2250 4185 adipem
2284 4114 2338 4167 in
2377 4121 2646 4168 aeternum
2679 4109 2944 4181 prmcepit
2984 4107 3217 4162 Domino
3257 4105 3470 4169 offerri,
3501 4121 3621 4158 nia-

2034 4209 2291 4264 nifestum
2329 4216 2406 4260 est
2465 4204 2590 4274 quia
2619 4202 2933 4258 consecrari
2968 4200 3079 4254 Deo
3117 4208 3368 4253 nostrum
3405 4196 3625 4252 deside-

2037 4303 2174 4354 rium
2200 4300 2316 4352 sive
2343 4296 2845 4365 concupiscentiam
2892 4295 3028 4349 vult.
3059 4293 3118 4346 In
3149 4302 3414 4346 :cternum
3442 4298 3625 4344 autc-tu

2038 4394 2159 4453 hoc,
2197 4407 2265 4446 ne
2294 4390 2360 4443 ad
2397 4389 2570 4442 Deum
2597 4387 2725 4441 illud
2762 4396 2818 4442 et
2860 4386 2928 4441 ad
2975 4386 3258 4440 mundum.
3294 4383 3621 4438 diuidamus.

2034 4486 2261 4555 Pr0pter
2289 4484 2434 4554 quod
2467 4492 2521 4537 et
2551 4481 2806 4536 addidit:

344 4567 521 4622 solum
558 4582 737 4632 renes,
771 4575 824 4620 et
847 4567 1082 4636 adipem,
1118 4567 1210 4636 qui
1243 4583 1408 4637 super
1435 4568 1583 4636 ipsos
1608 4577 1711 4632 est,
1739 4569 1837 4622 sed
1867 4578 1922 4624 et
1957 4569 2000 4623 Ι)
2097 4577 2161 4632 ιη
2193 4575 2630 4648 generationibus,
2683 4575 2734 4629 id
2760 4583 2843 4628 est
2885 4587 2982 4642 per
3007 4571 3248 4638 singulas
3276 4578 3502 4630 aetates;
3539 4567 3628 4620 hic.

347 4658 610 4723 lumbum,
665 4658 762 4728 qui
800 4657 970 4712 estin
1025 4657 1268 4721 renibus,
1310 4657 1546 4712 offerant
1590 4657 1720 4712 Deo.
1773 4657 1930 4724 Quod

2038 4667 2410 4739 generationes
2449 4673 2653 4727 autem,
2691 4662 3126 4732 permutationes
3155 4669 3377 4716 aetatum
3421 4658 3623 4712 intelli-

347 4759 526 4803 autem
552 4750 735 4819 adjicit
768 4751 820 4803 in
843 4749 1040 4804 eadem
1075 4749 1430 4803 translatione
1456 4766 1470 4803 :

2029 4765 2251 4826 guntur.
2289 4756 2434 4824 quod
2491 4752 2735 4807 ostendit
2787 4748 3075 4814 Jeremias,
3122 4765 3248 4804 cum
3279 4749 3490 4818 populo
3527 4747 3623 4800 ,Ιη-

417 4842 543 4896 Sine
583 4842 792 4896 macula
827 4843 1112 4912 integrum,
1161 4841 1240 4896 sic
1266 4841 1524 4910 intelligit.
1561 4841 1708 4910 quod
1741 4841 1930 4910 espla—
2027 4846 2186 4900 daico
2217 4846 2271 4898 in
2307 4845 2600 4914 Babylonia
2631 4843 2925 4907 scriberet,
2948 4835 3031 4894 'in
3063 4849 3276 4910 septem
3313 4836 3628 4909 generatio-

347 4951 484 4990 nans
512 4933 890 5003 Symmachus,
924 4948 1021 5001 pro
1060 4932 1402 4986 immaculato
1433 4933 1704 5001 integrum
1737 4948 1935 5002 propo-

347 5030 478 5094 suit,
515 5029 710 5098 Aquila
752 5035 935 5081 autem
988 5027 1314 5098 perfectum:
1362 5042 1487 5080 nam
1543 5033 1598 5081 et
1645 5038 1932 5096 propterea

345 5135 468 5174 cum
519 5119 732 5174 renibus
757 5119 986 5183 addidit,
1019 5120 1291 5190 integrum
1323 5120 1452 5174 illud
1484 5119 1927 5189 perfectumque,

347 5211 648 5265 secundum
696 5213 842 5282 quod
892 5213 1150 5277 diximus,
1200 5213 1381 5268 offerri
1427 5215 1636 5278 volens,
1688 5231 1758 5270 ne
1784 5215 1930 5269 aliud

347 5301 468 5368 ejus
514 5301 644 5363 Deo,
694 5303 838 5358 aliud
884 5313 1066 5358 autem
1101 5304 1420 5359 adversario
1464 5305 1694 5376 simplex
1729 5307 1931 5362 oliera—

349 5401 456 5444 tur.
491 5389 703 5446 SulIicit
738 5393 884 5447 enim
918 5393 1044 5448 huic
1077 5394 1143 5447 ad
1176 5394 1414 5454 veniam.
1455 5409 1520 5449 ea
1551 5410 1672 5462 quae
1709 5396 1928 5451 virtutis

347 5490 478 5536 sunt
506 5497 615 5535 non
657 5497 857 5553 agere:
894 5500 1018 5537 nam
1060 5500 1184 5537 cum
1218 5486 1358 5539 mala
1385 5496 1666 5552 operatur,
1707 5487 1924 5540 veniam

346 5590 454 5628 non
492 5574 730 5629 habebit.
756 5573 912 5629 Unde
933 5574 1207 5644 simplices
1229 5584 1290 5630 ut
1315 5577 1596 5632 columbas
1624 5578 1780 5645 jubet
1804 5593 1937 5632 esse-

348 5666 690 5729 Dominus",
747 5666 876 5736 quia
916 5666 1184 5721 columbas
1235 5667 1458 5721 nimiam
1519 5669 1936 5738 quodammodo

384 5797 431 5831 ⁸⁶
458 5798 524 5852 Ill
559 5797 685 5862 ilva.
711 5814 809 5862 xu,
841 5799 923 5859 l0.
1026 5800 1070 5829 ’⁷
1095 5798 1267 5854 Exod.
1303 5817 1398 5858 χιι,
1436 5801 1518 5858 ll.

384 5815 431 5831 ον
459 5815 524 5882 ni
560 5815 685 5924 urg.
711 5815 809 5862 sit,
841 5815 923 5859 ιυ.
1095 5815 1267 5854 exos.
1303 5817 1398 5858 χιι,
1436 5815 1518 5858 ιι.

345 5878 394 5926 ἵ,
424 5864 502 5922 lb.
559 5869 604 5901 ”
679 5870 777 5925 sal.
820 5869 1041 5935 (1111,15.
1119 5868 1164 5901 ⁸³
1191 5869 1405 5925 Baruch
1437 5887 1524 5936 v1,
1562 5873 1617 5927 2.

471 5996 482 6004 θ

1634 5803 1678 5835 ³⁸
1707 5803 1903 5870 Ephrs.
1939 5820 2011 5864 γι,
2045 5805 2129 5858 Η.

1725 5873 1770 5904 ³⁵
1802 5873 1945 5928 Psal.
1978 5890 2068 5941 cn,
2101 5875 2152 5930 9.

2032 4938 2212 4997 nibus.
2241 4937 2586 5008 septuaginta
2635 4948 2908 4990 annorum
2937 4933 3129 4988 dicens
3163 4947 3454 4986 numerum
3482 4949 3496 4984 ε
3531 4930 3625 4998 qui

2033 5045 2140 5082 non
2176 5029 2278 5083 hoc
2314 5030 2542 5089 diceret,
2573 5028 2619 5082 si
2649 5042 2761 5081 non
2789 5043 2856 5082 ex
2901 5042 2968 5082 eo
2995 5033 3222 5082 aetatum
3254 5024 3398 5078 vices
3431 5035 3624 5076 succe-

2033 5122 2278 5175 dentium
2313 5121 2674 5191 signiﬂcaret;
2703 5121 2782 5175 ait
2811 5119 2998 5175 enim:
3033 5117 3395 5189 Ingredientes
3427 5115 3482 5166 in
3510 5111 3624 5166 Ba-

2031 5210 2292 5280 bylonem,
2317 5211 2465 5264 eritis
2493 5211 2566 5264 ibi
2606 5213 2765 5265 anuis
2815 5211 3085 5276 plurimis,
3115 5217 3164 5262 et
3193 5206 3346 5274 longo
3373 5214 3623 5272 tetnpore,

2037 5320 2196 5370 usque
2222 5304 2292 5356 ad
2317 5304 2680 5373 generationes
2705 5314 2901 5372 septem
2919 5304 2982 5354 ³³.

2110 5396 2167 5449 In
2193 5397 2391 5448 cunctis
2420 5406 2595 5449 autem
2633 5394 2972 5457 habitaculis,
3007 5392 3059 5445 id
3090 5399 3175 5445 est
3213 5390 3266 5442 in
3305 5389 3457 5441 omni
3484 5403 3622 5442 eon-

2036 5489 2360 5554 versatione,
2412 5488 2526 5543 sive
2573 5489 2832 5543 socialem
2873 5487 3012 5540 hanc
3055 5497 3302 5554 agamus,
3353 5481 3466 5536 sive
3497 5481 3626 5535 soli-

2037 5579 2226 5632 tariam
2297 5594 2650 5648 assequamur
2704 5577 2869 5633 vitam
2908 5593 2922 5641 ;
2959 5575 3104 5628 unde
3155 5573 3322 5627 David
3351 5573 3570 5627 diccbat
3607 5590 3622 5624 :

2033 5668 2132 5734 Qui
2195 5671 2432 5724 habitare
2491 5671 2617 5739 facit
2691 5671 2964 5723 unanimes
3005 5667 3058 5719 in
3099 5667 3252 5719 domo
3269 5665 3332 5719 “.
3393 5665 3622 5732 Adipem

2235 5805 2428 5860 "Luc.
2471 5822 2562 5870 xu,
2601 5805 2688 5858 35.
2770 5804 2813 5835 ³⁸
2847 5801 3012 5860 Hebr.
3043 5818 3138 5866 vn,
3186 5801 3272 5857 lO.
3351 5802 3390 5834 ³⁸
3428 5799 3618 5855 ΜθιιΙιο
