4030 6240
412 404 534 486 ,διο
1613 429 1974 490 HESYCHII
2010 427 2477 491 PRESBYTER]

428 534 592 610 atque
646 523 965 594 sariguinem
1043 536 1301 605 prmecpit
1345 539 1572 594 omnino
1618 555 1731 595 non
1773 541 2006 597 comedi.
2038 544 2084 601 Α
2112 539 2355 600 intende.
2405 540 2533 610 quia
2571 549 2789 610 peccata
2839 540 2976 602 dixit
3047 557 3168 597 esse
3215 543 3409 600 animo:

425 609 652 678 Adipem
681 610 748 666 ad
781 613 904 679 hoc.
935 618 1061 688 quia
1100 622 1435 680 desiderium
1473 627 1588 682 sive
1609 631 2004 700 concupiscen-

425 699 553 754 tiam
607 718 708 759 nos
746 704 952 765 habere
1001 715 1300 784 propriam,
1353 718 1406 773 id
1437 733 1523 775 est
1560 699 1858 787 carnalem,
1890 738 2001 777 non

425 789 555 844 vult.
620 793 850 866 Propter
874 805 1018 870 quod
1047 804 1284 862 Jacobus
1325 811 1541 866 dicebat
1574 833 1586 868 :
1643 815 2004 885 Unusquisque

420 891 601 936 autem
641 894 878 944 tentatur
923 909 956 946 a
995 901 1414 967 concupiscentia
1463 920 1561 956 sua
1611 905 1905 960 abstractus
1954 917 2000 960 et

420 968 698 1030 illectus“.
736 976 1069 1050 Sanguinem
1110 999 1313 1053 autem,
1351 1001 1409 1046 ut
1446 1008 1548 1047 nec
1577 995 1645 1050 ad
1678 1010 1830 1049 suam
1859 1011 2003 1050 mor-

423 1073 553 1125 tem.
585 1081 761 1136 neque
795 1072 862 1125 ad
907 1077 1140 1143 proximi
1173 1091 1361 1136 currat
1395 1101 1408 1136 :
1464 1084 1758 1140 bestiarum
1799 1088 2001 1158 quippe

424 1158 522 1208 hoc
554 1168 639 1212 cst
663 1162 965 1220 crudelium
996 1171 1299 1240 proprium.
1330 1175 1609 1233 Ideodixit
1636 1197 1649 1232 :
1684 1178 1806 1237 Non
1835 1181 2000 1239 edetis

420 1261 626 1302 omnem
683 1258 1016 1326 sanguinem,
1061 1279 1170 1320 non
1221 1267 1398 1324 solum
1438 1285 1538 1324 nos
1584 1273 1843 1340 proximis
1868 1249 1998 1344 par-

419 1354 566 1430 cere,
615 1345 710 1398 sed
761 1357 816 1403 et
867 1352 1273 1426 nobismetipsis
1317 1361 1661 1430 praecipiens,
1699 1379 1824 1419 nam
1851 1377 1906 1420 et
1931 1367 1998 1422 ad

418 1429 534 1530 Noe
563 1447 748 1504 aperte
781 1441 903 1496 talia
932 1448 1124 1506 rursus
1149 1452 1406 1520 praecepit
1427 1470 1440 1503 :
1462 1451 1838 1530 Carnem‘cum
1868 1476 1999 1519 san-

413 1525 575 1590 guine
608 1544 710 1581 non
776 1538 1070 1600 comedetis,
1115 1544 1424 1612 sanguinem
1493 1547 1633 1600 enim
1689 1529 1998 1617 uitiatarum

419 1629 706 1673 vestrarm
755 1628 1096 1694 requiram“,
1142 1633 1458 1702 signiﬁcans
1504 1638 1630 1705 quia
1685 1655 1782 1708 per-
1826 1641 1999 1697 absti-

419 1710 656 1766 nentiam
686 1718 986 1786 sanguinis,
1017 1723 1086 1778 ab
1118 1723 1425 1782 homicidiis
1454 1731 1566 1783 vult
1589 1732 1865 1789 abstinere
1897 1735 1999 1790 bos

415 1804 641 1895 minem.
682 1807 786 1865 Pro
835 1813 945 1869 Deo
991 1827 1171 1874 autem
1218 1837 1319 1876 nec
1349 1821 1618 1881 immolari
1665 1830 1859 1895 vetuit,
1897 1847 1998 1888 nec

413 1894 693 1966 despicere
737 1904 995 1968 animam.
1055 1911 1150 1965 sed
1181 1921 1236 1967 et
1263 1916 1488 1970 omnino
1532 1921 1812 1989 praecepit,
1847 1894 1998 1977 unde

415 1998 472 2040 et
501 1991 820 2062 sanguinem
849 1996 993 2055 circa
1028 2001 1198 2058 basim
1237 2003 1391 2060 fundi
1423 2007 1608 2064 altaris
1630 2005 1812 2078 jussit.

1017 2155 1248 2216 CAPUT
1305 2159 1395 2224 Ν.

489 2255 645 2315 Vsus.
683 2263 834 2320 1-12.
875 2284 894 2321 ι
935 2267 1284 2341 Locutusqne
1319 2283 1404 2329 est
1455 2275 1721 2332 Dominus
1749 2279 1817 2334 ad
1855 2280 1998 2352 Moy-

413 2364 440 2403 s
461 2367 531 2416 in,
564 2353 786 2420 dicens:
820 2356 1066 2429 Loquere
1102 2362 1226 2428 ﬁliis
1258 2363 1419 2420 Israel
1453 2367 1686 2427 :Anima
1715 2386 1837 2424 cum
1866 2387 1995 2441 pec-

412 2445 618 2504 caverit
658 2463 754 2516 per
787 2449 1176 2522 ignorantiam,
1214 2465 1270 2512 et
1317 2457 1384 2513 de
1417 2460 1692 2518 universis
1724 2464 1995 2519 mandatis

415 2531 650 2602 Domini,
704 2553 826 2606 quae
864 2545 1123 2612 praecepit
1179 2553 1238 2598 ut
1271 2561 1384 2603 non
1433 2547 1665 2616 ﬁerent,
1715 2553 1993 2622 quidpiam

414 2624 624 2690 fecerit,
669 2630 716 2684 si
759 2634 1016 2690 sacerdos
1065 2637 1157 2702 qui
1189 2647 1272 2692 est
1301 2649 1499 2696 unctus
1527 2645 1862 2711 peccaverit,
1891 2646 1992 2701 de-

418 2717 661 2786 linquere
712 2719 919 2778 laciens
964 2728 1245 2796 populum,
1292 2733 1487 2787 olferet
1514 2749 1612 2802 pro
1645 2746 1868 2805 peccato
1893 2753 1992 2793 suo

411 2806 643 2875 vitulum
681 2811 1084 2873 immaculatum
1129 2819 1393 2891 Domino,
1435 2832 1488 2880 et
1527 2826 1692 2880 ducet
1732 2829 1881 2882 illum
1923 2830 1990 2884 ad

409 2901 613 2960 ostium
661 2905 997 2964 tabernaculi
1028 2913 1324 2970 testimonii
1377 2932 1561 2972 coram
1601 2917 1850 2985 Domino,
1892 2937 1990 2988 po-

411 3000 613 3062 nctque
654 3012 874 3056 [nanum
906 3016 1059 3056 suam
1102 3018 1269 3074 super.
1303 3007 1479 3076 capite
1511 3009 1655 3078 ejus,
1687 3018 1744 3064 et
1793 3010 1990 3072 immo-

413 3082 546 3138 labit
600 3100 728 3142 eutn
784 3088 1034 3146 Domino.
1093 3091 1318 3151 Haurict
1361 3113 1579 3168 quoque
1624 3101 1693 3155 de
1726 3103 1990 3172 sanguine

412 3176 589 3242 vituli,
649 3178 890 3238 inferens
919 3183 1051 3242 illud
1102 3185 1154 3240 in
1185 3188 1596 3245 tabernaculum
1649 3193 1984 3250 testimonii:

412 3283 646 3340 cumque
680 3270 958 3331 intinxerit
985 3277 1211 3348 digitum
1239 3279 1292 3334 in
1325 3283 1610 3352 sanguine,
1639 3297 1891 3356 asperget
1925 3303 1988 3342 ex

413 3376 478 3413 eo
510 3361 709 3431 septies
738 3379 921 3419 coram
951 3367 1182 3423 Domino
1220 3380 1410 3426 contra
1452 3374 1629 3429 velum
1672 3379 1990 3443 sanctuarii,

417 3461 690 3522 ponetque
727 3457 795 3510 de
824 3457 1016 3512 eodem
1062 3461 1325 3531 sanguine
1362 3479 1521 3534 super
1564 3480 1770 3520 cornua
1798 3469 1989 3525 altaris

417 3545 782 3614 thymiamatis
826 3551 1122 3619 gratissimi
1157 3551 1406 3608 Domino.
1435 3556 1580 3625 quod
1612 3558 1778 3612 estin
1809 3561 1990 3616 taber-

417 3632 608 3690 nacqu
656 3636 972 3692 testimonii.
1029 3640 1255 3702 Omnem
1322 3653 1502 3697 autem
1562 3645 1829 3716 reliquum
1861 3664 1992 3703 san-

414 3722 634 3793 guinem
683 3725 878 3788 fundet
903 3726 957 3789 in
997 3727 1170 3790 basim
1204 3731 1388 3787 altar-is
1431 3733 1877 3793 holocaustormn
1934 3740 1989 3794 in

415 3817 635 3874 introitu
691 3819 1041 3880 tabernaculi.
1097 3821 1165 3877 Et
1217 3823 1431 3895 adipem
1483 3827 1635 3882 vituli
1667 3828 1862 3886 oﬂeret
1893 3847 1994 3900 pro

415 3919 656 3977 peccato,
719 3919 828 3972 tam
861 3927 986 3966 eum
1019 3913 1113 3982 qui
1160 3914 1336 3984 operit
1361 3915 1562 3982 vitalia,
1614 3934 1779 3988 quam
1807 3922 1992 3976 omnia

411 4014 535 4067 quae
574 4000 902 4063 intrinsecus
927 4011 1077 4068 sunt,
1129 4005 1269 4068 duos
1302 4008 1653 4073 renunculos,
1701 4019 1757 4065 et
1790 4013 1994 4068 reticu-

414 4093 526 4150 lum
575 4093 719 4162 quod
735 4103 820 4148 est
845 4110 1008 4164 super
1036 4111 1130 4150 eos
1153 4097 1305 4167 juxta
1331 4099 1440 4163 ilia,
1465 4107 1518 4153 et
1547 4101 1761 4170 adipem
1789 4103 1993 4172 jecoris

412 4202 536 4243 cum
581 4186 934 4265 ranunculis.
988 4187 1132 4242 sicut
1173 4189 1453 4244 auferetur
1491 4190 1558 4245 de
1593 4192 1760 4246 vitulo
1799 4194 1992 4250 hostia:

415 4278 784 4346 paciﬁcorum,
813 4288 868 4333 et
889 4279 1128 4342 adolcbit
1159 4295 1222 4334 ea
1256 4296 1421 4350 super
1457 4284 1628 4340 altare
1663 4285 1987 4342 holocausli.

415 4371 614 4428 I'ellem
647 4386 797 4435 vero,
838 4381 893 4431 et
943 4387 1135 4428 onnies
1163 4387 1354 4429 carnes
1384 4391 1507 4430 cum
1551 4379 1730 4447 capite
1755 4389 1810 4434 et
1838 4381 1990 4450 pedi-

416 4466 548 4528 hus,
605 4472 662 4518 et
718 4463 1014 4530 intestinis,
1057 4473 1114 4518 et
1167 4464 1315 4528 limo,
1365 4475 1420 4520 et
1477 4467 1686 4536 reliquo
1738 4483 1986 4540 corpore,

413 4557 604 4611 ell'eret
667 4567 820 4614 extra
898 4569 1074 4619 castra
1137 4558 1190 4613 in
1264 4559 1442 4623 locum
1519 4561 1804 4626 mundum,

412 4648 624 4702 cineres
685 4648 892 4704 eﬁnndi
955 4649 1166 4709 solent.
1250 4649 1612 4720 incendetque
1683 4665 1748 4705 ea
1824 4667 1990 4722 super

411 4737 683 4810 lignorum
735 4749 964 4806 struem,
1009 4757 1130 4812 qua:
1160 4741 1364 4798 inloco
1403 4739 1706 4798 elinsorum
1743 4743 1986 4803 cinerum

412 4829 820 4886 cremabantur.
865 4849 883 4884 ι

2113 563 2355 600 "uenae.
2405 563 2533 610 (ιωι
2571 563 2789 610 peccatu
2839 563 2976 602 αιιιι
3047 563 3168 597 0⁵58
3215 563 3409 600 Initum
3483 564 3497 598 ζ
3563 563 3682 618 qu]-

2105 627 2229 683 dmn
2257 630 2403 683 enim
2445 645 2648 699 corpus
2682 631 2838 699 quasi
2867 631 3094 686 causale
3147 634 3362 704 peccati
3401 649 3682 706 accusant,

2103 719 2199 774 sed
2229 735 2338 777 non
2371 721 2445 775 ita
2473 729 2591 786 est;
2629 737 2756 776 nam
2797 721 2842 777 si
2873 737 3006 776 sana
3049 724 3121 778 sit
3173 725 3377 790 anima,
3421 727 3553 781 nihil
3605 730 3683 785 illi

2103 811 2322 865 nocebit
2350 813 2532 867 carnis
2556 812 2799 868 luxuries
2832 831 3036 884 :quam
3067 815 3133 880 si,
3188 818 3492 877 secundum
3521 836 3683 888 quem

2103 911 2318 970 oportet
2351 904 2570 958 modum
2599 914 2746 976 regat
2795 907 2999 972 anima,
3034 907 3240 962 recedit
3289 917 3346 963 et
3389 921 3586 966 cessat.
3622 911 3682 967 SI

2101 1002 2283 1047 autem
2318 994 2455 1049 dicis
2485 1013 2499 1048 :
2529 997 2694 1067 Atqui
2721 998 2995 1054 nolentem
3046 1015 3168 1053 eam
3211 1017 3446 1070 peccare
3495 1003 3631 1061 dixit
3667 1023 3681 1056 :

2103 1095 2477 1141 verumtamen
2506 1103 2626 1142 ‘non
2651 1099 2893 1144 coactam
2921 1106 2952 1144 a
2986 1106 3172 1156 carne,
3229 1092 3325 1146 sed
3376 1093 3682 1163 ignorantia

2100 1177 2252 1244 boni,
2283 1195 2446 1249 quam
2471 1197 2537 1236 ex
2562 1181 2890 1252 negligentia
2935 1192 2990 1237 et
3019 1183 3325 1238 imitatione
3345 1185 3678 1241 deteriorum

2100 1269 2325 1337 patitur,
2357 1286 2454 1340 per
2483 1287 2645 1342 quam
2666 1273 2831 1326 etiam
2863 1275 3072 1337 suavia,
3101 1289 3171 1328 ea
3188 1289 3310 1338 qua:
3340 1275 3500 1329 noxia
3527 1287 3678 1340 sunt,

2100 1360 2353 1415 aestimat.
2389 1361 2495 1417 Sed
2527 1373 2582 1417 et
2617 1363 2719 1418 hoc
2748 1363 2872 1418 vide
2899 1405 2915 1430 ,
2947 1364 3224 1431 quomodo
3267 1363 3322 1425 in
3364 1365 3550 1419 multis
3589 1381 3678 1421 sa-

2099 1453 2374 1508 cerdotem
2409 1455 2740 1523 permiscet;
2773 1455 2850 1510 ait
2887 1456 3031 1509 enim
3059 1474 3074 1510 :

2169 1544 2357 1598 Anima
2381 1562 2496 1599 cum
2519 1549 2824 1615 peccauerit,
2841 1556 2890 1600 et
2919 1548 2982 1600 de
3011 1549 3263 1601 universis
3293 1549 3556 1602 mandatis
3573 1547 3679 1602 Do-

2099 1633 2250 1698 mini,
2279 1651 2395 1704 qute
2423 1637 2669 1705 prtecepit
2705 1646 2760 1689 ut
2790 1653 2893 1690 non
2919 1637 3127 1705 ﬁerent,
3165 1636 3440 1707 quidpiam
3474 1639 3673 1706 fecerit,

2099 1731 2144 1778 si
2176 1726 2419 1779 sacerdos
2446 1728 2535 1797 qui
2567 1736 2643 1780 est
2682 1736 2870 1781 unctus
2901 1728 3214 1796 peccaverit.
3255 1726 3532 1797 Siquidem
3588 1744 3677 1782 sa-

2099 1815 2292 1870 cerdos
2322 1818 2412 1886 qui
2439 1827 2525 1872 est
2565 1826 2761 1872 unctus
2789 1818 3034 1887 peccavit
3069 1819 3332 1873 :similem
3372 1819 3504 1885 dicit
3554 1819 3679 1874 aliis

2031 1887 2070 1940 Β
2097 1909 2438 1963 sacerdotem
2465 1925 2564 1980 pro
2588 1910 2826 1979 peccatis
2845 1909 3192 1974 oﬁ‘erentem,
3207 1910 3334 1980 quia
3351 1919 3407 1964 et
3425 1910 3677 1970 Christus

2096 1999 2254 2056 nobis
2282 2016 2340 2055 se
2375 2001 2607 2056 similem
2638 2002 2904 2071 praebuit;
2941 2003 3008 2057 de
3048 2002 3167 2072 ipso
3198 2003 3400 2072 quippe
3432 2003 3508 2057 ait
3531 2001 3676 2058 Pana

2094 2089 2180 2145 Ius
2211 2111 2225 2146 :
2258 2090 2484 2161 Propter
2512 2099 2648 2162 quod
2667 2094 2842 2148 debuit
2868 2110 2962 2163 per
2982 2095 3158 2146 omnia
3193 2093 3450 2162 fratribus
3484 2094 3676 2149 similis

2095 2199 2224 2248 esse,
2263 2193 2320 2236 ut
2350 2185 2644 2245 misericors
2658 2185 2824 2253 ﬁeret,
2846 2195 2894 2244 et
2916 2185 3086 2254 ﬁdelis
3113 2187 3355 2239 sacerdos
3375 2187 3428 2238 in
3447 2186 3528 2239 his
3555 2203 3674 2255 quia

2094 2274 2165 2326 ad
2194 2273 2357 2328 Deum
2393 2282 2534 2337 sunt,
2601 2275 2671 2327 ad
2734 2274 3124 2327 reconcilianda
3152 2284 3366 2343 peccata
3405 2275 3584 2344 populi
3601 2276 3670 2340 ",

2094 2365 2328 2436 plurima
2359 2365 2521 2420 nimis
2545 2366 2708 2436 hujus
2728 2366 2865 2437 legis
2894 2367 2949 2420 in
2982 2367 3210 2422 Domino
3229 2382 3530 2436 exponens.
3562 2367 3670 2420 Sed

2085 2457 2200 2526 jam
2234 2468 2362 2511 sunt
2399 2458 2735 2529 exquirenda
2755 2459 3057 2528 sequentia.
3076 2458 3212 2512 Nam
3239 2475 3366 2514 ecce
3397 2459 3673 2529 Iegislator

2092 2561 2379 2620 peccatum
2421 2550 2590 2621 ipsius
2637 2551 2954 2614 sacerdotis,
2993 2559 3276 2620 peccatum
3337 2550 3518 2619 populi
3569 2566 3673 2619 aps-

2092 2643 2312 2712 pellavit
2354 2663 2368 2698 :
2423 2643 2548 2714 quia
2591 2643 2870 2714 negligens
2928 2641 3203 2698 sensibilis
3247 2642 3523 2707 sacerdos,
3574 2653 3671 2711 an;

2091 2751 2324 2804 peccans
2344 2736 2480 2806 ipse,
2514 2747 2608 2791 aut
2659 2751 2770 2790 non
2803 2735 3087 2790 vindicans
3152 2735 3208 2788 in
3259 2735 3667 2804 peccatoribus,

2091 2826 2243 2883 illicit
2269 2843 2364 2882 eos
2413 2828 2503 2897 qui
2533 2827 2698 2882 rudes
2730 2836 2860 2882 sunt
2906 2827 2972 2880 ad
3037 2827 3256 2881 similia.
3313 2827 3674 2897 lntelligibilis

2090 2929 2276 2974 autem
2301 2934 2402 2974 nec
2425 2919 2541 2988 ipse
2571 2927 2854 2988 peccatum
2883 2917 3031 2983 fecit,
3066 2933 3165 2971 nec
3195 2933 3296 2972 nos
3332 2915 3418 2972 vel
3475 2932 3670 2986 parum

2091 3010 2352 3081 neglexit,
2379 3011 2469 3079 qui
2503 3025 2628 3064 cum
2661 3009 2776 3080 lege
2808 3009 2966 3062 nobis
3002 3008 3228 3062 naturali
3253 3009 3417 3062 etiam
3467 3007 3670 3076 scripta

2091 3100 2260 3165 dedit,
2293 3111 2349 3154 et
2379 3116 2489 3158 non
2520 3100 2640 3154 sine
2669 3098 3002 3166 testimonio,
3034 3098 3177 3152 sicut
3206 3099 3280 3152 ait
3317 3097 3539 3160 Paulus,
3578 3111 3672 3154 se:

2095 3193 2384 3262 metipsum
2414 3192 2688 3262 relinquit.
2723 3189 3112 3254 Verumtamen
3163 3190 3289 3260 quia
3346 3190 3515 3260 ﬁgura
3551 3188 3672 3242 haec

2093 3281 2391 3350 coaptanda
2419 3289 2501 3334 est
2530 3280 2586 3334 in
2614 3280 2855 3343 Christo,
2889 3277 3189 3335 secundum
3235 3276 3393 3345 quod
3413 3272 3671 3344 possibile

2093 3379 2196 3432 est,
2224 3379 2283 3424 ut
2303 3385 2400 3438 per
2433 3368 2616 3427 omnia
2639 3367 2890 3437 imaginis
2918 3376 3326 3424 consummetur
3355 3365 3523 3429 color,
3564 3361 3671 3426 hoe

2095 3460 2239 3530 quod
2270 3460 2475 3514 dictant
2505 3469 2612 3529 est,
2643 3460 2940 3514 secundum
2964 3458 3108 3528 quod
3141 3459 3365 3528 dignum
3398 3465 3481 3510 est
3506 3456 3669 3515 Chri-.

2094 3563 2177 3608 sto
2236 3551 2556 3623 intelligibili
2616 3553 2900 3606 sacerdote
2961 3551 3225 3606 debemus
3279 3550 3546 3618 accipere.
3608 3547 3670 3607 Si

2093 3645 2238 3698 enim
2285 3644 2376 3698 Dei
2426 3643 2835 3714 longanimitate
2875 3659 2984 3697 nun
3035 3642 3269 3697 volentis
3325 3651 3666 3710 peccatorem

2093 3735 2340 3805 perdere,
2371 3751 2501 3790 usus
2530 3734 2745 3800 fuisset,
2778 3735 3058 3789 videretur
3078 3734 3353 3788 licentiam
3378 3733 3509 3787 dare
3540 3748 3668 3801 pec-

2093 3827 2362 3890 cantibus,
2399 3838 2619 3896 propter
2653 3826 2797 3898 quod
2838 3827 3004 3880 Isaias
3042 3825 3175 3880 dicit
3218 3843 3231 3880 :
3274 3823 3452 3888 Quare
3489 3840 3669 3877 errare

2095 3937 2185 3974 nos
2210 3920 2397 3990 fecisti,
2431 3919 2666 3985 Domine,
2693 3921 2756 3974 de
2786 3921 2882 3974 viis
2936 3920 3081 3972 tuis?
3128 3918 3398 3972 Indurasti
3448 3933 3536 3969 cor
3579 3933 3668 3975 nos

2092 4022 2280 4075 strum,
2324 4028 2386 4065 ne
2424 4012 2721 4065 timeremus
2772 4021 2821 4064 te
2842 4009 2908 4065 ³⁸.
2964 4009 3222 4064 Iiabacuc
3268 4007 3430 4062 etiam
3474 4007 3665 4062 similia

2092 4103 2496 4174 quodannnodo
2549 4104 2795 4172 queritur
2833 4122 2844 4155 :
2890 4102 3065 4168 Quare
3110 4119 3213 4155 non
3252 4102 3462 4170 respicis
3511 4118 3670 4170 super.

2091 4197 2268 4262 inique
2295 4205 2525 4266 agentes,
2559 4208 2605 4250 et
2623 4207 2762 4250 taces
2777 4197 3054 4249 devorante
3085 4196 3246 4263 impio
3267 4195 3547 4262 justiorem
3572 4195 3667 4247 se?

2093 4301 2138 4343 et
2170 4290 2328 4360 facies
2353 4289 2577 4342 hominis
2603 4289 2754 4358 quasi
2786 4289 2948 4356 pisces
2990 4287 3173 4348 maris,
3215 4297 3262 4338 et
3299 4285 3448 4355 quasi
3484 4284 3668 4355 reptile

2095 4399 2196 4437 non
2231 4382 2423 4436 habens
2443 4382 2727 4451 principem
2763 4381 2826 4434 ".
2864 4379 2976 4433 lloc
2995 4389 3051 4433 et
3082 4378 3278 4432 Paulus
3303 4377 3366 4431 ad
3396 4377 3668 4430 Romanos

2093 4472 2319 4537 scribit;
2359 4472 2434 4525 ait
2465 4471 2608 4525 enim
2639 4470 2915 4526 Christum
2947 4469 3145 4524 factum
3176 4469 3331 4523 nobis
3353 4467 3518 4522 fuisse
3548 4483 3668 4536 pro:

1894 4563 1984 4618 ubi
2019 4576 2062 4630 υ
2091 4565 2420 4633 pitiationem
2437 4579 2527 4633 per
2541 4562 2696 4632 [idem
2724 4563 2778 4616 in
2808 4579 2903 4616 sua
2923 4562 3198 4631 sanguine,
3221 4561 3290 4614 ad
3323 4560 3665 4614 ostensionem

2080 4656 2308 4724 justitiw
2343 4670 2452 4709 sua:
2476 4653 2538 4709 ‘°.
2570 4654 2742 4723 Cujus
2766 4662 2946 4707 autem
2986 4653 3214 4722 justitize
3243 4651 3524 4706 subdidit:
3562 4649 3666 4704 Per

2087 4744 2493 4811 redemptionem
2554 4743 2958 4812 prazcedentium
3001 4752 3337 4811 peccatorum
3381 4741 3436 4794 in
3463 4749 3666 4794 susten—

2087 4837 2288 4889 tatione
2332 4835 2447 4888 Dei.
2491 4836 2690 4902 Aperte
2732 4849 2863 4904 ergo
2923 4833 3137 4888 videtur
3177 4834 3454 4905 Icgislator
3512 4832 3690 4917 illnm_

481 4922 631 4978 Nihil
681 4937 869 4978 eorum
916 4938 1034 4992 quin~
1081 4925 1384 4980 necessaria
1429 4925 1654 4981 fuerunt
1714 4925 1989 4997 Iegislator
2086 4926 2424 4982 sacerdotem
2456 4926 2781 4996 signiﬁcare.
2811 4925 2902 4979 cui
2934 4925 3139 4980 dictum
3163 4933 3248 4979 est
3289 4925 3405 4980 :Tu
3465 4941 3518 4978 es
3574 4941 3666 4977 sa-

413 5014 614 5077 mnisit,
655 5011 950 5083 designans
1031 5015 1234 5085 quippe
1296 5016 1773 5076 eonversationum
1823 5015 1984 5072 (ἥσθε
2084 5020 2262 5072 cerdos
2328 5019 2383 5072 in
2442 5028 2716 5080 internum,
2769 5018 3054 5070 secundum
3097 5015 3334 5069 ordinem
3393 5015 3665 5074 Melchise-

413 5109 636 5172 rcntias,
669 5116 726 5161 et
763 5107 1060 5162 ostendens
1088 5107 1246 5162 nobis
1279 5107 1396 5165 vias
1421 5107 1475 5162 in
1501 5109 1782 5166 oblatione
1813 5109 1986 5164 sacri-
2081 5109 2288 5172 decu",
2322 5122 2448 5163 eum
2480 5109 2572 5178 qui
2603 5123 2633 5162 a
2659 5105 2822 5162 Patre
2869 5117 3064 5161 unctus
3083 5116 3188 5170 est,
3224 5105 3292 5164 ad
3313 5121 3474 5176 quem
3497 5103 3666 5159 David

413 5200 682 5262 liciorum,
709 5198 910 5268 quibus
939 5213 1041 5253 nos
1071 5207 1316 5268 oporteat
1341 5200 1677 5254 conversari.
1723 5199 1852 5254 Post
1883 5201 1988 5263 hoc
2081 5200 2299 5260 dicebat
2344 5217 2358 5254 :
2401 5199 2558 5254 Sedes
2592 5209 2707 5264 tua,
2737 5199 2896 5261 Deus.
2933 5201 2988 5255 in
3023 5198 3275 5254 saeculum
3293 5197 3484 5262 siculi;
3516 5198 3665 5268 uirga

412 5290 718 5346 necessarie
746 5289 972 5358 exponit
999 5287 1201 5348 Christi
1225 5287 1570 5354 sacriﬁcium,
1591 5305 1688 5360 per
1716 5291 1862 5358 quod
1882 5307 1987 5349 no-
2085 5303 2222 5351 recta
2285 5302 2380 5355 est,
2438 5293 2585 5361 virga
2623 5292 2766 5363 regni
2811 5293 2910 5346 tui.
2975 5290 3220 5348 Dilcxisti
3267 5290 3557 5359 justitiam,
3615 5301 3667 5343 et

413 5382 492 5436 his
549 5390 901 5450 peccatorum
951 5379 1200 5437 remissio
1250 5389 1304 5434 et
1368 5380 1672 5450 redemptio
1717 5397 1982 5440 concessa
2091 5384 2244 5438 odisti
2291 5384 2642 5453 iniquitatem,
2705 5392 2980 5452 propterea
3018 5383 3171 5436 unxit
3227 5392 3277 5439 te
3335 5379 3499 5444 Deus,
3528 5379 3667 5434 Deus

410 5484 510 5527 cst.
527 5472 684 5538 Quod
701 5473 1086 5543 cognosces.si
1109 5473 1436 5543 lcgislatoris
1455 5473 1619 5529 verba
1636 5474 1985 5540 discusseris,
2097 5484 2218 5532 tuus
2238 5475 2304 5530 ⁸⁸.
2336 5473 2472 5541 Quia
2510 5483 2692 5532 autem
2741 5475 2917 5543 ipsum
2969 5473 3308 5528 sacerdotem
3369 5472 3460 5526 hic
3517 5489 3666 5527 nunc

409 5578 464 5620 ct
492 5565 744 5635 imaginis
778 5567 942 5634 hujus
971 5565 1140 5622 colori
1181 5582 1268 5622 res
1299 5566 1444 5636 ipsas
1486 5567 1741 5623 sacriﬁcii
1797 5568 1990 5638 unige—
2096 5565 2367 5636 legislator
2422 5562 2762 5634 signiﬁcavit,
2809 5578 2873 5616 ex
2940 5580 3003 5626 eo
3059 5561 3407 5621 manifestqu
3474 5571 3560 5615 est
3611 5559 3670 5614 in

410 5657 509 5712 niti
532 5658 954 5726 comparaveris.
988 5661 1127 5713 Ante
1155 5659 1259 5713 alia
1289 5675 1417 5728 ergo
1445 5660 1550 5719 hoc
1577 5676 1722 5715 nunc
1749 5660 1987 5730 primum
2095 5657 2244 5713 omni
2303 5657 2522 5725 quidem
2574 5656 2728 5712 turba
2785 5655 3017 5711 ﬁliorum
3072 5655 3257 5720 Israel,
3290 5665 3346 5708 ct
3401 5653 3668 5724 principe,

1033 5797 1236 5855 “Gen.
1293 5817 1366 5857 Ix.
1411 5801 1459 5855 t.
1564 5799 1606 5830 "
1665 5798 1829 5852 Ichr.
1883 5815 1942 5860 ιι,

2157 5797 2200 5828 ³⁸
2243 5795 2340 5862 Isa.
2387 5813 2531 5860 uni,
2567 5796 2646 5850 17.
2731 5795 2774 5832 ³³
2807 5793 3007 5868 IIabac.
3048 5810 3084 5857 ι,
3119 5794 3206 5858 I5,
3247 5791 3332 5845 ιι.

801 5869 838 5897 δ’
871 5868 1012 5922 I’sal.
1039 5886 1146 5933 cu,
1176 5873 1225 5926 i.
1304 5874 1346 5903 δ’
1375 5871 1514 5926 I‘sal.
1541 5886 1681 5931 mv,
1721 5870 1772 5932 7,
1811 5868 1862 5922 8.

511 5796 558 5829 ³⁸
593 5796 708 5852 Jac.
749 5813 806 5850 ιι.
844 5797 926 5850 It.
1033 5797 1079 5829 "
1100 5798 1236 5855 Gott.
1293 5817 1366 5857 ix.
1411 5801 1459 5855 t.
1564 5799 1606 5830 "
1665 5798 1829 5852 Ichr.
1883 5815 1942 5860 ιι,
1997 5800 2077 5852 17.
2157 5797 2200 5828 ³⁸
2243 5795 2340 5861 Isa.
2387 5813 2531 5860 uni,
2567 5796 2646 5850 17.
2731 5795 2774 5832 ³³
2807 5793 3007 5861 IIabac.
3048 5810 3084 5857 ι,
3119 5794 3206 5858 I5,
3247 5791 3332 5845 ιι.
3428 5791 3472 5822 ⁵⁸
3511 5789 3668 5861 Rom.

414 5886 498 5934 ιιι,
526 5865 617 5935 25,
637 5868 724 5922 ‘26.

2157 5797 2200 5828 ³⁸
2243 5795 2340 5862 Isa.
2387 5813 2531 5860 LIIII,
2567 5796 2646 5850 17.
