4044 6224
388 368 490 436 821

1551 377 1636 437 IN
1675 376 2111 439 LEVITICUM.
2138 401 2209 412 -
2247 378 2394 438 LIB.
2435 377 2485 438 Ι.

3541 380 3648 444 822

383 495 440 540 et
491 483 545 538 in
592 497 915 554 unoquoque
949 485 1016 540 de
1046 488 1245 556 populo
1282 496 1642 559 cognoscente
1678 497 1959 559 peccatum
1991 493 2034 547 Α
2066 487 2336 553 habuerit,
2377 497 2506 542 tunc
2535 502 2700 556 Opere
2741 488 2967 558 capiens
3001 488 3187 551 etiam,
3239 487 3343 541 hoc
3369 491 3514 558 quod
3546 508 3647 562 pro

363 591 568 658 suum,
601 575 796 631 oﬁ'erre
817 578 1074 648 praecepit
1101 597 1116 645 ;
1143 579 1232 634 hic
1256 589 1439 635 autem
1463 596 1573 636 non
1602 580 1696 645 ita,
1724 581 1818 636 sed
1850 580 1956 635 ait:

457 662 516 719 Si
547 667 791 720 sacerdos
818 667 909 738 qui
955 677 1032 722 est
1068 679 1256 723 unctus
1310 670 1623 740 peccaverit,
1655 669 1960 739 delinquere

387 758 584 827 faciens
606 757 877 826 populum.
923 757 990 812 Et
1038 761 1275 830 primum
1327 771 1553 832 peccato
1609 778 1734 817 eum
1777 761 1964 832 papuli

387 849 626 918 subjicit,
675 850 800 919 quia
841 849 1092 907 Christus
1160 852 1342 923 populi
1403 861 1624 922 peccata
1703 851 1959 922 portabit.

389 941 592 996 Deinde
622 957 732 996 non
764 943 840 998 ait
869 943 1010 999 sicut
1033 943 1100 999 de
1138 943 1259 1000 aliis
1295 963 1308 998 :
1339 943 1405 998 Et
1443 954 1621 1014 postea
1652 942 1964 998 intellexerit

387 1042 657 1102 peccatum
698 1051 874 1087 suum.
909 1033 1048 1088 Cum
1077 1035 1223 1088 enim
1257 1033 1400 1088 Deus
1449 1043 1617 1099 esset,
1672 1043 1728 1089 et
1779 1031 1964 1088 omnia

388 1124 586 1188 sciens,
636 1123 908 1192 quomodo
961 1134 1171 1194 poterat
1258 1127 1510 1197 ignorare
1551 1143 1671 1196 quae
1725 1143 1754 1180 a
1806 1126 1964 1180 nobis

390 1226 612 1284 per-cata
645 1214 928 1286 suscepit?
978 1215 1075 1270 llic
1129 1234 1260 1290 ergo
1317 1235 1416 1288 pro
1477 1219 1712 1288 peccatis
1761 1218 1966 1272 nostris

389 1307 780 1361 mm-enirnter
831 1308 1155 1363 sacriﬁcium
1214 1311 1432 1374 obtulit,
1482 1311 1549 1365 de
1598 1327 1706 1380 quo
1767 1311 1966 1365 Paulus

391 1395 635 1450 Hebraeis
659 1396 845 1449 scribit
883 1415 895 1450 :
957 1395 1046 1452 Sic
1089 1409 1135 1452 et
1167 1397 1403 1453 Christus
1437 1401 1598 1453 semel
1646 1399 1855 1452 oblatus
1893 1402 1963 1453 ad

391 1490 673 1541 multarunt
738 1485 1093 1542 exltdurienda
1132 1499 1377 1558 peccata,
1430 1491 1654 1544 secundo
1709 1493 1822 1545 sine
1850 1508 1969 1560 pec-

389 1589 506 1631 cato
542 1579 816 1649 apparebit
853 1581 1265 1650 easpcctantibus
1281 1598 1334 1636 se
1366 1583 1422 1635 in
1448 1582 1754 1648 salutem“,
1775 1583 1967 1638 oﬁeret

392 1678 573 1722 tamen
604 1683 661 1722 se
689 1684 788 1737 pro
817 1678 1041 1738 peccato
1072 1685 1192 1724 suo.
1248 1668 1605 1742 Septuaginta
1649 1682 1830 1727 autem
1869 1673 1966 1728 ad-

390 1757 548 1823 dunt,
602 1760 740 1829 quod
765 1761 1016 1830 peccavit.
1073 1761 1363 1817 Peccatum
1399 1772 1579 1816 autem
1629 1763 1769 1832 ejus,
1825 1765 1967 1818 sicut

390 1848 486 1917 qui
511 1849 676 1903 semel
706 1850 835 1904 illud
870 1851 922 1904 in
963 1866 1023 1907 se
1065 1852 1324 1922 suscepit,
1375 1864 1622 1909 nostrum
1685 1866 1963 1925 peccatum
2000 1832 2039 1888 Β

392 1941 610 2007 dicitur,
651 1942 795 1998 unde
828 1955 881 1998 et
924 1943 1120 1999 Paulus
1147 1945 1364 1999 dicebat
1416 1964 1430 2000 :
1481 1945 1824 2002 Obsecramus
1869 1966 1966 2017 pro

391 2031 598 2089 Christo
626 2035 955 2089 reconciliari
991 2035 1116 2100 Deo,
1158 2044 1204 2090 et
1234 2037 1324 2107 qui
1363 2038 1620 2092 nesciebat
1669 2050 1965 2110 peccatum,

391 2135 660 2180 peccatum
681 2142 775 2195 pro
815 2126 957 2181 nobis
972 2128 1090 2196 fecit
1108 2127 1174 2182 ⁸⁸.

468 2211 705 2268 Vitulunt
750 2224 927 2269 autem
980 2215 1398 2271 immaculatum.
1442 2217 1671 2273 Domino
1715 2218 1969 2276 videlicet

393 2304 532 2358 Patri
563 2305 722 2359 offert
752 2320 970 2360 carnem
994 2320 1170 2370 suam,
1204 2307 1612 2361 immaculatum
1641 2324 1795 2375 vero,
1841 2311 1967 2380 quia

389 2407 662 2468 peccatum
714 2413 818 2450 non
845 2398 986 2468 fecit,
1014 2414 1106 2450 nec
1148 2397 1297 2451 dolus
1344 2399 1582 2453 inventus
1631 2409 1705 2453 est
1764 2402 1820 2453 in
1877 2417 1967 2456 ore

343 2495 350 2502 '
389 2489 503 2560 ejus
521 2488 584 2541 “.
623 2487 832 2543 Vitulus
858 2497 1037 2544 autem
1060 2498 1162 2550 est,
1186 2489 1315 2558 quia
1341 2490 1395 2543 in
1413 2506 1575 2546 cruce
1591 2491 1967 2564 intelligibiles

389 2589 609 2634 nostros
647 2577 895 2634 inimicus
929 2579 1376 2646 ventilavit.Quia
1402 2589 1586 2635 autem
1610 2581 1968 2653 Septuaginta

392 2673 618 2726 vitulum
656 2673 723 2727 de
751 2673 925 2727 bobus
954 2673 1145 2736 edunt,
1190 2673 1332 2726 idem
1377 2673 1733 2744 intelligimus
1756 2675 1964 2731 dictum

388 2765 458 2818 de
495 2763 688 2827 bobus,
721 2764 847 2834 quia
880 2763 1182 2818 secundum
1211 2780 1432 2819 carnem
1467 2766 1535 2820 de
1564 2768 1812 2837 patribus
1839 2767 1964 2835 fuit,

386 2857 482 2926 qui
502 2857 568 2910 de
599 2857 732 2928 legis
772 2856 1102 2912 exstiterunt
1122 2856 1335 2926 justitia
1363 2857 1606 2928 gloriosi.
1645 2859 1749 2914 Ubi
1780 2870 1964 2915 autem

389 2947 552 3002 oﬁ'ert
581 2949 830 3014 vitulum,
871 2949 925 3004 id
951 2960 1036 3003 est
1062 2964 1280 3003 carnem
1307 2964 1459 3004 suam
1485 2949 1510 3003 ἲ
1547 2930 1560 2938 ⁸

462 3039 543 3092 Ad
566 3040 754 3094 ostium
791 3040 1114 3094 tabernaculi
1151 3041 1435 3094 testimonii
1482 3057 1661 3095 eorum
1722 3044 1977 3103 Domino.

392 3132 472 3186 Ad
488 3133 684 3186 ostium
715 3131 953 3202 quidem,
989 3141 1047 3186 ut
1071 3133 1398 3188 sacriﬁcium
1429 3132 1630 3187 Christi
1662 3137 1965 3199 secundum
1995 3164 2035 3220 ο

389 3225 664 3280 doctrinas
714 3234 769 3279 et
827 3224 1149 3280 traditiones
1169 3226 1539 3294 apostolorum
1570 3224 1772 3280 factum
1799 3227 1967 3284 fuisse

391 3317 773 3388 intelligamus.
800 3316 907 3372 llas
933 3316 1082 3371 enim
1129 3331 1252 3371 esse
1281 3317 1420 3371 ostia
1445 3317 1782 3372 tabernaculi
1809 3320 1967 3373 testi-

391 3410 561 3465 monii
590 3412 840 3481 superius
872 3412 1235 3478 ostendimus,
1273 3421 1460 3482 utpote
1517 3413 1583 3467 ad
1633 3415 1831 3470 coelqu
1884 3415 1969 3473 in.-

392 3504 617 3558 troitum
649 3505 964 3574 praebentia,
995 3505 1138 3574 quod
1165 3506 1574 3561 tabernaculum
1637 3523 1758 3564 esse
1807 3509 1968 3565 testi-

394 3596 566 3651 monii
586 3597 831 3664 docetur,
863 3607 1024 3666 atque
1057 3597 1338 3667 probatur.
1380 3596 1552 3653 Habet
1600 3599 1762 3660 enim.
1797 3599 1974 3657 Isaias
2009 3613 2014 3617 ‘

392 3689 793 3758 apertissimum
827 3689 1118 3752 testimonii
1144 3691 1541 3759 probationem,
1565 3692 1754 3751 dicens
1800 3712 1813 3746 :
1866 3693 1970 3759 Qui

391 3780 781 3836 extenditvelut
811 3783 1032 3836 nihilum
1063 3781 1244 3849 caelos,
1286 3792 1334 3837 et
1386 3785 1653 3853 expendet.
1707 3801 1811 3840 eos.
1835 3787 1971 3840 sicut

392 3872 793 3927 tabernaculum
826 3875 897 3926 ad
919 3873 1325 3928 inhabitandam
1351 3874 1416 3928 ".

464 3951 654 4015 Coram
712 3959 936 4014 Domino
986 3971 1191 4025 autem,
1248 3961 1374 4030 quia
1437 3961 1760 4028 inspiciente
1811 3963 1971 4019 Patre

393 4052 1074 4108 consummabaturcrucis
1141 4052 1480 4124 mysterium,
1539 4054 1610 4114 in,
1647 4064 1855 4111 tantum
1910 4066 1972 4114 ut

393 4145 558 4200 etiam
575 4144 858 4214 aspicienti
879 4145 1065 4214 utique
1079 4142 1226 4198 Patri
1243 4144 1449 4198 diceret
1465 4145 1724 4202 Dominus
1748 4166 1760 4202 :
1782 4149 1966 4216 Pater,

395 4238 452 4289 in
482 4251 666 4289 mortus
695 4245 812 4288 tuas
851 4235 1151 4289 commendo
1179 4235 1433 4304 spiritum
1463 4251 1634 4291 meum
1657 4237 1724 4292 ⁸⁷.
1754 4239 1968 4298 Ponere

393 4333 575 4380 autem
602 4340 727 4379 eum
759 4340 978 4378 manum
1002 4339 1167 4395 super
1209 4314 1372 4396 caput
1423 4323 1596 4388 vituli,
1632 4333 1688 4380 et
1722 4325 1972 4399 jugulare

397 4417 626 4472 vitulum
657 4418 949 4488 praecepit;
980 4418 1307 4472 nemoenim
1337 4418 1487 4474 illum
1514 4419 1733 4486 obtulit,
1752 4421 1848 4476 sed
1866 4435 1968 4477 nec

2061 579 2218 634 nobis
2247 587 2386 643 erat,
2423 579 2749 633 sacriﬁcium
2787 578 3206 634 consummavit.
3259 578 3358 634 ilic
3415 580 3532 649 ipse
3577 584 3646 638 de

2062 669 2324 740 sanguine
2360 668 2511 724 vituli
2569 669 2848 733 hauriens,
2880 669 3045 724 infert
3101 667 3229 723 illud
3287 668 3342 722 in
3391 669 3647 726 taberna-

2063 759 2186 814 culo
2219 759 2536 814 testimonii.
2568 757 2675 813 Sed
2719 757 2845 828 quia
2876 758 3104 814 vitulum
3151 767 3368 827 oportet
3424 774 3645 815 carnem

2063 848 2277 903 Domini
2315 848 2585 918 accipere,
2618 847 2736 916 ipse
2772 847 2982 918 prodigi
3019 847 3113 902 lilii
3170 863 3456 917 exponens
3486 865 3649 919 para-

2064 937 2242 992 bolam
2277 936 2484 1003 docuit,
2518 951 2642 990 cum
2666 945 2874 1007 patrem
2901 937 3168 992 occidisse
3194 937 3246 991 ei
3291 938 3519 992 vitulum
3557 955 3648 994 sa—

2063 1027 2326 1098 ginatum,
2357 1035 2413 1080 et
2443 1027 2670 1094 primam
2697 1027 2918 1082 dedisse
2949 1027 3164 1092 stolam,
3191 1037 3248 1082 et
3273 1028 3538 1082 annulum
3564 1029 3647 1082 di-

2065 1127 2232 1177 ceret,
2259 1134 2355 1187 pur
2384 1117 2610 1172 vitulum
2647 1119 2978 1174 sacriﬁcium
3003 1119 3287 1190 unigeniti,
3329 1137 3425 1188 per
3456 1123 3647 1175 stolam

2065 1207 2352 1278 baptisma,
2388 1224 2482 1276 per
2519 1209 2782 1262 annulum
2808 1208 3033 1279 signans
3076 1207 3273 1277 pignus
3308 1209 3544 1277 Spiritus
3577 1210 3646 1262 θ’.

2065 1297 2200 1364 Quia
2239 1300 2386 1353 enim
2409 1299 2476 1354 de
2505 1300 2776 1370 sanguine
2818 1299 2875 1354 in
2933 1299 3291 1354 tabernaculo
3351 1299 3650 1353 testimonii

2067 1391 2266 1452 intulit,
2297 1392 2454 1446 docet
2477 1401 2531 1445 et
2565 1391 2764 1446 Paulus
2789 1391 2854 1446 ad
2893 1389 3168 1454 Hebraeos,
3204 1390 3394 1445 dicens
3444 1407 3457 1443 :
3497 1389 3650 1452 Chri-

2063 1494 2175 1538 stus
2187 1485 2432 1538 assistens
2450 1483 2691 1555 Pontifea:
2703 1487 3001 1554 futurorum
3019 1485 3293 1545 bonorum,
3312 1488 3402 1552 p’er
3422 1483 3649 1549 amplius

2066 1586 2115 1630 et
2155 1577 2433 1648 perfectius
2488 1575 2884 1629 tabernaculum
2915 1592 3017 1628 non
3067 1567 3451 1647 manufactttm,
3479 1575 3534 1627 id
3571 1581 3649 1627 est

2070 1685 2170 1720 non
2192 1668 2348 1736 hujus
2378 1655 2679 1731 creationis,
2712 1684 2805 1720 nec
2844 1684 2938 1734 per
2959 1669 3272 1736 sanguinem
3302 1676 3578 1720 taurorum
3599 1675 3649 1720 et

2069 1761 2370 1824 uitulorum,
2397 1762 2485 1814 sed
2507 1775 2599 1829 per
2625 1761 2896 1828 proprium
2934 1761 3246 1831 sanguinem
3285 1759 3549 1828 ingressus
3575 1768 3649 1817 est

2067 1850 2224 1905 semel
2243 1851 2297 1902 in
2321 1857 2526 1914 sancta,
2578 1859 2777 1903 (eterna
2811 1850 3170 1918 redemptione
3202 1851 3412 1904 inventa
3464 1850 3530 1902 '°.
3587 1848 3650 1903 Et

2069 1955 2258 1995 rursus
2293 1939 2509 2012 :Neque
2531 1942 2668 1995 enim
2709 1942 2766 1994 in
2793 1942 3103 2012 manufacta
3145 1950 3330 1995 sancta
3386 1942 3649 2012 ingressus

2067 2041 2141 2086 est
2176 2029 2411 2086 Christus
2440 2034 2611 2103 forma
2642 2048 2907 2097 verorum,
2938 2032 3027 2086 sed
3051 2033 3106 2085 in
3136 2033 3309 2102 ipsum
3331 2032 3542 2094 caelum,
3578 2032 3650 2086 ad

2067 2124 2436 2178 ostendendum
2460 2139 2514 2178 se
2541 2123 2708 2178 vultui
2765 2124 2860 2178 Dei
2919 2140 3016 2193 pro
3070 2124 3218 2178 nobis
3247 2126 3314 2179 υ.
3368 2123 3469 2178 llic
3517 2137 3650 2193 ergo

2069 2214 2812 2280 tabernaculum’testimonii,
2839 2215 3035 2270 caelum
3060 2215 3280 2286 quippe,
3300 2216 3424 2284 quia
3450 2215 3503 2268 in
3533 2215 3651 2284 ipso

2071 2307 2314 2363 habitare
2343 2305 2514 2361 Deum
2546 2307 2829 2377 prophetae
2875 2306 3147 2362 testiﬁcati
3193 2315 3342 2372 sunt,
3376 2306 3651 2377 intelliga-

2069 2414 2190 2454 mus
2220 2416 2233 2451 :
2265 2397 2366 2463 Qui
2389 2397 2592 2452 habitat
2642 2398 2699 2452 in
2738 2397 2898 2462 caelis,
2949 2399 3150 2468 inquit,
3188 2398 3427 2452 irridebit
3459 2414 3543 2452 eos
3579 2399 3649 2454 ".

2069 2491 2136 2546 Et
2169 2506 2319 2546 nemo
2345 2491 2577 2545 ascendit
2598 2491 2650 2544 in
2679 2491 2885 2557 calum,
2911 2490 3014 2545 nisi
3045 2491 3137 2561 qui
3156 2490 3418 2544 descendit
3438 2490 3500 2543 de
3525 2489 3652 2544 caelo

2074 2584 2483 2656 Dnigenitus",
2539 2583 2607 2638 de
2665 2583 2963 2655 semetipso
2996 2583 3132 2638 dixit
3176 2582 3514 2638 hominibus.
3573 2582 3651 2638 ibi

2069 2673 2385 2746 sanguinem
2419 2673 2744 2738 introduxit,
2787 2674 2931 2744 quia.
2946 2673 3230 2730 cicatrices
3262 2683 3488 2744 portans
3530 2689 3653 2744 pas-

2070 2764 2307 2828 sionum,
2337 2779 2366 2820 a
2394 2764 2624 2821 mortuis
2650 2764 2970 2829 resurrexit,
3001 2764 3149 2820 unde
3180 2773 3236 2819 et
3266 2777 3426 2821 suum
3455 2779 3654 2834 corpus

2068 2855 2400 2927 palpandum
2429 2855 2673 2911 Thomas
2697 2854 3017 2926 praebuit",
3049 2865 3214 2926 atque
3252 2856 3326 2910 ita
3371 2857 3426 2910 in
3485 2856 3654 2912 caelos

2068 2949 2330 3007 aScendit.
2364 2948 3111 3018 Probantautemsequentia
3139 2967 3152 3002 :

2140 3037 2445 3109 Quicunque
2472 3039 2998 3110 intitueritdigitum
3013 3039 3072 3092 in
3099 3039 3381 3108 sanguine,
3413 3047 3654 3110 asperget

2069 3137 2131 3186 de
2161 3148 2219 3186 eo
2237 3132 2426 3200 septies
2447 3131 2899 3194 coramDomino,
2933 3139 3116 3184 contra
3149 3130 3321 3186 velum
3338 3131 3652 3184 sanctuarii.

2072 3223 2251 3281 Multis
2282 3222 2603 3280 nominibus
2645 3238 2870 3278 carnem
2902 3222 3118 3278 Domini
3145 3222 3404 3293 appellat,
3440 3222 3566 3292 quia
3598 3230 3656 3278 et

2071 3315 2270 3370 multas
2293 3314 2638 3384 Operationes
2666 3313 2930 3384 implevit.
2969 3313 3132 3371 Unde
3161 3323 3218 3369 et
3240 3315 3360 3384 ipse
3390 3313 3656 3368 Dominus

2072 3406 2233 3462 modo
2258 3404 2875 3475 quidemsemetipsum
2940 3403 3296 3468 sacriﬁcium,
3347 3403 3510 3457 modo
3555 3418 3657 3471 pa-

2071 3508 2297 3565 storem,
2323 3499 2522 3557 deinde
2548 3515 2738 3554 rursus
2774 3499 2965 3566 vitem,
3007 3515 3208 3570 panem
3246 3499 3392 3565 vitae,
3423 3507 3477 3553 et
3532 3512 3658 3565 gra-

2074 3606 2203 3649 num
2235 3589 2743 3661 tritici,opportuue
2762 3589 3180 3661 dispensatoriis
3203 3588 3388 3645 verbis
3418 3587 3655 3653 varians,

2073 3696 2202 3736 suas
2221 3681 2613 3752 appellationes
2647 3683 2974 3736 nominavit.
3015 3682 3084 3736 Et
3113 3697 3264 3736 nunc
3314 3695 3446 3752 ergo
3476 3680 3658 3735 velum

2073 3779 2192 3849 ejus
2212 3795 2431 3835 carnem
2463 3779 2800 3850 appellavit:
2862 3777 3116 3834 dubitare
3183 3777 3330 3831 enim
3392 3776 3496 3829 hoc
3545 3790 3659 3829 non

2074 3883 2385 3939 possumus,
2421 3867 2587 3922 Paulo
2616 3869 2682 3923 ad
2713 3867 3154 3938 explanationem
3210 3865 3376 3936 hujus
3414 3865 3657 3936 mysterii

2076 3961 2291 4016 dicente
2330 3978 2343 4014 :
2377 3959 2666 4026 Habentes,
2692 3963 2904 4030 fratres,
2955 3959 3327 4029 conﬁdentiam
3351 3959 3408 4013 iu
3431 3958 3655 4011 introitu

2077 4061 2381 4107 sanctorum
2409 4053 2464 4106 in
2495 4051 2750 4121 sanguine
2781 4049 2998 4116 Christi,
3039 4066 3200 4120 quam
3241 4049 3472 4104 itu'tiavit
3512 4049 3659 4102 nobis

2078 4145 2217 4199 viam
2249 4161 2432 4198 novam
2472 4156 2519 4198 et
2549 4143 2803 4198 viventem
2823 4159 2915 4214 per
2942 4142 3201 4206 velamen,
3228 4141 3282 4195 id
3325 4151 3420 4206 est,
3446 4155 3660 4194 carnem

2077 4253 2251 4301 suam,
2272 4246 2321 4290 et
2346 4237 2663 4292 sacerdotem
2686 4253 2956 4307 magnum,
2981 4235 3035 4288 in
3055 4235 3268 4292 domum
3289 4232 3382 4288 Dei
3426 4234 3662 4287 introea-

2075 4345 2210 4396 mus,
2249 4345 2363 4383 cum
2388 4345 2518 4398 puro
2545 4328 2716 4394 corde,
2742 4328 2807 4384 iu.
2842 4327 3204 4400 satisfactione
3255 4325 3381 4396 fidei
3405 4328 3470 4380 ⁵⁸.
3528 4323 3660 4378 Pro-

2078 4431 2264 4492 pterea
2287 4427 2342 4475 et
2363 4418 2657 4477 sanctuarii
2693 4419 2877 4473 velum
2900 4417 3232 4489 appellatum
3259 4426 3363 4480 est,
3432 4416 3660 4487 ﬁguram

373 4493 680 4563 'immolare
703 4517 935 4578 poterat,
977 4507 1078 4563 nisi
1103 4509 1457 4580 semetipsum
1488 4511 1604 4581 ipse
1637 4512 1705 4567 ad
1752 4514 1972 4583 patien-
2003 4503 2053 4563 Ι)
2077 4514 2276 4584 quippe
2298 4512 2481 4569 carnis
2508 4511 2681 4567 sancti
2714 4519 3028 4566 sanctorum
3072 4511 3315 4582 gerebat.
3353 4509 3488 4575 Quia
3531 4525 3661 4581 ergo

393 4600 524 4652 dum
549 4599 874 4655 tradidisset.
908 4597 1134 4670 Propter
1160 4598 1304 4669 quod
1341 4615 1450 4654 non
1494 4600 1669 4654 solum
1718 4601 1970 4656 dicebat:

396 4691 715 4746 Potestatem
741 4690 904 4745 habeo
931 4690 1152 4760 ponendi
1179 4692 1416 4745 animam
1438 4709 1631 4756 meam,
1672 4701 1720 4746 et
1739 4703 1972 4763 potesta-

396 4794 496 4837 tem
531 4783 692 4838 habeo
714 4783 906 4839 iterum
925 4783 1163 4839 sumendi
1199 4798 1316 4836 eam
1338 4782 1418 4849 u';
1449 4784 1541 4837 sed
1561 4791 1615 4837 et
1634 4785 1973 4858 praeveniens

394 4875 748 4944 semetipsum
776 4875 831 4929 in
857 4889 1020 4930 caena.
1051 4873 1422 4944 apostolorum
1459 4874 1780 4940 immolavit,
1824 4875 1970 4945 quod

393 4967 579 5018 sciunt
611 4964 705 5038 qui
737 4964 1120 5038 mysteriorum
1164 4963 1476 5034 percipiunt
1507 4964 1787 5021 virtutem.
1813 4965 1974 5023 Hunc

394 5056 736 5110 sacerdotem
795 5053 1148 5126 Septuaginta
1174 5068 1286 5111 non
1334 5054 1511 5109 solum
1572 5064 1800 5112 unctum
1857 5056 1974 5112 sive

395 5149 630 5212 libitum,
665 5147 761 5202 sed
790 5157 846 5203 et
887 5155 1326 5205 consummatum
1377 5147 1628 5204 manibus
1658 5149 1972 5218 appellave-

396 5249 526 5294 runt
579 5257 593 5294 :
647 5249 1057 5296 consummatus
1108 5248 1192 5296 est
1250 5239 1396 5294 enim
1444 5241 1698 5298 manibus
1737 5243 1890 5313 prius
1915 5246 1970 5300 in

398 5332 620 5402 mystica
653 5347 828 5396 creua,
863 5332 1134 5401 accipiens
1166 5347 1364 5402 panem
1385 5342 1440 5387 et
1469 5331 1752 5405 frangens,
1771 5335 1970 5391 deinde

398 5439 494 5491 per
525 5439 764 5487 crucem,
796 5422 1010 5494 quando
1045 5423 1191 5496 ligno
1221 5420 1409 5478 aliixus
1455 5431 1557 5478 est.
1601 5422 1756 5482 Tunc
1790 5440 1971 5479 sacer-

394 5516 533 5571 dotii
555 5516 856 5587 suscipiens
890 5515 1231 5588 dignitatem,
1267 5515 1352 5569 vel
1382 5516 1563 5586 potius
1603 5531 1726 5570 cum
1760 5533 1975 5588 semper

2076 4605 2276 4677 digitus
2307 4604 2401 4660 Dei
2435 4608 2608 4659 virtus
2659 4603 2803 4672 ejus.
2828 4601 3049 4667 dicitur,
3085 4601 3230 4658 unde
3287 4601 3459 4670 magis
3511 4600 3657 4656 Pha-

2077 4697 2270 4752 raonis
2288 4695 2548 4752 cedentes
2580 4693 2859 4749 miraculis
2891 4693 3057 4765 Moysi
3087 4693 3342 4748 dicebant
3393 4712 3407 4749 :
3450 4693 3658 4765 Digitus

2077 4789 2173 4845 Dei
2211 4797 2284 4844 est
2305 4789 2371 4844 ⁸⁸.
2403 4787 2471 4844 Et
2499 4787 2669 4842 David
2730 4787 2780 4842 ei
2816 4785 3080 4856 psallebat
3116 4804 3128 4840 :
3182 4785 3446 4854 Quoniam
3479 4787 3658 4842 uidebo
3685 4818 3702 4832 κ

2075 4881 2245 4947 caelos,
2293 4897 2453 4950 opera
2493 4881 2779 4951 digitorum
2831 4888 3042 4932 tuorum
3068 4878 3135 4934 ⁸⁷.
3197 4876 3428 4948 ipseque
3469 4893 3659 4933 rursus

2074 4970 2336 5025 Dominus
2362 4967 2568 5024 Iudaeis
2594 4968 2809 5025 dicebat
2847 4985 2860 5022 :
2892 4965 3045 5033 Quod
3078 4968 3125 5022 si
3151 4968 3207 5021 in
3239 4967 3407 5036 digito
3440 4967 3536 5020 Dei
3558 4983 3664 5037 ego.

2073 5061 2225 5131 ejicio
2244 5059 2525 5125 daemonia,
2562 5059 2725 5131 igitur
2749 5059 2977 5128 pervenit
3000 5058 3058 5111 in
3082 5075 3173 5112 vos
3205 5075 3421 5129 regnum
3478 5057 3573 5110 Dei
3589 5057 3654 5109 ⁵⁸.

2071 5147 2474 5215 Convenienter
2527 5147 2754 5228 digitum
2810 5149 2866 5202 in
2923 5148 3249 5219 sanguinem
3315 5147 3555 5217 intingit,
3600 5157 3666 5203 ut.

2067 5242 2387 5299 ostendatur
2412 5242 2536 5312 quia
2569 5242 2856 5312 passiones
2881 5241 3064 5296 carnis
3091 5239 3410 5304 Dominicua,
3453 5240 3661 5297 virtute

2067 5333 2363 5389 divinitatis
2385 5343 2519 5388 actze
2549 5341 2711 5399 sunt;
2736 5349 2877 5389 nam.
2906 5331 3192 5403 quomodo
3220 5341 3476 5402 poterant
3535 5333 3659 5388 talia

2082 5428 2194 5482 ﬁeri
2228 5437 2376 5492 tunc,
2404 5427 2458 5482 id
2483 5436 2584 5490 est,
2609 5426 2735 5481 solis
2757 5440 3024 5490 recessus,
3067 5432 3432 5489 terracmotus,
3462 5423 3671 5480 scissio.

2083 5527 2438 5591 petrarumet
2473 5517 2712 5573 similia?
2768 5515 2866 5570 Hic
2922 5530 3049 5586 ergo
3103 5513 3304 5569 virtute
3355 5515 3672 5573 divinitatis-

467 5699 514 5733 ”
541 5699 706 5756 Hebr.
730 5697 958 5768 tx.,28.-
1015 5699 1102 5756 ι⁸1
1131 5701 1258 5758 Cor.
1294 5719 1346 5767 v,
1375 5702 1466 5766 90,
1495 5701 1584 5754 2i.
1619 5701 1662 5734 ιδ
1690 5701 1790 5756 lsa.
1827 5718 1945 5757 un.
1983 5703 2033 5757 9.
2064 5703 2154 5756 et!
2196 5701 2336 5756 Petr.
2374 5715 2434 5763 lt,
2475 5701 2565 5755 ‘22.
2644 5703 2687 5733 ⁸⁸
2718 5702 2822 5755 lsa.
2855 5715 2944 5761 XL,
2971 5699 3061 5753 ω.
3141 5700 3184 5734 ⁸⁷
3208 5696 3340 5752 Luc.
3379 5717 3534 5762 xxiii,
3568 5699 3656 5755 ιθ.

400 5771 442 5842 pa
471 5770 628 5842 (hum.
656 5773 814 5834 "1.8.
894 5774 936 5805 to
951 5773 1084 5829 Luc.
1117 5772 1298 5842 xvii“
1327 5787 1476 5842 seqq.

399 5840 443 5870 "‘
469 5840 626 5897 Joan.
669 5859 758 5909 xx,
794 5841 864 5898 25
890 5858 1041 5914 seqq.

1555 5773 1598 5805 ⁵ο
1625 5771 1787 5826 Hebr.
1827 5790 1899 5836 ix,
1932 5771 2015 5836 ll,
2080 5772 2166 5826 ης

1131 5844 1174 5876 ⁸⁸
1211 5841 1378 5898 llebr.
1407 5841 1461 5910 it,
1504 5841 1684 5897 19-22.
1765 5844 1805 5875 ⁸⁸
1834 5843 2002 5897 Exod.
2048 5859 2153 5912 vm,
2196 5844 2274 5900 l9.

2261 5775 2302 5804 '”
2348 5772 2479 5827 ibid.
2512 5772 2600 5824 ‘24.
2691 5773 2735 5802 δ’
2772 5770 2910 5825 Psul.
2945 5786 3005 5837 ιι,
3035 5769 3086 5824 4.

3192 5770 3236 5800 ⁸³
3262 5768 3421 5824 Joan.
3460 5787 3536 5838 ιιι,
3577 5773 3659 5827 13.

2369 5843 2410 5872 ⁸⁷
2440 5843 2576 5896 l'sul.
2608 5857 2724 5906 rm,
2754 5840 2802 5892 4.

2912 5841 2954 5872 ⁵⁸
2985 5841 3120 5896 Luc.
3174 5855 3249 5908 tu,
3287 5841 3377 5895 20.
