  <div class='ocr_page' id='page_1' title='image "/cluster/home/n/w/nwhite01/storage/ocr_20150623/93/mdp.39015078384313/420.png"; bbox 0 0 4044 6224; ppageno 0'>
   <div class='ocr_carea' id='block_1_1' title="bbox 325 337 431 402">
    <p class='ocr_par' dir='ltr' id='par_1_1' title="bbox 325 337 431 402">
     <span class='ocr_line' id='line_1_1' title="bbox 325 337 431 402; baseline -0.009 0"><span class='ocrx_word' id='word_1_1' title='bbox 325 337 431 402; x_wconf 80' lang='lat'><strong>825</strong></span> 
     </span>
    </p>
   </div>
   <div class='ocr_carea' id='block_1_2' title="bbox 1476 328 2403 443">
    <p class='ocr_par' dir='ltr' id='par_1_2' title="bbox 1476 328 2403 443">
     <span class='ocr_line' id='line_1_2' title="bbox 1476 328 2403 443; baseline 0.01 -35"><span class='ocrx_word' id='word_1_2' title='bbox 1476 348 1560 408; x_wconf 81' lang='lat' dir='ltr'><strong>IN</strong></span> <span class='ocrx_word' id='word_1_3' title='bbox 1599 351 2035 441; x_wconf 32' lang='lat' dir='ltr'><strong>LEVITICIUM.</strong></span> <span class='ocrx_word' id='word_1_4' title='bbox 2072 355 2310 443; x_wconf 55' lang='lat' dir='ltr'><strong>-_—1.tB.</strong></span> <span class='ocrx_word' id='word_1_5' title='bbox 2351 358 2403 441; x_wconf 69' lang='grc' dir='ltr'><strong>ι.</strong></span> 
     </span>
    </p>
   </div>
   <div class='ocr_carea' id='block_1_3' title="bbox 3463 361 3581 423">
    <p class='ocr_par' dir='ltr' id='par_1_3' title="bbox 3463 361 3581 423">
     <span class='ocr_line' id='line_1_3' title="bbox 3463 361 3581 423; baseline -0.034 0"><span class='ocrx_word' id='word_1_6' title='bbox 3463 361 3581 423; x_wconf 74' lang='lat'><strong>826</strong></span> 
     </span>
    </p>
   </div>
   <div class='ocr_carea' id='block_1_4' title="bbox 327 438 3572 545">
    <p class='ocr_par' dir='ltr' id='par_1_4' title="bbox 327 438 3572 545">
     <span class='ocr_line' id='line_1_4' title="bbox 327 438 3572 545; baseline 0.007 -37"><span class='ocrx_word' id='word_1_7' title='bbox 327 456 555 524; x_wconf 82' lang='lat' dir='ltr'><strong>Propter</strong></span> <span class='ocrx_word' id='word_1_8' title='bbox 603 455 747 526; x_wconf 87' lang='lat' dir='ltr'><strong>quod</strong></span> <span class='ocrx_word' id='word_1_9' title='bbox 799 472 1020 519; x_wconf 79' lang='lat' dir='ltr'><strong>carnem</strong></span> <span class='ocrx_word' id='word_1_10' title='bbox 1065 459 1204 529; x_wconf 84' lang='lat' dir='ltr'><strong>ejus,</strong></span> <span class='ocrx_word' id='word_1_11' title='bbox 1259 461 1311 515; x_wconf 99' lang='lat' dir='ltr'><strong>id</strong></span> <span class='ocrx_word' id='word_1_12' title='bbox 1342 472 1447 527; x_wconf 88' lang='lat' dir='ltr'><strong>est,</strong></span> <span class='ocrx_word' id='word_1_13' title='bbox 1501 438 1902 521; x_wconf 83' lang='lat' dir='ltr'><strong>humanitatem</strong></span> <span class='ocrx_word' id='word_1_14' title='bbox 1927 474 1970 528; x_wconf 83' lang='grc' dir='ltr'><strong>Α</strong></span> <span class='ocrx_word' id='word_1_15' title='bbox 2070 438 2230 524; x_wconf 59' lang='lat' dir='ltr'><strong>Vens.</strong></span> <span class='ocrx_word' id='word_1_16' title='bbox 2266 438 2443 529; x_wconf 51' lang='lat'><strong>1531.</strong></span> <span class='ocrx_word' id='word_1_17' title='bbox 2485 491 2503 525; x_wconf 74' lang='grc' dir='ltr'>ι</span> <span class='ocrx_word' id='word_1_18' title='bbox 2536 472 2691 539; x_wconf 84' lang='lat' dir='ltr'><strong>Quod</strong></span> <span class='ocrx_word' id='word_1_19' title='bbox 2722 475 2765 531; x_wconf 87' lang='lat' dir='ltr'><strong>si</strong></span> <span class='ocrx_word' id='word_1_20' title='bbox 2795 475 2976 532; x_wconf 86' lang='lat' dir='ltr'><strong>omnis</strong></span> <span class='ocrx_word' id='word_1_21' title='bbox 3017 474 3173 530; x_wconf 87' lang='lat' dir='ltr'><strong>turba</strong></span> <span class='ocrx_word' id='word_1_22' title='bbox 3204 473 3365 529; x_wconf 85' lang='lat' dir='ltr'><strong>israel</strong></span> <span class='ocrx_word' id='word_1_23' title='bbox 3400 474 3572 545; x_wconf 78' lang='lat' dir='ltr'><strong>igne-</strong></span> 
     </span>
    </p>
   </div>
   <div class='ocr_carea' id='block_1_5' title="bbox 327 545 1897 624">
    <p class='ocr_par' dir='ltr' id='par_1_5' title="bbox 327 545 1897 624">
     <span class='ocr_line' id='line_1_5' title="bbox 327 545 1897 624; baseline 0.008 -25"><span class='ocrx_word' id='word_1_24' title='bbox 327 545 598 612; x_wconf 76' lang='lat' dir='ltr'><strong>videlicet,</strong></span> <span class='ocrx_word' id='word_1_25' title='bbox 632 555 741 602; x_wconf 90' lang='lat' dir='ltr'><strong>tam</strong></span> <span class='ocrx_word' id='word_1_26' title='bbox 772 563 898 603; x_wconf 88' lang='lat' dir='ltr'><strong>eum</strong></span> <span class='ocrx_word' id='word_1_27' title='bbox 928 551 1021 620; x_wconf 89' lang='lat' dir='ltr'><strong>qui</strong></span> <span class='ocrx_word' id='word_1_28' title='bbox 1058 552 1373 621; x_wconf 87' lang='lat' dir='ltr'><strong>apparebat,</strong></span> <span class='ocrx_word' id='word_1_29' title='bbox 1394 570 1556 622; x_wconf 86' lang='lat' dir='ltr'><strong>quam</strong></span> <span class='ocrx_word' id='word_1_30' title='bbox 1597 555 1690 624; x_wconf 86' lang='lat' dir='ltr'><strong>qui</strong></span> <span class='ocrx_word' id='word_1_31' title='bbox 1722 556 1774 610; x_wconf 93' lang='lat' dir='ltr'><strong>in</strong></span> <span class='ocrx_word' id='word_1_32' title='bbox 1806 572 1897 612; x_wconf 84' lang='lat' dir='ltr'><strong>oc-</strong></span> 
     </span>
    </p>
   </div>
   <div class='ocr_carea' id='block_1_6' title="bbox 325 638 1901 713">
    <p class='ocr_par' dir='ltr' id='par_1_6' title="bbox 325 638 1901 713">
     <span class='ocr_line' id='line_1_6' title="bbox 325 638 1901 713; baseline 0.006 -21"><span class='ocrx_word' id='word_1_33' title='bbox 325 638 473 695; x_wconf 86' lang='lat' dir='ltr'><strong>culto</strong></span> <span class='ocrx_word' id='word_1_34' title='bbox 502 646 640 703; x_wconf 87' lang='lat' dir='ltr'><strong>erat,</strong></span> <span class='ocrx_word' id='word_1_35' title='bbox 659 638 958 702; x_wconf 87' lang='lat' dir='ltr'><strong>hominem,</strong></span> <span class='ocrx_word' id='word_1_36' title='bbox 988 642 1056 696; x_wconf 92' lang='lat' dir='ltr'><strong>de</strong></span> <span class='ocrx_word' id='word_1_37' title='bbox 1085 658 1195 713; x_wconf 90' lang='lat' dir='ltr'><strong>quo</strong></span> <span class='ocrx_word' id='word_1_38' title='bbox 1224 641 1299 699; x_wconf 90' lang='lat' dir='ltr'><strong>ait</strong></span> <span class='ocrx_word' id='word_1_39' title='bbox 1334 643 1532 701; x_wconf 91' lang='lat' dir='ltr'><strong>Paulus</strong></span> <span class='ocrx_word' id='word_1_40' title='bbox 1562 665 1575 700; x_wconf 92' lang='lat'><strong>:</strong></span> <span class='ocrx_word' id='word_1_41' title='bbox 1628 645 1692 700; x_wconf 83' lang='lat' dir='ltr'><strong>Et</strong></span> <span class='ocrx_word' id='word_1_42' title='bbox 1733 647 1781 700; x_wconf 85' lang='lat' dir='ltr'><strong>si</strong></span> <span class='ocrx_word' id='word_1_43' title='bbox 1809 663 1901 702; x_wconf 79' lang='lat' dir='ltr'><strong>ea:-</strong></span> 
     </span>
    </p>
   </div>
   <div class='ocr_carea' id='block_1_7' title="bbox 328 730 1901 804">
    <p class='ocr_par' dir='ltr' id='par_1_7' title="bbox 328 730 1901 804">
     <span class='ocr_line' id='line_1_7' title="bbox 328 730 1901 804; baseline 0.007 -23"><span class='ocrx_word' id='word_1_44' title='bbox 328 730 491 783; x_wconf 79' lang='lat' dir='ltr'><strong>terior</strong></span> <span class='ocrx_word' id='word_1_45' title='bbox 546 731 699 784; x_wconf 76' lang='lat' dir='ltr'><strong>homo</strong></span> <span class='ocrx_word' id='word_1_46' title='bbox 734 742 908 785; x_wconf 86' lang='lat' dir='ltr'><strong>noster</strong></span> <span class='ocrx_word' id='word_1_47' title='bbox 964 735 1354 804; x_wconf 75' lang='lat' dir='ltr'><strong>corrumpitur,</strong></span> <span class='ocrx_word' id='word_1_48' title='bbox 1390 739 1479 791; x_wconf 82' lang='lat' dir='ltr'><strong>sed</strong></span> <span class='ocrx_word' id='word_1_49' title='bbox 1509 738 1726 791; x_wconf 88' lang='lat' dir='ltr'><strong>interior</strong></span> <span class='ocrx_word' id='word_1_50' title='bbox 1747 754 1901 792; x_wconf 86' lang='lat' dir='ltr'><strong>reno-</strong></span> 
     </span>
    </p>
   </div>
   <div class='ocr_carea' id='block_1_8' title="bbox 329 819 1902 895">
    <p class='ocr_par' dir='ltr' id='par_1_8' title="bbox 329 819 1902 895">
     <span class='ocr_line' id='line_1_8' title="bbox 329 819 1902 895; baseline 0.008 -23"><span class='ocrx_word' id='word_1_51' title='bbox 329 830 486 874; x_wconf 75' lang='lat' dir='ltr'><strong>vatur</strong></span> <span class='ocrx_word' id='word_1_52' title='bbox 516 820 580 874; x_wconf 80' lang='grc'><strong>⁷⁸.</strong></span> <span class='ocrx_word' id='word_1_53' title='bbox 610 819 750 875; x_wconf 89' lang='lat' dir='ltr'><strong>Caro</strong></span> <span class='ocrx_word' id='word_1_54' title='bbox 771 821 917 875; x_wconf 84' lang='lat' dir='ltr'><strong>enim</strong></span> <span class='ocrx_word' id='word_1_55' title='bbox 946 822 1005 876; x_wconf 87' lang='lat' dir='ltr'><strong>in</strong></span> <span class='ocrx_word' id='word_1_56' title='bbox 1034 823 1284 888; x_wconf 87' lang='lat' dir='ltr'><strong>Domino,</strong></span> <span class='ocrx_word' id='word_1_57' title='bbox 1334 826 1512 882; x_wconf 72' lang='lat' dir='ltr'><strong>cunnis</strong></span> <span class='ocrx_word' id='word_1_58' title='bbox 1552 828 1671 895; x_wconf 92' lang='lat' dir='ltr'><strong>ejus</strong></span> <span class='ocrx_word' id='word_1_59' title='bbox 1707 827 1902 884; x_wconf 81' lang='lat' dir='ltr'><strong>huma-</strong></span> 
     </span>
    </p>
   </div>
   <div class='ocr_carea' id='block_1_9' title="bbox 330 912 1903 986">
    <p class='ocr_par' dir='ltr' id='par_1_9' title="bbox 330 912 1903 986">
     <span class='ocr_line' id='line_1_9' title="bbox 330 912 1903 986; baseline 0.006 -19"><span class='ocrx_word' id='word_1_60' title='bbox 330 913 492 974; x_wconf 87' lang='lat' dir='ltr'><strong>nitas,</strong></span> <span class='ocrx_word' id='word_1_61' title='bbox 520 913 644 983; x_wconf 88' lang='lat' dir='ltr'><strong>quia</strong></span> <span class='ocrx_word' id='word_1_62' title='bbox 684 912 907 968; x_wconf 83' lang='lat' dir='ltr'><strong>Verbum</strong></span> <span class='ocrx_word' id='word_1_63' title='bbox 956 932 1080 969; x_wconf 87' lang='lat' dir='ltr'><strong>caro</strong></span> <span class='ocrx_word' id='word_1_64' title='bbox 1104 916 1301 986; x_wconf 83' lang='lat' dir='ltr'><strong>factum</strong></span> <span class='ocrx_word' id='word_1_65' title='bbox 1325 929 1399 971; x_wconf 82' lang='lat' dir='ltr'><strong>est</strong></span> <span class='ocrx_word' id='word_1_66' title='bbox 1413 919 1497 983; x_wconf 86' lang='lat'><strong>&quot;°&#39;,</strong></span> <span class='ocrx_word' id='word_1_67' title='bbox 1527 919 1741 975; x_wconf 87' lang='lat' dir='ltr'><strong>dicitur.</strong></span> <span class='ocrx_word' id='word_1_68' title='bbox 1771 919 1903 977; x_wconf 83' lang='lat' dir='ltr'><strong>Pro-</strong></span> 
     </span>
    </p>
   </div>
   <div class='ocr_carea' id='block_1_10' title="bbox 333 1006 1897 1079">
    <p class='ocr_par' dir='ltr' id='par_1_10' title="bbox 333 1006 1897 1079">
     <span class='ocr_line' id='line_1_10' title="bbox 333 1006 1897 1079; baseline 0.006 -23"><span class='ocrx_word' id='word_1_69' title='bbox 333 1015 452 1072; x_wconf 84' lang='lat' dir='ltr'><strong>pter</strong></span> <span class='ocrx_word' id='word_1_70' title='bbox 481 1006 624 1074; x_wconf 90' lang='lat' dir='ltr'><strong>quod</strong></span> <span class='ocrx_word' id='word_1_71' title='bbox 653 1014 711 1059; x_wconf 91' lang='lat' dir='ltr'><strong>et</strong></span> <span class='ocrx_word' id='word_1_72' title='bbox 731 1020 949 1059; x_wconf 90' lang='lat' dir='ltr'><strong>carnem</strong></span> <span class='ocrx_word' id='word_1_73' title='bbox 996 1007 1115 1077; x_wconf 82' lang='lat' dir='ltr'><strong>ejus</strong></span> <span class='ocrx_word' id='word_1_74' title='bbox 1167 1023 1288 1061; x_wconf 86' lang='lat' dir='ltr'><strong>cum</strong></span> <span class='ocrx_word' id='word_1_75' title='bbox 1328 1009 1504 1079; x_wconf 87' lang='lat' dir='ltr'><strong>capite</strong></span> <span class='ocrx_word' id='word_1_76' title='bbox 1547 1019 1603 1063; x_wconf 89' lang='lat' dir='ltr'><strong>et</strong></span> <span class='ocrx_word' id='word_1_77' title='bbox 1645 1011 1897 1079; x_wconf 84' lang='lat' dir='ltr'><strong>pedibus,</strong></span> 
     </span>
    </p>
   </div>
   <div class='ocr_carea' id='block_1_11' title="bbox 334 1086 1904 1169">
    <p class='ocr_par' dir='ltr' id='par_1_11' title="bbox 334 1086 1904 1169">
     <span class='ocr_line' id='line_1_11' title="bbox 334 1086 1904 1169; baseline 0.005 -19"><span class='ocrx_word' id='word_1_78' title='bbox 334 1096 417 1150; x_wconf 85' lang='lat' dir='ltr'><strong>vel</strong></span> <span class='ocrx_word' id='word_1_79' title='bbox 449 1110 572 1150; x_wconf 79' lang='lat' dir='ltr'><strong>cum</strong></span> <span class='ocrx_word' id='word_1_80' title='bbox 602 1095 779 1164; x_wconf 87' lang='lat' dir='ltr'><strong>capite</strong></span> <span class='ocrx_word' id='word_1_81' title='bbox 813 1104 869 1150; x_wconf 90' lang='lat' dir='ltr'><strong>et</strong></span> <span class='ocrx_word' id='word_1_82' title='bbox 914 1086 1171 1151; x_wconf 82' lang='lat' dir='ltr'><strong>extremis</strong></span> <span class='ocrx_word' id='word_1_83' title='bbox 1225 1098 1479 1155; x_wconf 77' lang='lat' dir='ltr'><strong>videlicet</strong></span> <span class='ocrx_word' id='word_1_84' title='bbox 1531 1100 1782 1169; x_wconf 79' lang='lat' dir='ltr'><strong>pedibus.</strong></span> <span class='ocrx_word' id='word_1_85' title='bbox 1823 1101 1904 1158; x_wconf 86' lang='lat' dir='ltr'><strong>sic</strong></span> 
     </span>
    </p>
   </div>
   <div class='ocr_carea' id='block_1_12' title="bbox 331 1185 1898 1260">
    <p class='ocr_par' dir='ltr' id='par_1_12' title="bbox 331 1185 1898 1260">
     <span class='ocr_line' id='line_1_12' title="bbox 331 1185 1898 1260; baseline 0.006 -23"><span class='ocrx_word' id='word_1_86' title='bbox 331 1186 477 1239; x_wconf 66' lang='lat' dir='ltr'><strong>extim</strong></span> <span class='ocrx_word' id='word_1_87' title='bbox 510 1185 693 1239; x_wconf 80' lang='lat' dir='ltr'><strong>caeteri</strong></span> <span class='ocrx_word' id='word_1_88' title='bbox 718 1186 1076 1256; x_wconf 88' lang='lat' dir='ltr'><strong>interpretum</strong></span> <span class='ocrx_word' id='word_1_89' title='bbox 1106 1189 1412 1253; x_wconf 84' lang='lat' dir='ltr'><strong>ediderunt,</strong></span> <span class='ocrx_word' id='word_1_90' title='bbox 1449 1191 1609 1260; x_wconf 81' lang='lat' dir='ltr'><strong>jussit</strong></span> <span class='ocrx_word' id='word_1_91' title='bbox 1638 1191 1856 1246; x_wconf 84' lang='lat' dir='ltr'><strong>incendi</strong></span> <span class='ocrx_word' id='word_1_92' title='bbox 1885 1211 1898 1246; x_wconf 89' lang='lat'><strong>:</strong></span> 
     </span>
    </p>
   </div>
   <div class='ocr_carea' id='block_1_13' title="bbox 335 1276 1904 1351">
    <p class='ocr_par' dir='ltr' id='par_1_13' title="bbox 335 1276 1904 1351">
     <span class='ocr_line' id='line_1_13' title="bbox 335 1276 1904 1351; baseline 0.006 -24"><span class='ocrx_word' id='word_1_93' title='bbox 335 1286 394 1329; x_wconf 91' lang='lat' dir='ltr'><strong>nt</strong></span> <span class='ocrx_word' id='word_1_94' title='bbox 424 1291 520 1345; x_wconf 83' lang='lat' dir='ltr'><strong>per</strong></span> <span class='ocrx_word' id='word_1_95' title='bbox 546 1276 801 1344; x_wconf 58' lang='lat' dir='ltr'><strong>praedicta</strong></span> <span class='ocrx_word' id='word_1_96' title='bbox 833 1278 995 1331; x_wconf 81' lang='lat' dir='ltr'><strong>verba</strong></span> <span class='ocrx_word' id='word_1_97' title='bbox 1041 1293 1165 1333; x_wconf 87' lang='lat' dir='ltr'><strong>emn</strong></span> <span class='ocrx_word' id='word_1_98' title='bbox 1201 1281 1293 1345; x_wconf 80' lang='lat' dir='ltr'><strong>qui</strong></span> <span class='ocrx_word' id='word_1_99' title='bbox 1349 1296 1447 1349; x_wconf 89' lang='lat' dir='ltr'><strong>pro</strong></span> <span class='ocrx_word' id='word_1_100' title='bbox 1492 1282 1648 1336; x_wconf 86' lang='lat' dir='ltr'><strong>nobis</strong></span> <span class='ocrx_word' id='word_1_101' title='bbox 1711 1297 1904 1351; x_wconf 88' lang='lat' dir='ltr'><strong>passus</strong></span> 
     </span>
    </p>
   </div>
   <div class='ocr_carea' id='block_1_14' title="bbox 335 1369 1899 1444">
    <p class='ocr_par' dir='ltr' id='par_1_14' title="bbox 335 1369 1899 1444">
     <span class='ocr_line' id='line_1_14' title="bbox 335 1369 1899 1444; baseline 0.005 -25"><span class='ocrx_word' id='word_1_102' title='bbox 335 1378 437 1432; x_wconf 66' lang='lat' dir='ltr'><strong>est,</strong></span> <span class='ocrx_word' id='word_1_103' title='bbox 468 1384 586 1423; x_wconf 77' lang='lat' dir='ltr'><strong>esse</strong></span> <span class='ocrx_word' id='word_1_104' title='bbox 625 1386 652 1423; x_wconf 88' lang='lat' dir='ltr'><strong>a</strong></span> <span class='ocrx_word' id='word_1_105' title='bbox 679 1369 948 1439; x_wconf 80' lang='lat' dir='ltr'><strong>principio</strong></span> <span class='ocrx_word' id='word_1_106' title='bbox 973 1370 1100 1425; x_wconf 88' lang='lat' dir='ltr'><strong>etin</strong></span> <span class='ocrx_word' id='word_1_107' title='bbox 1120 1372 1428 1427; x_wconf 85' lang='lat' dir='ltr'><strong>novissimis</strong></span> <span class='ocrx_word' id='word_1_108' title='bbox 1457 1374 1899 1444; x_wconf 74' lang='lat' dir='ltr'><strong>intelligeremus,</strong></span> 
     </span>
    </p>
   </div>
   <div class='ocr_carea' id='block_1_15' title="bbox 334 1463 1901 1537">
    <p class='ocr_par' dir='ltr' id='par_1_15' title="bbox 334 1463 1901 1537">
     <span class='ocr_line' id='line_1_15' title="bbox 334 1463 1901 1537; baseline 0.004 -19"><span class='ocrx_word' id='word_1_109' title='bbox 334 1465 403 1518; x_wconf 88' lang='lat' dir='ltr'><strong>de</strong></span> <span class='ocrx_word' id='word_1_110' title='bbox 447 1479 556 1533; x_wconf 82' lang='lat' dir='ltr'><strong>quo</strong></span> <span class='ocrx_word' id='word_1_111' title='bbox 591 1465 666 1519; x_wconf 85' lang='lat' dir='ltr'><strong>ait</strong></span> <span class='ocrx_word' id='word_1_112' title='bbox 705 1463 903 1519; x_wconf 80' lang='lat' dir='ltr'><strong>Paulus</strong></span> <span class='ocrx_word' id='word_1_113' title='bbox 939 1484 951 1519; x_wconf 94' lang='lat'><strong>:</strong></span> <span class='ocrx_word' id='word_1_114' title='bbox 992 1465 1125 1530; x_wconf 83' lang='lat' dir='ltr'><strong>Qma</strong></span> <span class='ocrx_word' id='word_1_115' title='bbox 1151 1468 1205 1520; x_wconf 89' lang='lat' dir='ltr'><strong>in</strong></span> <span class='ocrx_word' id='word_1_116' title='bbox 1224 1470 1335 1537; x_wconf 84' lang='lat' dir='ltr'><strong>ipso</strong></span> <span class='ocrx_word' id='word_1_117' title='bbox 1356 1479 1531 1523; x_wconf 82' lang='lat' dir='ltr'><strong>creata</strong></span> <span class='ocrx_word' id='word_1_118' title='bbox 1556 1484 1674 1525; x_wconf 80' lang='lat' dir='ltr'><strong>sunt</strong></span> <span class='ocrx_word' id='word_1_119' title='bbox 1705 1473 1901 1535; x_wconf 81' lang='lat' dir='ltr'><strong>omnia,</strong></span> 
     </span>
    </p>
   </div>
   <div class='ocr_carea' id='block_1_16' title="bbox 336 1551 1901 1621">
    <p class='ocr_par' dir='ltr' id='par_1_16' title="bbox 336 1551 1901 1621">
     <span class='ocr_line' id='line_1_16' title="bbox 336 1551 1901 1621; baseline 0.004 -19"><span class='ocrx_word' id='word_1_120' title='bbox 336 1568 453 1620; x_wconf 67' lang='lat' dir='ltr'><strong>qua</strong></span> <span class='ocrx_word' id='word_1_121' title='bbox 484 1552 539 1605; x_wconf 87' lang='lat' dir='ltr'><strong>in</strong></span> <span class='ocrx_word' id='word_1_122' title='bbox 568 1551 727 1614; x_wconf 65' lang='lat' dir='ltr'><strong>culis,</strong></span> <span class='ocrx_word' id='word_1_123' title='bbox 754 1562 803 1606; x_wconf 86' lang='lat' dir='ltr'><strong>et</strong></span> <span class='ocrx_word' id='word_1_124' title='bbox 829 1568 944 1621; x_wconf 75' lang='lat' dir='ltr'><strong>qua:</strong></span> <span class='ocrx_word' id='word_1_125' title='bbox 972 1554 1206 1619; x_wconf 82' lang='lat' dir='ltr'><strong>interm,</strong></span> <span class='ocrx_word' id='word_1_126' title='bbox 1241 1556 1466 1609; x_wconf 84' lang='lat' dir='ltr'><strong>uisibilia</strong></span> <span class='ocrx_word' id='word_1_127' title='bbox 1514 1564 1561 1609; x_wconf 88' lang='lat' dir='ltr'><strong>et</strong></span> <span class='ocrx_word' id='word_1_128' title='bbox 1601 1555 1901 1620; x_wconf 75' lang='lat' dir='ltr'><strong>invisibilia,</strong></span> 
     </span>
    </p>
   </div>
   <div class='ocr_carea' id='block_1_17' title="bbox 334 1643 1905 1715">
    <p class='ocr_par' dir='ltr' id='par_1_17' title="bbox 334 1643 1905 1715">
     <span class='ocr_line' id='line_1_17' title="bbox 334 1643 1905 1715; baseline 0.004 -21"><span class='ocrx_word' id='word_1_129' title='bbox 334 1645 441 1696; x_wconf 83' lang='lat' dir='ltr'><strong>sive</strong></span> <span class='ocrx_word' id='word_1_130' title='bbox 463 1643 655 1705; x_wconf 85' lang='lat' dir='ltr'><strong>throni,</strong></span> <span class='ocrx_word' id='word_1_131' title='bbox 683 1644 788 1696; x_wconf 83' lang='lat' dir='ltr'><strong>sive</strong></span> <span class='ocrx_word' id='word_1_132' title='bbox 809 1644 1209 1706; x_wconf 79' lang='lat' dir='ltr'><strong>dominationes,</strong></span> <span class='ocrx_word' id='word_1_133' title='bbox 1260 1647 1364 1698; x_wconf 80' lang='lat' dir='ltr'><strong>sive</strong></span> <span class='ocrx_word' id='word_1_134' title='bbox 1409 1648 1757 1715; x_wconf 80' lang='lat' dir='ltr'><strong>principatus,</strong></span> <span class='ocrx_word' id='word_1_135' title='bbox 1798 1648 1905 1701; x_wconf 83' lang='lat' dir='ltr'><strong>sive</strong></span> 
     </span>
    </p>
   </div>
   <div class='ocr_carea' id='block_1_18' title="bbox 338 1735 1902 1805">
    <p class='ocr_par' dir='ltr' id='par_1_18' title="bbox 338 1735 1902 1805">
     <span class='ocr_line' id='line_1_18' title="bbox 338 1735 1902 1805; baseline 0.001 -17"><span class='ocrx_word' id='word_1_136' title='bbox 338 1744 635 1802; x_wconf 82' lang='lat' dir='ltr'><strong>potestates,</strong></span> <span class='ocrx_word' id='word_1_137' title='bbox 660 1735 835 1788; x_wconf 87' lang='lat' dir='ltr'><strong>omnia</strong></span> <span class='ocrx_word' id='word_1_138' title='bbox 865 1751 957 1804; x_wconf 88' lang='lat' dir='ltr'><strong>per</strong></span> <span class='ocrx_word' id='word_1_139' title='bbox 984 1737 1155 1804; x_wconf 84' lang='lat' dir='ltr'><strong>ipsum</strong></span> <span class='ocrx_word' id='word_1_140' title='bbox 1193 1746 1241 1789; x_wconf 91' lang='lat' dir='ltr'><strong>et</strong></span> <span class='ocrx_word' id='word_1_141' title='bbox 1281 1737 1336 1789; x_wconf 87' lang='lat' dir='ltr'><strong>in</strong></span> <span class='ocrx_word' id='word_1_142' title='bbox 1390 1738 1505 1805; x_wconf 82' lang='lat' dir='ltr'><strong>ipso</strong></span> <span class='ocrx_word' id='word_1_143' title='bbox 1548 1746 1724 1791; x_wconf 84' lang='lat' dir='ltr'><strong>creata</strong></span> <span class='ocrx_word' id='word_1_144' title='bbox 1762 1747 1902 1802; x_wconf 82' lang='lat' dir='ltr'><strong>sunt,</strong></span> 
     </span>
    </p>
   </div>
   <div class='ocr_carea' id='block_1_19' title="bbox 337 1804 1981 1897">
    <p class='ocr_par' dir='ltr' id='par_1_19' title="bbox 337 1804 1981 1897">
     <span class='ocr_line' id='line_1_19' title="bbox 337 1804 1981 1897; baseline 0 -14"><span class='ocrx_word' id='word_1_145' title='bbox 337 1839 386 1883; x_wconf 83' lang='lat' dir='ltr'><strong>et</strong></span> <span class='ocrx_word' id='word_1_146' title='bbox 411 1829 518 1897; x_wconf 77' lang='lat' dir='ltr'><strong>ipse</strong></span> <span class='ocrx_word' id='word_1_147' title='bbox 538 1838 757 1885; x_wconf 8' lang='lat' dir='ltr'><strong>estrante</strong></span> <span class='ocrx_word' id='word_1_148' title='bbox 780 1830 976 1889; x_wconf 88' lang='lat' dir='ltr'><strong>omnia,</strong></span> <span class='ocrx_word' id='word_1_149' title='bbox 997 1837 1044 1880; x_wconf 90' lang='lat' dir='ltr'><strong>et</strong></span> <span class='ocrx_word' id='word_1_150' title='bbox 1072 1829 1249 1880; x_wconf 80' lang='lat' dir='ltr'><strong><em>omnia</em></strong></span> <span class='ocrx_word' id='word_1_151' title='bbox 1300 1829 1355 1881; x_wconf 90' lang='lat' dir='ltr'><strong>in</strong></span> <span class='ocrx_word' id='word_1_152' title='bbox 1395 1804 1509 1896; x_wconf 87' lang='lat' dir='ltr'><strong>ipso</strong></span> <span class='ocrx_word' id='word_1_153' title='bbox 1554 1838 1794 1882; x_wconf 77' lang='lat' dir='ltr'><strong><em>constant</em></strong></span> <span class='ocrx_word' id='word_1_154' title='bbox 1818 1845 1835 1891; x_wconf 88' lang='lat'><strong><em>;</em></strong></span> <span class='ocrx_word' id='word_1_155' title='bbox 1857 1839 1904 1883; x_wconf 87' lang='lat' dir='ltr'><strong>et</strong></span> <span class='ocrx_word' id='word_1_156' title='bbox 1942 1804 1981 1856; x_wconf 65' lang='grc' dir='ltr'><strong><em>Β</em></strong></span> 
     </span>
    </p>
   </div>
   <div class='ocr_carea' id='block_1_20' title="bbox 337 1919 1905 1990">
    <p class='ocr_par' dir='ltr' id='par_1_20' title="bbox 337 1919 1905 1990">
     <span class='ocr_line' id='line_1_20' title="bbox 337 1919 1905 1990; baseline -0.001 -17"><span class='ocrx_word' id='word_1_157' title='bbox 337 1921 446 1988; x_wconf 82' lang='lat' dir='ltr'><strong>ipse</strong></span> <span class='ocrx_word' id='word_1_158' title='bbox 471 1928 544 1972; x_wconf 88' lang='lat' dir='ltr'><strong>est</strong></span> <span class='ocrx_word' id='word_1_159' title='bbox 573 1927 731 1988; x_wconf 88' lang='lat' dir='ltr'><strong>caput</strong></span> <span class='ocrx_word' id='word_1_160' title='bbox 763 1919 990 1982; x_wconf 81' lang='lat' dir='ltr'><strong>corporis</strong></span> <span class='ocrx_word' id='word_1_161' title='bbox 1030 1919 1294 1983; x_wconf 67' lang='lat' dir='ltr'><strong>Ecclesiae,</strong></span> <span class='ocrx_word' id='word_1_162' title='bbox 1341 1921 1429 1990; x_wconf 86' lang='lat' dir='ltr'><strong>qui</strong></span> <span class='ocrx_word' id='word_1_163' title='bbox 1473 1930 1544 1973; x_wconf 88' lang='lat' dir='ltr'><strong>est</strong></span> <span class='ocrx_word' id='word_1_164' title='bbox 1571 1921 1905 1990; x_wconf 88' lang='lat' dir='ltr'><strong>principium,</strong></span> 
     </span>
    </p>
   </div>
   <div class='ocr_carea' id='block_1_21' title="bbox 337 2009 1906 2079">
    <p class='ocr_par' dir='ltr' id='par_1_21' title="bbox 337 2009 1906 2079">
     <span class='ocr_line' id='line_1_21' title="bbox 337 2009 1906 2079; baseline 0.001 -17"><span class='ocrx_word' id='word_1_165' title='bbox 337 2010 712 2079; x_wconf 83' lang='lat' dir='ltr'><strong>primogenitus</strong></span> <span class='ocrx_word' id='word_1_166' title='bbox 737 2026 768 2063; x_wconf 92' lang='lat' dir='ltr'><strong>a</strong></span> <span class='ocrx_word' id='word_1_167' title='bbox 794 2009 1010 2062; x_wconf 75' lang='lat' dir='ltr'><strong><em>mortuis</em></strong></span> <span class='ocrx_word' id='word_1_168' title='bbox 1042 2025 1060 2061; x_wconf 89' lang='lat'><strong><em>:</em></strong></span> <span class='ocrx_word' id='word_1_169' title='bbox 1092 2018 1148 2061; x_wconf 88' lang='lat' dir='ltr'><strong>ut</strong></span> <span class='ocrx_word' id='word_1_170' title='bbox 1168 2010 1235 2062; x_wconf 85' lang='lat' dir='ltr'><strong>sit</strong></span> <span class='ocrx_word' id='word_1_171' title='bbox 1267 2010 1375 2077; x_wconf 87' lang='lat' dir='ltr'><strong>ipse</strong></span> <span class='ocrx_word' id='word_1_172' title='bbox 1412 2011 1466 2062; x_wconf 89' lang='lat' dir='ltr'><strong>in</strong></span> <span class='ocrx_word' id='word_1_173' title='bbox 1509 2010 1743 2079; x_wconf 86' lang='lat' dir='ltr'><strong>omnibus</strong></span> <span class='ocrx_word' id='word_1_174' title='bbox 1796 2010 1906 2078; x_wconf 88' lang='lat' dir='ltr'><strong>pri-</strong></span> 
     </span>
    </p>
   </div>
   <div class='ocr_carea' id='block_1_22' title="bbox 339 2097 1903 2168">
    <p class='ocr_par' dir='ltr' id='par_1_22' title="bbox 339 2097 1903 2168">
     <span class='ocr_line' id='line_1_22' title="bbox 339 2097 1903 2168; baseline -0.001 -17"><span class='ocrx_word' id='word_1_175' title='bbox 339 2107 540 2151; x_wconf 87' lang='lat' dir='ltr'><strong>matum</strong></span> <span class='ocrx_word' id='word_1_176' title='bbox 570 2109 745 2153; x_wconf 87' lang='lat' dir='ltr'><strong>tenens</strong></span> <span class='ocrx_word' id='word_1_177' title='bbox 766 2098 830 2151; x_wconf 76' lang='grc' dir='ltr'><strong>τί.</strong></span> <span class='ocrx_word' id='word_1_178' title='bbox 865 2097 1090 2168; x_wconf 90' lang='lat' dir='ltr'><strong>Insuper</strong></span> <span class='ocrx_word' id='word_1_179' title='bbox 1116 2112 1239 2153; x_wconf 87' lang='lat' dir='ltr'><strong>cum</strong></span> <span class='ocrx_word' id='word_1_180' title='bbox 1298 2098 1574 2153; x_wconf 88' lang='lat' dir='ltr'><strong>intestinis</strong></span> <span class='ocrx_word' id='word_1_181' title='bbox 1626 2107 1682 2154; x_wconf 89' lang='lat' dir='ltr'><strong>et</strong></span> <span class='ocrx_word' id='word_1_182' title='bbox 1740 2099 1903 2165; x_wconf 77' lang='lat' dir='ltr'><strong>ﬁmo;</strong></span> 
     </span>
    </p>
   </div>
   <div class='ocr_carea' id='block_1_23' title="bbox 337 2188 1903 2259">
    <p class='ocr_par' dir='ltr' id='par_1_23' title="bbox 337 2188 1903 2259">
     <span class='ocr_line' id='line_1_23' title="bbox 337 2188 1903 2259; baseline 0 -14"><span class='ocrx_word' id='word_1_183' title='bbox 337 2188 424 2245; x_wconf 87' lang='lat' dir='ltr'><strong>vel</strong></span> <span class='ocrx_word' id='word_1_184' title='bbox 477 2191 619 2244; x_wconf 88' lang='lat' dir='ltr'><strong>sicut</strong></span> <span class='ocrx_word' id='word_1_185' title='bbox 669 2188 1057 2259; x_wconf 82' lang='lat' dir='ltr'><strong>Septuaginta,</strong></span> <span class='ocrx_word' id='word_1_186' title='bbox 1126 2204 1250 2243; x_wconf 89' lang='lat' dir='ltr'><strong>cum</strong></span> <span class='ocrx_word' id='word_1_187' title='bbox 1306 2196 1498 2245; x_wconf 82' lang='lat' dir='ltr'><strong>ventre</strong></span> <span class='ocrx_word' id='word_1_188' title='bbox 1552 2200 1608 2244; x_wconf 87' lang='lat' dir='ltr'><strong>et</strong></span> <span class='ocrx_word' id='word_1_189' title='bbox 1663 2199 1903 2245; x_wconf 87' lang='lat' dir='ltr'><strong>stercore</strong></span> 
     </span>
    </p>
   </div>
   <div class='ocr_carea' id='block_1_24' title="bbox 338 2278 1906 2363">
    <p class='ocr_par' dir='ltr' id='par_1_24' title="bbox 338 2278 1906 2363">
     <span class='ocr_line' id='line_1_24' title="bbox 338 2278 1906 2363; baseline 0 -26"><span class='ocrx_word' id='word_1_190' title='bbox 338 2278 621 2363; x_wconf 39' lang='lat' dir='ltr'><strong>edunt‘nt</strong></span> <span class='ocrx_word' id='word_1_191' title='bbox 647 2279 773 2348; x_wconf 90' lang='lat' dir='ltr'><strong>quia</strong></span> <span class='ocrx_word' id='word_1_192' title='bbox 802 2278 1001 2333; x_wconf 88' lang='lat' dir='ltr'><strong>mentis</strong></span> <span class='ocrx_word' id='word_1_193' title='bbox 1027 2279 1381 2349; x_wconf 82' lang='lat' dir='ltr'><strong>intelligibilis</strong></span> <span class='ocrx_word' id='word_1_194' title='bbox 1440 2290 1631 2334; x_wconf 86' lang='lat' dir='ltr'><strong>venter</strong></span> <span class='ocrx_word' id='word_1_195' title='bbox 1678 2278 1906 2349; x_wconf 85' lang='lat' dir='ltr'><strong>ﬁguram</strong></span> 
     </span>
    </p>
   </div>
   <div class='ocr_carea' id='block_1_25' title="bbox 338 2369 1909 2445">
    <p class='ocr_par' dir='ltr' id='par_1_25' title="bbox 338 2369 1909 2445">
     <span class='ocr_line' id='line_1_25' title="bbox 338 2369 1909 2445; baseline -0.003 -17"><span class='ocrx_word' id='word_1_196' title='bbox 338 2372 499 2445; x_wconf 87' lang='lat' dir='ltr'><strong>gerit,</strong></span> <span class='ocrx_word' id='word_1_197' title='bbox 537 2373 679 2426; x_wconf 89' lang='lat' dir='ltr'><strong>sicut</strong></span> <span class='ocrx_word' id='word_1_198' title='bbox 726 2371 782 2425; x_wconf 90' lang='lat' dir='ltr'><strong>in</strong></span> <span class='ocrx_word' id='word_1_199' title='bbox 836 2369 1117 2425; x_wconf 80' lang='lat' dir='ltr'><strong>sacriﬁciis</strong></span> <span class='ocrx_word' id='word_1_200' title='bbox 1172 2371 1402 2424; x_wconf 88' lang='lat' dir='ltr'><strong>aliorum</strong></span> <span class='ocrx_word' id='word_1_201' title='bbox 1457 2370 1909 2429; x_wconf 58' lang='lat' dir='ltr'><strong>~bolocanstorum</strong></span> 
     </span>
    </p>
   </div>
   <div class='ocr_carea' id='block_1_26' title="bbox 340 2459 1910 2525">
    <p class='ocr_par' dir='ltr' id='par_1_26' title="bbox 340 2459 1910 2525">
     <span class='ocr_line' id='line_1_26' title="bbox 340 2459 1910 2525; baseline -0.002 -7"><span class='ocrx_word' id='word_1_202' title='bbox 340 2463 698 2525; x_wconf 83' lang='lat' dir='ltr'><strong>ostendimus,</strong></span> <span class='ocrx_word' id='word_1_203' title='bbox 728 2478 795 2517; x_wconf 85' lang='lat' dir='ltr'><strong>ex</strong></span> <span class='ocrx_word' id='word_1_204' title='bbox 823 2477 890 2515; x_wconf 90' lang='lat' dir='ltr'><strong>eo</strong></span> <span class='ocrx_word' id='word_1_205' title='bbox 920 2470 1161 2517; x_wconf 84' lang='lat' dir='ltr'><strong>mentem</strong></span> <span class='ocrx_word' id='word_1_206' title='bbox 1193 2459 1449 2516; x_wconf 86' lang='lat' dir='ltr'><strong>habuisse</strong></span> <span class='ocrx_word' id='word_1_207' title='bbox 1491 2470 1733 2516; x_wconf 89' lang='lat' dir='ltr'><strong>nostram</strong></span> <span class='ocrx_word' id='word_1_208' title='bbox 1785 2478 1910 2515; x_wconf 88' lang='lat' dir='ltr'><strong>eum</strong></span> 
     </span>
    </p>
   </div>
   <div class='ocr_carea' id='block_1_27' title="bbox 339 2551 1912 2624">
    <p class='ocr_par' dir='ltr' id='par_1_27' title="bbox 339 2551 1912 2624">
     <span class='ocr_line' id='line_1_27' title="bbox 339 2551 1912 2624; baseline 0 -16"><span class='ocrx_word' id='word_1_209' title='bbox 339 2554 434 2624; x_wconf 89' lang='lat' dir='ltr'><strong>qui</strong></span> <span class='ocrx_word' id='word_1_210' title='bbox 465 2570 561 2623; x_wconf 90' lang='lat' dir='ltr'><strong>pro</strong></span> <span class='ocrx_word' id='word_1_211' title='bbox 587 2553 742 2608; x_wconf 90' lang='lat' dir='ltr'><strong>nobis</strong></span> <span class='ocrx_word' id='word_1_212' title='bbox 770 2568 961 2622; x_wconf 80' lang='lat' dir='ltr'><strong>passus</strong></span> <span class='ocrx_word' id='word_1_213' title='bbox 985 2559 1089 2617; x_wconf 88' lang='lat' dir='ltr'><strong>est,</strong></span> <span class='ocrx_word' id='word_1_214' title='bbox 1128 2551 1352 2607; x_wconf 86' lang='lat' dir='ltr'><strong>minime</strong></span> <span class='ocrx_word' id='word_1_215' title='bbox 1399 2551 1730 2621; x_wconf 80' lang='lat' dir='ltr'><strong>ignoremus,</strong></span> <span class='ocrx_word' id='word_1_216' title='bbox 1767 2553 1912 2623; x_wconf 88' lang='lat' dir='ltr'><strong>quod</strong></span> 
     </span>
    </p>
   </div>
   <div class='ocr_carea' id='block_1_28' title="bbox 342 2642 1911 2718">
    <p class='ocr_par' dir='ltr' id='par_1_28' title="bbox 342 2642 1911 2718">
     <span class='ocr_line' id='line_1_28' title="bbox 342 2642 1911 2718; baseline 0 -19"><span class='ocrx_word' id='word_1_217' title='bbox 342 2647 563 2718; x_wconf 87' lang='lat' dir='ltr'><strong>quidam</strong></span> <span class='ocrx_word' id='word_1_218' title='bbox 583 2645 965 2700; x_wconf 71' lang='lat' dir='ltr'><strong>hzeretieorum</strong></span> <span class='ocrx_word' id='word_1_219' title='bbox 990 2653 1210 2713; x_wconf 86' lang='lat' dir='ltr'><strong>negant.</strong></span> <span class='ocrx_word' id='word_1_220' title='bbox 1246 2642 1433 2698; x_wconf 85' lang='lat' dir='ltr'><strong>Fimus</strong></span> <span class='ocrx_word' id='word_1_221' title='bbox 1462 2652 1643 2701; x_wconf 88' lang='lat' dir='ltr'><strong>autem</strong></span> <span class='ocrx_word' id='word_1_222' title='bbox 1688 2651 1911 2713; x_wconf 86' lang='lat' dir='ltr'><strong>peccata</strong></span> 
     </span>
    </p>
   </div>
   <div class='ocr_carea' id='block_1_29' title="bbox 343 2734 1914 2811">
    <p class='ocr_par' dir='ltr' id='par_1_29' title="bbox 343 2734 1914 2811">
     <span class='ocr_line' id='line_1_29' title="bbox 343 2734 1914 2811; baseline -0.004 -16"><span class='ocrx_word' id='word_1_223' title='bbox 343 2739 560 2811; x_wconf 87' lang='lat' dir='ltr'><strong>generis</strong></span> <span class='ocrx_word' id='word_1_224' title='bbox 603 2736 831 2792; x_wconf 84' lang='lat' dir='ltr'><strong><em>humani</em></strong></span> <span class='ocrx_word' id='word_1_225' title='bbox 878 2736 1185 2806; x_wconf 85' lang='lat' dir='ltr'><strong>signiﬁcat,</strong></span> <span class='ocrx_word' id='word_1_226' title='bbox 1231 2750 1351 2805; x_wconf 69' lang='lat' dir='ltr'><strong>quae</strong></span> <span class='ocrx_word' id='word_1_227' title='bbox 1404 2734 1698 2790; x_wconf 84' lang='lat' dir='ltr'><strong>cruciﬁxus</strong></span> <span class='ocrx_word' id='word_1_228' title='bbox 1748 2736 1803 2789; x_wconf 91' lang='lat' dir='ltr'><strong>in</strong></span> <span class='ocrx_word' id='word_1_229' title='bbox 1854 2751 1914 2792; x_wconf 88' lang='lat' dir='ltr'><strong>se</strong></span> 
     </span>
    </p>
   </div>
   <div class='ocr_carea' id='block_1_30' title="bbox 344 2826 1914 2900">
    <p class='ocr_par' dir='ltr' id='par_1_30' title="bbox 344 2826 1914 2900">
     <span class='ocr_line' id='line_1_30' title="bbox 344 2826 1914 2900; baseline -0.004 -12"><span class='ocrx_word' id='word_1_230' title='bbox 344 2831 618 2900; x_wconf 85' lang='lat' dir='ltr'><strong>suscepit:</strong></span> <span class='ocrx_word' id='word_1_231' title='bbox 650 2829 765 2885; x_wconf 68' lang='lat' dir='ltr'><strong>haec</strong></span> <span class='ocrx_word' id='word_1_232' title='bbox 792 2830 938 2883; x_wconf 89' lang='lat' dir='ltr'><strong>enim</strong></span> <span class='ocrx_word' id='word_1_233' title='bbox 961 2828 1119 2883; x_wconf 88' lang='lat' dir='ltr'><strong>ﬁmus</strong></span> <span class='ocrx_word' id='word_1_234' title='bbox 1167 2826 1378 2881; x_wconf 84' lang='lat' dir='ltr'><strong>Domini</strong></span> <span class='ocrx_word' id='word_1_235' title='bbox 1422 2828 1789 2883; x_wconf 86' lang='lat' dir='ltr'><strong>verisimiliter</strong></span> <span class='ocrx_word' id='word_1_236' title='bbox 1829 2828 1914 2884; x_wconf 90' lang='lat' dir='ltr'><strong>di-</strong></span> 
     </span>
    </p>
   </div>
   <div class='ocr_carea' id='block_1_31' title="bbox 345 2918 1915 2991">
    <p class='ocr_par' dir='ltr' id='par_1_31' title="bbox 345 2918 1915 2991">
     <span class='ocr_line' id='line_1_31' title="bbox 345 2918 1915 2991; baseline -0.001 -16"><span class='ocrx_word' id='word_1_237' title='bbox 345 2933 564 2981; x_wconf 85' lang='lat' dir='ltr'><strong>cuntur.</strong></span> <span class='ocrx_word' id='word_1_238' title='bbox 597 2919 781 2974; x_wconf 85' lang='lat' dir='ltr'><strong>Fimns</strong></span> <span class='ocrx_word' id='word_1_239' title='bbox 805 2920 1004 2989; x_wconf 90' lang='lat' dir='ltr'><strong>quippe</strong></span> <span class='ocrx_word' id='word_1_240' title='bbox 1038 2934 1160 2973; x_wconf 91' lang='lat' dir='ltr'><strong>cum</strong></span> <span class='ocrx_word' id='word_1_241' title='bbox 1192 2919 1263 2973; x_wconf 89' lang='lat' dir='ltr'><strong>sit</strong></span> <span class='ocrx_word' id='word_1_242' title='bbox 1313 2918 1648 2984; x_wconf 87' lang='lat' dir='ltr'><strong>immundus,</strong></span> <span class='ocrx_word' id='word_1_243' title='bbox 1716 2935 1915 2991; x_wconf 88' lang='lat' dir='ltr'><strong>geren-</strong></span> 
     </span>
    </p>
   </div>
   <div class='ocr_carea' id='block_1_32' title="bbox 348 3010 1917 3081">
    <p class='ocr_par' dir='ltr' id='par_1_32' title="bbox 348 3010 1917 3081">
     <span class='ocr_line' id='line_1_32' title="bbox 348 3010 1917 3081; baseline -0.002 -13"><span class='ocrx_word' id='word_1_244' title='bbox 348 3022 457 3068; x_wconf 87' lang='lat' dir='ltr'><strong>tem</strong></span> <span class='ocrx_word' id='word_1_245' title='bbox 482 3028 590 3066; x_wconf 90' lang='lat' dir='ltr'><strong>non</strong></span> <span class='ocrx_word' id='word_1_246' title='bbox 622 3011 836 3081; x_wconf 86' lang='lat' dir='ltr'><strong>polluit,</strong></span> <span class='ocrx_word' id='word_1_247' title='bbox 858 3025 1034 3079; x_wconf 86' lang='lat' dir='ltr'><strong>neque</strong></span> <span class='ocrx_word' id='word_1_248' title='bbox 1065 3019 1275 3065; x_wconf 65' lang='lat' dir='ltr'><strong>natura:</strong></span> <span class='ocrx_word' id='word_1_249' title='bbox 1303 3018 1503 3065; x_wconf 69' lang='lat' dir='ltr'><strong>nostrae</strong></span> <span class='ocrx_word' id='word_1_250' title='bbox 1539 3022 1642 3073; x_wconf 89' lang='lat' dir='ltr'><strong>est,</strong></span> <span class='ocrx_word' id='word_1_251' title='bbox 1669 3010 1917 3080; x_wconf 81' lang='lat' dir='ltr'><strong>quamvis</strong></span> 
     </span>
    </p>
   </div>
   <div class='ocr_carea' id='block_1_33' title="bbox 346 3102 1917 3172">
    <p class='ocr_par' dir='ltr' id='par_1_33' title="bbox 346 3102 1917 3172">
     <span class='ocr_line' id='line_1_33' title="bbox 346 3102 1917 3172; baseline 0 -16"><span class='ocrx_word' id='word_1_252' title='bbox 346 3104 416 3157; x_wconf 83' lang='lat' dir='ltr'><strong>sit</strong></span> <span class='ocrx_word' id='word_1_253' title='bbox 446 3105 498 3159; x_wconf 87' lang='lat' dir='ltr'><strong>in</strong></span> <span class='ocrx_word' id='word_1_254' title='bbox 530 3103 706 3168; x_wconf 86' lang='lat' dir='ltr'><strong>nobis,</strong></span> <span class='ocrx_word' id='word_1_255' title='bbox 737 3103 879 3158; x_wconf 87' lang='lat' dir='ltr'><strong>sicut</strong></span> <span class='ocrx_word' id='word_1_256' title='bbox 923 3110 979 3155; x_wconf 90' lang='lat' dir='ltr'><strong>et</strong></span> <span class='ocrx_word' id='word_1_257' title='bbox 1014 3111 1230 3170; x_wconf 85' lang='lat' dir='ltr'><strong>peccata</strong></span> <span class='ocrx_word' id='word_1_258' title='bbox 1281 3109 1486 3167; x_wconf 88' lang='lat' dir='ltr'><strong>nostra,</strong></span> <span class='ocrx_word' id='word_1_259' title='bbox 1521 3117 1641 3172; x_wconf 72' lang='lat' dir='ltr'><strong>qua:</strong></span> <span class='ocrx_word' id='word_1_260' title='bbox 1683 3102 1917 3171; x_wconf 80' lang='lat' dir='ltr'><strong>portavit</strong></span> 
     </span>
    </p>
   </div>
   <div class='ocr_carea' id='block_1_34' title="bbox 348 3192 1917 3261">
    <p class='ocr_par' dir='ltr' id='par_1_34' title="bbox 348 3192 1917 3261">
     <span class='ocr_line' id='line_1_34' title="bbox 348 3192 1917 3261; baseline 0.001 -13"><span class='ocrx_word' id='word_1_261' title='bbox 348 3193 628 3259; x_wconf 88' lang='lat' dir='ltr'><strong>Dominus,</strong></span> <span class='ocrx_word' id='word_1_262' title='bbox 656 3202 711 3247; x_wconf 83' lang='lat' dir='ltr'><strong>et</strong></span> <span class='ocrx_word' id='word_1_263' title='bbox 734 3194 908 3248; x_wconf 89' lang='lat' dir='ltr'><strong>aliena</strong></span> <span class='ocrx_word' id='word_1_264' title='bbox 940 3192 1162 3248; x_wconf 81' lang='lat' dir='ltr'><strong>fuerunt</strong></span> <span class='ocrx_word' id='word_1_265' title='bbox 1183 3193 1251 3261; x_wconf 71' lang='lat' dir='ltr'><strong>ab</strong></span> <span class='ocrx_word' id='word_1_266' title='bbox 1273 3208 1358 3259; x_wconf 89' lang='lat' dir='ltr'><strong>eo,</strong></span> <span class='ocrx_word' id='word_1_267' title='bbox 1385 3203 1441 3248; x_wconf 90' lang='lat' dir='ltr'><strong>et</strong></span> <span class='ocrx_word' id='word_1_268' title='bbox 1459 3210 1582 3249; x_wconf 90' lang='lat' dir='ltr'><strong>eum</strong></span> <span class='ocrx_word' id='word_1_269' title='bbox 1609 3194 1917 3250; x_wconf 88' lang='lat' dir='ltr'><strong>nullatenus</strong></span> 
     </span>
    </p>
   </div>
   <div class='ocr_carea' id='block_1_35' title="bbox 348 3287 1917 3361">
    <p class='ocr_par' dir='ltr' id='par_1_35' title="bbox 348 3287 1917 3361">
     <span class='ocr_line' id='line_1_35' title="bbox 348 3287 1917 3361; baseline -0.002 -17"><span class='ocrx_word' id='word_1_270' title='bbox 348 3289 676 3361; x_wconf 85' lang='lat' dir='ltr'><strong>polluerunt,</strong></span> <span class='ocrx_word' id='word_1_271' title='bbox 727 3288 1024 3357; x_wconf 88' lang='lat' dir='ltr'><strong>permansit</strong></span> <span class='ocrx_word' id='word_1_272' title='bbox 1066 3287 1212 3343; x_wconf 91' lang='lat' dir='ltr'><strong>enim</strong></span> <span class='ocrx_word' id='word_1_273' title='bbox 1263 3288 1381 3342; x_wconf 89' lang='lat' dir='ltr'><strong>sine</strong></span> <span class='ocrx_word' id='word_1_274' title='bbox 1423 3296 1666 3357; x_wconf 88' lang='lat' dir='ltr'><strong>peccato.</strong></span> <span class='ocrx_word' id='word_1_275' title='bbox 1717 3287 1917 3343; x_wconf 91' lang='lat' dir='ltr'><strong>Totum</strong></span> 
     </span>
    </p>
   </div>
   <div class='ocr_carea' id='block_1_36' title="bbox 346 3377 1916 3448">
    <p class='ocr_par' dir='ltr' id='par_1_36' title="bbox 346 3377 1916 3448">
     <span class='ocr_line' id='line_1_36' title="bbox 346 3377 1916 3448; baseline -0.001 -14"><span class='ocrx_word' id='word_1_276' title='bbox 346 3396 476 3448; x_wconf 82' lang='lat' dir='ltr'><strong>ergo</strong></span> <span class='ocrx_word' id='word_1_277' title='bbox 508 3379 758 3445; x_wconf 88' lang='lat' dir='ltr'><strong>vitulum,</strong></span> <span class='ocrx_word' id='word_1_278' title='bbox 785 3378 841 3433; x_wconf 85' lang='lat' dir='ltr'><strong>id</strong></span> <span class='ocrx_word' id='word_1_279' title='bbox 866 3389 951 3433; x_wconf 89' lang='lat' dir='ltr'><strong>est</strong></span> <span class='ocrx_word' id='word_1_280' title='bbox 977 3387 1152 3433; x_wconf 85' lang='lat' dir='ltr'><strong>totum</strong></span> <span class='ocrx_word' id='word_1_281' title='bbox 1174 3377 1474 3442; x_wconf 89' lang='lat' dir='ltr'><strong>Christum,</strong></span> <span class='ocrx_word' id='word_1_282' title='bbox 1522 3386 1676 3434; x_wconf 87' lang='lat' dir='ltr'><strong>extra</strong></span> <span class='ocrx_word' id='word_1_283' title='bbox 1740 3387 1916 3433; x_wconf 83' lang='lat' dir='ltr'><strong>castra</strong></span> 
     </span>
    </p>
   </div>
   <div class='ocr_carea' id='block_1_37' title="bbox 348 3469 1914 3539">
    <p class='ocr_par' dir='ltr' id='par_1_37' title="bbox 348 3469 1914 3539">
     <span class='ocr_line' id='line_1_37' title="bbox 348 3469 1914 3539; baseline -0.002 -13"><span class='ocrx_word' id='word_1_284' title='bbox 348 3472 402 3526; x_wconf 88' lang='lat' dir='ltr'><strong>in</strong></span> <span class='ocrx_word' id='word_1_285' title='bbox 434 3470 553 3526; x_wconf 88' lang='lat' dir='ltr'><strong>loco</strong></span> <span class='ocrx_word' id='word_1_286' title='bbox 585 3470 965 3536; x_wconf 89' lang='lat' dir='ltr'><strong>mundissimo,</strong></span> <span class='ocrx_word' id='word_1_287' title='bbox 987 3471 1077 3525; x_wconf 87' lang='lat' dir='ltr'><strong>ubi</strong></span> <span class='ocrx_word' id='word_1_288' title='bbox 1103 3469 1311 3526; x_wconf 82' lang='lat' dir='ltr'><strong>eﬁ&#39;undi</strong></span> <span class='ocrx_word' id='word_1_289' title='bbox 1339 3471 1554 3526; x_wconf 89' lang='lat' dir='ltr'><strong>cineres</strong></span> <span class='ocrx_word' id='word_1_290' title='bbox 1574 3471 1772 3535; x_wconf 79' lang='lat' dir='ltr'><strong>Solent,</strong></span> <span class='ocrx_word' id='word_1_291' title='bbox 1794 3469 1914 3539; x_wconf 85' lang='lat' dir='ltr'><strong>ejici</strong></span> 
     </span>
    </p>
   </div>
   <div class='ocr_carea' id='block_1_38' title="bbox 348 3561 1916 3632">
    <p class='ocr_par' dir='ltr' id='par_1_38' title="bbox 348 3561 1916 3632">
     <span class='ocr_line' id='line_1_38' title="bbox 348 3561 1916 3632; baseline 0 -16"><span class='ocrx_word' id='word_1_292' title='bbox 348 3561 621 3632; x_wconf 83' lang='lat' dir='ltr'><strong>legislator</strong></span> <span class='ocrx_word' id='word_1_293' title='bbox 641 3562 817 3631; x_wconf 85' lang='lat' dir='ltr'><strong>jubet,</strong></span> <span class='ocrx_word' id='word_1_294' title='bbox 845 3561 1188 3630; x_wconf 85' lang='lat' dir='ltr'><strong>apertissime</strong></span> <span class='ocrx_word' id='word_1_295' title='bbox 1216 3562 1462 3617; x_wconf 63' lang='lat' dir='ltr'><strong>sacriﬁcii</strong></span> <span class='ocrx_word' id='word_1_296' title='bbox 1496 3562 1696 3618; x_wconf 88' lang='lat' dir='ltr'><strong>Christi</strong></span> <span class='ocrx_word' id='word_1_297' title='bbox 1739 3562 1916 3616; x_wconf 88' lang='lat' dir='ltr'><strong>locum</strong></span> 
     </span>
    </p>
   </div>
   <div class='ocr_carea' id='block_1_39' title="bbox 345 3651 1914 3723">
    <p class='ocr_par' dir='ltr' id='par_1_39' title="bbox 345 3651 1914 3723">
     <span class='ocr_line' id='line_1_39' title="bbox 345 3651 1914 3723; baseline 0.001 -16"><span class='ocrx_word' id='word_1_298' title='bbox 345 3651 649 3723; x_wconf 82' lang='lat' dir='ltr'><strong>signiﬁcare</strong></span> <span class='ocrx_word' id='word_1_299' title='bbox 691 3654 937 3717; x_wconf 87' lang='lat' dir='ltr'><strong>studens,</strong></span> <span class='ocrx_word' id='word_1_300' title='bbox 970 3662 1122 3708; x_wconf 84' lang='lat' dir='ltr'><strong>extra</strong></span> <span class='ocrx_word' id='word_1_301' title='bbox 1155 3654 1303 3709; x_wconf 91' lang='lat' dir='ltr'><strong>enim</strong></span> <span class='ocrx_word' id='word_1_302' title='bbox 1357 3663 1531 3708; x_wconf 87' lang='lat' dir='ltr'><strong>castra</strong></span> <span class='ocrx_word' id='word_1_303' title='bbox 1584 3669 1774 3723; x_wconf 87' lang='lat' dir='ltr'><strong>passus</strong></span> <span class='ocrx_word' id='word_1_304' title='bbox 1812 3654 1914 3720; x_wconf 74' lang='lat' dir='ltr'><strong>est,</strong></span> 
     </span>
    </p>
   </div>
   <div class='ocr_carea' id='block_1_40' title="bbox 344 3742 1915 3813">
    <p class='ocr_par' dir='ltr' id='par_1_40' title="bbox 344 3742 1915 3813">
     <span class='ocr_line' id='line_1_40' title="bbox 344 3742 1915 3813; baseline -0.001 -17"><span class='ocrx_word' id='word_1_305' title='bbox 344 3743 488 3813; x_wconf 82' lang='lat' dir='ltr'><strong>quod</strong></span> <span class='ocrx_word' id='word_1_306' title='bbox 550 3752 777 3797; x_wconf 85' lang='lat' dir='ltr'><strong>testatur</strong></span> <span class='ocrx_word' id='word_1_307' title='bbox 832 3742 1030 3799; x_wconf 88' lang='lat' dir='ltr'><strong>Paulus</strong></span> <span class='ocrx_word' id='word_1_308' title='bbox 1069 3743 1258 3798; x_wconf 72' lang='lat' dir='ltr'><strong>dicens</strong></span> <span class='ocrx_word' id='word_1_309' title='bbox 1302 3763 1313 3797; x_wconf 94' lang='lat'><strong>:</strong></span> <span class='ocrx_word' id='word_1_310' title='bbox 1360 3743 1486 3797; x_wconf 82' lang='lat' dir='ltr'><strong>Ideo</strong></span> <span class='ocrx_word' id='word_1_311' title='bbox 1552 3752 1601 3797; x_wconf 84' lang='lat' dir='ltr'><strong>et</strong></span> <span class='ocrx_word' id='word_1_312' title='bbox 1647 3742 1915 3808; x_wconf 80' lang='lat' dir='ltr'><strong>Jesus,ut</strong></span> 
     </span>
    </p>
   </div>
   <div class='ocr_carea' id='block_1_41' title="bbox 342 3829 1917 3905">
    <p class='ocr_par' dir='ltr' id='par_1_41' title="bbox 342 3829 1917 3905">
     <span class='ocr_line' id='line_1_41' title="bbox 342 3829 1917 3905; baseline -0.003 -16"><span class='ocrx_word' id='word_1_313' title='bbox 342 3835 694 3903; x_wconf 80' lang='lat' dir='ltr'><strong>sanctiﬁcaret</strong></span> <span class='ocrx_word' id='word_1_314' title='bbox 715 3835 937 3905; x_wconf 80' lang='lat' dir='ltr'><strong>plebem,</strong></span> <span class='ocrx_word' id='word_1_315' title='bbox 967 3844 1115 3888; x_wconf 75' lang='lat' dir='ltr'><strong>extra</strong></span> <span class='ocrx_word' id='word_1_316' title='bbox 1144 3843 1353 3902; x_wconf 85' lang='lat' dir='ltr'><strong>portam</strong></span> <span class='ocrx_word' id='word_1_317' title='bbox 1376 3849 1558 3901; x_wconf 82' lang='lat' dir='ltr'><strong>passus</strong></span> <span class='ocrx_word' id='word_1_318' title='bbox 1588 3842 1661 3886; x_wconf 87' lang='lat' dir='ltr'><strong>est</strong></span> <span class='ocrx_word' id='word_1_319' title='bbox 1685 3833 1750 3884; x_wconf 79' lang='grc'><strong>⁷³.</strong></span> <span class='ocrx_word' id='word_1_320' title='bbox 1784 3829 1917 3897; x_wconf 84' lang='lat' dir='ltr'><strong>Quis</strong></span> 
     </span>
    </p>
   </div>
   <div class='ocr_carea' id='block_1_42' title="bbox 343 3922 1914 3994">
    <p class='ocr_par' dir='ltr' id='par_1_42' title="bbox 343 3922 1914 3994">
     <span class='ocr_line' id='line_1_42' title="bbox 343 3922 1914 3994; baseline -0.003 -13"><span class='ocrx_word' id='word_1_321' title='bbox 343 3936 526 3983; x_wconf 83' lang='lat' dir='ltr'><strong>autem</strong></span> <span class='ocrx_word' id='word_1_322' title='bbox 555 3929 790 3983; x_wconf 90' lang='lat' dir='ltr'><strong>mundus</strong></span> <span class='ocrx_word' id='word_1_323' title='bbox 815 3937 898 3983; x_wconf 88' lang='lat' dir='ltr'><strong>est</strong></span> <span class='ocrx_word' id='word_1_324' title='bbox 918 3927 1118 3983; x_wconf 85' lang='lat' dir='ltr'><strong>cineris</strong></span> <span class='ocrx_word' id='word_1_325' title='bbox 1138 3926 1312 3989; x_wconf 87' lang='lat' dir='ltr'><strong>locus,</strong></span> <span class='ocrx_word' id='word_1_326' title='bbox 1352 3922 1615 3994; x_wconf 81' lang='lat' dir='ltr'><strong>Golgotha</strong></span> <span class='ocrx_word' id='word_1_327' title='bbox 1644 3922 1914 3984; x_wconf 80' lang='lat' dir='ltr'><strong>videlicet,</strong></span> 
     </span>
    </p>
   </div>
   <div class='ocr_carea' id='block_1_43' title="bbox 342 4015 1917 4083">
    <p class='ocr_par' dir='ltr' id='par_1_43' title="bbox 342 4015 1917 4083">
     <span class='ocr_line' id='line_1_43' title="bbox 342 4015 1917 4083; baseline -0.005 -9"><span class='ocrx_word' id='word_1_328' title='bbox 342 4018 473 4074; x_wconf 87' lang='lat' dir='ltr'><strong>etin</strong></span> <span class='ocrx_word' id='word_1_329' title='bbox 504 4027 709 4074; x_wconf 87' lang='lat' dir='ltr'><strong>tantum</strong></span> <span class='ocrx_word' id='word_1_330' title='bbox 739 4018 995 4082; x_wconf 84' lang='lat' dir='ltr'><strong>mundus,</strong></span> <span class='ocrx_word' id='word_1_331' title='bbox 1024 4024 1084 4072; x_wconf 90' lang='lat' dir='ltr'><strong>ut</strong></span> <span class='ocrx_word' id='word_1_332' title='bbox 1109 4017 1370 4073; x_wconf 89' lang='lat' dir='ltr'><strong>mundum</strong></span> <span class='ocrx_word' id='word_1_333' title='bbox 1402 4023 1574 4069; x_wconf 88' lang='lat' dir='ltr'><strong>totum</strong></span> <span class='ocrx_word' id='word_1_334' title='bbox 1610 4015 1725 4083; x_wconf 89' lang='lat' dir='ltr'><strong>ipse</strong></span> <span class='ocrx_word' id='word_1_335' title='bbox 1756 4029 1917 4067; x_wconf 83' lang='lat' dir='ltr'><strong>mun-</strong></span> 
     </span>
    </p>
   </div>
   <div class='ocr_carea' id='block_1_44' title="bbox 342 4104 1917 4174">
    <p class='ocr_par' dir='ltr' id='par_1_44' title="bbox 342 4104 1917 4174">
     <span class='ocr_line' id='line_1_44' title="bbox 342 4104 1917 4174; baseline -0.003 -10"><span class='ocrx_word' id='word_1_336' title='bbox 342 4111 517 4165; x_wconf 86' lang='lat' dir='ltr'><strong>daret.</strong></span> <span class='ocrx_word' id='word_1_337' title='bbox 548 4110 758 4167; x_wconf 81' lang='lat' dir='ltr'><strong>(Iineris</strong></span> <span class='ocrx_word' id='word_1_338' title='bbox 789 4118 970 4166; x_wconf 86' lang='lat' dir='ltr'><strong>autem</strong></span> <span class='ocrx_word' id='word_1_339' title='bbox 1008 4118 1154 4164; x_wconf 88' lang='lat' dir='ltr'><strong>recte</strong></span> <span class='ocrx_word' id='word_1_340' title='bbox 1185 4108 1336 4162; x_wconf 91' lang='lat' dir='ltr'><strong>locus</strong></span> <span class='ocrx_word' id='word_1_341' title='bbox 1366 4114 1450 4160; x_wconf 88' lang='lat' dir='ltr'><strong>est</strong></span> <span class='ocrx_word' id='word_1_342' title='bbox 1478 4105 1677 4171; x_wconf 82' lang='lat' dir='ltr'><strong>dictus,</strong></span> <span class='ocrx_word' id='word_1_343' title='bbox 1705 4104 1829 4174; x_wconf 88' lang='lat' dir='ltr'><strong>quia</strong></span> <span class='ocrx_word' id='word_1_344' title='bbox 1862 4105 1917 4159; x_wconf 90' lang='lat' dir='ltr'><strong>in</strong></span> 
     </span>
    </p>
   </div>
   <div class='ocr_carea' id='block_1_45' title="bbox 344 4195 1918 4271">
    <p class='ocr_par' dir='ltr' id='par_1_45' title="bbox 344 4195 1918 4271">
     <span class='ocr_line' id='line_1_45' title="bbox 344 4195 1918 4271; baseline -0.004 -16"><span class='ocrx_word' id='word_1_345' title='bbox 344 4201 465 4271; x_wconf 87' lang='lat' dir='ltr'><strong>ipso</strong></span> <span class='ocrx_word' id='word_1_346' title='bbox 486 4203 755 4257; x_wconf 80' lang='lat' dir='ltr'><strong>exstincta</strong></span> <span class='ocrx_word' id='word_1_347' title='bbox 785 4210 913 4258; x_wconf 90' lang='lat' dir='ltr'><strong>sunt</strong></span> <span class='ocrx_word' id='word_1_348' title='bbox 940 4210 1159 4271; x_wconf 82' lang='lat' dir='ltr'><strong>peccata</strong></span> <span class='ocrx_word' id='word_1_349' title='bbox 1182 4197 1409 4254; x_wconf 85' lang='lat' dir='ltr'><strong>humani</strong></span> <span class='ocrx_word' id='word_1_350' title='bbox 1437 4196 1672 4268; x_wconf 78' lang='lat' dir='ltr'><strong>generis,</strong></span> <span class='ocrx_word' id='word_1_351' title='bbox 1704 4195 1846 4250; x_wconf 87' lang='lat' dir='ltr'><strong>unde</strong></span> <span class='ocrx_word' id='word_1_352' title='bbox 1863 4206 1918 4250; x_wconf 88' lang='lat' dir='ltr'><strong>et</strong></span> 
     </span>
    </p>
   </div>
   <div class='ocr_carea' id='block_1_46' title="bbox 343 4292 1103 4363">
    <p class='ocr_par' dir='ltr' id='par_1_46' title="bbox 343 4292 1103 4363">
     <span class='ocr_line' id='line_1_46' title="bbox 343 4292 1103 4363; baseline -0.001 -15"><span class='ocrx_word' id='word_1_353' title='bbox 343 4293 582 4348; x_wconf 90' lang='lat' dir='ltr'><strong>mundus</strong></span> <span class='ocrx_word' id='word_1_354' title='bbox 605 4294 755 4347; x_wconf 87' lang='lat' dir='ltr'><strong>locus</strong></span> <span class='ocrx_word' id='word_1_355' title='bbox 778 4292 1103 4363; x_wconf 77' lang='lat' dir='ltr'><strong>appellatur.</strong></span> 
     </span>
    </p>
   </div>
   <div class='ocr_carea' id='block_1_47' title="bbox 415 4378 1916 4453">
    <p class='ocr_par' dir='ltr' id='par_1_47' title="bbox 415 4378 1916 4453">
     <span class='ocr_line' id='line_1_47' title="bbox 415 4378 1916 4453; baseline -0.003 -16"><span class='ocrx_word' id='word_1_356' title='bbox 415 4382 801 4453; x_wconf 79' lang='lat' dir='ltr'><strong>Incendeutque</strong></span> <span class='ocrx_word' id='word_1_357' title='bbox 847 4400 910 4438; x_wconf 88' lang='lat' dir='ltr'><strong>ea</strong></span> <span class='ocrx_word' id='word_1_358' title='bbox 952 4399 1107 4452; x_wconf 85' lang='lat' dir='ltr'><strong>super</strong></span> <span class='ocrx_word' id='word_1_359' title='bbox 1162 4382 1422 4453; x_wconf 85' lang='lat' dir='ltr'><strong>lignorum</strong></span> <span class='ocrx_word' id='word_1_360' title='bbox 1471 4389 1690 4436; x_wconf 83' lang='lat' dir='ltr'><strong>struem.</strong></span> <span class='ocrx_word' id='word_1_361' title='bbox 1747 4378 1916 4449; x_wconf 86' lang='lat' dir='ltr'><strong>Ligna</strong></span> 
     </span>
    </p>
   </div>
   <div class='ocr_carea' id='block_1_48' title="bbox 340 4469 1917 4544">
    <p class='ocr_par' dir='ltr' id='par_1_48' title="bbox 340 4469 1917 4544">
     <span class='ocr_line' id='line_1_48' title="bbox 340 4469 1917 4544; baseline -0.002 -17"><span class='ocrx_word' id='word_1_362' title='bbox 340 4482 524 4531; x_wconf 80' lang='lat' dir='ltr'><strong>autem</strong></span> <span class='ocrx_word' id='word_1_363' title='bbox 573 4475 628 4528; x_wconf 87' lang='lat' dir='ltr'><strong>in</strong></span> <span class='ocrx_word' id='word_1_364' title='bbox 674 4474 795 4544; x_wconf 85' lang='lat' dir='ltr'><strong>igne</strong></span> <span class='ocrx_word' id='word_1_365' title='bbox 847 4474 1154 4544; x_wconf 74' lang='lat' dir='ltr'><strong>Scripturas</strong></span> <span class='ocrx_word' id='word_1_366' title='bbox 1208 4486 1392 4528; x_wconf 90' lang='lat' dir='ltr'><strong>sacras</strong></span> <span class='ocrx_word' id='word_1_367' title='bbox 1454 4471 1704 4525; x_wconf 80' lang='lat' dir='ltr'><strong>diximus.</strong></span> <span class='ocrx_word' id='word_1_368' title='bbox 1758 4469 1917 4536; x_wconf 77' lang='lat' dir='ltr'><strong>Qua:-</strong></span> 
     </span>
    </p>
   </div>
   <div class='ocr_carea' id='block_1_49' title="bbox 341 4561 1918 4634">
    <p class='ocr_par' dir='ltr' id='par_1_49' title="bbox 341 4561 1918 4634">
     <span class='ocr_line' id='line_1_49' title="bbox 341 4561 1918 4634; baseline -0.003 -14"><span class='ocrx_word' id='word_1_369' title='bbox 341 4581 560 4634; x_wconf 88' lang='lat' dir='ltr'><strong>cunque</strong></span> <span class='ocrx_word' id='word_1_370' title='bbox 607 4576 790 4620; x_wconf 87' lang='lat' dir='ltr'><strong>autem</strong></span> <span class='ocrx_word' id='word_1_371' title='bbox 841 4565 896 4618; x_wconf 93' lang='lat' dir='ltr'><strong>in</strong></span> <span class='ocrx_word' id='word_1_372' title='bbox 930 4564 1156 4621; x_wconf 87' lang='lat' dir='ltr'><strong>Domino</strong></span> <span class='ocrx_word' id='word_1_373' title='bbox 1198 4573 1443 4633; x_wconf 84' lang='lat' dir='ltr'><strong>tempore</strong></span> <span class='ocrx_word' id='word_1_374' title='bbox 1476 4561 1744 4631; x_wconf 85' lang='lat' dir='ltr'><strong>passionis</strong></span> <span class='ocrx_word' id='word_1_375' title='bbox 1768 4568 1918 4632; x_wconf 89' lang='lat' dir='ltr'><strong>gesta</strong></span> 
     </span>
    </p>
   </div>
   <div class='ocr_carea' id='block_1_50' title="bbox 342 4650 1919 4724">
    <p class='ocr_par' dir='ltr' id='par_1_50' title="bbox 342 4650 1919 4724">
     <span class='ocr_line' id='line_1_50' title="bbox 342 4650 1919 4724; baseline -0.002 -15"><span class='ocrx_word' id='word_1_376' title='bbox 342 4664 491 4719; x_wconf 89' lang='lat' dir='ltr'><strong>sunt,</strong></span> <span class='ocrx_word' id='word_1_377' title='bbox 522 4655 590 4709; x_wconf 90' lang='lat' dir='ltr'><strong>ad</strong></span> <span class='ocrx_word' id='word_1_378' title='bbox 616 4655 889 4723; x_wconf 87' lang='lat' dir='ltr'><strong>implenda</strong></span> <span class='ocrx_word' id='word_1_379' title='bbox 915 4670 979 4707; x_wconf 87' lang='lat' dir='ltr'><strong>ea</strong></span> <span class='ocrx_word' id='word_1_380' title='bbox 1034 4670 1156 4723; x_wconf 65' lang='lat' dir='ltr'><strong>quae</strong></span> <span class='ocrx_word' id='word_1_381' title='bbox 1178 4654 1457 4724; x_wconf 75' lang='lat' dir='ltr'><strong>propheta:</strong></span> <span class='ocrx_word' id='word_1_382' title='bbox 1477 4650 1753 4713; x_wconf 80' lang='lat' dir='ltr'><strong>dixerunt,</strong></span> <span class='ocrx_word' id='word_1_383' title='bbox 1790 4657 1919 4706; x_wconf 86' lang='lat' dir='ltr'><strong>sunt</strong></span> 
     </span>
    </p>
   </div>
   <div class='ocr_carea' id='block_1_51' title="bbox 342 4740 1919 4815">
    <p class='ocr_par' dir='ltr' id='par_1_51' title="bbox 342 4740 1919 4815">
     <span class='ocr_line' id='line_1_51' title="bbox 342 4740 1919 4815; baseline 0 -19"><span class='ocrx_word' id='word_1_384' title='bbox 342 4752 516 4815; x_wconf 83' lang='lat' dir='ltr'><strong>gesta,</strong></span> <span class='ocrx_word' id='word_1_385' title='bbox 567 4743 713 4812; x_wconf 78' lang='lat' dir='ltr'><strong>quod</strong></span> <span class='ocrx_word' id='word_1_386' title='bbox 742 4743 1050 4807; x_wconf 80' lang='lat' dir='ltr'><strong>manifestat</strong></span> <span class='ocrx_word' id='word_1_387' title='bbox 1086 4743 1346 4798; x_wconf 88' lang='lat' dir='ltr'><strong>Dominus</strong></span> <span class='ocrx_word' id='word_1_388' title='bbox 1385 4742 1602 4811; x_wconf 88' lang='lat' dir='ltr'><strong>quando</strong></span> <span class='ocrx_word' id='word_1_389' title='bbox 1648 4757 1678 4795; x_wconf 89' lang='lat' dir='ltr'><strong>a</strong></span> <span class='ocrx_word' id='word_1_390' title='bbox 1716 4740 1919 4796; x_wconf 82' lang='lat' dir='ltr'><strong>Judaeis</strong></span> 
     </span>
    </p>
   </div>
   <div class='ocr_carea' id='block_1_52' title="bbox 342 4834 1918 4908">
    <p class='ocr_par' dir='ltr' id='par_1_52' title="bbox 342 4834 1918 4908">
     <span class='ocr_line' id='line_1_52' title="bbox 342 4834 1918 4908; baseline -0.004 -14"><span class='ocrx_word' id='word_1_391' title='bbox 342 4838 774 4908; x_wconf 85' lang='lat' dir='ltr'><strong>comprehensus</strong></span> <span class='ocrx_word' id='word_1_392' title='bbox 810 4846 914 4900; x_wconf 90' lang='lat' dir='ltr'><strong>est,</strong></span> <span class='ocrx_word' id='word_1_393' title='bbox 957 4837 1182 4892; x_wconf 72' lang='lat' dir='ltr'><strong>dicens:</strong></span> <span class='ocrx_word' id='word_1_394' title='bbox 1231 4841 1503 4907; x_wconf 81' lang='lat' dir='ltr'><strong><em>Tanquam</em></strong></span> <span class='ocrx_word' id='word_1_395' title='bbox 1537 4836 1609 4889; x_wconf 88' lang='lat' dir='ltr'><strong>ad</strong></span> <span class='ocrx_word' id='word_1_396' title='bbox 1655 4834 1918 4888; x_wconf 81' lang='lat' dir='ltr'><strong>latronem</strong></span> 
     </span>
    </p>
   </div>
   <div class='ocr_carea' id='block_1_53' title="bbox 341 4928 1918 5000">
    <p class='ocr_par' dir='ltr' id='par_1_53' title="bbox 341 4928 1918 5000">
     <span class='ocr_line' id='line_1_53' title="bbox 341 4928 1918 5000; baseline -0.004 -16"><span class='ocrx_word' id='word_1_397' title='bbox 341 4930 527 4997; x_wconf 67' lang='lat' dir='ltr'><strong>existis</strong></span> <span class='ocrx_word' id='word_1_398' title='bbox 573 4945 688 4982; x_wconf 89' lang='lat' dir='ltr'><strong>cum</strong></span> <span class='ocrx_word' id='word_1_399' title='bbox 738 4929 930 5000; x_wconf 79' lang='lat' dir='ltr'><strong>gladiis</strong></span> <span class='ocrx_word' id='word_1_400' title='bbox 985 4938 1034 4982; x_wconf 91' lang='lat' dir='ltr'><strong>et</strong></span> <span class='ocrx_word' id='word_1_401' title='bbox 1063 4930 1283 4999; x_wconf 79' lang='lat' dir='ltr'><strong>fustibus</strong></span> <span class='ocrx_word' id='word_1_402' title='bbox 1318 4928 1749 4997; x_wconf 76' lang='lat' dir='ltr'><strong>comprehendere</strong></span> <span class='ocrx_word' id='word_1_403' title='bbox 1798 4942 1918 4998; x_wconf 60' lang='lat' dir='ltr'><strong>me;</strong></span> 
     </span>
    </p>
   </div>
   <div class='ocr_carea' id='block_1_54' title="bbox 342 5018 1921 5091">
    <p class='ocr_par' dir='ltr' id='par_1_54' title="bbox 342 5018 1921 5091">
     <span class='ocr_line' id='line_1_54' title="bbox 342 5018 1921 5091; baseline -0.003 -17"><span class='ocrx_word' id='word_1_404' title='bbox 342 5020 575 5091; x_wconf 79' lang='lat' dir='ltr'><strong>quotidie</strong></span> <span class='ocrx_word' id='word_1_405' title='bbox 619 5021 675 5074; x_wconf 87' lang='lat' dir='ltr'><strong>in</strong></span> <span class='ocrx_word' id='word_1_406' title='bbox 712 5020 905 5090; x_wconf 86' lang='lat' dir='ltr'><strong>templo</strong></span> <span class='ocrx_word' id='word_1_407' title='bbox 927 5020 1164 5075; x_wconf 82' lang='lat' dir='ltr'><strong>sedebam</strong></span> <span class='ocrx_word' id='word_1_408' title='bbox 1200 5021 1405 5085; x_wconf 79' lang='lat' dir='ltr'><strong>docens,</strong></span> <span class='ocrx_word' id='word_1_409' title='bbox 1437 5029 1484 5074; x_wconf 87' lang='lat' dir='ltr'><strong>et</strong></span> <span class='ocrx_word' id='word_1_410' title='bbox 1511 5036 1614 5073; x_wconf 88' lang='lat' dir='ltr'><strong>non</strong></span> <span class='ocrx_word' id='word_1_411' title='bbox 1643 5035 1721 5073; x_wconf 89' lang='lat' dir='ltr'><strong>me</strong></span> <span class='ocrx_word' id='word_1_412' title='bbox 1751 5018 1921 5071; x_wconf 85' lang='lat' dir='ltr'><strong>tenui-</strong></span> 
     </span>
    </p>
   </div>
   <div class='ocr_carea' id='block_1_55' title="bbox 341 5107 1921 5183">
    <p class='ocr_par' dir='ltr' id='par_1_55' title="bbox 341 5107 1921 5183">
     <span class='ocr_line' id='line_1_55' title="bbox 341 5107 1921 5183; baseline -0.003 -18"><span class='ocrx_word' id='word_1_413' title='bbox 341 5112 460 5166; x_wconf 81' lang='lat' dir='ltr'><strong>stis.</strong></span> <span class='ocrx_word' id='word_1_414' title='bbox 495 5110 607 5165; x_wconf 79' lang='lat' dir='ltr'><strong>Hoc</strong></span> <span class='ocrx_word' id='word_1_415' title='bbox 632 5122 811 5166; x_wconf 87' lang='lat' dir='ltr'><strong>autem</strong></span> <span class='ocrx_word' id='word_1_416' title='bbox 840 5113 1038 5183; x_wconf 79' lang='lat' dir='ltr'><strong>factum</strong></span> <span class='ocrx_word' id='word_1_417' title='bbox 1063 5120 1159 5173; x_wconf 82' lang='lat' dir='ltr'><strong>est,</strong></span> <span class='ocrx_word' id='word_1_418' title='bbox 1190 5119 1243 5163; x_wconf 91' lang='lat' dir='ltr'><strong>ut</strong></span> <span class='ocrx_word' id='word_1_419' title='bbox 1270 5109 1655 5177; x_wconf 82' lang='lat' dir='ltr'><strong>complerentur</strong></span> <span class='ocrx_word' id='word_1_420' title='bbox 1680 5107 1921 5174; x_wconf 84' lang='lat' dir='ltr'><strong>Scriptu-</strong></span> 
     </span>
    </p>
   </div>
   <div class='ocr_carea' id='block_1_56' title="bbox 345 5200 1918 5274">
    <p class='ocr_par' dir='ltr' id='par_1_56' title="bbox 345 5200 1918 5274">
     <span class='ocr_line' id='line_1_56' title="bbox 345 5200 1918 5274; baseline -0.003 -18"><span class='ocrx_word' id='word_1_421' title='bbox 345 5218 420 5257; x_wconf 63' lang='lat' dir='ltr'><strong>ra:</strong></span> <span class='ocrx_word' id='word_1_422' title='bbox 446 5204 909 5274; x_wconf 77' lang='lat' dir='ltr'><strong>prophetarum&quot;.</strong></span> <span class='ocrx_word' id='word_1_423' title='bbox 945 5203 1013 5257; x_wconf 88' lang='lat' dir='ltr'><strong>Et</strong></span> <span class='ocrx_word' id='word_1_424' title='bbox 1056 5217 1284 5258; x_wconf 88' lang='lat' dir='ltr'><strong>rursus:</strong></span> <span class='ocrx_word' id='word_1_425' title='bbox 1319 5201 1468 5264; x_wconf 79' lang='lat' dir='ltr'><strong>Jesus</strong></span> <span class='ocrx_word' id='word_1_426' title='bbox 1507 5210 1685 5254; x_wconf 84' lang='lat' dir='ltr'><strong>autem</strong></span> <span class='ocrx_word' id='word_1_427' title='bbox 1740 5200 1918 5254; x_wconf 81' lang='lat' dir='ltr'><strong>uidens</strong></span> 
     </span>
    </p>
   </div>
   <div class='ocr_carea' id='block_1_57' title="bbox 342 5289 1918 5363">
    <p class='ocr_par' dir='ltr' id='par_1_57' title="bbox 342 5289 1918 5363">
     <span class='ocr_line' id='line_1_57' title="bbox 342 5289 1918 5363; baseline -0.003 -17"><span class='ocrx_word' id='word_1_428' title='bbox 342 5293 483 5363; x_wconf 84' lang='lat' dir='ltr'><strong>quod</strong></span> <span class='ocrx_word' id='word_1_429' title='bbox 507 5295 685 5347; x_wconf 84' lang='lat' dir='ltr'><strong>omnia</strong></span> <span class='ocrx_word' id='word_1_430' title='bbox 737 5301 1098 5347; x_wconf 77' lang='lat' dir='ltr'><strong>consummata</strong></span> <span class='ocrx_word' id='word_1_431' title='bbox 1124 5300 1310 5356; x_wconf 83' lang='lat' dir='ltr'><strong>essent,</strong></span> <span class='ocrx_word' id='word_1_432' title='bbox 1358 5302 1416 5344; x_wconf 85' lang='lat' dir='ltr'><strong>ut</strong></span> <span class='ocrx_word' id='word_1_433' title='bbox 1439 5289 1743 5358; x_wconf 81' lang='lat' dir='ltr'><strong>impleretur</strong></span> <span class='ocrx_word' id='word_1_434' title='bbox 1770 5289 1918 5349; x_wconf 74' lang='lat' dir='ltr'><strong>Scri-</strong></span> 
     </span>
    </p>
   </div>
   <div class='ocr_carea' id='block_1_58' title="bbox 344 5380 1917 5453">
    <p class='ocr_par' dir='ltr' id='par_1_58' title="bbox 344 5380 1917 5453">
     <span class='ocr_line' id='line_1_58' title="bbox 344 5380 1917 5453; baseline -0.003 -14"><span class='ocrx_word' id='word_1_435' title='bbox 344 5394 525 5453; x_wconf 82' lang='lat' dir='ltr'><strong>ptura,</strong></span> <span class='ocrx_word' id='word_1_436' title='bbox 569 5386 741 5440; x_wconf 71' lang='lat' dir='ltr'><strong>dixit:</strong></span> <span class='ocrx_word' id='word_1_437' title='bbox 787 5383 999 5440; x_wconf 75' lang='lat' dir='ltr'><strong>Sitio&quot;.</strong></span> <span class='ocrx_word' id='word_1_438' title='bbox 1045 5383 1151 5438; x_wconf 84' lang='lat' dir='ltr'><strong>Sed</strong></span> <span class='ocrx_word' id='word_1_439' title='bbox 1194 5397 1320 5438; x_wconf 89' lang='lat' dir='ltr'><strong>cum</strong></span> <span class='ocrx_word' id='word_1_440' title='bbox 1363 5397 1462 5452; x_wconf 89' lang='lat' dir='ltr'><strong>per</strong></span> <span class='ocrx_word' id='word_1_441' title='bbox 1506 5381 1716 5452; x_wconf 79' lang='lat' dir='ltr'><strong>singula</strong></span> <span class='ocrx_word' id='word_1_442' title='bbox 1750 5380 1917 5451; x_wconf 90' lang='lat' dir='ltr'><strong>ﬁgura</strong></span> 
     </span>
    </p>
   </div>
   <div class='ocr_carea' id='block_1_59' title="bbox 348 5472 1915 5546">
    <p class='ocr_par' dir='ltr' id='par_1_59' title="bbox 348 5472 1915 5546">
     <span class='ocr_line' id='line_1_59' title="bbox 348 5472 1915 5546; baseline 0.001 -18"><span class='ocrx_word' id='word_1_443' title='bbox 348 5474 645 5531; x_wconf 71' lang='lat' dir='ltr'><strong>Dominica:</strong></span> <span class='ocrx_word' id='word_1_444' title='bbox 666 5475 931 5546; x_wconf 87' lang='lat' dir='ltr'><strong>passionis</strong></span> <span class='ocrx_word' id='word_1_445' title='bbox 961 5484 1236 5545; x_wconf 86' lang='lat' dir='ltr'><strong>appareat,</strong></span> <span class='ocrx_word' id='word_1_446' title='bbox 1257 5482 1436 5528; x_wconf 89' lang='lat' dir='ltr'><strong>tamen</strong></span> <span class='ocrx_word' id='word_1_447' title='bbox 1461 5473 1675 5543; x_wconf 86' lang='lat' dir='ltr'><strong>planius</strong></span> <span class='ocrx_word' id='word_1_448' title='bbox 1697 5472 1915 5542; x_wconf 83' lang='lat' dir='ltr'><strong>legisla-</strong></span> 
     </span>
    </p>
   </div>
   <div class='ocr_carea' id='block_1_60' title="bbox 349 5568 1912 5640">
    <p class='ocr_par' dir='ltr' id='par_1_60' title="bbox 349 5568 1912 5640">
     <span class='ocr_line' id='line_1_60' title="bbox 349 5568 1912 5640; baseline -0.004 -13"><span class='ocrx_word' id='word_1_449' title='bbox 349 5581 433 5628; x_wconf 89' lang='lat' dir='ltr'><strong>tor</strong></span> <span class='ocrx_word' id='word_1_450' title='bbox 474 5573 694 5627; x_wconf 83' lang='lat' dir='ltr'><strong>videtur</strong></span> <span class='ocrx_word' id='word_1_451' title='bbox 711 5572 817 5627; x_wconf 86' lang='lat' dir='ltr'><strong>hoc</strong></span> <span class='ocrx_word' id='word_1_452' title='bbox 840 5571 895 5625; x_wconf 89' lang='lat' dir='ltr'><strong>in</strong></span> <span class='ocrx_word' id='word_1_453' title='bbox 929 5570 1284 5640; x_wconf 85' lang='lat' dir='ltr'><strong>sequentibus</strong></span> <span class='ocrx_word' id='word_1_454' title='bbox 1305 5568 1539 5640; x_wconf 85' lang='lat' dir='ltr'><strong>ﬁgurare</strong></span> <span class='ocrx_word' id='word_1_455' title='bbox 1577 5568 1912 5639; x_wconf 66' lang='lat' dir='ltr'><strong>mysterium.</strong></span> 
     </span>
    </p>
   </div>
   <div class='ocr_carea' id='block_1_61' title="bbox 1945 4257 1995 4317">
    <p class='ocr_par' dir='ltr' id='par_1_61' title="bbox 1945 4257 1995 4317">
     <span class='ocr_line' id='line_1_61' title="bbox 1945 4257 1995 4317; baseline 0 0"><span class='ocrx_word' id='word_1_456' title='bbox 1945 4257 1995 4317; x_wconf 83' lang='grc' dir='ltr'><strong>Ι)</strong></span> 
     </span>
    </p>
   </div>
   <div class='ocr_carea' id='block_1_62' title="bbox 2000 563 3568 636">
    <p class='ocr_par' dir='ltr' id='par_1_62' title="bbox 2000 563 3568 636">
     <span class='ocr_line' id='line_1_62' title="bbox 2000 563 3568 636; baseline 0.003 -21"><span class='ocrx_word' id='word_1_457' title='bbox 2000 563 2220 619; x_wconf 82' lang='lat' dir='ltr'><strong>raverit.</strong></span> <span class='ocrx_word' id='word_1_458' title='bbox 2266 573 2321 617; x_wconf 75' lang='lat' dir='ltr'><strong>et</strong></span> <span class='ocrx_word' id='word_1_459' title='bbox 2377 580 2472 633; x_wconf 84' lang='lat' dir='ltr'><strong>per</strong></span> <span class='ocrx_word' id='word_1_460' title='bbox 2526 565 2856 636; x_wconf 90' lang='lat' dir='ltr'><strong>imperitiam</strong></span> <span class='ocrx_word' id='word_1_461' title='bbox 2927 566 3117 622; x_wconf 77' lang='lat' dir='ltr'><strong>fecerit</strong></span> <span class='ocrx_word' id='word_1_462' title='bbox 3177 564 3320 634; x_wconf 88' lang='lat' dir='ltr'><strong>quod</strong></span> <span class='ocrx_word' id='word_1_463' title='bbox 3378 574 3568 621; x_wconf 86' lang='lat' dir='ltr'><strong>contra</strong></span> 
     </span>
    </p>
   </div>
   <div class='ocr_carea' id='block_1_63' title="bbox 1999 652 3587 727">
    <p class='ocr_par' dir='ltr' id='par_1_63' title="bbox 1999 652 3587 727">
     <span class='ocr_line' id='line_1_63' title="bbox 1999 652 3587 727; baseline 0.002 -20"><span class='ocrx_word' id='word_1_464' title='bbox 1999 652 2311 722; x_wconf 76' lang='lat' dir='ltr'><strong>mandatum</strong></span> <span class='ocrx_word' id='word_1_465' title='bbox 2357 653 2567 708; x_wconf 87' lang='lat' dir='ltr'><strong>Domini</strong></span> <span class='ocrx_word' id='word_1_466' title='bbox 2612 665 2714 721; x_wconf 90' lang='lat' dir='ltr'><strong>est,</strong></span> <span class='ocrx_word' id='word_1_467' title='bbox 2766 665 2820 713; x_wconf 87' lang='lat' dir='ltr'><strong>et</strong></span> <span class='ocrx_word' id='word_1_468' title='bbox 2865 665 3051 727; x_wconf 88' lang='lat' dir='ltr'><strong>postea</strong></span> <span class='ocrx_word' id='word_1_469' title='bbox 3090 656 3417 713; x_wconf 76' lang='lat' dir='ltr'><strong>intellexerit</strong></span> <span class='ocrx_word' id='word_1_470' title='bbox 3445 669 3587 725; x_wconf 12' lang='lat' dir='ltr'><strong>pec-j</strong></span> 
     </span>
    </p>
   </div>
   <div class='ocr_carea' id='block_1_64' title="bbox 2000 746 3567 817">
    <p class='ocr_par' dir='ltr' id='par_1_64' title="bbox 2000 746 3567 817">
     <span class='ocr_line' id='line_1_64' title="bbox 2000 746 3567 817; baseline 0 -17"><span class='ocrx_word' id='word_1_471' title='bbox 2000 755 2180 800; x_wconf 85' lang='lat' dir='ltr'><strong>catum</strong></span> <span class='ocrx_word' id='word_1_472' title='bbox 2225 761 2406 810; x_wconf 89' lang='lat' dir='ltr'><strong>suum,</strong></span> <span class='ocrx_word' id='word_1_473' title='bbox 2457 747 2651 802; x_wconf 69' lang='lat' dir='ltr'><strong>oﬂeret</strong></span> <span class='ocrx_word' id='word_1_474' title='bbox 2699 748 2928 802; x_wconf 88' lang='lat' dir='ltr'><strong>vitulum</strong></span> <span class='ocrx_word' id='word_1_475' title='bbox 2988 764 3084 816; x_wconf 84' lang='lat' dir='ltr'><strong>pro</strong></span> <span class='ocrx_word' id='word_1_476' title='bbox 3120 755 3364 817; x_wconf 87' lang='lat' dir='ltr'><strong>peccato,</strong></span> <span class='ocrx_word' id='word_1_477' title='bbox 3393 746 3567 801; x_wconf 85' lang='lat' dir='ltr'><strong>addu-</strong></span> 
     </span>
    </p>
   </div>
   <div class='ocr_carea' id='block_1_65' title="bbox 2001 837 3576 911">
    <p class='ocr_par' dir='ltr' id='par_1_65' title="bbox 2001 837 3576 911">
     <span class='ocr_line' id='line_1_65' title="bbox 2001 837 3576 911; baseline 0.001 -22"><span class='ocrx_word' id='word_1_478' title='bbox 2001 844 2196 905; x_wconf 89' lang='lat' dir='ltr'><strong>cctque</strong></span> <span class='ocrx_word' id='word_1_479' title='bbox 2221 852 2345 890; x_wconf 90' lang='lat' dir='ltr'><strong>eum</strong></span> <span class='ocrx_word' id='word_1_480' title='bbox 2370 837 2436 890; x_wconf 89' lang='lat' dir='ltr'><strong>ad</strong></span> <span class='ocrx_word' id='word_1_481' title='bbox 2466 837 2663 891; x_wconf 88' lang='lat' dir='ltr'><strong>ostium</strong></span> <span class='ocrx_word' id='word_1_482' title='bbox 2693 839 3046 904; x_wconf 86' lang='lat' dir='ltr'><strong>tabernaculi,</strong></span> <span class='ocrx_word' id='word_1_483' title='bbox 3069 848 3125 894; x_wconf 89' lang='lat' dir='ltr'><strong>et</strong></span> <span class='ocrx_word' id='word_1_484' title='bbox 3153 849 3357 911; x_wconf 46' lang='lat' dir='ltr'><strong>pou-ent</strong></span> <span class='ocrx_word' id='word_1_485' title='bbox 3384 840 3576 892; x_wconf 72' lang='lat' dir='ltr'><strong>senio-</strong></span> 
     </span>
    </p>
   </div>
   <div class='ocr_carea' id='block_1_66' title="bbox 2002 926 3564 997">
    <p class='ocr_par' dir='ltr' id='par_1_66' title="bbox 2002 926 3564 997">
     <span class='ocr_line' id='line_1_66' title="bbox 2002 926 3564 997; baseline -0.002 -16"><span class='ocrx_word' id='word_1_486' title='bbox 2002 940 2090 981; x_wconf 89' lang='lat' dir='ltr'><strong>res</strong></span> <span class='ocrx_word' id='word_1_487' title='bbox 2114 927 2293 996; x_wconf 89' lang='lat' dir='ltr'><strong>p0puli</strong></span> <span class='ocrx_word' id='word_1_488' title='bbox 2326 942 2519 983; x_wconf 88' lang='lat' dir='ltr'><strong>manus</strong></span> <span class='ocrx_word' id='word_1_489' title='bbox 2563 943 2725 996; x_wconf 87' lang='lat' dir='ltr'><strong>super</strong></span> <span class='ocrx_word' id='word_1_490' title='bbox 2761 938 2926 997; x_wconf 87' lang='lat' dir='ltr'><strong>caput</strong></span> <span class='ocrx_word' id='word_1_491' title='bbox 2952 929 3071 995; x_wconf 88' lang='lat' dir='ltr'><strong>ejus</strong></span> <span class='ocrx_word' id='word_1_492' title='bbox 3102 942 3283 981; x_wconf 90' lang='lat' dir='ltr'><strong>coram</strong></span> <span class='ocrx_word' id='word_1_493' title='bbox 3316 926 3564 981; x_wconf 79' lang='lat' dir='ltr'><strong>Domino.</strong></span> 
     </span>
    </p>
   </div>
   <div class='ocr_carea' id='block_1_67' title="bbox 2001 1008 3631 1089">
    <p class='ocr_par' dir='ltr' id='par_1_67' title="bbox 2001 1008 3631 1089">
     <span class='ocr_line' id='line_1_67' title="bbox 2001 1008 3631 1089; baseline -0.001 -17"><span class='ocrx_word' id='word_1_494' title='bbox 2001 1017 2390 1088; x_wconf 85' lang='lat' dir='ltr'><strong>lmmolatoque</strong></span> <span class='ocrx_word' id='word_1_495' title='bbox 2440 1020 2611 1075; x_wconf 89' lang='lat' dir='ltr'><strong>vitulo</strong></span> <span class='ocrx_word' id='word_1_496' title='bbox 2653 1021 2710 1074; x_wconf 90' lang='lat' dir='ltr'><strong>in</strong></span> <span class='ocrx_word' id='word_1_497' title='bbox 2739 1031 3033 1089; x_wconf 87' lang='lat' dir='ltr'><strong>conspectu</strong></span> <span class='ocrx_word' id='word_1_498' title='bbox 3079 1019 3316 1085; x_wconf 86' lang='lat' dir='ltr'><strong>Domini,</strong></span> <span class='ocrx_word' id='word_1_499' title='bbox 3368 1017 3578 1071; x_wconf 79' lang='lat' dir='ltr'><strong>inferet</strong></span> <span class='ocrx_word' id='word_1_500' title='bbox 3626 1008 3631 1013; x_wconf 71' lang='grc'><em>’</em></span> 
     </span>
    </p>
   </div>
   <div class='ocr_carea' id='block_1_68' title="bbox 2002 1110 3570 1183">
    <p class='ocr_par' dir='ltr' id='par_1_68' title="bbox 2002 1110 3570 1183">
     <span class='ocr_line' id='line_1_68' title="bbox 2002 1110 3570 1183; baseline -0.001 -19"><span class='ocrx_word' id='word_1_501' title='bbox 2002 1111 2254 1183; x_wconf 86' lang='lat' dir='ltr'><strong>sacerdos</strong></span> <span class='ocrx_word' id='word_1_502' title='bbox 2289 1112 2379 1181; x_wconf 85' lang='lat' dir='ltr'><strong>qui</strong></span> <span class='ocrx_word' id='word_1_503' title='bbox 2409 1120 2604 1166; x_wconf 85' lang='lat' dir='ltr'><strong>unctus</strong></span> <span class='ocrx_word' id='word_1_504' title='bbox 2628 1122 2729 1172; x_wconf 79' lang='lat' dir='ltr'><strong>est,</strong></span> <span class='ocrx_word' id='word_1_505' title='bbox 2760 1113 2828 1167; x_wconf 90' lang='lat' dir='ltr'><strong>de</strong></span> <span class='ocrx_word' id='word_1_506' title='bbox 2860 1112 3122 1182; x_wconf 87' lang='lat' dir='ltr'><strong>sanguine</strong></span> <span class='ocrx_word' id='word_1_507' title='bbox 3148 1111 3268 1179; x_wconf 87' lang='lat' dir='ltr'><strong>ejus</strong></span> <span class='ocrx_word' id='word_1_508' title='bbox 3295 1111 3347 1163; x_wconf 93' lang='lat' dir='ltr'><strong>in</strong></span> <span class='ocrx_word' id='word_1_509' title='bbox 3388 1110 3570 1163; x_wconf 86' lang='lat' dir='ltr'><strong>taber-</strong></span> 
     </span>
    </p>
   </div>
   <div class='ocr_carea' id='block_1_69' title="bbox 2001 1200 3576 1271">
    <p class='ocr_par' dir='ltr' id='par_1_69' title="bbox 2001 1200 3576 1271">
     <span class='ocr_line' id='line_1_69' title="bbox 2001 1200 3576 1271; baseline -0.004 -14"><span class='ocrx_word' id='word_1_510' title='bbox 2001 1203 2255 1258; x_wconf 88' lang='lat' dir='ltr'><strong>naculum</strong></span> <span class='ocrx_word' id='word_1_511' title='bbox 2286 1203 2600 1264; x_wconf 80' lang='lat' dir='ltr'><strong>testimonii,</strong></span> <span class='ocrx_word' id='word_1_512' title='bbox 2633 1203 2802 1259; x_wconf 88' lang='lat' dir='ltr'><strong>tineto</strong></span> <span class='ocrx_word' id='word_1_513' title='bbox 2831 1203 3001 1271; x_wconf 87' lang='lat' dir='ltr'><strong>digito</strong></span> <span class='ocrx_word' id='word_1_514' title='bbox 3039 1216 3334 1270; x_wconf 86' lang='lat' dir='ltr'><strong>aspergens</strong></span> <span class='ocrx_word' id='word_1_515' title='bbox 3365 1200 3576 1269; x_wconf 71' lang='lat' dir='ltr'><strong>Septies</strong></span> 
     </span>
    </p>
   </div>
   <div class='ocr_carea' id='block_1_70' title="bbox 2003 1289 3658 1363">
    <p class='ocr_par' dir='ltr' id='par_1_70' title="bbox 2003 1289 3658 1363">
     <span class='ocr_line' id='line_1_70' title="bbox 2003 1289 3658 1363; baseline -0.006 -14"><span class='ocrx_word' id='word_1_516' title='bbox 2003 1304 2191 1349; x_wconf 88' lang='lat' dir='ltr'><strong>contra</strong></span> <span class='ocrx_word' id='word_1_517' title='bbox 2222 1296 2420 1358; x_wconf 85' lang='lat' dir='ltr'><strong>velum,</strong></span> <span class='ocrx_word' id='word_1_518' title='bbox 2450 1303 2720 1363; x_wconf 85' lang='lat' dir='ltr'><strong>ponetque</strong></span> <span class='ocrx_word' id='word_1_519' title='bbox 2761 1293 2827 1348; x_wconf 90' lang='lat' dir='ltr'><strong>dc</strong></span> <span class='ocrx_word' id='word_1_520' title='bbox 2859 1309 2925 1346; x_wconf 87' lang='lat' dir='ltr'><strong>eo</strong></span> <span class='ocrx_word' id='word_1_521' title='bbox 2948 1291 3265 1362; x_wconf 82' lang='lat' dir='ltr'><strong>sanguinem</strong></span> <span class='ocrx_word' id='word_1_522' title='bbox 3302 1291 3357 1343; x_wconf 90' lang='lat' dir='ltr'><strong>in</strong></span> <span class='ocrx_word' id='word_1_523' title='bbox 3390 1289 3571 1345; x_wconf 84' lang='lat' dir='ltr'><strong>corui-</strong></span> <span class='ocrx_word' id='word_1_524' title='bbox 3651 1356 3658 1361; x_wconf 88' lang='lat'>_</span> 
     </span>
    </p>
   </div>
   <div class='ocr_carea' id='block_1_71' title="bbox 2004 1376 3583 1450">
    <p class='ocr_par' dir='ltr' id='par_1_71' title="bbox 2004 1376 3583 1450">
     <span class='ocr_line' id='line_1_71' title="bbox 2004 1376 3583 1450; baseline -0.006 -12"><span class='ocrx_word' id='word_1_525' title='bbox 2004 1384 2104 1438; x_wconf 89' lang='lat' dir='ltr'><strong>bus</strong></span> <span class='ocrx_word' id='word_1_526' title='bbox 2129 1384 2331 1448; x_wconf 88' lang='lat' dir='ltr'><strong>altaris,</strong></span> <span class='ocrx_word' id='word_1_527' title='bbox 2365 1382 2507 1450; x_wconf 89' lang='lat' dir='ltr'><strong>quod</strong></span> <span class='ocrx_word' id='word_1_528' title='bbox 2539 1390 2622 1435; x_wconf 78' lang='lat' dir='ltr'><strong>est</strong></span> <span class='ocrx_word' id='word_1_529' title='bbox 2650 1397 2830 1436; x_wconf 84' lang='lat' dir='ltr'><strong>coram</strong></span> <span class='ocrx_word' id='word_1_530' title='bbox 2864 1379 3087 1433; x_wconf 89' lang='lat' dir='ltr'><strong>Domino</strong></span> <span class='ocrx_word' id='word_1_531' title='bbox 3115 1379 3169 1432; x_wconf 92' lang='lat' dir='ltr'><strong>in</strong></span> <span class='ocrx_word' id='word_1_532' title='bbox 3215 1376 3583 1431; x_wconf 79' lang='lat' dir='ltr'><strong>tabernaculo</strong></span> 
     </span>
    </p>
   </div>
   <div class='ocr_carea' id='block_1_72' title="bbox 2007 1467 3571 1541">
    <p class='ocr_par' dir='ltr' id='par_1_72' title="bbox 2007 1467 3571 1541">
     <span class='ocr_line' id='line_1_72' title="bbox 2007 1467 3571 1541; baseline -0.006 -12"><span class='ocrx_word' id='word_1_533' title='bbox 2007 1473 2321 1530; x_wconf 84' lang='lat' dir='ltr'><strong>testimonii.</strong></span> <span class='ocrx_word' id='word_1_534' title='bbox 2341 1473 2623 1541; x_wconf 69' lang='lat' dir='ltr'><strong>Reliquum</strong></span> <span class='ocrx_word' id='word_1_535' title='bbox 2654 1481 2833 1526; x_wconf 88' lang='lat' dir='ltr'><strong>autem</strong></span> <span class='ocrx_word' id='word_1_536' title='bbox 2858 1469 3177 1540; x_wconf 80' lang='lat' dir='ltr'><strong>sanguinem</strong></span> <span class='ocrx_word' id='word_1_537' title='bbox 3203 1468 3396 1522; x_wconf 85' lang='lat' dir='ltr'><strong>fundet</strong></span> <span class='ocrx_word' id='word_1_538' title='bbox 3417 1467 3571 1531; x_wconf 79' lang='lat' dir='ltr'><strong>juxta</strong></span> 
     </span>
    </p>
   </div>
   <div class='ocr_carea' id='block_1_73' title="bbox 2006 1559 3573 1631">
    <p class='ocr_par' dir='ltr' id='par_1_73' title="bbox 2006 1559 3573 1631">
     <span class='ocr_line' id='line_1_73' title="bbox 2006 1559 3573 1631; baseline -0.007 -10"><span class='ocrx_word' id='word_1_539' title='bbox 2006 1567 2177 1621; x_wconf 82' lang='lat' dir='ltr'><strong>basim</strong></span> <span class='ocrx_word' id='word_1_540' title='bbox 2228 1566 2413 1619; x_wconf 88' lang='lat' dir='ltr'><strong>altaris</strong></span> <span class='ocrx_word' id='word_1_541' title='bbox 2470 1565 2929 1624; x_wconf 86' lang='lat' dir='ltr'><strong>bolocaustorum,</strong></span> <span class='ocrx_word' id='word_1_542' title='bbox 2996 1560 3141 1631; x_wconf 89' lang='lat' dir='ltr'><strong>quod</strong></span> <span class='ocrx_word' id='word_1_543' title='bbox 3200 1560 3390 1629; x_wconf 84' lang='lat' dir='ltr'><strong>estin</strong></span> <span class='ocrx_word' id='word_1_544' title='bbox 3430 1559 3573 1614; x_wconf 87' lang='lat' dir='ltr'><strong>ostio</strong></span> 
     </span>
    </p>
   </div>
   <div class='ocr_carea' id='block_1_74' title="bbox 2007 1650 3572 1730">
    <p class='ocr_par' dir='ltr' id='par_1_74' title="bbox 2007 1650 3572 1730">
     <span class='ocr_line' id='line_1_74' title="bbox 2007 1650 3572 1730; baseline -0.004 -18"><span class='ocrx_word' id='word_1_545' title='bbox 2007 1657 2337 1712; x_wconf 87' lang='lat' dir='ltr'><strong>tabernaculi</strong></span> <span class='ocrx_word' id='word_1_546' title='bbox 2414 1655 2731 1719; x_wconf 85' lang='lat' dir='ltr'><strong>testimonii,</strong></span> <span class='ocrx_word' id='word_1_547' title='bbox 2808 1668 3133 1722; x_wconf 90' lang='lat' dir='ltr'><strong>omnemque</strong></span> <span class='ocrx_word' id='word_1_548' title='bbox 3177 1653 3310 1730; x_wconf 11' lang='lat' dir='ltr'><strong>ejus.</strong></span> <span class='ocrx_word' id='word_1_549' title='bbox 3361 1650 3572 1716; x_wconf 81' lang='lat' dir='ltr'><strong>adipem</strong></span> 
     </span>
    </p>
   </div>
   <div class='ocr_carea' id='block_1_75' title="bbox 2008 1731 3577 1815">
    <p class='ocr_par' dir='ltr' id='par_1_75' title="bbox 2008 1731 3577 1815">
     <span class='ocr_line' id='line_1_75' title="bbox 2008 1731 3577 1815; baseline -0.003 -13"><span class='ocrx_word' id='word_1_550' title='bbox 2008 1747 2158 1802; x_wconf 88' lang='lat' dir='ltr'><strong>tollet</strong></span> <span class='ocrx_word' id='word_1_551' title='bbox 2183 1766 2195 1802; x_wconf 93' lang='lat'><strong>:</strong></span> <span class='ocrx_word' id='word_1_552' title='bbox 2229 1758 2284 1802; x_wconf 92' lang='lat' dir='ltr'><strong>et</strong></span> <span class='ocrx_word' id='word_1_553' title='bbox 2312 1747 2547 1801; x_wconf 87' lang='lat' dir='ltr'><strong>adolebit</strong></span> <span class='ocrx_word' id='word_1_554' title='bbox 2575 1762 2738 1815; x_wconf 91' lang='lat' dir='ltr'><strong>super</strong></span> <span class='ocrx_word' id='word_1_555' title='bbox 2767 1745 2954 1799; x_wconf 89' lang='lat' dir='ltr'><strong>altare.</strong></span> <span class='ocrx_word' id='word_1_556' title='bbox 2987 1744 3076 1799; x_wconf 87' lang='lat' dir='ltr'><strong>Sic</strong></span> <span class='ocrx_word' id='word_1_557' title='bbox 3114 1731 3285 1799; x_wconf 26' lang='lat' dir='ltr'><strong>faciet.</strong></span> <span class='ocrx_word' id='word_1_558' title='bbox 3304 1752 3359 1796; x_wconf 89' lang='lat' dir='ltr'><strong>et</strong></span> <span class='ocrx_word' id='word_1_559' title='bbox 3378 1743 3445 1796; x_wconf 91' lang='lat' dir='ltr'><strong>de</strong></span> <span class='ocrx_word' id='word_1_560' title='bbox 3472 1741 3577 1797; x_wconf 82' lang='lat' dir='ltr'><strong>hoc</strong></span> 
     </span>
    </p>
   </div>
   <div class='ocr_carea' id='block_1_76' title="bbox 2008 1835 3577 1910">
    <p class='ocr_par' dir='ltr' id='par_1_76' title="bbox 2008 1835 3577 1910">
     <span class='ocr_line' id='line_1_76' title="bbox 2008 1835 3577 1910; baseline -0.005 -15"><span class='ocrx_word' id='word_1_561' title='bbox 2008 1841 2174 1895; x_wconf 80' lang='lat' dir='ltr'><strong>vitulo</strong></span> <span class='ocrx_word' id='word_1_562' title='bbox 2222 1839 2488 1910; x_wconf 85' lang='lat' dir='ltr'><strong>quomodo</strong></span> <span class='ocrx_word' id='word_1_563' title='bbox 2541 1838 2692 1903; x_wconf 81' lang='lat' dir='ltr'><strong>fecit,</strong></span> <span class='ocrx_word' id='word_1_564' title='bbox 2736 1847 2791 1893; x_wconf 92' lang='lat' dir='ltr'><strong>et</strong></span> <span class='ocrx_word' id='word_1_565' title='bbox 2834 1837 3003 1905; x_wconf 90' lang='lat' dir='ltr'><strong>prius,</strong></span> <span class='ocrx_word' id='word_1_566' title='bbox 3031 1846 3084 1891; x_wconf 90' lang='lat' dir='ltr'><strong>et</strong></span> <span class='ocrx_word' id='word_1_567' title='bbox 3126 1845 3345 1905; x_wconf 79' lang='lat' dir='ltr'><strong>rogante</strong></span> <span class='ocrx_word' id='word_1_568' title='bbox 3376 1849 3473 1904; x_wconf 90' lang='lat' dir='ltr'><strong>pro</strong></span> <span class='ocrx_word' id='word_1_569' title='bbox 3496 1835 3577 1888; x_wconf 89' lang='lat' dir='ltr'><strong>eis</strong></span> 
     </span>
    </p>
   </div>
   <div class='ocr_carea' id='block_1_77' title="bbox 2007 1925 3573 2000">
    <p class='ocr_par' dir='ltr' id='par_1_77' title="bbox 2007 1925 3573 2000">
     <span class='ocr_line' id='line_1_77' title="bbox 2007 1925 3573 2000; baseline -0.008 -12"><span class='ocrx_word' id='word_1_570' title='bbox 2007 1933 2304 1995; x_wconf 78' lang='lat' dir='ltr'><strong>sacerdote,</strong></span> <span class='ocrx_word' id='word_1_571' title='bbox 2358 1930 2620 2000; x_wconf 78' lang='lat' dir='ltr'><strong>propitius</strong></span> <span class='ocrx_word' id='word_1_572' title='bbox 2669 1929 2773 1984; x_wconf 87' lang='lat' dir='ltr'><strong>erit</strong></span> <span class='ocrx_word' id='word_1_573' title='bbox 2830 1927 3114 1981; x_wconf 88' lang='lat' dir='ltr'><strong>Dominus.</strong></span> <span class='ocrx_word' id='word_1_574' title='bbox 3165 1925 3347 1994; x_wconf 87' lang='lat' dir='ltr'><strong>Ipsum</strong></span> <span class='ocrx_word' id='word_1_575' title='bbox 3392 1933 3573 1979; x_wconf 87' lang='lat' dir='ltr'><strong>autem</strong></span> 
     </span>
    </p>
   </div>
   <div class='ocr_carea' id='block_1_78' title="bbox 2009 2015 3572 2086">
    <p class='ocr_par' dir='ltr' id='par_1_78' title="bbox 2009 2015 3572 2086">
     <span class='ocr_line' id='line_1_78' title="bbox 2009 2015 3572 2086; baseline -0.009 -8"><span class='ocrx_word' id='word_1_576' title='bbox 2009 2024 2235 2078; x_wconf 75' lang='lat' dir='ltr'><strong>vitulum</strong></span> <span class='ocrx_word' id='word_1_577' title='bbox 2307 2021 2497 2077; x_wconf 78' lang='lat' dir='ltr'><strong>eﬂeret</strong></span> <span class='ocrx_word' id='word_1_578' title='bbox 2562 2029 2715 2075; x_wconf 87' lang='lat' dir='ltr'><strong>extra</strong></span> <span class='ocrx_word' id='word_1_579' title='bbox 2779 2027 2978 2079; x_wconf 89' lang='lat' dir='ltr'><strong>castra,</strong></span> <span class='ocrx_word' id='word_1_580' title='bbox 3042 2025 3207 2086; x_wconf 88' lang='lat' dir='ltr'><strong>atque</strong></span> <span class='ocrx_word' id='word_1_581' title='bbox 3264 2015 3572 2075; x_wconf 87' lang='lat' dir='ltr'><strong>eomburct,</strong></span> 
     </span>
    </p>
   </div>
   <div class='ocr_carea' id='block_1_79' title="bbox 2010 2104 3578 2183">
    <p class='ocr_par' dir='ltr' id='par_1_79' title="bbox 2010 2104 3578 2183">
     <span class='ocr_line' id='line_1_79' title="bbox 2010 2104 3578 2183; baseline -0.009 -14"><span class='ocrx_word' id='word_1_582' title='bbox 2010 2115 2148 2169; x_wconf 75' lang='lat' dir='ltr'><strong>sicut</strong></span> <span class='ocrx_word' id='word_1_583' title='bbox 2179 2122 2235 2168; x_wconf 89' lang='lat' dir='ltr'><strong>et</strong></span> <span class='ocrx_word' id='word_1_584' title='bbox 2265 2115 2497 2183; x_wconf 88' lang='lat' dir='ltr'><strong>priorem</strong></span> <span class='ocrx_word' id='word_1_585' title='bbox 2533 2113 2778 2176; x_wconf 77' lang='lat' dir='ltr'><strong>vitulum,</strong></span> <span class='ocrx_word' id='word_1_586' title='bbox 2805 2109 2928 2180; x_wconf 89' lang='lat' dir='ltr'><strong>quia</strong></span> <span class='ocrx_word' id='word_1_587' title='bbox 2956 2124 3052 2180; x_wconf 91' lang='lat' dir='ltr'><strong>pro</strong></span> <span class='ocrx_word' id='word_1_588' title='bbox 3077 2116 3299 2179; x_wconf 86' lang='lat' dir='ltr'><strong>peccato</strong></span> <span class='ocrx_word' id='word_1_589' title='bbox 3326 2113 3409 2160; x_wconf 90' lang='lat' dir='ltr'><strong>est</strong></span> <span class='ocrx_word' id='word_1_590' title='bbox 3432 2104 3578 2158; x_wconf 87' lang='lat' dir='ltr'><strong>mul-</strong></span> 
     </span>
    </p>
   </div>
   <div class='ocr_carea' id='block_1_80' title="bbox 2011 2206 2338 2262">
    <p class='ocr_par' dir='ltr' id='par_1_80' title="bbox 2011 2206 2338 2262">
     <span class='ocr_line' id='line_1_80' title="bbox 2011 2206 2338 2262; baseline -0.021 0"><span class='ocrx_word' id='word_1_591' title='bbox 2011 2206 2277 2262; x_wconf 87' lang='lat' dir='ltr'><strong>titudinis.</strong></span> <span class='ocrx_word' id='word_1_592' title='bbox 2318 2223 2338 2256; x_wconf 78' lang='grc' dir='ltr'><strong><em>ι</em></strong></span> 
     </span>
    </p>
   </div>
   <div class='ocr_carea' id='block_1_81' title="bbox 2079 2286 3584 2367">
    <p class='ocr_par' dir='ltr' id='par_1_81' title="bbox 2079 2286 3584 2367">
     <span class='ocr_line' id='line_1_81' title="bbox 2079 2286 3584 2367; baseline -0.007 -16"><span class='ocrx_word' id='word_1_593' title='bbox 2079 2296 2160 2351; x_wconf 89' lang='lat' dir='ltr'><strong>Nil</strong></span> <span class='ocrx_word' id='word_1_594' title='bbox 2193 2298 2245 2352; x_wconf 90' lang='lat' dir='ltr'><strong>in</strong></span> <span class='ocrx_word' id='word_1_595' title='bbox 2280 2296 2363 2351; x_wconf 91' lang='lat' dir='ltr'><strong>bis</strong></span> <span class='ocrx_word' id='word_1_596' title='bbox 2396 2295 2665 2367; x_wconf 85' lang='lat' dir='ltr'><strong>lcgislator</strong></span> <span class='ocrx_word' id='word_1_597' title='bbox 2686 2292 3044 2349; x_wconf 87' lang='lat' dir='ltr'><strong>commutavit</strong></span> <span class='ocrx_word' id='word_1_598' title='bbox 3087 2291 3230 2361; x_wconf 90' lang='lat' dir='ltr'><strong>quod</strong></span> <span class='ocrx_word' id='word_1_599' title='bbox 3260 2304 3383 2347; x_wconf 88' lang='lat' dir='ltr'><strong>esse</strong></span> <span class='ocrx_word' id='word_1_600' title='bbox 3409 2286 3584 2357; x_wconf 85' lang='lat' dir='ltr'><strong>possit</strong></span> 
     </span>
    </p>
   </div>
   <div class='ocr_carea' id='block_1_82' title="bbox 2010 2377 3580 2459">
    <p class='ocr_par' dir='ltr' id='par_1_82' title="bbox 2010 2377 3580 2459">
     <span class='ocr_line' id='line_1_82' title="bbox 2010 2377 3580 2459; baseline -0.008 -14"><span class='ocrx_word' id='word_1_601' title='bbox 2010 2399 2158 2445; x_wconf 89' lang='lat' dir='ltr'><strong>extra</strong></span> <span class='ocrx_word' id='word_1_602' title='bbox 2216 2388 2533 2459; x_wconf 65' lang='lat' dir='ltr'><strong>prtedictum</strong></span> <span class='ocrx_word' id='word_1_603' title='bbox 2587 2384 2932 2450; x_wconf 89' lang='lat' dir='ltr'><strong>sacriﬁcium,</strong></span> <span class='ocrx_word' id='word_1_604' title='bbox 2989 2382 3137 2452; x_wconf 88' lang='lat' dir='ltr'><strong>quod</strong></span> <span class='ocrx_word' id='word_1_605' title='bbox 3178 2390 3264 2436; x_wconf 90' lang='lat' dir='ltr'><strong>est</strong></span> <span class='ocrx_word' id='word_1_606' title='bbox 3316 2377 3580 2450; x_wconf 87' lang='lat' dir='ltr'><strong>principis</strong></span> 
     </span>
    </p>
   </div>
   <div class='ocr_carea' id='block_1_83' title="bbox 2012 2469 3580 2536">
    <p class='ocr_par' dir='ltr' id='par_1_83' title="bbox 2012 2469 3580 2536">
     <span class='ocr_line' id='line_1_83' title="bbox 2012 2469 3580 2536; baseline -0.007 -5"><span class='ocrx_word' id='word_1_607' title='bbox 2012 2477 2353 2533; x_wconf 86' lang='lat' dir='ltr'><strong>sacerdotum</strong></span> <span class='ocrx_word' id='word_1_608' title='bbox 2380 2496 2395 2533; x_wconf 88' lang='lat'><strong>:</strong></span> <span class='ocrx_word' id='word_1_609' title='bbox 2426 2477 2565 2531; x_wconf 89' lang='lat' dir='ltr'><strong>idem</strong></span> <span class='ocrx_word' id='word_1_610' title='bbox 2595 2476 2739 2530; x_wconf 91' lang='lat' dir='ltr'><strong>enim</strong></span> <span class='ocrx_word' id='word_1_611' title='bbox 2767 2489 2798 2529; x_wconf 90' lang='lat' dir='ltr'><strong>a</strong></span> <span class='ocrx_word' id='word_1_612' title='bbox 2836 2472 3011 2528; x_wconf 91' lang='lat' dir='ltr'><strong>turbis</strong></span> <span class='ocrx_word' id='word_1_613' title='bbox 3031 2469 3211 2536; x_wconf 89' lang='lat' dir='ltr'><strong>lsrael,</strong></span> <span class='ocrx_word' id='word_1_614' title='bbox 3238 2478 3303 2523; x_wconf 85' lang='lat' dir='ltr'><strong>et</strong></span> <span class='ocrx_word' id='word_1_615' title='bbox 3333 2484 3362 2523; x_wconf 90' lang='lat' dir='ltr'><strong>a</strong></span> <span class='ocrx_word' id='word_1_616' title='bbox 3395 2482 3580 2522; x_wconf 90' lang='lat' dir='ltr'><strong>sacer-</strong></span> 
     </span>
    </p>
   </div>
   <div class='ocr_carea' id='block_1_84' title="bbox 2012 2557 3582 2637">
    <p class='ocr_par' dir='ltr' id='par_1_84' title="bbox 2012 2557 3582 2637">
     <span class='ocr_line' id='line_1_84' title="bbox 2012 2557 3582 2637; baseline -0.008 -12"><span class='ocrx_word' id='word_1_617' title='bbox 2012 2569 2136 2625; x_wconf 84' lang='lat' dir='ltr'><strong>dote</strong></span> <span class='ocrx_word' id='word_1_618' title='bbox 2165 2568 2348 2623; x_wconf 82' lang='lat' dir='ltr'><strong>oll‘erri</strong></span> <span class='ocrx_word' id='word_1_619' title='bbox 2384 2565 2660 2637; x_wconf 73' lang='lat' dir='ltr'><strong>praecepit,</strong></span> <span class='ocrx_word' id='word_1_620' title='bbox 2691 2565 2918 2619; x_wconf 87' lang='lat' dir='ltr'><strong>vitulum</strong></span> <span class='ocrx_word' id='word_1_621' title='bbox 2960 2562 3107 2617; x_wconf 91' lang='lat' dir='ltr'><strong>enim</strong></span> <span class='ocrx_word' id='word_1_622' title='bbox 3149 2569 3206 2615; x_wconf 90' lang='lat' dir='ltr'><strong>et</strong></span> <span class='ocrx_word' id='word_1_623' title='bbox 3237 2560 3328 2614; x_wconf 87' lang='lat' dir='ltr'><strong>hic</strong></span> <span class='ocrx_word' id='word_1_624' title='bbox 3387 2567 3443 2614; x_wconf 89' lang='lat' dir='ltr'><strong>et</strong></span> <span class='ocrx_word' id='word_1_625' title='bbox 3470 2557 3582 2612; x_wconf 88' lang='lat' dir='ltr'><strong>illic</strong></span> 
     </span>
    </p>
   </div>
   <div class='ocr_carea' id='block_1_85' title="bbox 2012 2647 3586 2724">
    <p class='ocr_par' dir='ltr' id='par_1_85' title="bbox 2012 2647 3586 2724">
     <span class='ocr_line' id='line_1_85' title="bbox 2012 2647 3586 2724; baseline -0.01 -9"><span class='ocrx_word' id='word_1_626' title='bbox 2012 2660 2165 2716; x_wconf 85' lang='lat' dir='ltr'><strong>dixit.</strong></span> <span class='ocrx_word' id='word_1_627' title='bbox 2222 2658 2481 2714; x_wconf 89' lang='lat' dir='ltr'><strong>Similiter</strong></span> <span class='ocrx_word' id='word_1_628' title='bbox 2525 2656 2689 2712; x_wconf 88' lang='lat' dir='ltr'><strong>etiam</strong></span> <span class='ocrx_word' id='word_1_629' title='bbox 2738 2652 3056 2724; x_wconf 84' lang='lat' dir='ltr'><strong>sanguinem</strong></span> <span class='ocrx_word' id='word_1_630' title='bbox 3112 2652 3168 2705; x_wconf 86' lang='lat' dir='ltr'><strong>in</strong></span> <span class='ocrx_word' id='word_1_631' title='bbox 3231 2647 3586 2704; x_wconf 85' lang='lat' dir='ltr'><strong>tabernaculo</strong></span> 
     </span>
    </p>
   </div>
   <div class='ocr_carea' id='block_1_86' title="bbox 2017 2745 3582 2818">
    <p class='ocr_par' dir='ltr' id='par_1_86' title="bbox 2017 2745 3582 2818">
     <span class='ocr_line' id='line_1_86' title="bbox 2017 2745 3582 2818; baseline -0.009 -14"><span class='ocrx_word' id='word_1_632' title='bbox 2017 2749 2307 2804; x_wconf 90' lang='lat' dir='ltr'><strong>testimonii</strong></span> <span class='ocrx_word' id='word_1_633' title='bbox 2338 2748 2518 2803; x_wconf 81' lang='lat' dir='ltr'><strong>oﬁ‘erri</strong></span> <span class='ocrx_word' id='word_1_634' title='bbox 2549 2747 2724 2818; x_wconf 87' lang='lat' dir='ltr'><strong>jubet,</strong></span> <span class='ocrx_word' id='word_1_635' title='bbox 2754 2745 2983 2801; x_wconf 88' lang='lat' dir='ltr'><strong>vitulum</strong></span> <span class='ocrx_word' id='word_1_636' title='bbox 3018 2750 3199 2796; x_wconf 88' lang='lat' dir='ltr'><strong>autem</strong></span> <span class='ocrx_word' id='word_1_637' title='bbox 3229 2747 3380 2795; x_wconf 80' lang='lat' dir='ltr'><strong>extra</strong></span> <span class='ocrx_word' id='word_1_638' title='bbox 3407 2745 3582 2793; x_wconf 84' lang='lat' dir='ltr'><strong>castra</strong></span> 
     </span>
    </p>
   </div>
   <div class='ocr_carea' id='block_1_87' title="bbox 2015 2830 3582 2908">
    <p class='ocr_par' dir='ltr' id='par_1_87' title="bbox 2015 2830 3582 2908">
     <span class='ocr_line' id='line_1_87' title="bbox 2015 2830 3582 2908; baseline -0.008 -13"><span class='ocrx_word' id='word_1_639' title='bbox 2015 2839 2266 2895; x_wconf 89' lang='lat' dir='ltr'><strong>incendi:</strong></span> <span class='ocrx_word' id='word_1_640' title='bbox 2308 2847 2471 2908; x_wconf 85' lang='lat' dir='ltr'><strong>atque</strong></span> <span class='ocrx_word' id='word_1_641' title='bbox 2498 2836 2837 2907; x_wconf 87' lang='lat' dir='ltr'><strong>apertissime</strong></span> <span class='ocrx_word' id='word_1_642' title='bbox 2871 2835 2925 2888; x_wconf 88' lang='lat' dir='ltr'><strong>in</strong></span> <span class='ocrx_word' id='word_1_643' title='bbox 2957 2833 3066 2895; x_wconf 89' lang='lat' dir='ltr'><strong>bis,</strong></span> <span class='ocrx_word' id='word_1_644' title='bbox 3102 2846 3224 2900; x_wconf 66' lang='lat' dir='ltr'><strong>qua:</strong></span> <span class='ocrx_word' id='word_1_645' title='bbox 3250 2830 3391 2885; x_wconf 90' lang='lat' dir='ltr'><strong>dicta</strong></span> <span class='ocrx_word' id='word_1_646' title='bbox 3434 2837 3582 2893; x_wconf 88' lang='lat' dir='ltr'><strong>sunt,</strong></span> 
     </span>
    </p>
   </div>
   <div class='ocr_carea' id='block_1_88' title="bbox 2014 2922 3631 2999">
    <p class='ocr_par' dir='ltr' id='par_1_88' title="bbox 2014 2922 3631 2999">
     <span class='ocr_line' id='line_1_88' title="bbox 2014 2922 3631 2999; baseline -0.012 -11"><span class='ocrx_word' id='word_1_647' title='bbox 2014 2931 2316 2988; x_wconf 87' lang='lat' dir='ltr'><strong>ostenditur</strong></span> <span class='ocrx_word' id='word_1_648' title='bbox 2362 2930 2491 2999; x_wconf 85' lang='lat' dir='ltr'><strong>quia</strong></span> <span class='ocrx_word' id='word_1_649' title='bbox 2542 2927 2734 2984; x_wconf 89' lang='lat' dir='ltr'><strong>eadem</strong></span> <span class='ocrx_word' id='word_1_650' title='bbox 2776 2935 2933 2982; x_wconf 85' lang='lat' dir='ltr'><strong>erant</strong></span> <span class='ocrx_word' id='word_1_651' title='bbox 2962 2925 3138 2996; x_wconf 89' lang='lat' dir='ltr'><strong>plebis</strong></span> <span class='ocrx_word' id='word_1_652' title='bbox 3179 2922 3587 2991; x_wconf 73' lang='lat' dir='ltr'><strong>sacerdotisque</strong></span> <span class='ocrx_word' id='word_1_653' title='bbox 3628 2950 3631 2951; x_wconf 51' lang='grc' dir='ltr'><em>ν</em></span> 
     </span>
    </p>
   </div>
   <div class='ocr_carea' id='block_1_89' title="bbox 2015 3014 3585 3095">
    <p class='ocr_par' dir='ltr' id='par_1_89' title="bbox 2015 3014 3585 3095">
     <span class='ocr_line' id='line_1_89' title="bbox 2015 3014 3585 3095; baseline -0.008 -16"><span class='ocrx_word' id='word_1_654' title='bbox 2015 3033 2254 3095; x_wconf 67' lang='lat' dir='ltr'><strong>pecu-ala.</strong></span> <span class='ocrx_word' id='word_1_655' title='bbox 2307 3022 2439 3076; x_wconf 85' lang='lat' dir='ltr'><strong>Nam</strong></span> <span class='ocrx_word' id='word_1_656' title='bbox 2491 3036 2655 3090; x_wconf 90' lang='lat' dir='ltr'><strong>quam</strong></span> <span class='ocrx_word' id='word_1_657' title='bbox 2697 3019 2767 3073; x_wconf 92' lang='lat' dir='ltr'><strong>ob</strong></span> <span class='ocrx_word' id='word_1_658' title='bbox 2812 3033 3031 3074; x_wconf 87' lang='lat' dir='ltr'><strong>causam</strong></span> <span class='ocrx_word' id='word_1_659' title='bbox 3066 3017 3210 3072; x_wconf 90' lang='lat' dir='ltr'><strong>idem</strong></span> <span class='ocrx_word' id='word_1_660' title='bbox 3255 3014 3585 3070; x_wconf 88' lang='lat' dir='ltr'><strong>sacriﬁcium</strong></span> 
     </span>
    </p>
   </div>
   <div class='ocr_carea' id='block_1_90' title="bbox 1942 3104 3589 3186">
    <p class='ocr_par' dir='ltr' id='par_1_90' title="bbox 1942 3104 3589 3186">
     <span class='ocr_line' id='line_1_90' title="bbox 1942 3104 3589 3186; baseline -0.007 -18"><span class='ocrx_word' id='word_1_661' title='bbox 1942 3128 1986 3186; x_wconf 77' lang='grc' dir='ltr'>ο</span> <span class='ocrx_word' id='word_1_662' title='bbox 2018 3129 2117 3184; x_wconf 91' lang='lat' dir='ltr'><strong>pro</strong></span> <span class='ocrx_word' id='word_1_663' title='bbox 2165 3114 2244 3168; x_wconf 91' lang='lat' dir='ltr'><strong>eis</strong></span> <span class='ocrx_word' id='word_1_664' title='bbox 2277 3110 2543 3165; x_wconf 81' lang='lat' dir='ltr'><strong>oﬁ’erret?</strong></span> <span class='ocrx_word' id='word_1_665' title='bbox 2593 3108 2746 3175; x_wconf 85' lang='lat' dir='ltr'><strong>Quod</strong></span> <span class='ocrx_word' id='word_1_666' title='bbox 2774 3117 2955 3162; x_wconf 88' lang='lat' dir='ltr'><strong>autem</strong></span> <span class='ocrx_word' id='word_1_667' title='bbox 2987 3107 3056 3162; x_wconf 90' lang='lat' dir='ltr'><strong>de</strong></span> <span class='ocrx_word' id='word_1_668' title='bbox 3084 3105 3351 3162; x_wconf 84' lang='lat' dir='ltr'><strong>sacriﬁcio</strong></span> <span class='ocrx_word' id='word_1_669' title='bbox 3387 3104 3589 3158; x_wconf 87' lang='lat' dir='ltr'><strong>immu—</strong></span> 
     </span>
    </p>
   </div>
   <div class='ocr_carea' id='block_1_91' title="bbox 2016 3193 3591 3272">
    <p class='ocr_par' dir='ltr' id='par_1_91' title="bbox 2016 3193 3591 3272">
     <span class='ocr_line' id='line_1_91' title="bbox 2016 3193 3591 3272; baseline -0.009 -12"><span class='ocrx_word' id='word_1_670' title='bbox 2016 3214 2185 3261; x_wconf 87' lang='lat' dir='ltr'><strong>tatum</strong></span> <span class='ocrx_word' id='word_1_671' title='bbox 2219 3212 2321 3266; x_wconf 89' lang='lat' dir='ltr'><strong>est,</strong></span> <span class='ocrx_word' id='word_1_672' title='bbox 2358 3201 2462 3257; x_wconf 84' lang='lat' dir='ltr'><strong>hoc</strong></span> <span class='ocrx_word' id='word_1_673' title='bbox 2489 3200 2658 3272; x_wconf 82' lang='lat' dir='ltr'><strong>magis</strong></span> <span class='ocrx_word' id='word_1_674' title='bbox 2689 3199 2757 3255; x_wconf 91' lang='lat' dir='ltr'><strong>ad</strong></span> <span class='ocrx_word' id='word_1_675' title='bbox 2796 3198 3102 3253; x_wconf 86' lang='lat' dir='ltr'><strong>ﬁrmitatem</strong></span> <span class='ocrx_word' id='word_1_676' title='bbox 3153 3195 3413 3264; x_wconf 85' lang='lat' dir='ltr'><strong>pertinet,</strong></span> <span class='ocrx_word' id='word_1_677' title='bbox 3443 3193 3591 3263; x_wconf 86' lang='lat' dir='ltr'><strong>quod</strong></span> 
     </span>
    </p>
   </div>
   <div class='ocr_carea' id='block_1_92' title="bbox 2017 3280 3587 3353">
    <p class='ocr_par' dir='ltr' id='par_1_92' title="bbox 2017 3280 3587 3353">
     <span class='ocr_line' id='line_1_92' title="bbox 2017 3280 3587 3353; baseline -0.01 0"><span class='ocrx_word' id='word_1_678' title='bbox 2017 3312 2185 3353; x_wconf 89' lang='lat' dir='ltr'><strong>unum</strong></span> <span class='ocrx_word' id='word_1_679' title='bbox 2217 3295 2288 3349; x_wconf 89' lang='lat' dir='ltr'><strong>sit</strong></span> <span class='ocrx_word' id='word_1_680' title='bbox 2332 3280 2656 3349; x_wconf 81' lang='lat' dir='ltr'><strong>sacriﬁcium</strong></span> <span class='ocrx_word' id='word_1_681' title='bbox 2682 3309 2696 3346; x_wconf 89' lang='lat'><strong>:</strong></span> <span class='ocrx_word' id='word_1_682' title='bbox 2732 3306 2857 3345; x_wconf 90' lang='lat' dir='ltr'><strong>nam</strong></span> <span class='ocrx_word' id='word_1_683' title='bbox 2887 3289 2940 3343; x_wconf 93' lang='lat' dir='ltr'><strong>in</strong></span> <span class='ocrx_word' id='word_1_684' title='bbox 2971 3287 3250 3344; x_wconf 88' lang='lat' dir='ltr'><strong>sacerdote</strong></span> <span class='ocrx_word' id='word_1_685' title='bbox 3281 3300 3387 3340; x_wconf 89' lang='lat' dir='ltr'><strong>non</strong></span> <span class='ocrx_word' id='word_1_686' title='bbox 3412 3284 3545 3339; x_wconf 83' lang='lat' dir='ltr'><strong>dixit</strong></span> <span class='ocrx_word' id='word_1_687' title='bbox 3571 3300 3587 3315; x_wconf 89' lang='grc'><strong>·</strong></span> 
     </span>
    </p>
   </div>
   <div class='ocr_carea' id='block_1_93' title="bbox 2019 3376 3591 3456">
    <p class='ocr_par' dir='ltr' id='par_1_93' title="bbox 2019 3376 3591 3456">
     <span class='ocr_line' id='line_1_93' title="bbox 2019 3376 3591 3456; baseline -0.012 -15"><span class='ocrx_word' id='word_1_688' title='bbox 2019 3386 2075 3441; x_wconf 75' lang='lat' dir='ltr'><strong>Si</strong></span> <span class='ocrx_word' id='word_1_689' title='bbox 2109 3384 2424 3456; x_wconf 82' lang='lat' dir='ltr'><strong>cegnoverit</strong></span> <span class='ocrx_word' id='word_1_690' title='bbox 2462 3389 2745 3453; x_wconf 90' lang='lat' dir='ltr'><strong>peccatum</strong></span> <span class='ocrx_word' id='word_1_691' title='bbox 2773 3394 2955 3440; x_wconf 84' lang='lat' dir='ltr'><strong>suum,</strong></span> <span class='ocrx_word' id='word_1_692' title='bbox 2987 3393 3090 3432; x_wconf 88' lang='lat' dir='ltr'><strong>nec</strong></span> <span class='ocrx_word' id='word_1_693' title='bbox 3111 3377 3259 3432; x_wconf 89' lang='lat' dir='ltr'><strong>enim</strong></span> <span class='ocrx_word' id='word_1_694' title='bbox 3300 3376 3591 3446; x_wconf 42' lang='lat' dir='ltr'><strong>ignoratus</strong></span> 
     </span>
    </p>
   </div>
   <div class='ocr_carea' id='block_1_94' title="bbox 2016 3466 3593 3545">
    <p class='ocr_par' dir='ltr' id='par_1_94' title="bbox 2016 3466 3593 3545">
     <span class='ocr_line' id='line_1_94' title="bbox 2016 3466 3593 3545; baseline -0.009 -10"><span class='ocrx_word' id='word_1_695' title='bbox 2016 3494 2111 3535; x_wconf 88' lang='lat' dir='ltr'><strong>rus</strong></span> <span class='ocrx_word' id='word_1_696' title='bbox 2136 3487 2253 3533; x_wconf 88' lang='lat' dir='ltr'><strong>erat</strong></span> <span class='ocrx_word' id='word_1_697' title='bbox 2294 3477 2555 3534; x_wconf 89' lang='lat' dir='ltr'><strong>Dominus</strong></span> <span class='ocrx_word' id='word_1_698' title='bbox 2602 3482 2911 3545; x_wconf 85' lang='lat' dir='ltr'><strong>peccatum,</strong></span> <span class='ocrx_word' id='word_1_699' title='bbox 2964 3471 3111 3541; x_wconf 90' lang='lat' dir='ltr'><strong>quod</strong></span> <span class='ocrx_word' id='word_1_700' title='bbox 3177 3478 3237 3525; x_wconf 91' lang='lat' dir='ltr'><strong>ut</strong></span> <span class='ocrx_word' id='word_1_701' title='bbox 3288 3466 3593 3536; x_wconf 74' lang='lat' dir='ltr'><strong>susciperet</strong></span> 
     </span>
    </p>
   </div>
   <div class='ocr_carea' id='block_1_95' title="bbox 2016 3559 3590 3630">
    <p class='ocr_par' dir='ltr' id='par_1_95' title="bbox 2016 3559 3590 3630">
     <span class='ocr_line' id='line_1_95' title="bbox 2016 3559 3590 3630; baseline -0.009 -3"><span class='ocrx_word' id='word_1_702' title='bbox 2016 3572 2330 3627; x_wconf 90' lang='lat' dir='ltr'><strong>incarnatus</strong></span> <span class='ocrx_word' id='word_1_703' title='bbox 2369 3578 2468 3625; x_wconf 89' lang='lat' dir='ltr'><strong>est.</strong></span> <span class='ocrx_word' id='word_1_704' title='bbox 2524 3569 2599 3623; x_wconf 87' lang='lat' dir='ltr'><strong>De</strong></span> <span class='ocrx_word' id='word_1_705' title='bbox 2636 3566 2792 3623; x_wconf 88' lang='lat' dir='ltr'><strong>turba</strong></span> <span class='ocrx_word' id='word_1_706' title='bbox 2834 3574 3039 3627; x_wconf 89' lang='lat' dir='ltr'><strong>autem,</strong></span> <span class='ocrx_word' id='word_1_707' title='bbox 3079 3563 3133 3618; x_wconf 90' lang='lat' dir='ltr'><strong>id</strong></span> <span class='ocrx_word' id='word_1_708' title='bbox 3182 3568 3286 3629; x_wconf 88' lang='lat' dir='ltr'><strong>est,</strong></span> <span class='ocrx_word' id='word_1_709' title='bbox 3318 3559 3386 3616; x_wconf 90' lang='lat' dir='ltr'><strong>de</strong></span> <span class='ocrx_word' id='word_1_710' title='bbox 3430 3574 3590 3630; x_wconf 74' lang='lat' dir='ltr'><strong>syria-</strong></span> 
     </span>
    </p>
   </div>
   <div class='ocr_carea' id='block_1_96' title="bbox 2016 3653 3138 3736">
    <p class='ocr_par' dir='ltr' id='par_1_96' title="bbox 2016 3653 3138 3736">
     <span class='ocr_line' id='line_1_96' title="bbox 2016 3653 3138 3736; baseline -0.012 -16"><span class='ocrx_word' id='word_1_711' title='bbox 2016 3680 2144 3736; x_wconf 85' lang='lat' dir='ltr'><strong>goga</strong></span> <span class='ocrx_word' id='word_1_712' title='bbox 2175 3665 2288 3717; x_wconf 85' lang='lat' dir='ltr'><strong>sive</strong></span> <span class='ocrx_word' id='word_1_713' title='bbox 2313 3662 2380 3718; x_wconf 89' lang='lat' dir='ltr'><strong>de</strong></span> <span class='ocrx_word' id='word_1_714' title='bbox 2410 3661 2588 3730; x_wconf 86' lang='lat' dir='ltr'><strong>plebe,</strong></span> <span class='ocrx_word' id='word_1_715' title='bbox 2614 3656 2836 3713; x_wconf 87' lang='lat' dir='ltr'><strong>attende</strong></span> <span class='ocrx_word' id='word_1_716' title='bbox 2862 3656 2991 3725; x_wconf 88' lang='lat' dir='ltr'><strong>quid</strong></span> <span class='ocrx_word' id='word_1_717' title='bbox 3019 3653 3094 3709; x_wconf 86' lang='lat' dir='ltr'><strong>ait</strong></span> <span class='ocrx_word' id='word_1_718' title='bbox 3123 3670 3138 3708; x_wconf 92' lang='lat'><strong>:</strong></span> 
     </span>
    </p>
   </div>
   <div class='ocr_carea' id='block_1_97' title="bbox 2088 3740 3591 3826">
    <p class='ocr_par' dir='ltr' id='par_1_97' title="bbox 2088 3740 3591 3826">
     <span class='ocr_line' id='line_1_97' title="bbox 2088 3740 3591 3826; baseline -0.013 -16"><span class='ocrx_word' id='word_1_719' title='bbox 2088 3756 2235 3821; x_wconf 78' lang='lat' dir='ltr'><strong>Quod</strong></span> <span class='ocrx_word' id='word_1_720' title='bbox 2262 3754 2308 3808; x_wconf 83' lang='lat' dir='ltr'><strong>si</strong></span> <span class='ocrx_word' id='word_1_721' title='bbox 2332 3754 2497 3807; x_wconf 87' lang='lat' dir='ltr'><strong>omnis</strong></span> <span class='ocrx_word' id='word_1_722' title='bbox 2526 3755 2677 3804; x_wconf 87' lang='lat' dir='ltr'><strong>turba</strong></span> <span class='ocrx_word' id='word_1_723' title='bbox 2702 3745 2874 3826; x_wconf 76' lang='lat' dir='ltr'><strong>Israel</strong></span> <span class='ocrx_word' id='word_1_724' title='bbox 2906 3744 3251 3816; x_wconf 76' lang='lat' dir='ltr'><strong>ignorauerit,</strong></span> <span class='ocrx_word' id='word_1_725' title='bbox 3283 3750 3332 3795; x_wconf 86' lang='lat' dir='ltr'><strong>el</strong></span> <span class='ocrx_word' id='word_1_726' title='bbox 3360 3756 3453 3810; x_wconf 85' lang='lat' dir='ltr'><strong>per</strong></span> <span class='ocrx_word' id='word_1_727' title='bbox 3487 3740 3591 3792; x_wconf 86' lang='lat' dir='ltr'><strong>im-</strong></span> 
     </span>
    </p>
   </div>
   <div class='ocr_carea' id='block_1_98' title="bbox 2017 3831 3590 3922">
    <p class='ocr_par' dir='ltr' id='par_1_98' title="bbox 2017 3831 3590 3922">
     <span class='ocr_line' id='line_1_98' title="bbox 2017 3831 3590 3922; baseline -0.013 -18"><span class='ocrx_word' id='word_1_728' title='bbox 2017 3850 2260 3922; x_wconf 87' lang='lat' dir='ltr'><strong>peritiam</strong></span> <span class='ocrx_word' id='word_1_729' title='bbox 2288 3846 2465 3919; x_wconf 82' lang='lat' dir='ltr'><strong>fecerit</strong></span> <span class='ocrx_word' id='word_1_730' title='bbox 2524 3843 2662 3912; x_wconf 88' lang='lat' dir='ltr'><strong>quod</strong></span> <span class='ocrx_word' id='word_1_731' title='bbox 2697 3849 2878 3894; x_wconf 81' lang='lat' dir='ltr'><strong>contra</strong></span> <span class='ocrx_word' id='word_1_732' title='bbox 2923 3838 3231 3891; x_wconf 86' lang='lat' dir='ltr'><strong>mandatum</strong></span> <span class='ocrx_word' id='word_1_733' title='bbox 3258 3831 3467 3887; x_wconf 88' lang='lat' dir='ltr'><strong>Domini</strong></span> <span class='ocrx_word' id='word_1_734' title='bbox 3492 3837 3590 3893; x_wconf 79' lang='lat' dir='ltr'><strong>est,</strong></span> 
     </span>
    </p>
   </div>
   <div class='ocr_carea' id='block_1_99' title="bbox 2018 3921 3594 4009">
    <p class='ocr_par' dir='ltr' id='par_1_99' title="bbox 2018 3921 3594 4009">
     <span class='ocr_line' id='line_1_99' title="bbox 2018 3921 3594 4009; baseline -0.013 -16"><span class='ocrx_word' id='word_1_735' title='bbox 2018 3921 2066 3994; x_wconf 88' lang='lat' dir='ltr'><strong>et</strong></span> <span class='ocrx_word' id='word_1_736' title='bbox 2090 3947 2266 4009; x_wconf 85' lang='lat' dir='ltr'><strong>postea</strong></span> <span class='ocrx_word' id='word_1_737' title='bbox 2295 3934 2607 3990; x_wconf 73' lang='lat' dir='ltr'><strong>intellexerit</strong></span> <span class='ocrx_word' id='word_1_738' title='bbox 2633 3938 2901 3995; x_wconf 84' lang='lat' dir='ltr'><strong>peccatum</strong></span> <span class='ocrx_word' id='word_1_739' title='bbox 2933 3943 3110 3981; x_wconf 78' lang='lat' dir='ltr'><strong>suum.</strong></span> <span class='ocrx_word' id='word_1_740' title='bbox 3166 3925 3309 3995; x_wconf 85' lang='lat' dir='ltr'><strong>Ergo</strong></span> <span class='ocrx_word' id='word_1_741' title='bbox 3336 3924 3406 3978; x_wconf 90' lang='lat' dir='ltr'><strong>ab</strong></span> <span class='ocrx_word' id='word_1_742' title='bbox 3437 3921 3594 3975; x_wconf 88' lang='lat' dir='ltr'><strong>initio</strong></span> 
     </span>
    </p>
   </div>
   <div class='ocr_carea' id='block_1_100' title="bbox 2016 4014 3593 4101">
    <p class='ocr_par' dir='ltr' id='par_1_100' title="bbox 2016 4014 3593 4101">
     <span class='ocr_line' id='line_1_100' title="bbox 2016 4014 3593 4101; baseline -0.011 -16"><span class='ocrx_word' id='word_1_743' title='bbox 2016 4029 2238 4101; x_wconf 88' lang='lat' dir='ltr'><strong>quidem</strong></span> <span class='ocrx_word' id='word_1_744' title='bbox 2291 4041 2450 4081; x_wconf 90' lang='lat' dir='ltr'><strong>suum</strong></span> <span class='ocrx_word' id='word_1_745' title='bbox 2497 4030 2783 4094; x_wconf 86' lang='lat' dir='ltr'><strong>peccatum</strong></span> <span class='ocrx_word' id='word_1_746' title='bbox 2835 4020 3246 4091; x_wconf 88' lang='lat' dir='ltr'><strong>ignoraverunt,</strong></span> <span class='ocrx_word' id='word_1_747' title='bbox 3276 4014 3370 4069; x_wconf 86' lang='lat' dir='ltr'><strong>sed</strong></span> <span class='ocrx_word' id='word_1_748' title='bbox 3403 4022 3593 4082; x_wconf 85' lang='lat' dir='ltr'><strong>postea</strong></span> 
     </span>
    </p>
   </div>
   <div class='ocr_carea' id='block_1_101' title="bbox 2018 4102 3590 4190">
    <p class='ocr_par' dir='ltr' id='par_1_101' title="bbox 2018 4102 3590 4190">
     <span class='ocr_line' id='line_1_101' title="bbox 2018 4102 3590 4190; baseline -0.014 -16"><span class='ocrx_word' id='word_1_749' title='bbox 2018 4124 2411 4190; x_wconf 88' lang='lat' dir='ltr'><strong>cognoverunt.</strong></span> <span class='ocrx_word' id='word_1_750' title='bbox 2462 4115 2531 4168; x_wconf 88' lang='lat' dir='ltr'><strong>Et</strong></span> <span class='ocrx_word' id='word_1_751' title='bbox 2556 4113 2664 4168; x_wconf 89' lang='lat' dir='ltr'><strong>hoc</strong></span> <span class='ocrx_word' id='word_1_752' title='bbox 2691 4109 2989 4166; x_wconf 87' lang='lat' dir='ltr'><strong>ostendunt</strong></span> <span class='ocrx_word' id='word_1_753' title='bbox 3017 4106 3137 4176; x_wconf 87' lang='lat' dir='ltr'><strong>ipsa</strong></span> <span class='ocrx_word' id='word_1_754' title='bbox 3163 4106 3330 4160; x_wconf 88' lang='lat' dir='ltr'><strong>verba</strong></span> <span class='ocrx_word' id='word_1_755' title='bbox 3356 4102 3590 4163; x_wconf 89' lang='lat' dir='ltr'><strong>Domini,</strong></span> 
     </span>
    </p>
   </div>
   <div class='ocr_carea' id='block_1_102' title="bbox 2019 4194 3594 4273">
    <p class='ocr_par' dir='ltr' id='par_1_102' title="bbox 2019 4194 3594 4273">
     <span class='ocr_line' id='line_1_102' title="bbox 2019 4194 3594 4273; baseline -0.014 -7"><span class='ocrx_word' id='word_1_756' title='bbox 2019 4209 2094 4265; x_wconf 87' lang='lat' dir='ltr'><strong>ait</strong></span> <span class='ocrx_word' id='word_1_757' title='bbox 2115 4209 2262 4264; x_wconf 90' lang='lat' dir='ltr'><strong>enim</strong></span> <span class='ocrx_word' id='word_1_758' title='bbox 2290 4226 2304 4273; x_wconf 72' lang='grc' dir='ltr'><strong>ς</strong></span> <span class='ocrx_word' id='word_1_759' title='bbox 2342 4206 2459 4261; x_wconf 79' lang='lat' dir='ltr'><strong>Nisi</strong></span> <span class='ocrx_word' id='word_1_760' title='bbox 2502 4205 2768 4262; x_wconf 85' lang='lat' dir='ltr'><strong>uenissem.</strong></span> <span class='ocrx_word' id='word_1_761' title='bbox 2797 4212 2845 4256; x_wconf 84' lang='lat' dir='ltr'><strong>et</strong></span> <span class='ocrx_word' id='word_1_762' title='bbox 2879 4201 3080 4255; x_wconf 86' lang='lat' dir='ltr'><strong>locutus</strong></span> <span class='ocrx_word' id='word_1_763' title='bbox 3104 4197 3177 4251; x_wconf 88' lang='lat' dir='ltr'><strong>eis</strong></span> <span class='ocrx_word' id='word_1_764' title='bbox 3206 4194 3439 4268; x_wconf 80' lang='lat' dir='ltr'><strong>fuissem,</strong></span> <span class='ocrx_word' id='word_1_765' title='bbox 3473 4208 3594 4261; x_wconf 80' lang='lat' dir='ltr'><strong>pec-</strong></span> 
     </span>
    </p>
   </div>
   <div class='ocr_carea' id='block_1_103' title="bbox 2019 4286 3595 4360">
    <p class='ocr_par' dir='ltr' id='par_1_103' title="bbox 2019 4286 3595 4360">
     <span class='ocr_line' id='line_1_103' title="bbox 2019 4286 3595 4360; baseline -0.011 -9"><span class='ocrx_word' id='word_1_766' title='bbox 2019 4305 2196 4351; x_wconf 84' lang='lat' dir='ltr'><strong>catum</strong></span> <span class='ocrx_word' id='word_1_767' title='bbox 2243 4311 2346 4349; x_wconf 83' lang='lat' dir='ltr'><strong>non</strong></span> <span class='ocrx_word' id='word_1_768' title='bbox 2412 4293 2681 4355; x_wconf 86' lang='lat' dir='ltr'><strong>haberent,</strong></span> <span class='ocrx_word' id='word_1_769' title='bbox 2738 4299 2795 4344; x_wconf 86' lang='lat' dir='ltr'><strong>ut</strong></span> <span class='ocrx_word' id='word_1_770' title='bbox 2843 4291 3145 4360; x_wconf 84' lang='lat' dir='ltr'><strong>ignorantes</strong></span> <span class='ocrx_word' id='word_1_771' title='bbox 3191 4286 3402 4354; x_wconf 81' lang='lat' dir='ltr'><strong>utique,</strong></span> <span class='ocrx_word' id='word_1_772' title='bbox 3454 4297 3595 4335; x_wconf 84' lang='lat' dir='ltr'><strong>nunc</strong></span> 
     </span>
    </p>
   </div>
   <div class='ocr_carea' id='block_1_104' title="bbox 2018 4364 3590 4448">
    <p class='ocr_par' dir='ltr' id='par_1_104' title="bbox 2018 4364 3590 4448">
     <span class='ocr_line' id='line_1_104' title="bbox 2018 4364 3590 4448; baseline -0.01 -6"><span class='ocrx_word' id='word_1_773' title='bbox 2018 4397 2195 4442; x_wconf 87' lang='lat' dir='ltr'><strong>autem</strong></span> <span class='ocrx_word' id='word_1_774' title='bbox 2235 4385 2622 4441; x_wconf 75' lang='lat' dir='ltr'><strong>excusationem</strong></span> <span class='ocrx_word' id='word_1_775' title='bbox 2660 4398 2762 4435; x_wconf 89' lang='lat' dir='ltr'><strong>non</strong></span> <span class='ocrx_word' id='word_1_776' title='bbox 2816 4364 3004 4435; x_wconf 73' lang='lat' dir='ltr'><strong>[tabent</strong></span> <span class='ocrx_word' id='word_1_777' title='bbox 3041 4379 3104 4432; x_wconf 87' lang='lat' dir='ltr'><strong>de</strong></span> <span class='ocrx_word' id='word_1_778' title='bbox 3147 4384 3360 4448; x_wconf 81' lang='lat' dir='ltr'><strong>peccato</strong></span> <span class='ocrx_word' id='word_1_779' title='bbox 3411 4389 3504 4428; x_wconf 90' lang='lat' dir='ltr'><strong>suo</strong></span> <span class='ocrx_word' id='word_1_780' title='bbox 3525 4375 3590 4434; x_wconf 77' lang='grc'><strong>⁷⁸,</strong></span> 
     </span>
    </p>
   </div>
   <div class='ocr_carea' id='block_1_105' title="bbox 2022 4462 3595 4548">
    <p class='ocr_par' dir='ltr' id='par_1_105' title="bbox 2022 4462 3595 4548">
     <span class='ocr_line' id='line_1_105' title="bbox 2022 4462 3595 4548; baseline -0.013 -14"><span class='ocrx_word' id='word_1_781' title='bbox 2022 4486 2206 4548; x_wconf 89' lang='lat' dir='ltr'><strong>utpote</strong></span> <span class='ocrx_word' id='word_1_782' title='bbox 2241 4492 2337 4547; x_wconf 83' lang='lat' dir='ltr'><strong>per</strong></span> <span class='ocrx_word' id='word_1_783' title='bbox 2365 4476 2483 4546; x_wconf 83' lang='lat' dir='ltr'><strong>ejus</strong></span> <span class='ocrx_word' id='word_1_784' title='bbox 2512 4473 2817 4530; x_wconf 90' lang='lat' dir='ltr'><strong>doctrinam</strong></span> <span class='ocrx_word' id='word_1_785' title='bbox 2847 4472 3141 4530; x_wconf 88' lang='lat' dir='ltr'><strong>discentes,</strong></span> <span class='ocrx_word' id='word_1_786' title='bbox 3189 4466 3331 4537; x_wconf 87' lang='lat' dir='ltr'><strong>quod</strong></span> <span class='ocrx_word' id='word_1_787' title='bbox 3376 4462 3595 4518; x_wconf 77' lang='lat' dir='ltr'><strong>nescie-</strong></span> 
     </span>
    </p>
   </div>
   <div class='ocr_carea' id='block_1_106' title="bbox 2020 4565 3593 4637">
    <p class='ocr_par' dir='ltr' id='par_1_106' title="bbox 2020 4565 3593 4637">
     <span class='ocr_line' id='line_1_106' title="bbox 2020 4565 3593 4637; baseline -0.013 -13"><span class='ocrx_word' id='word_1_788' title='bbox 2020 4568 2150 4624; x_wconf 84' lang='lat' dir='ltr'><strong>bant</strong></span> <span class='ocrx_word' id='word_1_789' title='bbox 2179 4566 2368 4637; x_wconf 86' lang='lat' dir='ltr'><strong>prius:</strong></span> <span class='ocrx_word' id='word_1_790' title='bbox 2405 4565 2621 4634; x_wconf 82' lang='lat' dir='ltr'><strong>quando</strong></span> <span class='ocrx_word' id='word_1_791' title='bbox 2671 4577 2799 4632; x_wconf 86' lang='lat' dir='ltr'><strong>ergo</strong></span> <span class='ocrx_word' id='word_1_792' title='bbox 2847 4574 3006 4615; x_wconf 90' lang='lat' dir='ltr'><strong>suum</strong></span> <span class='ocrx_word' id='word_1_793' title='bbox 3061 4568 3345 4628; x_wconf 85' lang='lat' dir='ltr'><strong>peccatum</strong></span> <span class='ocrx_word' id='word_1_794' title='bbox 3386 4568 3593 4622; x_wconf 53' lang='lat' dir='ltr'><strong>eogno:</strong></span> 
     </span>
    </p>
   </div>
   <div class='ocr_carea' id='block_1_107' title="bbox 2018 4648 3592 4723">
    <p class='ocr_par' dir='ltr' id='par_1_107' title="bbox 2018 4648 3592 4723">
     <span class='ocr_line' id='line_1_107' title="bbox 2018 4648 3592 4723; baseline -0.008 -10"><span class='ocrx_word' id='word_1_795' title='bbox 2018 4667 2232 4722; x_wconf 82' lang='lat' dir='ltr'><strong>verunt,</strong></span> <span class='ocrx_word' id='word_1_796' title='bbox 2277 4667 2403 4723; x_wconf 82' lang='lat' dir='ltr'><strong>tunc</strong></span> <span class='ocrx_word' id='word_1_797' title='bbox 2431 4656 2497 4713; x_wconf 91' lang='lat' dir='ltr'><strong>ad</strong></span> <span class='ocrx_word' id='word_1_798' title='bbox 2524 4653 2847 4711; x_wconf 88' lang='lat' dir='ltr'><strong>sacriﬁcium</strong></span> <span class='ocrx_word' id='word_1_799' title='bbox 2879 4648 3151 4721; x_wconf 87' lang='lat' dir='ltr'><strong>Unigeniti</strong></span> <span class='ocrx_word' id='word_1_800' title='bbox 3198 4662 3257 4710; x_wconf 81' lang='lat' dir='ltr'><strong>se</strong></span> <span class='ocrx_word' id='word_1_801' title='bbox 3285 4651 3592 4703; x_wconf 74' lang='lat' dir='ltr'><strong>verterunt.</strong></span> 
     </span>
    </p>
   </div>
   <div class='ocr_carea' id='block_1_108' title="bbox 2019 4737 3593 4811">
    <p class='ocr_par' dir='ltr' id='par_1_108' title="bbox 2019 4737 3593 4811">
     <span class='ocr_line' id='line_1_108' title="bbox 2019 4737 3593 4811; baseline -0.011 -4"><span class='ocrx_word' id='word_1_802' title='bbox 2019 4751 2225 4807; x_wconf 90' lang='lat' dir='ltr'><strong>Deinde</strong></span> <span class='ocrx_word' id='word_1_803' title='bbox 2259 4750 2313 4804; x_wconf 91' lang='lat' dir='ltr'><strong>in</strong></span> <span class='ocrx_word' id='word_1_804' title='bbox 2344 4747 2611 4809; x_wconf 86' lang='lat' dir='ltr'><strong>sacriﬁcio</strong></span> <span class='ocrx_word' id='word_1_805' title='bbox 2657 4742 2956 4800; x_wconf 85' lang='lat' dir='ltr'><strong>sacerdotis</strong></span> <span class='ocrx_word' id='word_1_806' title='bbox 2990 4742 3171 4811; x_wconf 89' lang='lat' dir='ltr'><strong>ipsum</strong></span> <span class='ocrx_word' id='word_1_807' title='bbox 3208 4738 3449 4795; x_wconf 80' lang='lat' dir='ltr'><strong>diximus</strong></span> <span class='ocrx_word' id='word_1_808' title='bbox 3485 4737 3593 4791; x_wconf 86' lang='lat' dir='ltr'><strong>im-</strong></span> 
     </span>
    </p>
   </div>
   <div class='ocr_carea' id='block_1_109' title="bbox 2019 4830 3590 4926">
    <p class='ocr_par' dir='ltr' id='par_1_109' title="bbox 2019 4830 3590 4926">
     <span class='ocr_line' id='line_1_109' title="bbox 2019 4830 3590 4926; baseline -0.01 -28"><span class='ocrx_word' id='word_1_809' title='bbox 2019 4844 2265 4916; x_wconf 89' lang='lat' dir='ltr'><strong>posuisse</strong></span> <span class='ocrx_word' id='word_1_810' title='bbox 2294 4855 2516 4896; x_wconf 88' lang='lat' dir='ltr'><strong>manum</strong></span> <span class='ocrx_word' id='word_1_811' title='bbox 2549 4852 2716 4926; x_wconf 68' lang='lat' dir='ltr'><strong>super</strong></span> <span class='ocrx_word' id='word_1_812' title='bbox 2758 4845 2924 4907; x_wconf 88' lang='lat' dir='ltr'><strong>caput</strong></span> <span class='ocrx_word' id='word_1_813' title='bbox 2957 4833 3130 4897; x_wconf 89' lang='lat' dir='ltr'><strong>vituli,</strong></span> <span class='ocrx_word' id='word_1_814' title='bbox 3165 4830 3259 4886; x_wconf 85' lang='lat' dir='ltr'><strong>hic</strong></span> <span class='ocrx_word' id='word_1_815' title='bbox 3290 4838 3474 4884; x_wconf 88' lang='lat' dir='ltr'><strong>autem</strong></span> <span class='ocrx_word' id='word_1_816' title='bbox 3504 4841 3590 4883; x_wconf 66' lang='lat' dir='ltr'><strong>se~</strong></span> 
     </span>
    </p>
   </div>
   <div class='ocr_carea' id='block_1_110' title="bbox 2020 4916 3593 4999">
    <p class='ocr_par' dir='ltr' id='par_1_110' title="bbox 2020 4916 3593 4999">
     <span class='ocr_line' id='line_1_110' title="bbox 2020 4916 3593 4999; baseline -0.01 -12"><span class='ocrx_word' id='word_1_817' title='bbox 2020 4935 2203 4995; x_wconf 88' lang='lat' dir='ltr'><strong>niores</strong></span> <span class='ocrx_word' id='word_1_818' title='bbox 2230 4932 2334 4999; x_wconf 80' lang='lat' dir='ltr'><strong>hoc</strong></span> <span class='ocrx_word' id='word_1_819' title='bbox 2372 4929 2548 4987; x_wconf 81' lang='lat' dir='ltr'><strong>facere</strong></span> <span class='ocrx_word' id='word_1_820' title='bbox 2578 4916 2729 4982; x_wconf 73' lang='lat' dir='ltr'><strong>dicit.</strong></span> <span class='ocrx_word' id='word_1_821' title='bbox 2776 4926 3079 4994; x_wconf 86' lang='lat' dir='ltr'><strong>Utrumque</strong></span> <span class='ocrx_word' id='word_1_822' title='bbox 3109 4923 3254 4978; x_wconf 90' lang='lat' dir='ltr'><strong>enim</strong></span> <span class='ocrx_word' id='word_1_823' title='bbox 3304 4933 3493 4975; x_wconf 86' lang='lat' dir='ltr'><strong>revera</strong></span> <span class='ocrx_word' id='word_1_824' title='bbox 3537 4916 3593 4971; x_wconf 91' lang='lat' dir='ltr'><strong>in</strong></span> 
     </span>
    </p>
   </div>
   <div class='ocr_carea' id='block_1_111' title="bbox 2017 5007 3598 5091">
    <p class='ocr_par' dir='ltr' id='par_1_111' title="bbox 2017 5007 3598 5091">
     <span class='ocr_line' id='line_1_111' title="bbox 2017 5007 3598 5091; baseline -0.013 -12"><span class='ocrx_word' id='word_1_825' title='bbox 2017 5023 2220 5080; x_wconf 87' lang='lat' dir='ltr'><strong>Christi</strong></span> <span class='ocrx_word' id='word_1_826' title='bbox 2251 5018 2517 5087; x_wconf 83' lang='lat' dir='ltr'><strong>sacriﬁcio</strong></span> <span class='ocrx_word' id='word_1_827' title='bbox 2550 5018 2828 5091; x_wconf 86' lang='lat' dir='ltr'><strong>agebatur,</strong></span> <span class='ocrx_word' id='word_1_828' title='bbox 2857 5016 2913 5071; x_wconf 92' lang='lat' dir='ltr'><strong>id</strong></span> <span class='ocrx_word' id='word_1_829' title='bbox 2945 5024 3049 5081; x_wconf 88' lang='lat' dir='ltr'><strong>est,</strong></span> <span class='ocrx_word' id='word_1_830' title='bbox 3094 5013 3219 5084; x_wconf 88' lang='lat' dir='ltr'><strong>quia</strong></span> <span class='ocrx_word' id='word_1_831' title='bbox 3249 5020 3308 5066; x_wconf 90' lang='lat' dir='ltr'><strong>et</strong></span> <span class='ocrx_word' id='word_1_832' title='bbox 3339 5007 3598 5065; x_wconf 81' lang='lat' dir='ltr'><strong>immine-</strong></span> 
     </span>
    </p>
   </div>
   <div class='ocr_carea' id='block_1_112' title="bbox 2019 5097 3599 5170">
    <p class='ocr_par' dir='ltr' id='par_1_112' title="bbox 2019 5097 3599 5170">
     <span class='ocr_line' id='line_1_112' title="bbox 2019 5097 3599 5170; baseline -0.011 -2"><span class='ocrx_word' id='word_1_833' title='bbox 2019 5112 2151 5168; x_wconf 88' lang='lat' dir='ltr'><strong>bant</strong></span> <span class='ocrx_word' id='word_1_834' title='bbox 2185 5112 2252 5166; x_wconf 89' lang='lat' dir='ltr'><strong>ad</strong></span> <span class='ocrx_word' id='word_1_835' title='bbox 2300 5107 2787 5166; x_wconf 88' lang='lat' dir='ltr'><strong>consummandum</strong></span> <span class='ocrx_word' id='word_1_836' title='bbox 2840 5106 2971 5161; x_wconf 89' lang='lat' dir='ltr'><strong>illud</strong></span> <span class='ocrx_word' id='word_1_837' title='bbox 3009 5105 3255 5161; x_wconf 88' lang='lat' dir='ltr'><strong>seniores</strong></span> <span class='ocrx_word' id='word_1_838' title='bbox 3300 5097 3508 5170; x_wconf 89' lang='lat' dir='ltr'><strong>populi,</strong></span> <span class='ocrx_word' id='word_1_839' title='bbox 3542 5105 3599 5150; x_wconf 82' lang='lat' dir='ltr'><strong>et</strong></span> 
     </span>
    </p>
   </div>
   <div class='ocr_carea' id='block_1_113' title="bbox 2022 5185 3598 5269">
    <p class='ocr_par' dir='ltr' id='par_1_113' title="bbox 2022 5185 3598 5269">
     <span class='ocr_line' id='line_1_113' title="bbox 2022 5185 3598 5269; baseline -0.008 -12"><span class='ocrx_word' id='word_1_840' title='bbox 2022 5202 2248 5268; x_wconf 64' lang='lat' dir='ltr'><strong>Scribaz,</strong></span> <span class='ocrx_word' id='word_1_841' title='bbox 2311 5208 2367 5255; x_wconf 87' lang='lat' dir='ltr'><strong>et</strong></span> <span class='ocrx_word' id='word_1_842' title='bbox 2415 5197 2648 5269; x_wconf 89' lang='lat' dir='ltr'><strong>Caiphas</strong></span> <span class='ocrx_word' id='word_1_843' title='bbox 2701 5197 2955 5269; x_wconf 84' lang='lat' dir='ltr'><strong>princeps</strong></span> <span class='ocrx_word' id='word_1_844' title='bbox 3011 5194 3394 5254; x_wconf 87' lang='lat' dir='ltr'><strong>sacerdotum,</strong></span> <span class='ocrx_word' id='word_1_845' title='bbox 3447 5185 3598 5245; x_wconf 55' lang='lat' dir='ltr'><strong>dicet</strong></span> 
     </span>
    </p>
   </div>
   <div class='ocr_carea' id='block_1_114' title="bbox 2022 5281 3600 5387">
    <p class='ocr_par' dir='ltr' id='par_1_114' title="bbox 2022 5281 3600 5387">
     <span class='ocr_line' id='line_1_114' title="bbox 2022 5281 3600 5387; baseline -0.015 -37"><span class='ocrx_word' id='word_1_846' title='bbox 2022 5296 2291 5364; x_wconf 81' lang='lat' dir='ltr'><strong>bamque:</strong></span> <span class='ocrx_word' id='word_1_847' title='bbox 2326 5290 2548 5361; x_wconf 68' lang='lat' dir='ltr'><strong>Expedit</strong></span> <span class='ocrx_word' id='word_1_848' title='bbox 2568 5290 2729 5387; x_wconf 57' lang='lat' dir='ltr'><strong>‘nobis</strong></span> <span class='ocrx_word' id='word_1_849' title='bbox 2768 5298 2821 5344; x_wconf 89' lang='lat' dir='ltr'><strong>ut</strong></span> <span class='ocrx_word' id='word_1_850' title='bbox 2861 5305 2992 5343; x_wconf 86' lang='lat' dir='ltr'><strong>unus</strong></span> <span class='ocrx_word' id='word_1_851' title='bbox 3015 5289 3167 5340; x_wconf 85' lang='lat' dir='ltr'><strong>homo</strong></span> <span class='ocrx_word' id='word_1_852' title='bbox 3206 5281 3469 5336; x_wconf 87' lang='lat' dir='ltr'><strong>moriatur</strong></span> <span class='ocrx_word' id='word_1_853' title='bbox 3503 5292 3600 5345; x_wconf 77' lang='lat' dir='ltr'><strong>pro</strong></span> 
     </span>
    </p>
   </div>
   <div class='ocr_carea' id='block_1_115' title="bbox 2021 5369 3601 5457">
    <p class='ocr_par' dir='ltr' id='par_1_115' title="bbox 2021 5369 3601 5457">
     <span class='ocr_line' id='line_1_115' title="bbox 2021 5369 3601 5457; baseline -0.012 -17"><span class='ocrx_word' id='word_1_854' title='bbox 2021 5385 2232 5457; x_wconf 86' lang='lat' dir='ltr'><strong>populo,</strong></span> <span class='ocrx_word' id='word_1_855' title='bbox 2256 5393 2304 5438; x_wconf 90' lang='lat' dir='ltr'><strong>et</strong></span> <span class='ocrx_word' id='word_1_856' title='bbox 2328 5401 2430 5438; x_wconf 86' lang='lat' dir='ltr'><strong>non</strong></span> <span class='ocrx_word' id='word_1_857' title='bbox 2459 5369 2714 5452; x_wconf 67' lang='lat' dir='ltr'><strong>tota&#39;gens</strong></span> <span class='ocrx_word' id='word_1_858' title='bbox 2737 5389 2913 5450; x_wconf 80' lang='lat' dir='ltr'><strong>pereat</strong></span> <span class='ocrx_word' id='word_1_859' title='bbox 2930 5379 2973 5411; x_wconf 75' lang='lat'><strong>7°</strong></span> <span class='ocrx_word' id='word_1_860' title='bbox 2999 5393 3016 5445; x_wconf 88' lang='lat'><strong>;</strong></span> <span class='ocrx_word' id='word_1_861' title='bbox 3043 5386 3097 5432; x_wconf 91' lang='lat' dir='ltr'><strong>et</strong></span> <span class='ocrx_word' id='word_1_862' title='bbox 3111 5375 3238 5445; x_wconf 90' lang='lat' dir='ltr'><strong>quia</strong></span> <span class='ocrx_word' id='word_1_863' title='bbox 3259 5371 3410 5426; x_wconf 88' lang='lat' dir='ltr'><strong>nullo</strong></span> <span class='ocrx_word' id='word_1_864' title='bbox 3437 5369 3601 5432; x_wconf 85' lang='lat' dir='ltr'><strong>modo</strong></span> 
     </span>
    </p>
   </div>
   <div class='ocr_carea' id='block_1_116' title="bbox 2023 5463 3593 5549">
    <p class='ocr_par' dir='ltr' id='par_1_116' title="bbox 2023 5463 3593 5549">
     <span class='ocr_line' id='line_1_116' title="bbox 2023 5463 3593 5549; baseline -0.012 -16"><span class='ocrx_word' id='word_1_865' title='bbox 2023 5479 2223 5549; x_wconf 82' lang='lat' dir='ltr'><strong>expleri</strong></span> <span class='ocrx_word' id='word_1_866' title='bbox 2253 5477 2539 5548; x_wconf 89' lang='lat' dir='ltr'><strong>potuisset,</strong></span> <span class='ocrx_word' id='word_1_867' title='bbox 2574 5476 2619 5531; x_wconf 88' lang='lat' dir='ltr'><strong>si</strong></span> <span class='ocrx_word' id='word_1_868' title='bbox 2649 5490 2759 5529; x_wconf 90' lang='lat' dir='ltr'><strong>non</strong></span> <span class='ocrx_word' id='word_1_869' title='bbox 2786 5471 3145 5539; x_wconf 88' lang='lat' dir='ltr'><strong>semetipsum</strong></span> <span class='ocrx_word' id='word_1_870' title='bbox 3178 5466 3244 5521; x_wconf 87' lang='lat' dir='ltr'><strong>ad</strong></span> <span class='ocrx_word' id='word_1_871' title='bbox 3278 5463 3593 5535; x_wconf 86' lang='lat' dir='ltr'><strong>passionem</strong></span> 
     </span>
    </p>
   </div>
   <div class='ocr_carea' id='block_1_117' title="bbox 2025 5555 3599 5641">
    <p class='ocr_par' dir='ltr' id='par_1_117' title="bbox 2025 5555 3599 5641">
     <span class='ocr_line' id='line_1_117' title="bbox 2025 5555 3599 5641; baseline -0.01 -20"><span class='ocrx_word' id='word_1_872' title='bbox 2025 5568 2283 5641; x_wconf 83' lang='lat' dir='ltr'><strong>Dominus</strong></span> <span class='ocrx_word' id='word_1_873' title='bbox 2348 5566 2676 5634; x_wconf 88' lang='lat' dir='ltr'><strong>tradidisset,</strong></span> <span class='ocrx_word' id='word_1_874' title='bbox 2735 5565 2792 5619; x_wconf 88' lang='lat' dir='ltr'><strong>in</strong></span> <span class='ocrx_word' id='word_1_875' title='bbox 2855 5570 3064 5618; x_wconf 89' lang='lat' dir='ltr'><strong>tantum</strong></span> <span class='ocrx_word' id='word_1_876' title='bbox 3124 5568 3185 5614; x_wconf 90' lang='lat' dir='ltr'><strong>ut</strong></span> <span class='ocrx_word' id='word_1_877' title='bbox 3245 5558 3362 5628; x_wconf 85' lang='lat' dir='ltr'><strong>ipse</strong></span> <span class='ocrx_word' id='word_1_878' title='bbox 3388 5555 3599 5610; x_wconf 88' lang='lat' dir='ltr'><strong>diceret</strong></span> 
     </span>
    </p>
   </div>
   <div class='ocr_carea' id='block_1_118' title="bbox 418 5664 1914 5776">
    <p class='ocr_par' dir='ltr' id='par_1_118' title="bbox 418 5707 1875 5772">
     <span class='ocr_line' id='line_1_118' title="bbox 418 5707 1875 5772; baseline -0.004 -8"><span class='ocrx_word' id='word_1_879' title='bbox 418 5710 679 5766; x_wconf 65' lang='lat' dir='ltr'><strong>&quot;llﬂor.</strong></span> <span class='ocrx_word' id='word_1_880' title='bbox 729 5728 803 5772; x_wconf 79' lang='lat' dir='ltr'><strong>IV,</strong></span> <span class='ocrx_word' id='word_1_881' title='bbox 868 5707 953 5764; x_wconf 73' lang='lat'><strong>16.</strong></span> <span class='ocrx_word' id='word_1_882' title='bbox 1030 5709 1096 5741; x_wconf 85' lang='grc'><strong>⁷⁰”</strong></span> <span class='ocrx_word' id='word_1_883' title='bbox 1157 5708 1312 5763; x_wconf 79' lang='lat' dir='ltr'><strong>Joan.</strong></span> <span class='ocrx_word' id='word_1_884' title='bbox 1358 5723 1396 5772; x_wconf 83' lang='grc' dir='ltr'><strong>ι,</strong></span> <span class='ocrx_word' id='word_1_885' title='bbox 1434 5708 1518 5763; x_wconf 63' lang='lat' dir='ltr'><strong>ll.</strong></span> <span class='ocrx_word' id='word_1_886' title='bbox 1594 5707 1634 5737; x_wconf 86' lang='lat'>&#39;“</span> <span class='ocrx_word' id='word_1_887' title='bbox 1669 5707 1875 5762; x_wconf 89' lang='lat' dir='ltr'><strong>Coloss.</strong></span> 
     </span>
    </p>
   </div>
   <div class='ocr_carea' id='block_1_119' title="bbox 2011 5664 3593 5776">
    <p class='ocr_par' dir='ltr' id='par_1_119' title="bbox 2011 5674 3593 5776">
     <span class='ocr_line' id='line_1_119' title="bbox 2011 5674 3593 5776; baseline -0.009 -14"><span class='ocrx_word' id='word_1_888' title='bbox 2011 5707 2194 5776; x_wconf 67' lang='lat'><strong>1648.</strong></span> <span class='ocrx_word' id='word_1_889' title='bbox 2289 5704 2675 5769; x_wconf 79' lang='lat' dir='ltr'><strong>&quot;llebr.xtn,</strong></span> <span class='ocrx_word' id='word_1_890' title='bbox 2729 5674 2841 5756; x_wconf 56' lang='grc' dir='ltr'><strong>ηρ</strong></span> <span class='ocrx_word' id='word_1_891' title='bbox 2923 5689 3593 5759; x_wconf 73' lang='lat' dir='ltr'><strong>&quot;Matth.xxv1,5&#39;5,56.</strong></span> 
     </span>
    </p>
   </div>
   <div class='ocr_carea' id='block_1_120' title="bbox 349 5769 2021 5853">
    <p class='ocr_par' dir='ltr' id='par_1_120' title="bbox 349 5769 2021 5853">
     <span class='ocr_line' id='line_1_120' title="bbox 349 5769 2021 5853; baseline -0.007 -12"><span class='ocrx_word' id='word_1_892' title='bbox 349 5769 817 5851; x_wconf 66' lang='lat' dir='ltr'><strong>“Joan.xtx,28</strong></span> <span class='ocrx_word' id='word_1_893' title='bbox 873 5778 1099 5838; x_wconf 77' lang='lat' dir='ltr'><strong>&quot;Joan.</strong></span> <span class='ocrx_word' id='word_1_894' title='bbox 1160 5794 1246 5849; x_wconf 84' lang='lat' dir='ltr'><strong>xv,</strong></span> <span class='ocrx_word' id='word_1_895' title='bbox 1296 5769 1391 5832; x_wconf 66' lang='lat'><strong>22.</strong></span> <span class='ocrx_word' id='word_1_896' title='bbox 1461 5776 1683 5842; x_wconf 81' lang='lat' dir='ltr'><strong>&quot;Joan.</strong></span> <span class='ocrx_word' id='word_1_897' title='bbox 1735 5791 1885 5853; x_wconf 79' lang='lat' dir='ltr'><strong>xvnt,</strong></span> <span class='ocrx_word' id='word_1_898' title='bbox 1940 5777 2021 5849; x_wconf 56' lang='lat' dir='ltr'><strong>id.</strong></span> 
     </span>
    </p>
   </div>
  </div>
