4030 6240
486 381 599 449 821

1691 364 2052 449 ussvcuti
2086 382 2560 446 PRESBYTER!

3644 380 3756 444 828

494 486 691 552 Petro:
745 497 901 554 Mitte
932 499 1171 571 gladium
1209 509 1357 555 tuum
1411 502 1467 556 in
1525 503 1800 572 vaginam,
1845 501 2064 556 calicem
2093 503 2137 555 Α
2167 495 2380 552 Domini
2408 498 2514 564 sui,
2540 504 2590 549 et
2622 510 2725 549 non
2756 510 2809 548 se
2836 510 3166 562 purpuram,
3211 508 3301 546 nec
3330 492 3530 564 faciens
3562 508 3753 546 secun-

491 602 642 657 quem
693 589 837 643 dedit
877 591 1005 644 milii
1036 590 1220 658 Pater,
1277 607 1381 647 non
1410 591 1582 647 bibam
1620 592 1772 648 illum
1792 592 1880 646 7’.’
1905 591 2071 648 Festi-

492 676 651 732 uabat
713 678 883 734 enim
905 670 1224 750 dispensare
1249 690 1561 737 nostrorum
1606 689 1954 752 peccatorum
1982 698 2070 736 re-

491 767 827 833 missionem,
881 772 1027 841 quod
1085 774 1389 829 necessarie
1434 775 1489 828 in
1548 775 1637 829 his
1691 790 1814 844 quae
1843 783 1972 831 sunt
2002 775 2071 831 de

490 858 787 932 Synagogaa
812 862 1079 918 sacriﬁcio
1110 872 1195 918 est
1217 865 1645 933 consideratum;
1672 867 1750 921 ait
1774 867 1921 923 enim
1948 884 1961 920 :

566 948 654 1003 Sic
681 952 841 1023 faciet
870 954 934 1007 de
972 954 1067 1007 hoc
1107 954 1271 1008 vitulo
1309 957 1566 1025 quomodo
1595 958 1719 1028 fecit
1743 969 1792 1012 et
1830 960 1995 1028 prius,
2021 970 2070 1014 et

488 1052 707 1109 rogante
753 1060 850 1111 pro
905 1047 979 1099 eis
1010 1046 1302 1111 sacerdote,
1355 1049 1615 1117 propitius
1644 1051 1743 1103 erit
1796 1050 2066 1106 Dominus.

487 1131 739 1188 Christus
786 1135 931 1189 enim
969 1136 1144 1192 factus
1186 1147 1271 1192 est
1308 1139 1465 1193 nobis
1500 1140 1815 1210 propitiatio
1858 1142 1912 1197 in
1942 1158 2070 1197 san-

490 1222 653 1291 guiue
699 1240 816 1290 suo,
868 1227 1009 1283 sicut
1042 1244 1072 1282 a
1103 1230 1260 1283 beato
1308 1229 1472 1283 Paulo
1514 1230 1774 1287 Romanis
1808 1235 2069 1302 scriptum

490 1314 656 1367 est".
710 1315 815 1370 Per
860 1334 1019 1387 quem
1052 1321 1104 1373 in
1140 1329 1347 1374 tantum
1412 1333 1630 1392 peccata
1664 1325 1891 1382 remissa
1919 1337 2066 1389 sunt,

490 1414 763 1473 quatenus
792 1408 892 1477 ipsi
923 1425 1139 1479 quoque
1172 1412 1550 1468 remissionem
1584 1426 1947 1481 mererentur,
1977 1417 2070 1488 qui

493 1494 548 1547 in
577 1509 643 1548 eo
670 1508 1036 1566 peccaverunt
1060 1519 1076 1554 :
1097 1501 1165 1556 de
1200 1501 1332 1571 ipsis
1365 1503 1567 1573 quippe
1603 1504 1854 1560 dixerat:
1887 1506 2066 1571 Pater,

490 1585 697 1655 ignosce
719 1588 844 1655 illis,
879 1593 1115 1646 nesciunt
1145 1594 1285 1647 enim
1311 1595 1438 1664 quid
1467 1596 1672 1667 faciunt
1695 1597 1757 1651 ⁷⁸.
1801 1598 1905 1653 Sed
1940 1599 2069 1669 quid

489 1679 556 1732 ad
605 1679 765 1736 finem
818 1676 1067 1740 sacriﬁcii
1119 1687 1396 1757 legislator
1450 1688 1630 1744 dixit?
1670 1688 1879 1745 Sufﬁcit
1924 1692 2068 1746 enim

490 1770 648 1825 nobis
689 1771 821 1842 legis
850 1774 1023 1844 ipsius
1046 1777 1346 1838 conclusio.
1393 1779 1460 1834 ad
1494 1778 1889 1836 manifestanda
1924 1797 2066 1852 pra:-

489 1860 683 1916 sentia.
729 1863 912 1933 Ipsum
961 1875 1138 1923 autem
1184 1869 1408 1924 vitulum
1463 1869 1640 1939 eﬁ‘eret
1687 1883 1837 1926 extra
1863 1883 2061 1940 castra,

486 1960 647 2020 atque
687 1956 971 2021 comburet,
1015 1958 1148 2011 sicut
1193 1966 1241 2012 et
1285 1958 1514 2027 priorem
1538 1961 1780 2025 uitulum,
1811 1964 1934 2032 quia
1972 1979 2066 2033 pro

486 2055 697 2108 peccato
736 2055 812 2099 est
866 2046 1240 2103 multitudinis.
1275 2049 1438 2105 Vides
1464 2052 1738 2119 quomodo
1776 2054 1913 2107 nihil
1943 2070 2064 2108 mu-

489 2143 633 2189 tatur
671 2136 727 2190 in
769 2140 1013 2195 secundo
1058 2140 1350 2207 sacriﬁcio,
1407 2152 1559 2197 extra
1590 2143 1695 2199 hoc
1717 2145 1860 2213 quod
1889 2147 2063 2216 primo

482 2230 570 2277 est
631 2226 779 2294 quod
831 2229 1186 2299 praecipitur:
1247 2238 1304 2285 et
1349 2232 1747 2300 quamobrem?
1793 2232 1930 2299 Quia
1964 2252 2064 2306 pro

484 2324 855 2384 peccatoest,
902 2318 1101 2390 inquit,
1144 2320 1525 2378 multitudinis.
1559 2320 1698 2395 Ergo
1746 2323 1850 2380 hoc
1887 2328 2064 2381 mani-

484 2405 681 2461 festum
746 2417 833 2463 est
887 2419 943 2464 et
996 2411 1375 2477 indubitabile,
1432 2412 1559 2482 quia
1607 2414 1750 2470 idem
1777 2425 2062 2487 peccatum

483 2497 657 2565 plebis
708 2510 765 2555 et
795 2501 1096 2559 sacerdotis
1144 2505 1493 2572 intellexerit,
1521 2517 1576 2563 et
1602 2518 1889 2580 propterea
1918 2512 2060 2566 idem

481 2585 535 2638 in
581 2597 811 2657 utroque
852 2593 1180 2648 sacriﬁcium
1216 2595 1504 2662 ordinavit,
1550 2614 1620 2654 ne
1676 2599 1807 2670 ipsis
1843 2601 2059 2671 quidem

482 2678 664 2732 verbis
711 2679 982 2747 dividens,
1017 2685 1161 2753 quod
1202 2702 1311 2740 non
1344 2688 1547 2746 laceret
1570 2691 1674 2745 nisi
1702 2689 1889 2762 ﬁgurat
1925 2690 2061 2749 fuis-

479 2778 605 2821 sent
635 2783 698 2822 ca
725 2785 846 2838 qua
872 2778 1002 2827 tunc
1031 2776 1351 2843 agebantur.

554 2858 710 2914 Vens.
741 2861 935 2917 22-3l.
972 2882 991 2916 ε
1031 2866 1084 2919 Si
1135 2868 1443 2935 peccaverit
1486 2869 1737 2942 princeps
1771 2882 1828 2928 et
1871 2873 2063 2930 fecerit

480 2964 649 3002 lllllllll
706 2965 738 3004 c
790 2953 1038 3021 pluribus
1083 2971 1181 3026 per
1221 2957 1602 3028 ignorantiam,
1659 2963 1805 3032 quod
1849 2964 2059 3021 Domini

479 3039 597 3111 lege
642 3043 983 3111 prohibetur,
1035 3056 1091 3103 et
1129 3058 1316 3117 postea
1390 3050 1721 3108 intellexerit
1771 3064 2056 3124 peccatum

2168 589 2294 644 dum
2336 587 2655 643 voluntatem
2707 587 2842 658 ejus,
2878 585 3150 655 vapulabit
3209 585 3408 642 multis.
3438 582 3541 651 Qui
3570 592 3750 640 autem

2169 694 2275 734 non
2325 680 2578 751 cognovit,
2637 688 2687 734 et
2715 694 2820 732 non
2867 678 2986 750 fecit
3034 677 3218 748 digna,
3268 676 3442 749 plagis
3473 676 3750 747 vapulabit

2168 768 2429 838 paucis”.
2449 768 2553 824 Sed
2583 767 2708 839 quid
2736 765 3168 839 subjunxit?Cui
3194 768 3381 821 datum
3399 775 3476 821 est
3498 767 3745 836 multum,

2170 856 2391 911 multum
2427 864 2692 928 queretur
2708 857 2773 911 ab
2802 873 2891 913 eo:
2916 865 2964 911 et
2990 858 3076 911 cui
3104 857 3362 911 creditum
3388 865 3465 912 est
3495 857 3744 925 multum,

2172 947 2395 1002 multum
2420 948 2658 1020 exigetur
2695 948 2760 1002 ab
2794 949 2931 1003 eo".
2962 948 3122 1005 Hunc
3151 947 3394 1020 intellige
3419 964 3561 1015 esse,
3598 951 3690 1019 qui
3715 966 3746 1005 a

2171 1040 2477 1111 legislatore
2496 1040 2672 1094 dictus
2702 1049 2785 1094 est
2818 1041 3096 1110 princeps,
3131 1055 3293 1110 quem
3320 1040 3401 1096 sic
3447 1041 3576 1096 etin
3605 1041 3745 1096 libro

2171 1132 2345 1189 Exodi
2380 1132 2632 1197 innuens,
2664 1131 2836 1187 dixit:
2864 1130 2978 1185 Diis
2999 1147 3101 1185 non
3144 1130 3411 1197 detrahes,
3436 1139 3486 1186 et
3516 1132 3748 1201 principi

2170 1221 2352 1293 populi
2387 1224 2547 1276 tuine
2586 1221 2995 1277 maledicam".
3037 1220 3145 1277 Sed
3185 1225 3239 1277 et
3267 1222 3461 1287 David,
3488 1225 3748 1278 sacerdo-

2173 1323 2279 1380 tes,
2331 1322 2386 1368 et
2419 1312 2656 1378 Scribas,
2699 1322 2755 1368 et
2801 1312 3120 1379 Pharisaeos,
3173 1323 3228 1369 et
3255 1315 3503 1371 seniores
3561 1317 3744 1386 populi

2170 1406 2481 1477 designans,
2519 1407 2595 1460 ait
2626 1424 2641 1460 :
2697 1407 2991 1460 Astitmnt
3028 1422 3175 1477 reges
3209 1416 3384 1474 term,
3409 1418 3456 1461 et
3484 1408 3746 1478 principes

2171 1508 2513 1554 convenerunt
2560 1499 2615 1552 in
2644 1515 2806 1552 unum
2838 1499 3087 1553 adversus
3134 1496 3438 1564 Dominum,
3478 1509 3530 1554 et
3557 1500 3745 1556 adver-

2170 1607 2258 1644 sus
2311 1591 2572 1645 Christum
2603 1590 2714 1661 ejus
2735 1591 2799 1640 ⁸⁴.
2855 1590 3017 1660 Atqui
3068 1591 3216 1646 solus
3254 1590 3497 1649 Herodes
3542 1608 3658 1658 rex,
3690 1603 3748 1649 et

2172 1682 2375 1740 Pilatus
2412 1700 2614 1753 przescs
2661 1684 2906 1746 aderant,
2950 1683 3044 1738 sed
3091 1693 3145 1739 et
3170 1699 3326 1754 reges
3350 1694 3407 1739 et
3446 1685 3743 1755 principes,

2171 1762 2310 1827 Sicut
2339 1772 2597 1833 diximus,
2635 1771 2946 1826 sacerdotes
2975 1779 3030 1824 et
3064 1768 3286 1825 Scribas
3334 1781 3390 1827 et
3415 1770 3741 1834 l‘harisaaos,

2168 1870 2392 1932 propter
2441 1860 2720 1917 scientiam
2776 1870 2832 1915 et
2878 1860 3277 1917 sublimitatem
3317 1878 3488 1932 quam
3535 1864 3750 1920 habere

2165 1952 2519 2012 videbantur,
2562 1952 2629 2007 ad
2676 1951 3190 2022 interpretationem
3241 1953 3375 2025 legis
3427 1953 3746 2024 appellavit.

2166 2042 2264 2099 llic
2317 2060 2446 2114 ergo
2500 2045 2545 2098 si
2603 2045 2932 2113 peccaverit,
2991 2045 3205 2099 hircum
3263 2046 3477 2101 offeret.
3529 2046 3753 2117 Siquis

2165 2142 2347 2189 autem
2388 2135 2456 2189 de
2495 2134 2716 2204 populo,
2748 2134 2881 2189 dicit
2920 2140 3102 2190 autem
3136 2135 3380 2201 idio’tam,
3416 2136 3531 2192 sive
3569 2153 3751 2208 popu-

2164 2223 2354 2291 larem,
2407 2238 2521 2278 non
2552 2238 2676 2277 eum
2707 2223 2800 2294 qui
2833 2232 2980 2277 sorte
3009 2223 3301 2279 distinctus
3326 2234 3430 2288 est,
3465 2226 3534 2281 ad
3566 2227 3746 2282 medi-

2165 2315 2385 2370 tandam
2431 2316 2625 2386 legem,
2665 2330 2788 2369 nam
2835 2324 2890 2369 et
2933 2315 3020 2369 hic
3056 2315 3244 2386 utique
3278 2315 3533 2390 princeps
3562 2319 3743 2372 nomi-

2163 2411 2415 2468 naretur,
2464 2405 2554 2474 qui
2602 2418 2702 2475 pro
2761 2403 2955 2459 minori
3014 2413 3236 2474 peccato
3285 2420 3502 2474 capram
3541 2406 3746 2463 oﬁ'em

2162 2494 2490 2566 praecipitur,
2539 2494 2995 2563 quemadmodum
3041 2493 3128 2548 ille
3174 2494 3407 2560 hircum,
3457 2496 3547 2552 hic
3593 2496 3749 2552 femi.

2160 2600 2311 2651 nam,
2343 2585 2431 2640 ille
2466 2599 2687 2639 marem.
2736 2583 3083 2642 Pcenitenthe
3112 2586 3316 2656 quippe
3348 2587 3566 2658 utrique
3595 2586 3744 2643 indi-

2161 2685 2311 2747 gent,
2348 2684 2405 2731 et
2436 2676 2525 2730 ille
2554 2675 2771 2746 quidem
2813 2676 3098 2745 majorem,
3129 2676 3221 2746 qui
3264 2679 3568 2733 masculum
3598 2679 3741 2734 οπε-

2162 2773 2266 2831 ret,
2329 2767 2596 2821 minorem
2655 2776 2837 2822 autem
2890 2767 2982 2837 qui
3042 2767 3348 2823 feminam:
3411 2786 3536 2825 cum
3592 2771 3743 2827 enim

2161 2858 2326 2913 unius
2355 2858 2425 2912 sit
2448 2862 2680 2929 generis,
2711 2869 2889 2912 tamen
2916 2859 3061 2928 quod
3094 2860 3276 2914 minus
3307 2870 3411 2925 est,
3443 2862 3498 2917 in
3534 2862 3745 2917 femina

2160 2951 2394 3017 positum
2439 2959 2543 3014 est,
2588 2950 2844 3018 quoniam
2915 2952 3189 3006 masculus
3248 2962 3416 3023 caput
3472 2956 3740 3010 uniuscu-

2157 3043 2352 3112 jusque
2378 3024 2592 3112 generis
2607 3048 2851 3111 putatur.
2885 3041 3356 3108 Quemadmodum
3380 3060 3511 3118 ergo
3534 3047 3743 3102 oblatio

479 3145 659 3195 suum,
721 3132 916 3190 oﬁ'eret
967 3137 1201 3193 hostiam
1239 3139 1486 3207 Domino,
1535 3142 1748 3198 hircum
1776 3144 1845 3200 de
1882 3149 2056 3216 capris

2162 3150 2335 3203 caprae
2384 3131 2705 3187 sacriﬁcium
2752 3149 2850 3202 pro
2896 3135 3323 3206 peccatosignat,
3356 3135 3436 3191 sic
3458 3137 3646 3193 hircus
3684 3150 3741 3193 et

479 3219 905 3289 immaculatum,
946 3221 1227 3297 ponetque'
1247 3244 1470 3284 manum
1501 3246 1654 3287 suam
1703 3249 1868 3304 super
1891 3246 2056 3307 caput

479 3310 618 3378 ejus.
677 3310 922 3383 Cumque
969 3315 1334 3374 immolaverit
1378 3334 1508 3376 cum
1558 3322 1614 3376 in
1651 3322 1770 3379 loco
1797 3326 1888 3381 ubi
1918 3329 2057 3383 solet

479 3401 700 3453 mactari
727 3401 1100 3459 holocaustum
1126 3421 1308 3461 coram
1354 3408 1602 3471 Domino,
1655 3412 1781 3480 quia
1809 3428 1910 3482 pro
1937 3429 2059 3482 pec-

479 3501 602 3542 cato
624 3500 725 3553 est,
752 3493 922 3564 tinget
949 3497 1203 3552 sacerdos
1229 3498 1458 3569 digitum
1491 3502 1545 3554 in
1563 3502 1831 3573 sanguine
1862 3503 2057 3561 hostiae

480 3595 579 3649 pro
625 3593 868 3652 peccato,
909 3595 1136 3657 tangens
1167 3604 1371 3645 cornua
1407 3593 1594 3648 altaris
1635 3594 1963 3659 holocausti,
1999 3610 2057 3654 et

481 3673 750 3744 reliquum
820 3676 1054 3733 fundens
1104 3679 1173 3734 ad
1222 3681 1391 3737 basim
1452 3684 1590 3751 ejus.
1648 3685 1872 3756 Adipem
1926 3705 2055 3742 vero

477 3760 719 3821 adolebit
762 3782 944 3838 supra,
990 3769 1132 3824 sicut
1177 3771 1231 3825 in
1281 3772 1511 3829 victimis
1558 3775 1908 3844 paciﬁcorum
1941 3778 2056 3835 fieri

477 3857 635 3924 solet,
694 3861 1011 3932 rogabitque
1064 3879 1165 3933 pro
1193 3880 1261 3919 eo
1302 3873 1356 3920 et
1412 3881 1509 3935 pro
1566 3877 1790 3936 peccato
1820 3870 1959 3941 ejus,
1991 3888 2057 3928 ac

476 3948 780 4006 dimittetur
839 3953 910 4008 ei.
946 3953 1102 4021 Quod
1132 3956 1176 4011 si
1210 3957 1513 4026 peccaverit
1538 3958 1719 4013 anima
1751 3975 1850 4030 per
1898 3961 2056 4033 igne.

475 4042 710 4096 rantiam
757 4044 826 4100 de
872 4047 1071 4115 populo
1126 4057 1304 4114 terrze,
1346 4058 1407 4103 ut
1458 4049 1621 4106 faciat
1660 4052 1955 4123 quidquam
1986 4071 2055 4110 ex

477 4130 562 4185 his
603 4146 724 4201 quae
756 4131 966 4188 Domini
993 4136 1109 4206 lege
1140 4138 1517 4207 prohibentur,
1551 4147 1714 4210 atque
1748 4140 2050 4212 delinquat,

472 4230 530 4276 et
570 4225 888 4292 cognoverit
931 4236 1213 4295 peccatum
1249 4244 1427 4296 suum,
1481 4230 1675 4287 oﬁ’eret
1696 4248 1914 4303 capram
1946 4234 2053 4289 im-

474 4315 1133 4388 maculatam,-ponetque
1171 4336 1391 4375 manum
1430 4339 1597 4392 super
1647 4333 1813 4394 caput
1858 4325 2051 4382 hostiae

470 4417 594 4471 quas
653 4420 750 4474 pro
795 4419 1020 4475 peccato
1065 4420 1168 4475 est,
1201 4416 1256 4466 et
1314 4414 1616 4471 immolabit
1662 4432 1781 4471 eam
1823 4418 1877 4471 in
1927 4417 2049 4472 loco

2156 3243 2337 3294 capra,
2377 3240 2499 3279 cum
2532 3223 2645 3278 haec
2666 3224 2738 3278 sit
2763 3225 3007 3279 feminini
3043 3227 3276 3296 generis,
3309 3226 3495 3283 hircus
3525 3244 3740 3286 mascu-

2154 3315 2270 3377 lini,
2298 3313 2547 3367 sacriﬁcii
2576 3314 3008 3382 interpretantur
3035 3313 3143 3368 vim
3168 3330 3184 3381 ',
3214 3330 3327 3371 non
3357 3317 3504 3371 enim
3537 3317 3740 3375 frustra

2158 3405 2260 3459 hoc
2304 3403 2575 3475 legislator
2630 3403 2885 3469 intendit,
2941 3405 3035 3459 sed
3076 3405 3209 3474 quia
3253 3406 3443 3463 hircus
3467 3416 3523 3464 et
3553 3425 3733 3481 capra.

2158 3496 2268 3550 lloc
2291 3504 2471 3550 autem
2491 3494 2845 3566 Septuaginta
2866 3495 2921 3549 in
2952 3495 3141 3551 Graeco
3165 3497 3245 3553 sic
3268 3498 3458 3564 edunt,
3484 3510 3545 3555 ut
3572 3501 3738 3572 χιμαο

2157 3603 2250 3657 ρον
2287 3596 2340 3641 et
2369 3587 2635 3657 χίμαιραν
2669 3587 2854 3642 dicant
2894 3586 3079 3642 ollerri
3122 3589 3343 3657 debere,
3376 3591 3523 3661 quod
3559 3592 3737 3648 Latini

2155 3694 2219 3733 ex
2255 3678 2445 3732 eadem
2476 3677 2714 3732 editione
2746 3677 3087 3748 interpretati
3126 3689 3277 3745 sunt,
3305 3682 3519 3737 haedum
3556 3700 3619 3739 ex
3643 3701 3737 3741 ca-

2159 3772 2268 3840 pris
2298 3769 2619 3833 masculum,
2649 3781 2703 3825 et
2733 3786 2952 3841 capram
2984 3771 3052 3827 de
3076 3772 3244 3828 haedis
3271 3774 3542 3831 femellam
3572 3776 3735 3848 χιμα-

2156 3879 2249 3932 ρος
2303 3874 2487 3917 autem
2530 3872 2585 3918 et
2629 3862 2862 3935 χίμαιρα
2912 3863 3057 3921 fetus
3112 3878 3402 3936 caprarum
3445 3879 3573 3924 sunt
3617 3887 3731 3939 χει-

2158 3955 2388 4024 μερινοι,
2411 3953 2466 4013 id
2489 3963 2589 4019 est,
2616 3954 2710 4024 qui
2733 3955 2877 4010 circa
2917 3964 3137 4025 tempus
3166 3956 3366 4013 hiemis
3403 3970 3729 4024 nascuntur,

2154 4056 2279 4095 nam
2337 4042 2420 4097 bis
2475 4056 2573 4112 per
2612 4056 2816 4097 annum
2870 4043 3049 4113 capris
3095 4045 3458 4116 parientibus,
3510 4051 3730 4121 quidam

2153 4133 2296 4188 fetus
2324 4141 2570 4204 tempore
2602 4133 2817 4200 hiemis,
2851 4136 3073 4206 quidam
3101 4146 3287 4194 autem
3326 4142 3534 4197 aestatis
3568 4159 3731 4214 gene-

2154 4234 2363 4279 rantur.
2388 4224 2526 4279 Cum
2555 4239 2684 4296 ergo
2710 4226 2828 4281 haec
2854 4226 2930 4280 ita
2952 4241 3014 4282 se
3038 4226 3299 4296 habeant,
3344 4246 3442 4301 per
3495 4231 3727 4288 hiemem

2154 4314 2422 4371 tristitiam
2469 4315 2805 4385 poenitentiae
2852 4317 3048 4381 docet,
3096 4319 3151 4374 in
3206 4320 3482 4377 tristitiam
3531 4325 3730 4394 quippe

2153 4404 2245 4460 hic
2291 4415 2346 4461 et
2392 4403 2519 4459 ﬁetu
2551 4405 2691 4460 ﬁlios
2715 4416 2959 4478 generat,
2999 4410 3094 4465 sed
3128 4418 3310 4468 tamen
3342 4413 3434 4468 ﬁlii
3465 4415 3585 4484 ejus
3618 4431 3725 4471 non

473 4493 789 4552 bolocausti.
819 4497 1101 4571 Tolletque
1123 4504 1374 4560 sacerdos
1402 4506 1469 4560 de
1494 4508 1759 4577 sanguine
1791 4508 1846 4562 in
1880 4508 2048 4580 digito

2159 4504 2287 4576 sunt
2311 4510 2342 4548 a
2369 4493 2637 4551 sacriﬁcio
2687 4497 2985 4566 reprobati.
3035 4497 3194 4556 Unde
3235 4501 3491 4558 existimo
3521 4505 3721 4571 haedos,

470 4602 591 4647 suo,
626 4597 682 4643 et
714 4588 925 4662 tingens
960 4608 1164 4648 cornua
1193 4596 1398 4661 altaris,
1442 4598 1710 4667 reliquum
1742 4598 1936 4656 fundet
1976 4601 2044 4656 ad

470 4677 641 4733 basim
675 4682 814 4752 ejus.
858 4682 1086 4740 Omnem
1112 4697 1294 4743 autem
1328 4689 1582 4745 auferens
1608 4691 1844 4761 adipem,
1878 4695 2042 4750 sicuti

469 4767 669 4823 auferri
696 4772 834 4827 solet
850 4775 918 4828 de
935 4777 1170 4833 victimis
1203 4779 1579 4849 paciﬁcorum,
1607 4781 1843 4837 adolebit
1874 4800 2043 4855 super

378 4858 391 4871 ‘
469 4856 637 4913 altare
657 4860 712 4914 in
740 4864 964 4921 odorem
989 4869 1268 4923 suavitatis
1294 4870 1542 4936 Domino,
1591 4874 1908 4946 rogabitque
1942 4892 2041 4948 pro

466 4962 555 5015 eo,
586 4957 640 5004 et
658 4950 963 5010 dimittetur
988 4956 1059 5011 ei.
1097 4974 1118 5008 ι

536 5037 1001 5105 Quemadmodum
1060 5045 1116 5099 in
1160 5050 1476 5116 spontaneis
1532 5053 1835 5115 sacriﬁciis.
1881 5056 2039 5110 diﬂ‘e-

466 5130 667 5186 reutias
712 5131 767 5186 in
819 5136 1323 5193 conversatiouibus
1367 5150 1423 5195 et
1461 5144 1867 5202 conditionibus
1915 5148 2039 5203 vita

462 5218 811 5281 oﬂ'erentium
846 5226 1137 5290 ordinavit,
1166 5228 1236 5282 ita
1264 5246 1454 5286 rursus
1476 5248 1574 5302 pro
1608 5239 1845 5305 peccatis
1868 5240 2037 5294 sacri-

464 5308 580 5364 ﬁcia
610 5314 834 5382 aequalia
859 5330 981 5372 esse
1002 5318 1234 5384 peccatis
1254 5321 1430 5388 jubet,
1459 5339 1690 5393 quorum
1722 5330 2041 5399 magnitudo

464 5415 569 5454 non
622 5404 797 5458 solum
863 5420 928 5459 ex
991 5408 1206 5462 actione
1258 5412 1488 5478 peccati,
1548 5415 1644 5469 sed
1706 5433 1771 5471 ex
1804 5434 2036 5487 persona

465 5493 802 5556 peccantium
827 5497 1086 5565 ponitur:
1121 5508 1174 5552 et
1204 5499 1367 5554 nimis
1397 5513 1563 5567 recte,
1614 5507 1741 5575 quia
1770 5517 1825 5562 et
1854 5510 2032 5563 Domi-

464 5589 567 5629 nus
610 5580 871 5647 apostolis
924 5583 1092 5639 dixit:
1153 5582 1342 5640 Servus
1369 5604 1674 5656 cognoscens
1714 5595 2035 5650 voluntatem

531 5709 581 5789 Ἰ
612 5708 802 5789 Μὲίιιι·
833 5717 1119 5789 XXVI_._52:
1166 5718 1322 5789 Joan.
1360 5736 1510 5789 xvm,
1549 5727 1634 5781 ll.

443 5770 707 5867 "’Exod.
770 5796 899 5849 χιιι,
942 5770 1032 5840 ξδξ

2149 4588 2200 4643 id
2227 4596 2310 4643 est
2328 4588 2596 4658 χιμάρους
2621 4587 2821 4644 offerre
2846 4591 3194 4661 poenitentes,
3228 4602 3418 4664 utpote
3462 4595 3725 4652 ﬁuctuan-

2150 4689 2249 4744 tes,
2291 4679 2567 4749 prmccpit,
2603 4689 2659 4734 et
2705 4689 2764 4735 ut
2804 4682 2894 4751 qui
2949 4683 3357 4741 diversitatibus
3398 4687 3662 4743 undarum
3690 4705 3724 4743 a

2145 4772 2382 4841 peccatis
2419 4786 2478 4825 se
2507 4771 2835 4841 erigentibus
2885 4785 3268 4846 repugnantes,
3299 4771 3725 4835 misericorditer

2144 4863 2458 4918 omnimodo
2507 4864 2880 4920 salvabuntur.
2940 4865 2996 4920 Si
3045 4867 3195 4922 enim
3258 4880 3617 4939 permaneant
3669 4871 3724 4925 in

2149 4956 2489 5025 pmnitcntia,
2529 4965 2584 5009 et
2614 4970 2721 5009 non
2767 4956 3081 5025 desperent,
3126 4961 3276 5017 velut
3308 4960 3364 5015 in
3398 4969 3725 5033 tempestate

2150 5046 2519 5115 relinquentes
2561 5044 2717 5101 navis
2754 5046 2948 5101 anima:
2972 5049 3359 5119 gubernacula,
3404 5050 3719 5107 liberabun-

2150 5144 2268 5203 tur;
2300 5138 2541 5191 siautem
2568 5138 2996 5207 desperaverim,
3020 5139 3475 5208 quemadmodum
3499 5141 3719 5210 quidam

2147 5229 2554 5298 gubernatores,
2595 5210 2691 5283 'veI
2749 5239 2925 5283 nautas
2978 5229 3177 5297 pavidi,
3235 5230 3417 5284 statim
3445 5239 3717 5299 pereunt;

2146 5336 2271 5372 nam
2306 5330 2359 5373 et
2390 5320 2649 5374 Dominus
2686 5320 2860 5374 dixit:
2910 5319 3071 5375 Orate
3110 5336 3178 5374 ne
3225 5318 3323 5388 ﬁat
3369 5321 3495 5393 fuga
3546 5331 3717 5375 vestra

2142 5409 2310 5462 hieme
2362 5411 2442 5464 vel
2463 5410 2694 5465 Snbbato
2714 5411 2762 5443 ³⁵
2792 5428 2806 5477 ;
2838 5413 3072 5473 hiemem
3121 5421 3337 5482 tempus
3378 5413 3718 5482 poenitentiae

2138 5502 2349 5563 dicens,
2399 5501 2691 5556 Sabbatum
2728 5518 2856 5556 vero
2890 5502 3058 5556 otium
3088 5502 3302 5567 animm,
3346 5510 3511 5572 atque
3542 5502 3719 5557 virtu—

2144 5605 2255 5649 tum
2297 5594 2654 5648 cessationem
2696 5592 3001 5664 intelligens
3037 5608 3050 5645 :
3105 5592 3173 5647 ad
3226 5591 3395 5647 otium
3444 5590 3716 5663 siquidem

1710 5729 1753 5763 ⁷⁸
1789 5728 1945 5784 lium.
1978 5748 2056 5794 ιιι¹

2159 5774 2170 5785 ,
2248 5732 2291 5762 ⁷⁸⁵
2323 5730 2455 5787 Luc.
2491 5744 2644 5796 χχιιι,
2686 5728 2773 5786 54.
2849 5731 2899 5763 ’θ
2925 5730 3053 5786 Luc.
3093 5745 3188 5798 xtt,
3218 5727 3305 5797 47,
3338 5728 3426 5786 48.
3504 5725 3550 5760 ⁵⁸
3579 5725 3711 5785 ibid.

1108 5788 1152 5821 ⁸³
1185 5787 1504 5861 Psal.u,2.
1567 5797 1836 5855 "Matth.
1889 5787 2165 5868 “ny-‘20.
