4030 6240
251 443 357 507 δρει

1424 437 1510 498 IN
1540 432 1974 499 LEVITICUM.
2002 459 2073 469 —
2112 436 2261 498 LIB.
2304 437 2353 497 Ι.

3411 418 3519 484 830

249 571 417 631 atque
458 573 490 612 a
534 556 688 611 malis
745 554 1087 609 vacationem
1139 546 1764 631 datumestS'abbatum
1806 563 1820 599 :
1855 553 1899 608 Α
1927 544 2131 599 sarium
2187 545 2475 605 habemus,
2538 549 2760 611 propter
2821 536 2968 609 quod
3015 544 3072 591 et
3125 533 3260 590 dixit
3306 532 3514 591 Davtd:

254 621 350 708 sed
403 647 715 710 Judaeorum
761 658 894 715 gens
929 658 960 697 e
999 641 1216 696 diverso
1253 637 1359 694 hoc
1389 621 1614 693 usaest.
1663 634 1842 690 Grave

257 754 439 801 autem
483 749 570 796 est
602 741 656 793 in
695 747 939 806 tempore
969 747 1080 803 quo
1119 729 1429 788 necessaria
1457 737 1542 783 est
1566 726 1842 797 poeniten-

258 839 356 904 tia,
387 843 444 891 et
466 831 640 888 multo
668 829 884 902 gravius
931 841 1040 896 quo
1065 832 1223 879 vacat
1255 823 1324 877 ab
1360 820 1616 875 omnibus
1641 814 1828 886 Operi-

262 933 386 992 bus,
437 938 762 998 quemquam
816 917 1014 975 tentari
1065 915 1148 971 vel
1198 911 1640 984 persecutionem
1687 907 1844 979 pati:

265 1021 410 1078 unde
461 1017 627 1072 etiam
673 1013 816 1068 sicut
865 1010 1122 1077 majorem
1154 1020 1283 1060 eum
1320 1005 1412 1074 qui
1451 1000 1688 1056 Sabbato
1719 1013 1846 1067 per-

266 1110 601 1168 secutionem
655 1105 880 1174 patitur,
932 1098 1290 1154 novissimum
1341 1093 1670 1148 numeravit.
1709 1087 1847 1155 Quia

267 1216 395 1269 ergo
442 1205 498 1253 et
535 1194 694 1258 hirci,
739 1192 825 1246 vel
870 1204 1069 1260 caprae,
1116 1187 1232 1241 sive
1277 1183 1416 1240 haedi
1468 1182 1749 1241 virtutem,
1795 1187 1851 1233 et

268 1287 588 1346 differentia:
639 1281 1029 1338 sacriﬁciorum
1082 1276 1304 1334 modum
1363 1274 1675 1337 didicimus,
1736 1270 1848 1340 jam

269 1381 549 1437 videamus
583 1391 704 1448 qua:
734 1375 789 1428 in
821 1382 1050 1441 utroque
1101 1377 1338 1439 aguntur
1372 1365 1660 1427 sacriﬁcio,
1698 1377 1850 1416 com-

269 1472 454 1528 munia
499 1470 646 1523 enim
696 1477 846 1528 sunt,
897 1464 1154 1534 quoniam
1209 1457 1547 1530 pmnitentiae
1604 1454 1729 1508 ﬁnis
1797 1461 1852 1506 et

268 1563 537 1637 generalis
587 1560 835 1622 eﬁ‘ectus,
875 1562 1220 1628 peccatorum
1253 1549 1504 1606 remissio
1533 1555 1641 1611 est,
1685 1560 1849 1616 quam

269 1645 458 1729 aperte
497 1652 776 1724 legislator
809 1649 994 1720 posuit
1029 1645 1251 1701 dicens:

341 1747 492 1826 Quod
521 1745 566 1799 si
600 1740 892 1813 peccaverit
931 1737 1113 1791 anima
1143 1749 1236 1803 per
1271 1730 1630 1803 ignorantiam
1662 1727 1726 1781 de
1754 1741 1850 1796 po-

270 1816 397 1913 pqu
446 1849 621 1900 terrae,
673 1843 730 1888 ut
783 1831 946 1904 faciat
972 1827 1261 1899 quidquam
1297 1839 1362 1878 ex
1391 1823 1470 1875 his
1502 1834 1618 1892 quae
1640 1816 1854 1871 Domini

273 1909 382 2004 lege
418 1929 772 2001 prohibentur.
815 1921 932 1978 Non
977 1919 1109 1975 dicit
1156 1915 1320 1987 quod,
1353 1915 1480 1984 quia
1519 1913 1574 1966 in
1609 1909 1855 1980 quolibet

274 2001 659 2098 praevaricatus
688 2017 810 2088 quis
850 2014 1034 2076 fuerit,
1070 2011 1123 2064 in
1155 2018 1322 2065 totam
1365 2007 1538 2076 legem
1563 2001 1851 2071 delinquit,

275 2095 419 2180 sicut
447 2115 640 2168 beatus
664 2108 831 2164 Jacob
864 2106 970 2160 ait:
1006 2102 1313 2172 Quicunque
1341 2107 1525 2165 ,totam
1561 2095 1727 2165 legem
1751 2108 1859 2146 ser-

276 2206 498 2278 uaverit,
539 2201 807 2273 offenderit
863 2207 1040 2251 autem
1071 2195 1126 2247 in
1163 2209 1286 2258 uno,
1318 2190 1550 2244 omnium
1589 2203 1708 2242 reus
1733 2202 1859 2239 con-

277 2296 607 2365 stituetur”.
647 2292 754 2347 Sed
787 2299 843 2345 et
870 2289 974 2344 hoc
1014 2285 1158 2357 quod
1198 2283 1402 2339 dictum
1437 2288 1540 2345 est,
1578 2294 1674 2348 per
1705 2278 1859 2349 igno-

281 2390 534 2458 rantiam,
562 2387 666 2453 vel,
712 2384 854 2451 sicut
906 2377 1279 2450 Septuaginta,
1334 2389 1444 2428 non
1508 2371 1718 2434 volens,
1776 2369 1860 2430 in-

282 2496 486 2566 gruens
542 2481 730 2553 jugum
801 2470 1180 2554 peccatoribus
1242 2464 1521 2522 servitutis
1583 2459 1864 2516 diabolicae

282 2556 840 2637 demonstranquod
892 2562 994 2618 sibi
1046 2559 1148 2630 ipsi
1203 2557 1270 2612 ad
1323 2556 1524 2610 malum
1583 2561 1867 2622 vergentes

286 2663 808 2735 superinduxerunt,
852 2656 995 2722 sicut
1035 2651 1199 2706 lsaias
1231 2649 1346 2703 ait:
1403 2644 1491 2708 Va:
1522 2645 1611 2718 qui
1653 2643 1870 2696 trahunt

286 2734 501 2827 peccata
534 2761 588 2806 ut
619 2752 819 2804 tristem
840 2747 1068 2814 longam,
1100 2751 1147 2795 et
1177 2740 1310 2795 sicut
1345 2739 1519 2814 {uitem
1549 2734 1670 2804 jugi
1700 2746 1872 2788 vacca:

288 2831 700 2918 iniquitatem”,
732 2854 841 2909 quo
864 2811 1082 2907 quidam
1130 2828 1329 2900 captivi
1360 2811 1416 2882 et
1453 2825 1607 2880 inviti
1639 2825 1870 2890 trahun-

291 2951 400 3008 tur.
424 2937 532 2993 Sed
569 2937 612 2997 si
653 2933 718 2988 ad
763 2944 949 2994 sanam
992 2932 1334 2992 revertantur
1375 2927 1637 2981 mentem,
1671 2931 1700 2969 a
1741 2913 1872 2969 resti

296 3005 400 3102 hac
431 3032 547 3084 sive
609 3027 739 3102 jugo
782 3021 962 3087 statim
1008 3018 1344 3071 relaxantur.
1401 3009 1556 3076 Quod
1605 3005 1875 3077 quomodo

297 3097 394 3177 aut
435 3117 652 3190 quando
678 3097 762 3177 ﬁt,
800 3110 1071 3182 legislator
1115 3103 1373 3166 ostendit,
1424 3101 1477 3156 id
1509 3107 1616 3163 est,
1661 3097 1877 3170 quando

298 3215 418 3300 ipse
472 3211 564 3282 qui
627 3205 887 3278 peccavit,
970 3206 1253 3282 peccatum
1306 3210 1465 3254 suum
1515 3191 1874 3263 cognoverit;

753 3299 761 3300 ί
1049 3293 1060 3300 ¹
1190 3292 1202 3300 ⁸
1617 3296 1657 3300 -κ
1702 3291 1714 3300 ι
1775 3281 1874 3300 ᾉ9,ι

298 3281 478 3387 deque
523 3302 669 3359 enim
717 3299 876 3354 aliter
919 3281 1295 3364 paenitentiam
1342 3303 1502 3360 agere
1541 3291 1742 3370 potest,
1773 3281 1879 3347 nisi

299 3375 594 3470 cognoscat
639 3398 921 3465 peccatum
973 3399 1154 3440 suum.
1205 3381 1358 3435 Tunc
1425 3377 1572 3433 enim
1629 3375 1883 3444 princeps

303 3467 534 3560 hircum,
590 3486 704 3540 sive
743 3481 1004 3553 χίμαρον,
1051 3477 1097 3531 is
1125 3485 1308 3540 autem
1357 3471 1451 3552 qui
1498 3471 1566 3524 de
1597 3467 1753 3522 turba
1777 3474 1882 3536 est,

303 3582 496 3646 offerat
519 3548 779 3649 capram,
804 3548 919 3627 sive
969 3569 1233 3649 χίμαιραν
1265 3580 1279 3594 ο
1316 3548 1666 3629 immaculata
1703 3565 1884 3612 autem

306 3683 559 3740 utraque,
586 3646 1008 3721 immaculalam
1053 3653 1323 3724 siquidem
1367 3656 1588 3721 oportet
1611 3661 1734 3714 esse
1768 3659 1886 3714 pce-.-

307 3737 617 3820 nite'ntiam.
652 3755 786 3821 Quae
826 3761 1010 3806 autem
1052 3747 1172 3816 ejus
1207 3751 1293 3798 est
1329 3739 1584 3796 macula?
1627 3737 1894 3802 Videlicet

310 3857 356 3912 si
377 3857 601 3925 peccato
625 3843 1004 3913 compatiatur,
1025 3837 1110 3893 vel
1136 3835 1344 3890 amicus
1362 3833 1434 3886 sit
1461 3831 1756 3900 paenitens,
1787 3841 1890 3910 pro

310 3922 423 4018 quo
484 3940 596 4014 agit
642 3931 1023 4008 paenitentiam
1070 3945 1084 3981 :
1142 3931 1361 3996 oportet
1419 3922 1567 3981 enim
1618 3934 1740 3981 eum
1771 3933 1896 3994 per-

314 4010 458 4108 {ceto
484 4010 772 4104 a'peccato
795 4023 984 4079 eodem
1011 4029 1173 4089 atque
1209 4013 1609 4072 studiosissimo
1642 4010 1897 4066 recedere

317 4125 618 4203 proposito.

391 4218 591 4287 Deinde
623 4215 852 4282 imponet
883 4219 1099 4260 manum
1134 4215 1286 4256 suam
1319 4212 1475 4266 super
1503 4204 1662 4263 caput
1699 4191 1900 4246 hostire.

319 4283 444 4384 ipse
499 4323 595 4380 per
656 4297 1010 4375 semetipsum
1072 4298 1358 4364 peccatum
1413 4283 1793 4348 manifestans,
1847 4289 1903 4336 et

319 4418 478 4468 suam
515 4398 750 4455 oﬁ‘erens
779 4388 1198 4473 confessionem.
1221 4382 1340 4450 lpse
1361 4386 1566 4438 autem,
1602 4375 1906 4432 secundum

324 4491 719 4567 Septuaginta,
773 4498 883 4538 non
935 4467 1156 4547 occidit,
1210 4472 1308 4537 sed
1364 4470 1454 4528 alii
1492 4487 1508 4541 ς
1542 4469 1709 4529 habet
1760 4467 1906 4521 enim

326 4528 680 4567 ῦεγιυσῦυηι·
703 4528 719 4555 s
774 4528 883 4538 ··ν--
940 4528 1156 4547 τάν-γη
1223 4528 1260 4529 η
1295 4528 1304 4537 ν
1495 4528 1506 4541 ,
1642 4528 1646 4529 ,

326 4586 696 4665 necessarium
729 4589 784 4634 et
823 4577 1054 4645 aliorum
1099 4567 1358 4624 auxilium
1391 4564 1458 4618 ad
1483 4562 1810 4627 orationem,
1848 4566 1907 4612 ut
1940 4555 1982 4610 D
2009 4552 2242 4615 Persona
2285 4528 2654 4601 θβοεῐοιοτυίη

1131 4661 1140 4665 ·
1252 4656 1296 4665 -·
1354 4657 1369 4665 -
1733 4651 1744 4662 -
1862 4649 1876 4665 -
2017 4639 2231 4665 ..ορρηηι
2293 4621 2515 4665 dimissa
2548 4630 2654 4665 sun.

326 4657 655 4753 suscipiatur
695 4671 814 4740 ejus
862 4661 1200 4738 pteuitentia.
1252 4656 1407 4712 Unde
1453 4669 1557 4724 nec
1597 4649 1916 4708 omnimodo

330 4747 644 4830 sacerdotes
670 4761 921 4826 occidere
948 4751 1237 4826 praecepit;
1274 4749 1352 4818 ait
1381 4747 1561 4801 enim:

409 4861 650 4918 Occiderit
694 4869 811 4909 eum
848 4854 906 4903 in
949 4847 1060 4910 loco
1094 4844 1148 4896 in
1189 4856 1290 4914 quo
1330 4838 1639 4907 occiduntur
1665 4833 1916 4891 holocaue

336 4963 560 5012 tomata.
609 4947 761 5020 Quia
789 4949 975 5008 autem
1050 4933 1300 5004 occidant
1342 4944 1451 4988 non
1495 4926 1736 4990 addidit‘;
1790 4924 1918 4978 licet

336 5049 485 5102 enim
531 5046 587 5099 in
634 5018 900 5107 sacriﬁcio
943 5025 1282 5103 pmnitentiae
1321 5020 1546 5088 alternis
1593 5019 1670 5074 uti
1709 5018 1919 5086 adjuto-

343 5139 459 5204 riis,
483 5136 626 5206 quod
655 5136 882 5199 testatur
907 5123 1146 5195 lacubus
1172 5140 1183 5173 :
1212 5116 1392 5179 Orate,
1418 5113 1624 5170 dicens,
1640 5125 1733 5177 pro
1755 5107 1920 5161 alter-

348 5239 524 5281 utrum
573 5233 628 5274 ut
678 5213 1033 5274 salvemini".
1100 5208 1208 5264 Sed
1250 5205 1420 5260 multo
1453 5200 1921 5278 magisjustorum

350 5330 562 5375 utamur
595 5311 879 5383 adjutorio,
911 5309 1026 5378 ipse
1051 5304 1194 5360 enim
1226 5297 1491 5371 subdidit,
1527 5293 1757 5362 Multum
1785 5289 1925 5343 valet
2026 5287 2082 5339 in
2114 5285 2234 5336 loco

349 5412 523 5468 oratio
551 5381 687 5477 justi
715 5397 1008 5470 assidua“.
1037 5395 1141 5470 Ubi
1184 5401 1367 5455 autem
1410 5381 1696 5452 occident?
1722 5381 1928 5435 Secun-

352 5507 482 5559 dum
530 5495 900 5568 Septuaginta,
943 5490 998 5542 in
1033 5469 1307 5555 censpeetu
1349 5476 1579 5532 Domini.
1636 5471 1816 5538 Quare
1849 5469 1929 5522 lc-

356 5596 578 5669 gislator
605 5560 894 5655 explanat,
944 5580 1020 5633 ait
1048 5577 1236 5632 enim:
1280 5568 1489 5623 Peccati
1533 5572 1631 5618 est.
1675 5560 1778 5614 Pro
1803 5574 1933 5628 pec-

359 5700 480 5748 cato
519 5684 720 5756 quippe
766 5679 820 5733 iu
864 5679 1162 5743 conspectu
1198 5663 1413 5736 Domini
1461 5656 1707 5727 conﬁteri
1752 5669 1939 5720 neces,-

431 5828 477 5858 ⁸³
505 5825 618 5878 Jac.
647 5839 708 5883 II,

370 5913 449 5973 tu,
475 5895 528 5949 ‘2.
606 5890 800 5943 “Luc.
831 5904 880 5950 v,
925 5883 1012 5936 32.

747 5818 826 5870 l0.
902 5812 1074 5865 “lsa.
1104 5804 1270 5880 v._18.
1345 5802 1390 5832 ⁸⁷
1427 5799 1544 5880 Jac;
1566 5815 1616 5856 ν.
1647 5794 1787 5880 ,ρϐἒι
1832 5789 2035 5880 ξῗιὶῦίᾶ.
2195 5783 2337 5839 Psal.
2384 5793 2531 5840 χιιι.
2583 5775 2635 5828 5.

1089 5856 1325 5930 ιιηῆσαη.
1479 5869 1569 5921 ~25.
1647 5865 1690 5896 εν
1744 5863 1935 5933 manu.
2101 5856 2182 5910 '9-

1942 633 2224 689 Prccatum
2281 650 2454 689 meum
2503 633 2767 701 cognitum
2805 627 2896 681 tibi
2950 625 3087 697 feci,
3141 633 3191 678 et
3229 623 3520 694 injustitias

1945 742 2084 794 meas
2115 742 2218 779 non
2250 724 2454 795 operui.
2513 716 3060 776 Dixi:Pronuntiabo
3113 714 3389 767 adversum
3440 725 3539 763 ms'

1945 818 2259 886 injustitiam
2339 832 2511 870 meam
2553 812 2797 874 Domino,
2835 816 2883 861 et
2942 815 2998 860 tu
3051 803 3298 859 remisisti
3323 803 3540 872 iniqui--

1949 917 2108 961 tatem
2137 905 2305 960 cordis
2351 904 2452 957 mei
2469 903 2538 955 “.
2597 899 2888 968 Propterea
2935 892 3023 947 hic
3068 890 3341 963 legislator
3375 888 3527 940 intu-

1948 1001 2008 1056 lit
2041 1019 2055 1055 :

2023 1074 2286 1153 lit-tollet;
2315 1097 2362 1143 et
2393 1093 2543 1157 ponet
2569 1081 2808 1136 sacerdos
2830 1075 3136 1146 sanguinem
3194 1069 3397 1139 peccati
3442 1067 3534 1121 di-

1951 1186 2058 1255 gito
2131 1176 2287 1252 super
2352 1193 2546 1232 cornua
2604 1170 2794 1226 altaris
2854 1162 3312 1220 holocautomatis.
3374 1157 3535 1222 Quod

1951 1249 2306 1342 llieronymus
2347 1267 2509 1324 simili
2564 1279 2728 1321 sensu
2782 1258 2955 1316 edidit
3003 1255 3234 1310 dicens:
3269 1249 3544 1316 Tolletque

1951 1363 2194 1420 sacerdos
2232 1361 2294 1414 de
2314 1359 2569 1430 sanguine
2609 1354 2772 1425 digito
2801 1367 2894 1405 suo
2926 1357 3140 1416 tangens
3171 1357 3367 1397 cornua
3393 1337 3535 1390 alta-
3627 1332 3630 1335 ’

1953 1455 2047 1506 ris.
2112 1426 2442 1519 Sanguinem
2495 1451 2676 1498 autem
2724 1437 2932 1511 peccati
2967 1431 3279 1504 appellavit,
3312 1426 3404 1497 qui
3435 1439 3534 1496 pro

1952 1540 2187 1613 peccatis
2228 1515 2482 1590 oﬁ‘ertur.
2544 1532 2714 1601 llujus
2751 1526 3020 1598 primitias
3069 1521 3327 1578 sacerdos
3376 1515 3544 1571 Chri-

1955 1643 2074 1688 stus
2121 1643 2290 1698 super
2334 1637 2539 1680 cornua
2583 1618 2772 1676 altaris
2808 1609 3264 1671 holocautomatis
3318 1606 3537 1668 oﬁ'eret,

1955 1720 2209 1777 videlicet
2240 1731 2407 1786 super
2444 1726 2662 1768 crucem
2693 1722 2880 1772 suam;
2917 1705 2960 1759 si
3002 1702 3149 1758 enim
3181 1699 3350 1752 altare
3383 1695 3541 1749 holo-

1955 1807 2282 1866 cautomatis
2310 1783 2325 1786 —
2343 1801 2556 1858 Domini
2587 1812 2787 1868 corpus
2815 1805 2918 1858 est,
2949 1792 3117 1860 hujus
3146 1785 3340 1858 procul
3376 1783 3546 1838 dubio

1888 1881 1927 1936 Β
1959 1911 2163 1952 cornua
2202 1907 2336 1948 crux
2381 1889 2508 1952 erit,
2569 1886 2638 1940 de
2673 1899 2778 1952 qua
2809 1881 3061 1936 Habacuc
3117 1874 3291 1929 dixit:
3326 1869 3546 1925 Cornua

1959 1992 2079 2040 sunt
2131 1983 2187 2035 in
2230 1979 2470 2033 manibus
2486 1972 2676 2043 ejus”.
2715 1968 2917 2023 Oﬁ'eret
2942 1979 3106 2034 super
3132 1976 3286 2017 suam
3327 1969 3543 2013 crucem

1963 2073 2231 2148 primitias
2264 2065 2576 2124 necessario
2598 2063 2682 2118 sui
2714 2057 3014 2131 sanguinis,
3067 2053 3160 2122 qui
3187 2066 3286 2122 pro
3319 2053 3547 2119 peccato

1963 2137 2239 2224 oﬁ‘ertur:
2295 2160 2422 2230 quia
2467 2171 2604 2226 opus
2656 2153 2837 2207 crucis
2895 2157 2950 2204 et
3007 2145 3256 2205 eﬁ'ectus,
3306 2137 3552 2210 perfecta

1966 2266 2312 2332 peccatorum
2354 2259 2669 2306 nostrorum
2725 2240 2978 2299 remissio
3021 2245 3127 2293 est.
3163 2230 3322 2299 Quod
3367 2238 3552 2284 autem

1968 2352 2098 2408 dicit
2121 2366 2135 2403 :

1991 2464 1996 2468 '
2042 2440 2317 2511 Reliquum
2382 2432 2693 2504 sanguinem
2731 2425 2912 2496 fundet
2959 2421 3028 2473 ad
3057 2417 3224 2472 basim
3255 2413 3368 2481 ejus
3393 2450 3408 2474 ,
3439 2422 3558 2463 om-

1971 2550 2096 2590 nem
2143 2499 2517 2601 p'oanitentiam
2555 2519 2884 2590 evangelicae
2932 2510 3123 2567 tribuit
3161 2499 3556 2576 pradicationi,

1972 2641 2134 2697 quam
2165 2637 2285 2677 esse
2309 2618 2482 2674 basim
2505 2613 2691 2670 altaris
2715 2608 2975 2664 diximus.
3016 2602 3185 2655 Recte
3213 2603 3396 2650 autem
3430 2606 3551 2660 pm-

1975 2716 2261 2774 nitentiam
2307 2723 2526 2767 omnem
2574 2701 2886 2774 apostolicae
2918 2688 3291 2766 praedicationi
3319 2683 3554 2739 tribuit:

1975 2811 2103 2882 quia
2152 2805 2331 2862 omnis
2375 2803 2496 2871 ejus
2539 2795 2771 2852 intentio
2818 2792 2933 2859 haec
2964 2795 3068 2852 est,
3094 2793 3156 2838 ut
3189 2779 3370 2836 omnis
3395 2777 3552 2830 homo

1977 2863 2250 2972 paenitens
2294 2907 2354 2948 se
2404 2863 2732 2956 corrigendo
2765 2881 3024 2937 salvetur,
3072 2879 3300 2943 propter
3329 2863 3475 2934 quod
3504 2870 3560 2940 et

1981 2995 2212 3066 primam
2239 2999 2426 3041 vocem
2449 2981 2595 3035 illam
2624 2975 2886 3029 Dominus
2913 2965 3161 3038 providet
3187 2961 3241 3014 in
3272 2953 3564 3024 Evangelio

2949 3059 2960 3066 ⁵
3314 3048 3379 3066 νεκ-
3395 3062 3450 3066 ..--
3465 3043 3564 3066 -ιέι

1981 3043 2359 3140 doctoralem:
2420 3068 2795 3128 Paenitentiam
2873 3059 3035 3130 agite,
3123 3043 3567 3122 appropinquabit

1985 3175 2124 3230 enim
2170 3181 2386 3239 regnum
2425 3157 2727 3215 calorum"
2749 3169 2764 3219 ;
2788 3150 2914 3220 quia
2943 3145 3108 3200 etiam
3133 3140 3197 3195 ad
3240 3139 3343 3192 hoc
3377 3148 3437 3189 se
3471 3149 3572 3187 ve-

1981 3269 2130 3322 nisse
2171 3221 2327 3324 dixit,
2359 3255 2434 3309 ait
2463 3250 2610 3306 enim
2643 3264 2656 3299 :
2708 3241 2830 3296 Non
2862 3238 2978 3293 veni
3025 3246 3213 3288 vocare
3267 3228 3457 3294 iustos,
3479 3221 3574 3275 sed

1982 3363 2277 3427 peccatores
2313 3310 2398 3400 'ad
2448 3331 2890 3412 pwnitentiam“.
2954 3327 3084 3381 Post
3123 3321 3240 3375 haec
3268 3314 3400 3386 quid
3445 3310 3574 3366 facit

1983 3445 2239 3502 sacerdos
2257 3441 2281 3494 ?

2056 3536 2274 3593 Omnem
2307 3536 2482 3582 autem
2512 3521 2720 3590 adipem
2745 3514 3011 3592 auferens,
3049 3507 3184 3561 sicut
3214 3498 3417 3572 auferri
3445 3493 3576 3551 solet

1990 3721 2136 3776 rium
2189 3727 2409 3771 sursum
2463 3703 2739 3775 respiciat,
2794 3696 2849 3750 id
2898 3701 3004 3755 est,
3060 3688 3259 3744 calum
3308 3676 3578 3738 intendat,

1995 3819 2127 3866 tunc
2158 3805 2306 3862 enim
2346 3765 2964 3872 poterit-paenitentiam
3004 3776 3258 3836 oﬁereuti
3305 3773 3360 3826 in
3397 3765 3583 3838 paciﬁ-

1995 3862 2186 3958 corum
2213 3862 2478 3952 sacri-ﬁcio
2512 3862 2776 3956 reputari.
2814 3875 2923 3933 Sed
2955 3872 3081 3944 quis
3125 3868 3198 3923 sit
3235 3863 3360 3920 ﬁnis
3385 3862 3583 3914 horum

1997 4007 2120 4064 quae
2143 3991 2288 4046 dicta
2314 3991 2462 4046 sunt,
2493 3962 2736 4034 addidit:

2069 4043 2392 4146 Rogabitque
2406 4037 2502 4140 pro
2526 4083 2585 4121 eo
2613 4062 2878 4122 sacerdos,
2903 4064 2953 4110 et
2980 4050 3281 4107 dimittetur
3296 4042 3366 4096 ei.
3396 4037 3589 4105 Neque

2001 4126 2624 4228 enimaidonei'samus
2681 4159 2905 4226 peccata
2953 4133 3368 4204 nobismetipsis
3406 4126 3593 4228 dimit-

2003 4274 2144 4326 tere,
2173 4255 2428 4314 Christus
2469 4257 2653 4304 autem
2683 4216 2844 4298 nobis
2868 4228 3321 4308 propitiationem
3351 4216 3588 4292 perﬁcit.

2004 4355 2161 4413 Unde
2211 4358 2269 4406 et
2300 4347 2420 4417 ejus
2456 4354 2592 4399 voce
2618 4332 2930 4393 sacerdotes
2962 4326 3018 4380 in
3050 4316 3372 4378 Ecclesiam,

2008 4450 2130 4519 ejus
2163 4400 2400 4501 oﬁicitim
2453 4434 2773 4492 subeuntes,
2804 4418 3043 4478 ordinati
3095 4420 3244 4475 sunt,
3288 4407 3488 4477 quibus
3537 4400 3596 4454 in

2692 4518 2947 4576 dicebat:
3000 4508 3236 4573 Quorum
3283 4493 3596 4554 dimiseritis

2017 4590 2263 4700 peccata,
2293 4590 2515 4677 dimissa
2548 4622 2694 4676 sunt,
2747 4617 2797 4664 et
2841 4616 3067 4675 quorum
3105 4590 3453 4653 retinueritis,
3506 4600 3598 4639 re-

2017 4681 2162 4778 tenta
2190 4681 2389 4775 sunt”.
2424 4709 2492 4764 Et
2528 4715 2720 4760 rursus
2745 4718 2759 4754 :
2793 4695 3126 4762 Quintusque
3151 4681 3410 4740 solveritis
3439 4691 3600 4746 super

2018 4823 2218 4870 terram
2263 4789 2436 4860 soiuta
2471 4805 2624 4852 erunt
2667 4801 2716 4846 et
2753 4791 2811 4844 in
2857 4784 3004 4844 creto,
3037 4789 3085 4835 et
3111 4786 3435 4848 quacunque
3465 4769 3604 4839 liga-

2018 4901 2193 4958 veritis
2220 4909 2376 4964 super
2409 4881 2629 4948 terram,
2663 4881 2828 4950 ligata
2857 4881 3009 4929 erunt
3049 4877 3098 4923 et
3133 4867 3190 4920 in
3217 4861 3426 4918 emta“.

2089 5009 2253 5075 Vens.
2283 4999 2473 5060 δὶα-55.
2522 5015 2541 5048 ε
2576 4995 2674 5049 Sin
2701 4999 2885 5046 autem
2923 4987 2991 5042 de
3025 4977 3317 5054 pecoribus
3343 4968 3609 5028 obtulerit

2020 5101 2292 5158 victimam
2323 5107 2423 5162 pro
2455 5092 2702 5158 peccato,
2735 5094 2893 5136 ovem
2925 5075 3140 5131 scilicet
3179 5063 3608 5125 immaculatam,

2025 5198 2188 5264 ponet
2227 5153 2654 5248 manum-super
2691 5183 2856 5243 caput
2888 5170 3028 5238 ejus,
3075 5170 3132 5218 et
3156 5153 3462 5215 immolabit
3485 5164 3609 5204 eam

2273 5276 2362 5339 ubi
2393 5244 2574 5330 solent
2618 5268 3061 5324 holocaustorum
3107 5249 3241 5306 caedi
3274 5244 3487 5307 hostiae,
3517 5255 3612 5295 su-

2032 5379 2253 5442 metque
2311 5361 2568 5431 sacerdos
2621 5359 2688 5412 de
2740 5349 3004 5422 sanguine
3051 5342 3171 5412 ejus
3200 5336 3372 5407 digito
3399 5347 3524 5394 suo,
3557 5336 3615 5383 et

3047 5433 3059 5442 -
3179 5426 3210 5442 -·
3276 5441 3283 5442 κ
3316 5439 3380 5442 α-
3425 5419 3614 5442 ιηηι-.

2038 5419 2264 5531 tangens
2296 5428 2501 5510 cornua
2537 5447 2721 5508 altaris
2758 5419 3085 5499 holocausti,
3114 5426 3388 5496 reliquum
3425 5419 3618 5476 fundet

2039 5554 2106 5608 ab
2132 5512 2326 5615 obasim
2371 5543 2510 5612 ejus,
2564 5548 2780 5594 omnem
2836 5539 3050 5600 quoque
3077 5519 3331 5576 auferens
3378 5512 3615 5582 adipem,

2044 5644 2185 5699 sicut
2210 5606 2418 5694 auferri
2442 5632 2580 5688 solet
2633 5627 2801 5694 adeps
2831 5617 3017 5675 arietis
3049 5612 3141 5684 qui
3174 5606 3485 5665 immolatur
3519 5615 3617 5672 pro

2741 5768 2785 5800 ’θ
2819 5762 3014 5817 llabac.
3050 5773 3130 5823 ιιι,
3185 5756 3238 5810 ὁ.
3345 5751 3390 5784 ⁹¹
3425 5745 3614 5803 Matth.
