4044 6224
501 325 609 394 8‘ll

1700 364 1715 377 ρ
1729 326 2091 389 HESYCHII
2131 327 2618 396 PRESBYTERI.‘

3656 324 3755 388 83!

501 439 760 510 paciﬁcis,
815 448 873 493 et
924 437 1188 493 cremabit
1239 453 1406 509 super
1456 440 1627 495 altare
1678 442 1736 498 in
1785 443 2072 499 incensum
2104 446 2151 503 Α
2178 441 2537 498 fundamenta
2554 441 2696 511 ejus,
2721 439 2849 510 quia
2877 454 2980 510 pro
3005 446 3227 510 peccato
3249 445 3361 501 est,
3380 436 3612 491 alterum
3633 453 3755 494 vero

500 528 738 592 Domini.
766 527 1089 598 rogabitque
1145 543 1246 598 pro
1277 544 1364 597 eo,
1395 539 1452 586 et
1497 545 1598 602 pro
1660 541 1886 603 peccato
1935 534 2076 606 ejus,

497 628 554 676 et
576 618 880 674 dimittetur
905 616 1002 673 illi.
1047 637 1066 670 ι
1397 688 1400 690 γ

569 705 938 777 Semetipsum
1001 722 1150 763 nunc
1217 724 1435 780 quoque
1495 727 1732 783 sequens
1800 712 2080 784 legislator

496 798 758 855 oblationi
815 813 992 868 caprae
1036 798 1152 854 sive
1209 799 1486 867 chimerte,
1533 818 1696 874 quam
1742 804 1983 862 diximus
2010 806 2081 861 ab

502 890 586 944 his
635 889 726 958 qui
760 897 889 943 sunt
939 888 1008 943 de
1038 889 1271 959 populo,
1308 900 1363 946 et
1387 893 1479 961 qui
1511 909 1619 948 non
1652 906 1992 967 occupantur
2025 897 2085 959 in

502 980 861 1035 meditatione
904 979 1057 1050 legis,
1091 978 1275 1035 ollerri
1306 997 1464 1037 ovem
1493 998 1709 1054 quoque
1737 986 2025 1054 conjunxit
2064 1007 2079 1043 :

498 1070 759 1141 quoniam
792 1070 847 1122 in
893 1068 1092 1140 populo
1119 1069 1388 1129 etidiotis
1415 1072 1674 1141 possibile
1725 1085 1809 1130 est
1837 1090 1959 1131 esse
1987 1076 2086 1133 ali-

500 1176 640 1231 quos
683 1160 847 1214 etiam
876 1159 1172 1230 simplices,
1201 1160 1399 1230 quibus
1441 1164 1729 1221 conveniat
1758 1166 1875 1222 ovis
1908 1168 2084 1224 sacri-

503 1250 704 1315 ficium,
735 1250 881 1320 quod
931 1261 1037 1304 tam
1077 1251 1130 1305 in
1195 1252 1646 1309 holocautomatis
1696 1272 1858 1326 quam
1913 1259 2084 1314 sacri-

502 1338 639 1393 liciis
662 1339 852 1393 hostiae
876 1338 1224 1408 paciﬁcorum
1272 1339 1694 1397 demonstratur.
1725 1344 1924 1415 Aperte
1956 1361 2085 1418 ergo

503 1428 778 1499 legislator
803 1429 1107 1501 approbare
1146 1431 1395 1500 cupiens,
1421 1432 1548 1502 quia
1589 1450 1702 1489 non
1727 1437 1905 1490 solum
1930 1438 2087 1506 prin-

501 1533 651 1588 ceps.
707 1519 759 1574 id
785 1528 869 1574 est
924 1521 1152 1577 scientia
1177 1521 1480 1587 sublimior,
1513 1539 1615 1580 nec
1647 1534 1854 1583 tantum
1906 1543 2085 1600 popu-

504 1611 654 1676 laris,
687 1612 782 1666 sed
808 1621 864 1667 et
891 1612 937 1667 si
968 1613 1090 1683 quis
1122 1623 1205 1669 est
1256 1614 1310 1669 in
1358 1618 1713 1686 popularibus
1758 1620 2013 1690 simplex.
2040 1623 2085 1678 si

504 1701 642 1756 forte
706 1705 1034 1772 peccaverit,
1079 1706 1224 1775 quod
1274 1714 1331 1759 et
1385 1707 1474 1764 hic
1523 1708 1591 1763 ad
1651 1710 2081 1782 redemptionem

2181 532 2418 597 adolebit
2446 530 2846 594 holocaustum,
2874 537 2936 584 ut
2977 527 3095 583 tleri
3118 526 3275 593 solet,
3311 524 3639 599 rogabitque
3662 541 3754 597 pro

2180 621 2545 687 eosacerdos,
2566 628 2624 675 et
2649 633 2750 690 pro
2790 627 3019 689 peccato
3070 617 3209 686 ejus,
3240 625 3301 671 et
3328 613 3640 671 dimittetur
3687 617 3751 672 ei.

2183 714 2341 781 Quod
2390 712 2435 769 si
2457 728 2571 767 non
2601 709 2840 781 quiverit
2868 722 3066 764 manus
3113 707 3233 777 ejus
3251 705 3466 763 oﬂ‘erre
3492 704 3630 759 duos
3650 713 3755 758 tur-

2181 815 2353 873 tures,
2385 804 2470 862 vel
2490 802 2630 859 duos
2661 802 2838 874 pullos
2882 800 3168 862 columbae,
3199 798 3401 854 offeret
3422 812 3526 867 pro
3548 804 3756 866 peccato

2184 896 2439 961 similam,
2466 904 2676 966 partem
2697 892 2824 964 ephi
2854 891 3120 949 decimam
3148 908 3166 956 ;
3215 904 3332 944 non
3361 888 3547 942 mittet
3567 886 3621 942 in
3647 902 3755 942 eam

2183 986 2385 1051 oleum,
2422 1001 2525 1041 nec
2550 983 2726 1040 thuris
2756 981 2962 1052 aliquid
2980 981 3244 1051 imponet,
3270 978 3405 1049 quia
3423 992 3527 1048 pro
3552 986 3757 1048 peccato

2184 1086 2286 1140 est.
2312 1075 2595 1144 tradetque
2621 1088 2741 1131 eam
2790 1070 3079 1134 sacerdoti.
3132 1070 3226 1140 qui
3269 1069 3504 1138 plenum
3551 1082 3618 1123 ex
3656 1076 3757 1123 toto

2183 1164 2447 1236 pugillum
2476 1162 2758 1227 hauriens,
2793 1160 3058 1218 cremabit
3082 1172 3249 1230 super
3300 1158 3480 1217 altare
3528 1158 3584 1212 in
3646 1173 3752 1211 mo-

2186 1263 2512 1311 numentum
2587 1254 2706 1324 ejus
2762 1253 2857 1324 qui
2907 1249 3146 1314 obtulit,
3208 1262 3417 1321 rogans
3507 1261 3607 1317 pro
3669 1246 3754 1299 illo

2186 1356 2241 1401 et
2290 1346 2537 1417 expians.
2595 1343 2879 1414 Reliquam
2914 1356 3051 1398 vero
3096 1348 3310 1411 partem
3368 1338 3488 1409 ipse
3551 1336 3752 1395 habebit

2189 1437 2245 1492 in
2266 1451 2514 1492 munere.
2545 1455 2565 1489 ›

2259 1527 2399 1582 Num
2423 1527 2614 1582 eadem
2647 1525 2920 1597 legislator
2949 1524 3192 1594 repetit?
3217 1523 3364 1579 Cum
3398 1520 3455 1575 in
3483 1515 3750 1590 praeteritis

2187 1623 2388 1693 quippe
2409 1621 2639 1676 dixisset
2655 1620 2826 1690 quod,
2860 1619 2905 1675 si
2939 1617 3248 1689 peccaverit
3278 1616 3351 1672 de
3378 1612 3580 1685 populo
3610 1619 3751 1664 terra:

2188 1727 2286 1782 per
2318 1709 2698 1783 ignorantiam,
2725 1719 2784 1763 ut
2813 1707 2973 1763 faciat
3007 1704 3290 1776 qaidpiam
3319 1718 3388 1759 ex
3417 1701 3501 1756 ltis
3523 1713 3637 1770 qua:
3654 1698 3747 1752 Do-

504 1803 851 1863 peccatorum
896 1774 1103 1850 debeat
1139 1798 1535 1867 paenitentiam,-
1595 1801 1712 1856 ovis
1755 1774 2082 1861 sacrificium
2117 1774 2158 1829 Β
2189 1774 2489 1872 minivlege
2528 1799 2886 1870 prohibentur
2936 1805 3100 1865 atque
3162 1794 3469 1861 delinquat.
3528 1789 3749 1844 Genera-

506 1884 824 1941 introtluxit.
878 1884 1000 1943 Ideo
1032 1898 1216 1943 autem
1257 1905 1367 1944 non
1406 1891 1653 1956 arietem,
1683 1894 1778 1949 sed
1821 1909 2003 1958 ovem.
2031 1896 2087 1951 id

505 1982 608 2039 est,
651 1974 932 2049 fentinam,
991 1987 1048 2031 et
1097 1992 1207 2032 non
1260 1980 1563 2037 masculum
1592 1984 1849 2054 pratcepit
1874 1984 2084 2051 oﬂ'erri,

507 2064 634 2134 quia
665 2065 1018 2134 popularibus
1042 2065 1368 2123 feminarum
1407 2070 1735 2126 sacrificium
1765 2074 2084 2142 deputavit:

507 2168 604 2211 eos
652 2154 740 2210 hic
775 2156 868 2227 qui
904 2155 1077 2230 legem
1120 2158 1395 2230 accipiunt
1434 2161 1713 2218 evidenter
1772 2173 2090 2222 contestans

510 2260 571 2306 ut
601 2252 914 2322 quicunque
950 2253 1314 2325 principatum
1365 2256 1590 2313 sortitus
1619 2266 1723 2324 est,
1755 2270 1811 2314 et
1847 2270 1931 2315 est
1966 2261 2089 2316 aliis

506 2341 793 2398 sublimior
819 2343 1069 2409 scientia.
1105 2359 1215 2400 non
1245 2345 1418 2401 solam
1462 2348 1720 2407 exhibeat
1765 2350 2086 2420 simplicita-

512 2440 643 2496 tem,
669 2446 795 2486 cum
823 2442 1068 2502 oporteat
1094 2450 1221 2491 eum
1251 2436 1414 2493 etiam
1451 2438 1775 2506 prudentem
1798 2455 1923 2498 esse
1946 2442 2090 2498 sicut

510 2530 857 2592 serpentem,
909 2526 1365 2594 quemadmodum
1435 2528 1701 2586 Dominus
1758 2533 1915 2588 ait”.
1982 2534 2087 2600 Qui

510 2629 642 2669 vero
668 2630 777 2668 non
806 2623 891 2671 est
916 2615 1058 2683 talis,
1107 2616 1163 2673 id
1185 2628 1269 2683 est
1294 2619 1387 2688 qui
1418 2635 1526 2674 non
1557 2622 1801 2678 abundat
1834 2624 2085 2689 scientia,

510 2714 568 2760 et
596 2712 883 2774 propterea
908 2707 963 2761 in
994 2707 1192 2777 populo
1218 2708 1397 2781 deget,
1416 2711 1516 2768 hic
1543 2714 1792 2782 quamvis
1841 2714 1913 2768 sit
1943 2715 2088 2770 sim-

513 2793 660 2864 plex,
722 2795 768 2851 si
822 2797 1101 2869 contingat
1150 2807 1211 2853 ut
1258 2808 1470 2869 peccet,
1520 2815 1626 2855 nec
1669 2801 1772 2871 ipsi
1801 2813 2087 2871 peceatum

514 2886 848 2958 ignoscetur,
893 2889 1002 2956 nisi
1027 2905 1124 2959 per
1153 2890 1484 2948 oblationem
1514 2894 1852 2964 pmnitentiaa
1890 2911 2087 2966 pecca-

514 2986 630 3033 tum
680 2978 919 3035 diluerit.
969 2980 1106 3037 Cum
1162 2997 1287 3055 ergo
1321 2982 1439 3040 haec
1465 2983 1539 3039 ita
1583 2999 1645 3040 se
1680 2985 1936 3052 habeant,
1973 3002 2086 3042 non

2189 1892 2311 1947 liter
2334 1890 2402 1945 de
2422 1889 2573 1944 omni
2595 1898 2816 1958 peccato
2852 1886 3174 1957 praecipiens
3200 1893 3260 1939 et
3288 1884 3495 1953 jubens
3515 1894 3631 1948 quae
3668 1878 3749 1933 dc-

2188 1981 2380 2036 berent
2417 1977 2624 2045 olIerri,
2658 1991 2805 2031 nunc
2823 1988 3047 2046 quoque
3063 1972 3136 2027 de
3188 1970 3407 2026 eisdem
3464 1966 3583 2022 aliis
3625 1980 3742 2034 quo~

2188 2071 2481 2128 dammodo
2509 2070 2725 2125 videtur
2752 2067 2966 2123 sancire
2992 2064 3371 2121 sermonibus.
3407 2056 3752 2126 Quamobrem

2188 2172 2372 2218 autem
2402 2161 2657 2232 superius
2686 2159 2934 2231 quaedam
2969 2172 3071 2229 pro
3087 2165 3341 2226 peccato,
3359 2161 3421 2209 et
3458 2165 3567 2205 non
3585 2145 3754 2204 omnia

2188 2253 2454 2324 exposuit.
2479 2251 2776 2322 Oportebat
2816 2248 3019 2319 quippe
3088 2255 3150 2302 ut
3170 2253 3269 2300 aut
3291 2243 3483 2299 omnia
3506 2255 3600 2311 per
3651 2238 3749 2291 sin-

2188 2346 2308 2417 gula
2336 2352 2660 2415 exponeret,
2687 2350 2784 2397 aut
2820 2341 3040 2412 penitus
3090 2336 3252 2405 nihil,
3313 2351 3442 2391 cum
3501 2328 3754 2404 generalis;
3847 2366 3851 2370 .

2188 2439 2238 2495 ei
2287 2437 2683 2494 demonstratio
2724 2433 2936 2506 peccati
2996 2430 3295 2487 suﬂiceret.
3355 2428 3466 2484 Sed
3525 2441 3633 2482 non
3683 2423 3752 2480 ita

2188 2545 2247 2586 se
2310 2529 2512 2583 habent
2560 2526 2726 2582 verba
2784 2521 3136 2596 legislatoris,
3207 2521 3359 2575 sicut
3410 2517 3620 2588 quidam
3660 2527 3745 2567 ne-

2191 2620 2455 2691 gligenter
2532 2616 2773 2688 legentes
2867 2611 3214 2670 existimant.
3315 2606 3547 2675 Quando
3620 2600 3752 2662 enim.

2152 2708 2331 2764 edixit
2370 2726 2383 2761 :

2260 2797 2471 2863 Quodsi
2512 2796 2803 2865 peccaverit
2837 2793 2901 2846 de
2955 2789 3147 2861 populo
3189 2798 3350 2842 terra:
3374 2801 3468 2855 per
3520 2784 3743 2853 ignorari.

2189 2892 2427 2953 tiam,1tt
2453 2889 2616 2961 faciat
2637 2887 2916 2958 quidpiam
2946 2901 3010 2939 ea:
3040 2884 3119 2938 Itis
3142 2897 3260 2953 quia
3291 2878 3502 2935 Domini
3523 2876 3624 2947 lege
3637 2888 3741 2944 pro-

2186 2983 2450 3048 hibentur,
2477 2990 2639 3053 atque
2662 2979 2953 3048 delinquat,
2984 2975 3297 3053 sensibilem
3322 2970 3571 3033 Israelem
3582 2976 3744 3023 osten-

512 3076 677 3140 egent
725 3078 923 3126 caetera
971 3073 1345 3142 expositione:
1383 3089 1508 3130 cum
1554 3077 1704 3132 enim
1756 3078 2084 3135 sacrificium
2112 3104 2157 3162 ρ
2188 3074 2286 3140 dit,
2320 3073 2411 3144 qui
2433 3086 2767 3144 cognoscens
2798 3070 3218 3162 Dei_mtndata,
3255 3082 3371 3122 non
3399 3062 3582 3162 debuit
3602 3055 3741 3162 quiti

513 3175 613 3230 pro
644 3170 869 3229 peccato
897 3161 990 3227 sit.
1022 3164 1180 3219 simul
1227 3164 1316 3220 hic
1340 3164 1411 3220 de
1446 3180 1608 3236 capra
1632 3176 1689 3222 et
1717 3168 1787 3224 de
1815 3184 1917 3227 ove
1942 3186 2086 3240 prae-

511 3252 675 3322 cepit.
706 3252 862 3309 Unde
888 3270 1113 3313 necesse
1138 3272 1247 3313 non
1275 3269 1378 3325 est.
1425 3275 1550 3316 cum
1580 3261 1868 3319 tendamus
1896 3263 1965 3319 ad
1998 3279 2088 3321 se-

512 3342 756 3414 quentia,
785 3345 880 3402 diu
909 3348 967 3403 in
995 3350 1360 3420 praesentibus
1392 3353 1694 3411 immorari.

1141 3482 1367 3562 CAPUT
1404 3509 1469 3565 v.

544 3614 551 3620 '
592 3611 756 3669 Vens.
783 3613 930 3670 1-13.
964 3633 984 3670 ‹
1028 3615 1086 3670 Si
1137 3618 1450 3687 peccaverit
1488 3620 1694 3687 anima,
1748 3631 1804 3678 et
1855 3624 2095 3682 audierit

515 3717 704 3758 vocem
733 3704 990 3774 iurantis,
1018 3706 1279 3779 testisque
1316 3707 1484 3766 fuerit
1502 3712 1652 3782 quod
1679 3722 1775 3769 aut
1801 3714 1920 3785 ipse
1934 3716 2089 3785 vidit,

515 3800 611 3853 aut
629 3794 881 3850 conscius
913 3804 1020 3862 est,
1051 3795 1156 3853 nisi
1178 3797 1523 3867 indicaverit,
1560 3805 1803 3876 portabit
1831 3804 2094 3878 iniquita-

515 3893 624 3939 tem
649 3900 823 3942 suam.
844 3887 1039 3944 Anima
1055 3906 1178 3961 quae
1203 3892 1441 3964 tetigerit
1475 3894 1682 3966 aliquid
1725 3897 2091 3967 immundum,

512 3975 629 4031 sive
655 3977 798 4046 quod
825 3979 1067 4036 occisum
1084 3996 1117 4036 a
1137 3983 1309 4043 bestia
1330 3993 1437 4048 est,
1461 3995 1559 4041 aut
1577 4002 1679 4057 per
1707 4004 1768 4045 se
1789 4001 2090 4060 mortuum,

520 4068 602 4121 vel
627 4069 906 4137 quodlibet
933 4071 1080 4129 aliud
1112 4074 1307 4143 reptile
1348 4085 1405 4131 et
1438 4078 1606 4135 oblita
1637 4078 1806 4136 fuerit
1836 4084 2087 4139 immun-

516 4157 664 4214 ditiae
690 4173 822 4223 suae.
853 4176 946 4217 rea
970 4170 1072 4226 est,
1094 4170 1152 4217 et
1188 4164 1475 4234 delinquit.
1510 4168 1581 4224 Et
1604 4169 1649 4225 si
1673 4171 1910 4242 tetigerit
1928 4174 2095 4244 quid-

516 4250 662 4317 piam
682 4248 750 4305 de
787 4249 1131 4307 imniunditia
1162 4253 1421 4320 hominis,
1462 4257 1618 4327 juxta
1648 4275 1868 4319 omnem
1899 4262 2094 4333 impu-

519 4338 754 4405 ritatem,
780 4355 887 4419 qua
915 4341 1083 4411 pollui
1101 4343 1260 4409 solet,
1289 4346 1567 4418 oblitaque
1589 4352 1908 4422 cognoverit
1929 4363 2086 4423 post-

2191 3164 2339 3236 piam
2368 3162 2502 3235 legis
2536 3161 2859 3234 transgredi.
2893 3158 3296 3229 Transgressus
3326 3146 3743 3218 autem,implere

2190 3256 2374 3312 debuit
2394 3271 2459 3311 ea
2489 3269 2611 3325 qua:
2636 3254 2702 3308 ad
2737 3251 3120 3323 paenitentiam
3144 3249 3450 3320 pertinent.
3505 3241 3559 3298 ln
3618 3250 3739 3324 prter

2191 3346 2333 3403 senti
2360 3330 2806 3401 autem'dicens:
2858 3343 2918 3398 Si
2958 3340 3272 3412 peccaverit
3316 3339 3516 3398 anima,
3562 3343 3736 3427 nequa:

2191 3454 2355 3510 quam
2389 3434 2616 3502 addidit,
2652 3433 2722 3489 de
2756 3432 2957 3509 populo
2974 3441 3154 3495 terrae,
3180 3442 3236 3485 et
3264 3427 3595 3483 rectissime.
3622 3418 3740 3510 Dicit

2190 3505 2338 3586 enim
2366 3537 2586 3599 peccata
2622 3542 2654 3582 a
2679 3506 2877 3596 quibus
2898 3538 3123 3580 necesse
3181 3522 3275 3586 sit,
3306 3516 3600 3575 secundum
3618 3505 3740 3580 quod

2191 3621 2267 3678 ait
2279 3619 2534 3685 Iacobus,
2554 3617 2719 3673 etiam
2738 3614 2942 3686 hosqui
2960 3621 3087 3670 sunt
3113 3629 3179 3668 ex
3204 3610 3458 3684 gentibus
3482 3602 3737 3661 abstinere,

2193 3711 2246 3768 id
2263 3719 2346 3768 est
2373 3707 2706 3779 idolothytis,
2728 3715 2784 3761 et
2805 3704 3108 3768 sull‘ocatis,
3147 3713 3204 3759 et
3258 3699 3544 3773 sanguine.
3569 3703 3618 3748 et
3648 3690 3740 3743 fur-

2195 3802 2494 3859 nicatione.
2527 3799 2585 3854 lu
2616 3799 2704 3854 bis
2727 3797 2873 3853 enim
2917 3795 3166 3855 invenies
3223 3792 3510 3865 sequentia
3561 3797 3740 3884 conuu-

2194 3901 2422 3949 merata.
2448 3891 2653 3947 Deinde
2683 3891 2936 3961 superius
2964 3888 3107 3959 quod
3165 3895 3248 3943 est
3275 3892 3556 3957 peccatum
3576 3885 3738 3930 unius-

2193 3986 2459 4056 cujusque
2480 3997 2577 4053 per
2603 3980 2959 4051 semetipsum
2996 3978 3394 4047 delinquentis,
3426 3984 3482 4029 et
3498 3966 3631 4070 quod
3658 3975 3740 4070 iter

2193 4053 2402 4143 sequis
2431 4070 2622 4144 gessit,
2645 4069 2979 4139 designatur.
3008 4067 3106 4123 Hic
3137 4074 3323 4120 autem
3363 4078 3485 4120 eum
3515 4056 3601 4130 qui
3628 4053 3738 4154 alie—

2194 4168 2279 4223 nis
2303 4164 2536 4237 peccatis
2557 4161 2983 4218 communicavit
3037 4159 3409 4223 demonstrat,
3458 4154 3558 4209 hoc
3610 4157 3735 4248 enim

2195 4267 2370 4312 tactus
2394 4252 2660 4309 immundi
2696 4259 2750 4305 et
2775 4248 3078 4310 morticini,
3139 4256 3195 4301 et
3236 4262 3265 4301 a
3297 4245 3487 4302 bestiis
3511 4245 3640 4309 capti
3669 4247 3738 4286 tn-

2194 4347 2335 4411 nuit,
2359 4360 2468 4400 non
2491 4358 2588 4413 per
2619 4339 2926 4412 aenigmata,
2958 4338 3052 4394 sed
3077 4343 3265 4406 aperte
3292 4345 3587 4406 exponens,
3611 4320 3737 4396 qum!

518 4444 605 4492 ea,
663 4414 972 4499 subjacebit
1022 4433 1244 4491 delicto.
1292 4414 1494 4494 Anima
1525 4414 1978 4512 quae'juraveri't,
2031 4453 2090 4499 et
2125 4450 2166 4501 υ
2194 4438 2411 4509 quidam
2446 4433 2775 4503 despiciunt,
2799 4431 2974 4495 idest,
3017 4429 3245 4483 alterius
3272 4429 3329 4483 in
3356 4436 3589 4483 errarent
3623 4417 3733 4472 mit-

520 4521 804 4590 protulerit
827 4524 986 4582 labiis
1014 4526 1149 4592 suis,
1178 4534 1240 4583 ut
1261 4529 1345 4584 vel
1368 4530 1508 4586 male
1535 4531 1667 4600 quid
1691 4533 1873 4590 facere
1900 4536 2087 4599 vellet,

521 4612 608 4667 vel
643 4616 802 4679 bene,
838 4624 895 4669 et
917 4616 1154 4687 idipsum
1199 4618 1515 4689 jurameuto
1536 4631 1593 4678 et
1616 4638 1877 4699 sermone
1898 4626 2086 4682 ﬁrma-

519 4704 659 4760 verit
708 4704 982 4775 oblitaque
1005 4718 1192 4776 postea
1244 4711 1575 4771 intellexerit
1598 4713 1860 4771 delictum
1893 4731 2077 4785 suum,

521 4804 643 4868 agat
689 4797 1067 4866 paenitentiam
1087 4817 1188 4871 pro
1213 4815 1457 4874 peccato,
1485 4815 1543 4863 et
1571 4806 1767 4863 oll'erat
1789 4823 1985 4880 agnam
2021 4811 2092 4866 de

520 4888 790 4961 gregibus,
821 4888 936 4946 sive
960 4906 1198 4961 capram,
1226 4896 1511 4967 orabitque
1560 4913 1660 4969 pro
1687 4914 1754 4954 eo
1807 4902 2089 4966 sacerdos,

518 4987 576 5036 et
603 4994 703 5050 pro
729 4987 952 5050 peccato
980 4980 1118 5050 ejus.
1150 4981 1247 5038 Sin
1282 4994 1463 5041 autem
1499 5001 1609 5043 non
1628 4990 1867 5058 potuerit
1885 4990 2087 5046 otl'ert-e

521 5085 709 5150 pecus,
735 5069 930 5126 olferat
948 5070 1085 5127 duos
1114 5080 1354 5128 turtures
1383 5076 1466 5130 vel
1495 5076 1633 5132 duos
1661 5079 1838 5147 pullos
1875 5080 2093 5135 colum-

521 5159 712 5215 barum
744 5160 994 5229 Domino,
1026 5176 1191 5215 unum
1257 5178 1356 5231 pro
1385 5173 1628 5234 peccato,
1657 5176 1715 5221 et
1748 5168 1982 5224 alterum
2038 5168 2093 5223 in

524 5249 920 5313 holocaustum,
955 5250 1213 5321 dabitque
1257 5268 1351 5307 eos
1372 5256 1665 5311 sacerdoti.
1693 5258 1795 5323 Qtti
1850 5259 2089 5329 primum

526 5334 759 5390 offerens
776 5352 875 5407 pro
897 5345 1141 5406 peccato,
1169 5341 1508 5410 retorquebit
1528 5354 1691 5413 caput
1713 5345 1832 5414 ejus
1860 5346 1929 5400 ad
1954 5362 2089 5416 pen-

528 5425 705 5490 nulas,
736 5425 810 5480 ita
843 5436 902 5482 ut
917 5427 1055 5484 collo
1085 5428 1306 5496 haereat,
1330 5442 1387 5487 et
1410 5448 1516 5488 non
1537 5436 1757 5504 penitus
1795 5438 2093 5508 abrumpa-

530 5520 637 5577 tur,
658 5521 713 5567 et
733 5523 982 5585 asperget
1005 5517 1071 5572 de
1102 5520 1361 5590 sanguine
1416 5523 1536 5591 ejus
1586 5525 1851 5594 parietem
1883 5527 2098 5582 altaris.

530 5600 799 5671 Quidquid
824 5612 1005 5659 autem
1033 5607 1298 5677 reliquum
1319 5609 1499 5680 fuerit,
1530 5613 1692 5677 faciet
1719 5615 1984 5672 distillare
2039 5618 2103 5673 ad

600 5721 858 5799 "Matth.
891 5754 943 5804 x,
976 5740 1058 5795 ιθ.

2193 4529 2355 4584 lentis
2378 4541 2485 4580 non
2507 4538 2750 4596 arguere
2793 4535 3057 4581 errorem,
3108 4519 3204 4575 sed
3251 4528 3575 4575 consensum
3617 4519 3736 4578 prter

2189 4618 2339 4674 bere.
2369 4615 2525 4671 Nune
2548 4629 2677 4686 ergo
2705 4611 3092 4682 oslenditquia
3113 4619 3169 4665 ct
3194 4612 3248 4666 in
3281 4611 3387 4666 hoc
3414 4603 3735 4663 oblationem.

2188 4714 2309 4763 eam
2375 4707 2629 4763 videlicet
2676 4721 2797 4774 qute
2841 4704 2908 4758 ad
2955 4704 3293 4772 pmniteutite
3368 4692 3735 4756 absolutionem

2192 4799 2450 4873 pertinet,
2474 4796 2837 4853 necessariam
2863 4797 3189 4850 habeamus.
3527 4881 3535 4883 Α
3688 4871 3700 4883 .

2262 4891 2320 4948 Si
2350 4891 2639 4962 peccauerit
2680 4889 2885 4951 anima,
2921 4898 2970 4943 et
3026 4889 3261 4947 audierit
3318 4901 3489 4944 vocem
3508 4881 3734 4970 jar-antis,

2198 4984 2439 5054 testisque
2461 4980 2640 5052 fuerit,
2655 4979 2793 5049 quod
2823 4987 2917 5032 aut
2949 4979 3059 5048 ipse
3098 4979 3248 5043 uidit,
3286 4987 3375 5032 aut
3424 4968 3728 5070 conminuit.

2197 5075 2364 5141 idest,
2400 5074 2446 5128 si
2467 5072 2648 5144 aliqua
2679 5073 2879 5142 furtum
2905 5082 3000 5125 aut
3053 5070 3230 5124 dolum
3251 5072 3487 5143 faciente,
3518 5070 3561 5116 ει
3581 5068 3736 5128 μηκ-

2196 5167 2423 5221 randum
2449 5180 2543 5235 pro
2572 5166 2646 5220 eis
2672 5165 2853 5228 dante,
2882 5165 3060 5218 videns
3081 5164 3275 5234 aliquis
3302 5164 3495 5235 furtum
3523 5161 3609 5207 aut
3654 5144 3733 5197 d0-

2198 5253 2305 5308 lum
2333 5271 2484 5325 quem
2508 5255 2651 5325 fecit,
2710 5252 2791 5307 vel
2826 5240 2985 5306 aliter
3012 5254 3245 5307 conscius
3276 5250 3411 5321 quod
3437 5244 3561 5319 false
3582 5237 3724 5325 jtlt‘el.

2198 5361 2299 5398 non
2321 5320 2626 5413 prodiderit,
2651 5343 2881 5414 portabit
2924 5320 3378 5414 iniquitatem.Et
3429 5343 3579 5391 recte.
3617 5320 3728 5427 mel

2203 5436 2289 5490 cui
2312 5437 2465 5491 licuit
2490 5452 2718 5508 arguere
2750 5446 3052 5505 peccatum,
3085 5446 3139 5491 et
3187 5436 3338 5500 texit,
3400 5429 3598 5499 adjutor
3632 5425 3728 5513 Cll”

2206 5527 2395 5598 procul
2416 5527 2583 5583 dubio
2611 5526 2789 5583 factus
2814 5536 2917 5583 est.
2955 5526 3060 5593 Qui
3105 5543 3236 5583 vero
3260 5524 3536 5582 auxiliatus
3558 5521 3647 5571 est,
3677 5517 3721 5556 ιη

2209 5620 2568 5689 semetipsum
2628 5627 2912 5690 peccatum
2966 5618 3145 5677 traxit.
3194 5618 3312 5677 Non
3374 5615 3533 5672 solum
3575 5606 3723 5659 autem
