4044 6224
265 329 376 394 833

1432 320 1514 391 ΙΝ
1550 324 1990 393 LEVITICUM.
2033 355 2096 368 -
2139 328 2287 393 LIB.
2328 324 2380 394 I.

3430 340 3532 404 Rili

275 438 520 508 pra:dicti
543 439 751 511 peccati
814 434 1218 496 immunditiam
1267 438 1578 494 evitandam
1627 440 1856 511 putavit,
1898 448 1929 501 Α
1964 438 2367 495 conniventiam
2398 438 2624 510 praebet,
2667 439 2749 496 vel
2812 440 2865 497 in
2916 422 2987 499 ’ὄσ
3037 444 3182 515 quod
3217 447 3535 517 plaeentta-

272 532 370 589 sed
390 541 447 587 et
472 532 519 588 si
546 532 669 603 quis
698 533 937 602 tetigerit
992 549 1210 588 omnem
1242 548 1358 588 rem
1382 532 1739 600 immundam,
1763 542 1857 587 aut

272 621 647 687 morticinam,
680 630 776 678 aut
805 638 835 676 a
870 622 1062 678 bestiis
1107 630 1346 692 captam,
1406 637 1518 677 non
1584 622 1852 693 corporis,

266 714 364 770 sed
400 713 478 769 rei
505 713 819 769 immundas
847 714 1091 769 actiones
1119 713 1411 770 ostendere
1444 712 1694 784 cupiens,
1750 728 1854 767 nec

270 805 391 859 illas
417 804 799 859 immunditias
846 820 984 874 quas
1021 804 1335 860 Judaeorum
1381 819 1517 875 gens
1556 803 1850 858 existimat.

268 894 404 963 Quae
440 895 553 951 sint
581 903 763 950 autem
821 896 1072 951 actiones
1137 910 1366 964 quarum
1428 893 1855 949 communicatio

269 988 418 1043 sicut
449 986 856 1041 immundarum
888 986 1142 1042 evitanda
1168 995 1274 1051 est,
1300 985 1550 1039 Salvator
1579 984 1854 1054 apostolos

265 1078 477 1141 docuit,
518 1078 748 1133 dicens:
807 1077 990 1132 Adhuc
1014 1087 1062 1133 et
1101 1094 1188 1131 vos
1233 1078 1345 1130 sine
1400 1076 1664 1130 intellectu
1690 1074 1857 1129 estis!

266 1168 494 1224 Nescitis
522 1171 647 1240 quia
679 1187 830 1224 omne
857 1171 996 1240 quod
1052 1171 1346 1241 ingreditur
1386 1169 1443 1222 in
1498 1184 1577 1234 os,
1632 1168 1689 1221 in
1731 1184 1856 1221 vcn-

270 1269 407 1314 trem
439 1261 608 1326 vadit,
641 1268 688 1314 et
720 1262 774 1314 in
824 1276 1083 1314 secessum
1140 1259 1401 1314 emittitur
1433 1273 1452 1312 :
1506 1272 1622 1327 qua:
1677 1266 1854 1310 autem

266 1352 614 1424 egrediuntur
641 1352 704 1406 de
729 1368 838 1414 ore,
865 1352 927 1405 de
950 1351 1103 1404 corde
1132 1359 1322 1404 exeunt
1347 1388 1362 1413 ,
1432 1358 1480 1402 et
1523 1349 1633 1401 hwc
1681 1347 1856 1417 inqui-

265 1453 401 1497 nant
433 1442 695 1497 hominem
715 1443 741 1495 ?
772 1442 980 1496 Etenim
1009 1444 1072 1495 de
1126 1441 1278 1494 corde
1300 1450 1487 1494 exeunt
1510 1439 1853 1510 cogitationes

266 1534 448 1596 multa,
477 1534 783 1601 homicidia,
815 1532 1107 1597 adulteria,
1141 1532 1281 1603 falsa
1332 1532 1652 1593 testimonia,
1684 1532 1851 1603 furta,

263 1627 616 1698 blasphemiae.
652 1624 780 1680 Ilaec
800 1634 919 1679 sunt
966 1640 1082 1696 qua:
1111 1624 1447 1695 coinquinant
1469 1622 1850 1693 hominem_”'.

269 1719 505 1790 Propter
534 1719 681 1789 quod
712 1727 767 1774 et
787 1718 1083 1772 immundae
1134 1732 1245 1782 res,
1305 1724 1494 1787 utpote
1543 1716 1852 1785 polluentes

1959 530 2051 595 lia,
2084 531 2261 588 modis
2284 531 2541 587 omnibus
2594 533 2872 603 polluitur.
2905 535 3001 590 llic
3023 551 3218 592 sensus
3273 555 3339 594 eo
3373 542 3536 596 modo

1959 623 2014 678 in
2084 622 2340 693 praesenti
2414 639 2631 695 quoque
2705 627 3063 683 translatione
3095 631 3141 683 si
3194 630 3535 694 intendatur.

1956 724 2149 783 venit,
2541 776 2545 781 ι

2026 802 2130 857 Sed
2156 812 2204 858 et
2238 800 2286 857 si
2314 804 2536 876 tetigerit
2560 807 2833 872 quidpiam
2855 807 2918 862 de
2948 809 3281 865 immunditia
3311 815 3534 869 hominis

1949 894 2111 962 juxta
2140 911 2343 949 onmem
2368 896 2736 964 impuritatem
2771 914 2873 968 qua
2916 898 3082 968 pollui
3109 900 3258 965 solet,
3296 904 3359 957 de
3389 906 3532 957 omni

1956 986 2217 1039 munditia
2249 987 2363 1056 ejus
2393 1004 2757 1058 quamcunque
2786 1002 3002 1058 tangens
3060 990 3293 1058 pollutus
3351 994 3529 1063 fuerit.

1955 1075 2099 1130 Dicit
2125 1084 2307 1131 autem
2367 1079 2665 1131 secundum
2708 1077 2966 1143 litteram,
3018 1095 3115 1133 eos
3171 1081 3262 1149 qui
3310 1083 3534 1138 seminis

1954 1165 2158 1222 ﬂuxum
2183 1167 2484 1237 patiuntur,
2509 1177 2567 1222 et
2601 1179 2989 1232 menstruatas,
3012 1179 3066 1224 et
3091 1171 3352 1239 quosdam
3374 1173 3531 1239 alios,

1954 1258 2022 1312 de
2063 1257 2263 1328 quibus
2282 1259 2535 1313 subtilius
2563 1259 2679 1329 ipse
2718 1259 2994 1329 legislator
3020 1261 3182 1330 paulo
3216 1270 3337 1330 post
3373 1262 3530 1326 dicit,

1957 1348 2012 1401 in
2038 1348 2236 1418 quibus
2271 1349 2465 1404 borum
2499 1349 2897 1419 expositionem
2945 1353 3346 1406 reservavimus
3380 1367 3393 1403 :
3426 1353 3533 1407 hoc

1954 1441 2294 1498 solummodo
2341 1457 2487 1498 nunc
2525 1457 2625 1513 pro
2671 1444 3189 1499 commemoratione
3240 1456 3532 1514 ponentes,

1952 1533 2097 1601 quod
2130 1549 2240 1587 non
2265 1533 2444 1588 omnis
2464 1533 2806 1587 immunditia
2866 1534 3108 1590 hominis
3155 1536 3349 1605 polluit
3407 1546 3531 1590 tan-

1950 1632 2191 1692 gentem,
2234 1623 2463 1692 ideoque
2484 1623 2631 1677 enim
2669 1623 2806 1676 dixit
2838 1638 2851 1675 :
2881 1623 3047 1678 Juxta
3072 1642 3278 1679 omnem
3304 1628 3531 1697 impuri-

1952 1724 2112 1768 tatem
2141 1731 2245 1785 qua
2273 1714 2438 1784 pollui
2459 1714 2611 1780 solet,
2661 1715 2962 1769 secundum
3017 1716 3158 1770 LXX
3213 1730 3394 1774 autem
3466 1721 3531 1775 ab

261 1824 361 1865 eos
387 1824 422 1864 a
459 1810 659 1878 quibus
685 1816 998 1879 tanguntur,
1033 1805 1086 1861 id
1118 1814 1200 1861 est
1222 1821 1317 1860 eos
1332 1806 1422 1876 qui
1440 1806 1847 1861 communicant
1883 1791 1922 1845 Β
1953 1807 2095 1860 omni
2115 1807 2451 1885 inmunditia
2479 1805 2614 1875 ejus,
2647 1822 2809 1876 quam
2839 1816 3057 1877 tangens
3086 1810 3317 1877 pollutus
3348 1814 3531 1883 fuerit.

259 1902 424 1964 eis.a
467 1900 777 1971 legislatore
834 1898 1125 1953 intellectae
1183 1905 1314 1951 sunt
1383 1895 1702 1950 morticinae.
1751 1895 1848 1951 His

260 1991 457 2061 similis
477 1991 643 2045 estin
680 1989 976 2061 polluendo
1034 1988 1201 2043 homo
1263 1987 1356 2057 qui
1405 2002 1501 2057 per
1561 1995 1844 2057 peccatum

260 2094 511 2140 mortuus
540 2092 644 2150 est,
671 2083 737 2138 de
764 2083 1018 2152 qualibus
1051 2080 1314 2135 Dominus
1353 2080 1570 2135 dicebat
1593 2096 1607 2132 :
1632 2079 1847 2134 Dimitte

260 2184 493 2228 mortuos
520 2173 736 2239 sepelire
759 2180 991 2226 mortuos
1013 2185 1133 2224 suos
1169 2169 1237 2225 ".
1268 2168 1314 2222 A
1342 2167 1532 2222 bestiis
1549 2173 1727 2221 autem
1749 2182 1846 2221 ca-

261 2276 389 2333 ptus
417 2273 519 2331 est,
547 2265 662 2334 qui,
682 2272 945 2335 operante
975 2263 1029 2316 in
1061 2277 1130 2317 eo
1153 2261 1390 2324 diabolo,
1426 2268 1635 2315 tractus
1655 2266 1740 2313 est
1776 2258 1846 2314 ad

258 2358 497 2426 aliquam
530 2355 804 2409 actionem
830 2354 1051 2415 malam,
1100 2352 1561 2422 quemadmodum
1585 2349 1752 2407 ludas
1776 2349 1844 2405 ad

262 2445 588 2502 tradendum
622 2445 935 2511 Dominum,
966 2446 1037 2500 de
1095 2460 1206 2515 quo
1232 2441 1475 2499 Joannes
1512 2443 1844 2513 evangelista

257 2546 340 2593 att
380 2556 396 2594 :
429 2537 497 2592 Et
523 2540 671 2610 facta
690 2554 859 2603 aena,
920 2538 1236 2592 imminente
1263 2536 1473 2592 diabolo
1507 2537 1563 2591 in
1585 2552 1673 2590 cor
1706 2536 1840 2606 ejus,

260 2642 319 2686 ut
354 2633 728 2687 tradereteum
761 2631 927 2685 Iudas
983 2630 1215 2687 Simonis
1264 2630 1536 2686 Iscariotte
1554 2631 1655 2684 ³⁸⁵.
1704 2630 1842 2697 Quia

266 2733 453 2778 autem
480 2724 535 2777 in
556 2720 698 2778 LXX
726 2722 1102 2787 translatione,
1138 2736 1250 2775 non
1302 2720 1443 2775 dixit
1467 2718 1786 2790 simpliciter
1811 2734 1842 2773 a

259 2815 433 2870 bestia
461 2822 704 2884 captum,
737 2813 835 2868 sed
870 2812 1098 2877 addidit,
1153 2810 1522 2872 immundum,
1563 2809 1656 2880 qui
1686 2816 1772 2864 est
1810 2823 1840 2862 a

258 2904 437 2958 bestia
467 2910 680 2972 captus,
716 2911 875 2971 putas
902 2916 1011 2955 non
1055 2908 1143 2955 est
1169 2900 1486 2955 omnimodo
1516 2907 1573 2954 et
1597 2900 1839 2953 immun-

252 2997 401 3052 dus?
431 2996 497 3051 Et
526 2996 763 3051 dicimus
796 3014 809 3049 :
843 2994 1219 3064 Nequaquam.
1272 2993 1459 3063 Neque
1486 2992 1631 3047 enim
1664 2991 1842 3048 omnis

257 3090 354 3161 qui
385 3105 417 3145 a
447 3090 619 3145 bestia
639 3089 871 3160 capitur,
900 3088 1014 3159 jam
1074 3086 1388 3143 omnimodo
1418 3085 1487 3140 ab
1524 3100 1587 3139 ea
1618 3094 1673 3140 et
1701 3084 1843 3139 occi-

252 3184 425 3238 ditur.
456 3182 706 3236 Forsitan
737 3181 885 3241 enim
913 3190 968 3236 et
999 3190 1283 3251 postquam
1313 3177 1524 3248 capitdr
1556 3177 1838 3242 liberatur,

257 3274 405 3330 sicut
434 3274 625 3330 Petrus
658 3293 671 3329 :
703 3273 894 3328 incidit
932 3273 1080 3329 enim
1140 3272 1193 3327 in
1228 3270 1430 3325 diaboli
1454 3271 1667 3341 laqueo,
1703 3279 1843 3324 tem—

259 3382 394 3435 pore
435 3366 760 3438 negationis.
792 3364 898 3420 Sed
927 3373 982 3420 et
1049 3364 1380 3435 resipiscens
1410 3365 1604 3431 evasit,
1628 3372 1689 3419 et
1714 3360 1845 3418 dicit

267 3475 396 3515 eum
424 3457 632 3514 David:
674 3458 865 3511 Anima
894 3473 1011 3511 mea
1067 3457 1201 3511 sicut
1244 3471 1426 3526 passer
1462 3462 1639 3525 erepta
1669 3461 1743 3507 est
1782 3453 1844 3508 de

256 3553 451 3623 laqueo
472 3550 780 3606 venantium
801 3549 867 3603 ⁸⁷.
903 3548 1003 3604 llic
1024 3564 1156 3621 ergo
1214 3546 1529 3602 immundus
1576 3560 1688 3601 non
1715 3553 1800 3600 est
1825 3561 1842 3611 ;

256 3638 359 3694 sed
383 3638 629 3708 quaedam
659 3636 1003 3699 diderentiae,
1061 3636 1114 3690 id
1154 3644 1256 3700 est,
1315 3635 1617 3690 secundum
1676 3632 1840 3698 LXX,

258 3729 676 3783 morticinorum
710 3728 900 3798 positae
927 3734 1076 3781 sunt.
1106 3724 1183 3780 De
1216 3726 1415 3796 quibus
1447 3725 1693 3796 quaedam
1708 3724 1845 3778 dixit

257 3835 385 3876 esse
412 3836 627 3890 pecora,
665 3819 912 3890 quaedam
940 3833 1071 3873 vero
1098 3817 1558 3872 abominationes.
1596 3814 1840 3872 Mortici-

258 3929 395 3967 num
424 3923 605 3967 autem
626 3928 814 3983 pecus,
849 3920 935 3967 est
966 3910 1130 3966 homo
1191 3926 1288 3979 per
1315 3907 1680 3980 insipientiam
1711 3921 1843 3980 pec-

255 4021 415 4068 cans,
448 4014 503 4059 et
525 4003 796 4073 pecudum
829 4013 1018 4059 contra
1047 4003 1221 4073 legem
1258 4002 1422 4055 vitam
1457 4000 1685 4064 ducens,
1707 4013 1842 4068 qua-

257 4100 405 4152 libus
432 4100 509 4151 ait
532 4097 697 4152 David
724 4111 737 4148 :
774 4095 949 4150 Nolite
964 4096 1082 4165 ﬁeri
1105 4096 1241 4150 sicut
1273 4112 1435 4165 equus
1462 4103 1510 4147 et
1540 4092 1733 4154 mulus.
1786 4093 1842 4146 in

254 4185 447 4252 quibus
472 4202 575 4239 non
602 4198 674 4240 est
700 4185 993 4239 intellectus
1023 4185 1068 4217 ⁸⁸
1101 4204 1114 4251 ;
1145 4185 1238 4240 sed
1300 4184 1460 4239 etiam
1496 4184 1562 4238 de
1593 4183 1844 4253 qualibus

256 4277 527 4334 Jeretnias
557 4280 633 4333 ait
658 4294 675 4330 :
701 4277 803 4343 Qui
831 4279 1137 4332 admissarii
1159 4279 1288 4348 {acti
1317 4292 1458 4343 sunt,
1488 4278 1841 4349 unusquisque

255 4387 444 4425 eorum
470 4376 540 4424 ad
570 4386 790 4425 uxorem
824 4370 1051 4440 proximi
1078 4371 1161 4423 sui
1208 4370 1559 4423 hinniebat”.
1612 4368 1838 4423 Abomi-

1952 1894 2087 1962 Quat
2107 1897 2215 1952 sint
2240 1904 2426 1952 autem
2460 1897 2544 1952 ha:
2582 1912 2707 1951 cum
2742 1897 2810 1953 de
2867 1898 2949 1953 eis
2992 1898 3268 1970 legislator
3314 1903 3531 1960 locutus

1952 1986 2134 2053 fuerit,
2168 1987 2414 2044 dicemus
2446 2005 2460 2043 :

2021 2080 2216 2134 Anima
2241 2080 2638 2151 qutejuraverit
2674 2081 3051 2151 et.protulerit
3101 2082 3255 2137 labiis
3296 2084 3425 2139 suis.
3470 2085 3527 2139 ld

1949 2180 2036 2228 est
2066 2180 2251 2243 aperte
2276 2173 2620 2243 promittens,
2653 2173 2798 2244 quod
2825 2173 2968 2228 LXX
3012 2175 3225 2241 dicunt,
3271 2192 3527 2246 separaris

1951 2263 2135 2330 labris,
2170 2272 2232 2318 ut
2263 2263 2348 2319 vel
2379 2264 2519 2319 male
2559 2265 2688 2335 quid
2718 2263 2899 2319 facere
2938 2264 3121 2328 vellet,
3156 2265 3240 2320 vel
3271 2267 3427 2328 bene,
3473 2266 3526 2319 in

1950 2357 2148 2427 quibus
2178 2365 2461 2428 peccatum
2489 2365 2593 2424 est,
2626 2357 2847 2426 quando
2897 2356 2944 2411 is
2972 2356 3065 2426 qui
3106 2357 3246 2412 bene
3277 2359 3528 2427 promisit

1950 2448 2129 2505 facere
2161 2451 2445 2515 mentitur,
2470 2461 2565 2503 aut
2602 2449 2696 2521 qni
2738 2448 2876 2504 mala
2931 2449 3170 2504 minatus
3192 2460 3293 2513 est,
3320 2450 3524 2505 verita-

1951 2549 2059 2596 tem
2090 2540 2242 2596 dicit.
2270 2540 2425 2608 Quod
2460 2550 2517 2596 et
2554 2540 2799 2595 Herodes
2845 2554 3138 2611 perpessus
3165 2547 3269 2604 est,
3304 2541 3397 2611 qui
3427 2558 3527 2612 pro

1948 2646 2016 2687 eo
2040 2632 2182 2701 quod
2204 2632 2408 2703 juravit
2432 2630 2725 2686 llerodiadi
2747 2630 3012 2685 Joannem
3038 2630 3329 2700 Baptistam
3349 2631 3528 2702 capite

1947 2724 2312 2787 detruncavit,
2348 2724 2622 2793 oblitaque
2645 2730 2833 2795 postea
2880 2723 3209 2778 intellexerit
3267 2723 3525 2780 delictum

1947 2830 2127 2869 suum.
2151 2812 2344 2870 Omnia
2371 2814 2486 2870 haec
2526 2814 2778 2869 videlicet
2806 2826 2928 2885 quae
2958 2813 3105 2870 dicta
3144 2824 3295 2878 sunt,
3353 2831 3526 2871 unus—

1946 2906 2175 2978 quisque
2198 2920 2322 2963 eum
2352 2906 2588 2962 senserit
2611 2915 2666 2962 et
2687 2906 3030 2979 cognoverit,
3059 2906 3385 2962 conﬁteatur
3395 2923 3526 2978 pec-

1946 3009 2127 3055 catum
2152 2999 2296 3071 quod
2329 2999 2479 3063 fecit,
2516 3008 2573 3055 et
2599 2999 2797 3055 otl'erat
2813 3015 3006 3071 agnam
3039 2998 3107 3055 de
3131 2999 3385 3071 gregibus
3414 3001 3528 3056 sive

1947 3106 2191 3161 capram,
2225 3090 2351 3161 quia
2377 3091 2446 3146 de
2471 3090 2658 3161 aliquo
2682 3092 2775 3161 qui
2796 3091 2865 3149 de
2910 3092 3112 3162 populo
3141 3102 3246 3158 est,
3275 3092 3529 3148 videlicet

1947 3185 2016 3241 de
2040 3184 2200 3255 vulgo
2226 3182 2471 3253 loquitur
2489 3184 2593 3238 hoc
2619 3183 2759 3247 loco,
2806 3182 2950 3237 inter
2977 3198 3114 3253 quos
3134 3184 3396 3253 possibile
3443 3194 3530 3239 est

1946 3275 2245 3346 simplicem
2268 3275 2580 3346 quempiam
2625 3272 2862 3350 inveniri
2893 3289 3084 3345 agnam
3137 3273 3206 3329 de
3250 3275 3526 3347 gregibus.

1946 3376 2139 3438 utpote
2190 3375 2374 3437 aptam
2428 3362 2683 3434 simplici,
2753 3362 3211 3434 quemadmodum
3272 3364 3527 3434 superius

1945 3456 2182 3512 diximus
2213 3457 2266 3512 in
2293 3456 2417 3520 hoc,
2449 3454 2518 3510 de
2548 3465 2837 3526 quonunc
2864 3468 3049 3509 sermo
3094 3463 3200 3521 est,
3254 3454 3527 3510 sacriﬁcio

1944 3546 2061 3603 sive
2111 3546 2435 3618 paenitentia
2520 3554 2669 3600 recte
2742 3541 3047 3613 custodivit
3092 3544 3305 3612 otlerri,
3358 3544 3524 3600 linem

1945 3638 2232 3708 adjiciens.
2344 3629 2355 3637 ’

2019 3729 2306 3799 Orabitque
2334 3742 2430 3794 pro
2462 3742 2522 3780 eo
2541 3726 2808 3788 sacerdos,
2867 3733 2915 3779 et
2980 3741 3076 3794 pro
3125 3734 3339 3793 peccato
3387 3725 3521 3795 ejus.

1946 3818 2238 3874 (Ionsuetis
2265 3816 2435 3871 utitur
2468 3815 2668 3879 verbis,
2724 3814 2777 3867 in
2808 3814 3127 3868 memoriam
3158 3824 3398 3869 nostram
3435 3831 3525 3867 re-

1946 3924 2150 3964 vocans
2197 3924 2257 3962 ea
2283 3924 2403 3978 qua:
2448 3906 2699 3976 superius
2731 3905 2788 3959 in
2825 3904 3209 3974 deprecatione
3241 3921 3337 3974 pro
3401 3922 3525 3975 pec-

1946 4000 2082 4056 catis
2113 3999 2369 4070 prteeepit
2402 3997 2607 4068 peragi,
2650 4012 2772 4067 qua:
2834 3997 3031 4050 iterum
3057 3994 3260 4059 dicere,
3333 4006 3521 4068 utpote
3576 4044 3581 4048 .

1947 4089 2116 4145 semel
2150 4088 2312 4155 dicta,
2338 4085 2705 4142 necessarium
2726 4101 2832 4140 non
2857 4085 3142 4141 babemus.
3170 4085 3523 4143 Solummodo

1948 4190 2129 4236 autem
2153 4179 2258 4233 hoc
2281 4177 2622 4247 adjiciamus,
2658 4182 2719 4229 ut
2746 4175 2789 4229 si
2846 4174 2966 4245 quid
3010 4175 3205 4230 horum
3270 4176 3524 4247 princeps

1948 4271 2274 4344 peccaverit,
2314 4268 2523 4323 hircum
2552 4268 2619 4322 de
2642 4266 2821 4337 capris
2838 4265 3051 4332 oli‘erat,
3078 4268 3522 4323 oblationemsibi

1948 4365 2166 4435 dignam
2196 4372 2251 4417 et
2283 4359 2684 4432 pmnitentiatu.
2713 4357 2819 4414 Per
2849 4358 2951 4413 hoc
2974 4359 3119 4413 enim
3152 4359 3295 4429 quod
3337 4361 3523 4415 multi-

258 4466 521 4519 nationes
542 4473 724 4518 autem
764 4463 1080 4527 immundae,
1113 4462 1279 4516 veluti
1304 4478 1490 4527 canes,
1539 4469 1595 4517 et
1644 4461 1836 4524 simim,
1877 4489 1921 4545 υ
1952 4456 2218 4521 tudinem,
2255 4453 2390 4508 etin
2419 4453 2505 4507 bis
2529 4451 2595 4506 de
2620 4452 2818 4522 quibus
2848 4467 2994 4505 nunc
3020 4452 3173 4516 dixit,
3204 4452 3254 4506 id
3294 4461 3381 4506 est
3434 4468 3523 4506 sa-

259 4568 320 4612 (ει
359 4572 698 4626 quaecunque
721 4554 845 4610 talia
870 4562 1019 4617 sunt,
1081 4554 1149 4609 tle
1200 4554 1526 4609 animalibus
1570 4553 1846 4624 appellan-

255 4655 375 4707 tur,
403 4660 523 4715 quae
569 4645 730 4700 etiam
752 4645 822 4698 ab
851 4643 1162 4698 inﬁdelibus
1179 4643 1529 4705 colebantur;
1561 4642 1645 4698 vel
1669 4641 1843 4712 quod-

257 4740 394 4791 libet
422 4735 631 4805 reptile,
672 4735 726 4790 id
746 4744 831 4790 est
866 4734 1010 4805 quod
1041 4749 1209 4804 super
1247 4744 1490 4789 ventrem
1523 4749 1680 4787 suum
1731 4741 1841 4787 tra-

258 4829 438 4894 ltitur,
473 4844 593 4897 quae
624 4828 979 4883 nihilominus
1003 4826 1362 4900 Symmachus
1392 4837 1446 4882 et
1473 4827 1661 4896 Aquila
1681 4826 1843 4897 repti-

258 4920 337 4973 lia
362 4919 672 4980 ediderunt,
703 4914 845 4972 LXX
878 4926 1058 4973 autem
1095 4918 1531 4972 abominatioues.
1560 4916 1700 4989 Ergo
1746 4933 1844 4990 per

261 5022 383 5066 haec
419 5019 529 5064 tam
564 5008 900 5064 idololatrias
947 5009 1292 5080 apertissime
1353 5008 1621 5081 signiﬁcat
1682 5026 1845 5080 quam

242 5095 317 5156 ‘in
345 5101 455 5158 alio
479 5098 624 5157 malo
651 5100 925 5166 viventes,
952 5100 1005 5155 id
1037 5111 1123 5156 est
1147 5101 1201 5155 in
1226 5100 1365 5157 dolis
1434 5111 1489 5156 et
1518 5101 1573 5156 in
1618 5101 1844 5172 rapinis,

259 5193 381 5246 sive
410 5190 465 5245 in
489 5190 611 5246 aliis
630 5190 1041 5262 cupiditatibus.
1075 5190 1169 5246 llis
1198 5192 1453 5246 omnibus
1484 5193 1527 5247 si
1563 5193 1686 5262 quis
1705 5202 1849 5247 tactu

258 5282 779 5347 communicaverit.
798 5285 1069 5342 etoblitus
1088 5284 1387 5349 l'uerit,vel,
1406 5294 1464 5339 ut
1486 5282 1626 5338 LXX
1638 5285 1849 5348 dicunt,

262 5378 487 5435 latuerit
516 5380 667 5436 illum
704 5396 719 5435 :
753 5379 1013 5449 quoniam
1042 5378 1245 5433 oblivio
1277 5379 1474 5433 animae
1527 5379 1849 5434 etobscuri-

262 5484 349 5527 tas
383 5475 607 5538 mentis,
640 5473 752 5529 sive
769 5473 912 5527 actio
934 5470 1414 5541 mala,inquinatio
1444 5480 1548 5538 est,
1573 5472 1625 5525 in
1657 5470 1851 5524 horum

263 5570 440 5630 tactu,
474 5563 527 5618 id
562 5571 648 5619 est
678 5564 764 5619 vel
790 5563 929 5617 ineo
956 5564 1101 5633 quod
1149 5563 1270 5631 quis
1325 5561 1439 5615 inec
1493 5561 1853 5630 operantibus

339 5699 406 5732 ’⁸⁸
440 5697 628 5753 Matth.
680 5716 773 5768 xv,
822 5700 905 5755 ιθ.
980 5699 1025 5731 ’⁸
1051 5697 1242 5753 Matth.
1284 5713 1400 5763 vtn,
1430 5696 1524 5751 22.
1596 5699 1662 5728 ’δ’
1699 5696 1858 5752 Joan.
1880 5710 2000 5764 xm,
2027 5695 2084 5749 2.
2159 5688 2206 5723 ’⁷
2240 5686 2590 5753 Psachxm,
2623 5687 2673 5745 7.
2752 5686 2798 5719 ”
2826 5684 2967 5741 Psal.
3004 5701 3187 5753 xxxix,
3210 5685 3266 5741 9.

268 5785 404 5824 rem.
443 5786 495 5830 ν.
530 5774 584 5823 8.

1950 4545 2450 4605 eriliciumolierre
2508 4543 2783 4615 praecepit,
2854 4543 3203 4598 manifestum
3260 4553 3344 4599 est
3397 4560 3523 4599 eum

1948 4643 2111 4697 etiam
2141 4642 2209 4696 de
2237 4639 2485 4711 principe
2521 4635 2716 4691 similia
2748 4635 3005 4691 voluisse.
3047 4634 3117 4691 Ut
3139 4646 3321 4691 autem
3345 4648 3398 4692 et
3426 4639 3523 4692 ali-

1949 4742 2031 4788 ter
2053 4733 2286 4795 dicatur,
2310 4744 2433 4784 eutn
2449 4727 2538 4798 qui
2560 4727 2612 4781 in
2631 4727 2855 4781 scientia
2873 4727 3198 4792 excellebat,
3223 4743 3325 4781 nec
3344 4722 3525 4799 ipsum

1948 4839 2174 4896 peccare
2199 4829 2536 4892 oportuerat,
2569 4834 2670 4873 nec
2712 4818 2936 4873 alterius
2964 4819 3366 4874 eommunicare
3397 4837 3526 4891 ρρει

1948 4918 2104 4974 catis.
2132 4914 2251 4970 Non
2275 4914 2420 4969 enim
2462 4912 2529 4967 ad
2584 4911 2859 4973 virtutem,
2913 4911 3006 4966 sed
3063 4912 3129 4966 ad
3178 4912 3526 4985 iniquitatem

1945 5010 2273 5069 aemulantes
2298 5020 2376 5071 se,
2403 5003 2679 5058 invenitur
2725 5003 3052 5072 producere,
3082 5003 3196 5058 sive
3227 5020 3527 5074 provocare

1946 5104 2245 5174 subjectos.
2309 5096 2537 5166 PrOpter
2589 5093 2733 5164 quod
2800 5093 2950 5158 illud,
3007 5095 3157 5163 quasi
3220 5094 3364 5164 quod
3421 5111 3527 5148 nec

1948 5195 2170 5253 evenire
2196 5192 2441 5255 deberet,
2475 5186 2837 5241 indiscussum
2866 5183 3250 5257 reliqum-Sed
3298 5195 3355 5240 et
3417 5186 3526 5238 hoc

1949 5287 2250 5344 notandum
2303 5290 2406 5344 est,
2463 5279 2588 5349 quia
2643 5278 2896 5333 delictum
2979 5277 3269 5348 aliquando
3303 5276 3523 5345 quidem

1951 5374 2240 5447 specialem
2278 5370 2640 5439 iniquitatem,
2668 5358 3003 5435 lquteeontra
3030 5367 3203 5429 solum
3244 5369 3526 5435 praesumi-

1953 5479 2040 5522 tur
2066 5465 2259 5528 Deum,
2293 5458 2467 5531 qualis
2485 5467 2569 5514 est
2618 5474 2739 5528 quae
2779 5456 2832 5511 in
2888 5467 3124 5522 sanctos,
3186 5467 3279 5511 aut
3305 5474 3424 5528 qua:
3470 5459 3525 5513 iu

1946 5556 2331 5633 jusjurandum
2354 5550 2752 5616 committitur;
2785 5549 3075 5619 aliquando
3125 5561 3306 5604 autem
3363 5565 3529 5605 cuine

3358 5684 3406 5720 θ’
3434 5679 3525 5741 Ic-
