4044 6224
540 263 648 326 835

1731 251 2094 322 HESYCHII
2133 256 2602 320 PRESBYTER!
2646 312 2648 314 ,

3687 260 3783 321 835

542 378 826 443 peccatum
854 368 996 439 quod
1022 369 1087 424 ad
1114 370 1398 425 scientiam
1439 369 1707 440 pervenit,
1734 369 2006 440 legislator
2032 385 2124 439 ap-
2151 373 2192 428 Α
2224 383 2349 436 que.
2377 369 2598 437 quando
2654 370 2954 424 secundum
3012 371 3366 426 intent'onem
3430 370 3782 424 Dominicam.

545 463 727 533 pellat,
760 471 814 516 et
841 470 1126 530 propterea
1149 461 1217 515 ab
1245 477 1310 516 eo
1357 460 1557 530 ubique
1598 460 1834 530 cognitio
1880 460 2111 530 peccati,

544 556 659 610 sive
695 560 1080 623 anteponatur,
1115 553 1229 608 sive
1253 553 1620 607 subinferatur
1636 551 1808 605 modis
1838 550 2110 613 omnibus,

543 647 797 701 delictum
829 643 1048 707 dicitur,
1076 652 1138 698 ut
1164 645 1416 699 ostendat
1457 643 1582 713 quia
1615 657 1778 697 omne
1805 651 2112 712 peccatmn,

545 743 826 805 postquam
851 734 1220 804 cognoscitur,
1263 735 1317 788 in
1343 735 1518 804 ipsum
1550 733 1888 802 delinquitur
1924 733 2114 796 Deum,

543 834 598 879 et
636 825 758 879 ideo
791 823 1094 893 appellatur
1117 823 1398 884 delictum,
1429 823 1480 876 id
1513 821 2115 892 οδιπλημμελεια,ηυη

545 913 688 968 enim
724 911 840 966 sine
857 924 1019 964 causa
1044 909 1318 978 lcgislater
1348 911 1452 964 hoc
1500 924 1752 964 sermone
1803 909 2118 979 frequenter

548 1003 736 1058 utitur.
773 999 907 1054 Nam
934 1007 988 1053 et
1018 999 1474 1064 quemadmodum
1534 999 1852 1054 diﬁ'ercntes
1890 1014 2119 1053 conver-

545 1093 785 1148 sationes
811 1091 1091 1145 hominum
1122 1089 1174 1142 in
1207 1088 1442 1142 exordiis
1497 1088 1620 1144 libri
1675 1105 1774 1159 per
1809 1090 2120 1144 holocauto-

546 1193 692 1240 mata
724 1192 782 1237 et
801 1181 1066 1237 sacriﬁcia
1097 1181 1352 1234 salutaria
1379 1181 1691 1251 designans,
1722 1181 1992 1251 legislator
2008 1196 2116 1234 non

549 1277 756 1331 frustra
786 1275 1092 1351 proposuit,
1130 1273 1224 1328 sed
1248 1271 1367 1326 vias
1404 1273 1630 1336 multas,
1659 1280 1713 1326 et
1736 1271 1933 1342 januas
1993 1287 2121 1342 ape-

551 1369 658 1424 rire
687 1367 914 1438 cupiens
938 1383 952 1419 :
986 1367 1065 1422 sic
1095 1372 1150 1420 et
1172 1365 1332 1420 modo
1355 1380 1464 1419 non
1524 1380 1688 1419 unam
1715 1365 1973 1435 Speciem,
2024 1365 2118 1420 sed

555 1460 759 1513 multas
791 1459 859 1512 de
905 1443 1269 1512 oblationibus
1323 1470 1423 1525 pro
1473 1464 1699 1524 peccato
1751 1455 1998 1518 sancivit,
2063 1463 2122 1508 ut

547 1551 817 1619 pluriores
844 1549 1043 1604 modos
1073 1547 1410 1618 pmnitentize
1463 1555 1802 1616 proponeret
1829 1564 1841 1600 :
1865 1547 1991 1615 quia
2019 1561 2123 1601 nec

547 1657 739 1696 omnes
764 1641 1015 1696 homines
1033 1656 1224 1696 omnes
1260 1641 1451 1694 modos
1472 1639 1697 1710 implere
1721 1648 1967 1709 possunt,
2020 1654 2122 1694 nec

2217 458 2378 529 atque
2403 476 2466 513 eo
2489 462 2762 516 mediante
2788 461 3114 516 oﬁ'oruntur.
3157 461 3257 528 Qui
3309 464 3533 532 primum
3581 463 3787 532 oﬁ’erens‘

2217 555 2311 617 pro
2345 550 2580 618 peccato.
2625 548 2749 603 ldeo
2777 551 3010 618 primum
3048 565 3144 619 pro
3169 561 3391 620 peccato
3421 550 3632 616 ofl‘crct,
3667 551 3786 619 quia

2217 648 2380 688 nemo
2407 637 2588 703 potest
2612 629 2987 688 holocaustum
3033 633 3172 696 ﬁeri.
3210 635 3315 688 nisi
3373 635 3526 704 prius
3551 634 3713 688 fuerit
3762 651 3788 687 a

2217 732 2444 793 peceato
2477 723 2612 778 liber
2645 723 2893 778 eﬁ‘ectus.
2926 725 3032 779 Sed
3079 725 3203 794 quis
3247 725 3411 794 huius
3459 726 3655 778 modus
3710 735 3791 778 est

2225 815 2526 869 libertatis?

2290 896 2629 976 Retorq’uebit
2679 905 2931 961 sacerdos
2985 915 3147 974 caput
3207 906 3323 975 ejus
3387 907 3458 960 ad
3515 904 3790 974 permutes,

2218 997 2294 1049 ita
2332 1006 2387 1049 ut
2415 997 2545 1049 collo
2567 999 2782 1058 Intereat,
2808 1005 2858 1050 et
2881 1012 2981 1049 non
3006 997 3213 1064 penitus
3262 997 3638 1065 abrumpatur.
3695 992 3793 1048 Pet-

2219 1086 2439 1147 collum,
2471 1087 2614 1156 Quod
2660 1077 2800 1139 LXX
2850 1086 3198 1154 sphondylum
3245 1085 3581 1154 interpretati
3646 1088 3790 1140 sunt.

2218 1186 2392 1232 totum
2425 1185 2621 1247 corptts
2646 1177 2986 1248 intelligitur,
3023 1177 3147 1247 quia
3177 1178 3298 1231 colli
3349 1177 3597 1241 firmitas,
3649 1175 3794 1229 sanie

2220 1279 2325 1335 tas,
2347 1279 2403 1324 et
2429 1269 2784 1325 subsistentia
2813 1268 2980 1323 totius
3027 1269 3274 1338 corporis
3315 1277 3422 1323 est.
3478 1267 3616 1333 Quia
3667 1281 3795 1338 ergo

2219 1357 2358 1412 solet
2387 1365 2547 1427 caput
2580 1373 2678 1427 pro
2695 1366 2878 1411 mente
2901 1357 3071 1426 accipi
3095 1357 3148 1410 in
3171 1357 3353 1411 divina
3378 1355 3680 1426 Seriptura,
3701 1369 3796 1424 pro

2219 1464 2284 1504 eo
2323 1451 2467 1518 quod
2500 1463 2654 1502 mens
2691 1448 3058 1518 principatum
3095 1457 3244 1502 tenet
3283 1448 3335 1500 in
3368 1448 3615 1510 homine,
3652 1446 3795 1500 unde

2221 1550 2275 1596 et
2303 1540 2468 1595 David
2505 1539 2612 1594 Deo
2643 1540 2857 1594 dicebat
2889 1556 2901 1591 :
2937 1539 3011 1593 Tu
3050 1539 3418 1592 contribulasti
3467 1539 3645 1606 capita
3671 1539 3797 1592 dra-

2221 1648 2409 1686 conum
2440 1639 2615 1684 subter
2643 1647 2810 1700 aquas
2839 1631 2880 1696 ',
2909 1632 3148 1684 mentem
3201 1631 3477 1696 videlicet,
3499 1631 3628 1684 dum
3659 1645 3798 1699 aqua

547 1733 723 1787 omnis
746 1733 938 1786 modus
962 1729 1300 1802 poenitentia:
1329 1729 1384 1783 in
1417 1729 1565 1784 omni
1594 1737 1818 1799 peccato
1841 1729 2116 1784 convenit.
2155 1713 2194 1766 Β
2225 1711 2568 1793 baptismatis
2609 1723 2988 1777 remissionem
3044 1723 3346 1792 praebente,
3396 1736 3551 1776 mens
3601 1723 3799 1776 diaboli

547 1821 777 1888 Quando
805 1822 952 1876 enim
981 1821 1319 1892 poenitentia,
1345 1835 1582 1884 saccum,
1621 1829 1684 1873 et
1727 1819 2016 1889 jejunium,
2069 1828 2122 1873 et

539 1913 828 1982 lacrymas,
863 1919 916 1965 et
941 1911 1243 1966 orationem
1275 1910 1611 1974 continuam,
1637 1920 1692 1966 et
1714 1911 1920 1982 vigilias
1935 1909 2117 1980 exigit,

546 2007 758 2076 aliaque
788 2005 983 2060 similia
1019 2004 1354 2074 :quomodo,
1396 2004 1548 2058 verbi
1580 2002 1773 2074 gratia,
1807 2011 2119 2068 senectute,

547 2107 642 2151 aut
672 2097 829 2151 aliter
857 2110 1087 2166 corpore
1127 2095 1397 2158 inﬁrmus,
1457 2094 1621 2147 talem
1663 2108 1824 2163 agere
1847 2093 2122 2163 poeniten-

546 2189 678 2243 tiam
714 2186 1065 2258 prarvalebit?
1093 2184 1348 2255 Nunquid
1400 2199 1529 2256 ergo
1583 2185 1671 2239 hic
1717 2192 1940 2254 propter
1980 2183 2124 2237 infir-

551 2282 790 2336 mitatem
816 2288 911 2334 aut
940 2279 1173 2333 similem
1201 2287 1416 2332 aetatem
1483 2277 1764 2346 repellitur
1794 2291 1824 2329 a
1855 2278 2124 2346 poeniten-

548 2372 662 2426 tia?
681 2371 839 2427 Nullo
867 2371 1047 2436 modo,
1072 2370 1238 2423 habet
1273 2369 1420 2422 enim
1471 2369 1636 2422 alium
1665 2368 1885 2422 modum
1917 2369 1983 2422 ad
2021 2367 2124 2420 im-

550 2463 869 2534 petrandam
901 2461 1277 2517 remissionem
1318 2468 1688 2530 peccatorum.
1746 2459 1852 2514 Sed
1880 2459 2002 2528 quis
2034 2459 2126 2513 hic

549 2553 640 2619 sit,
660 2552 946 2622 sequentia
972 2554 1366 2616 demonstrant;
1389 2551 1470 2605 ait
1494 2551 1645 2604 enim
1677 2565 1698 2602 ι

620 2643 678 2699 Si
707 2654 882 2698 autem
909 2661 1014 2698 non
1049 2645 1276 2713 potuerit
1303 2643 1486 2712 offerre
1547 2657 1722 2713 pecus.
1791 2641 1946 2709 Quod
1983 2639 2121 2696 LXX

550 2735 901 2806 interpretati
931 2745 1056 2791 sunt
1080 2751 1094 2788 :
1132 2734 1191 2789 Si
1214 2744 1390 2788 autem
1413 2750 1516 2787 non
1540 2735 1767 2788 valuerit
1791 2747 1980 2788 manus
2012 2734 2126 2803 ejus

546 2828 624 2883 ad
653 2844 819 2891 ovem,
851 2827 1098 2883 volentes
1116 2841 1212 2896 per
1237 2840 1393 2881 ovem
1415 2841 1639 2894 caprum
1674 2826 1757 2878 vel
1798 2839 2014 2898 capram
2042 2825 2126 2877 in-

549 2919 739 2991 telligi,
785 2918 936 2989 quasi
983 2931 1273 2985 commune
1326 2925 1469 2971 esset
1519 2931 1693 2986 genus
1732 2929 2016 2984 caprarum
2073 2922 2130 2968 et

2223 1815 2522 1870 conteritur
2555 1832 2570 1872 :
2603 1830 2700 1884 per
2758 1815 2864 1871 hoc
2902 1828 3030 1885 ergo
3080 1815 3221 1883 quod
3251 1814 3450 1868 dicitur
3499 1813 3680 1868 LXX:
3739 1814 3799 1868 Et

2225 1909 2462 1975 erumpet
2492 1907 2736 1960 sacerdos
2766 1911 2924 1974 caput
2945 1906 3059 1974 ejus
3088 1921 3106 1958 ς
3137 1917 3381 1975 praesens
3407 1920 3538 1959 vero
3568 1905 3804 1960 transla-

2227 1998 2304 2052 tio
2335 2016 2348 2052 :
2382 1996 2714 2067 Retorquebit
2739 1999 2897 2062 caput
2955 1995 3068 2064 ejus
3107 2002 3155 2048 et
3217 1993 3498 2062 pennulas,
3533 1995 3651 2048 vult
3707 2009 3804 2048 nos

2223 2106 2332 2144 non
2361 2089 2566 2143 servire
2588 2097 2765 2156 neque
2797 2087 3030 2157 compati
3063 2087 3308 2156 corpori,
3368 2086 3464 2142 sed
3528 2085 3800 2155 abrumpi.

2223 2180 2308 2234 vel
2340 2178 2659 2248 retorqueri,
2686 2187 2744 2232 ut
2770 2192 2879 2230 non
2911 2192 2980 2231 ex
3007 2181 3162 2247 a-quo
3187 2186 3454 2247 repugnet
3477 2177 3578 2248 legi
3604 2177 3805 2232 mentis

2224 2273 2307 2328 lex
2342 2271 2568 2342 peccati,
2598 2286 2719 2340 qua:
2747 2269 3144 2324 consuetudine
3170 2269 3431 2339 peccandi
3462 2269 3514 2323 in
3542 2270 3804 2323 membris

2225 2364 2431 2418 habitat
2458 2362 2719 2433 corporis,
2747 2375 2925 2430 neque
2949 2359 3223 2430 captivum
3275 2361 3440 2416 ducat
3499 2360 3800 2418 hominem.

2225 2456 2369 2509 sicut
2397 2453 2598 2508 Paulus
2631 2452 2706 2506 ait
2727 2452 2769 2506 '.
2796 2452 2932 2518 Quia
2955 2461 3134 2506 autem
3164 2465 3274 2505 non
3305 2451 3572 2507 debemus
3603 2466 3669 2506 ex
3693 2461 3805 2506 toto

2224 2558 2424 2613 corpus
2453 2540 2746 2605 adversari,
2772 2556 2876 2596 nec
2899 2551 3202 2594 creaturam
3257 2539 3389 2594 illud
3419 2539 3620 2594 diaboli
3657 2540 3806 2594 testi-

2227 2649 2395 2697 mare,
2429 2633 2571 2687 sicut
2599 2631 2816 2700 quidam
2849 2638 3062 2700 putant,
3091 2629 3186 2684 sed
3207 2629 3440 2684 subdere
3458 2629 3588 2683 illud
3604 2630 3805 2683 menti:

2226 2733 2516 2795 propterea
2537 2738 2641 2776 non
2669 2722 2926 2790 praecepit
2945 2730 3109 2792 caput
3137 2721 3346 2776 alcollo
3369 2721 3636 2791 separari,
3669 2735 3811 2775 unus

2227 2817 2432 2887 quippe
2487 2815 2844 2886 ejusdemque
2870 2822 2999 2869 sunt
3050 2821 3294 2882 utraeque
3347 2823 3632 2867 creaturae.
3707 2812 3808 2868 Sed

2228 2907 2510 2978 sequentia
2533 2907 2813 2962 videamus
2851 2925 2864 2960 :

551 3011 755 3076 ovium,
785 3011 929 3065 sicut
953 3011 1211 3074 diximus,
1239 3009 1341 3064 hoc
1371 3009 1462 3062 hic
1523 3008 1740 3078 planius
1779 3006 1980 3070 edidit,
2033 3006 2124 3077 qui

2298 3021 2366 3077 Et
2398 3031 2639 3092 aspergat
2668 3021 2731 3075 de
2760 3021 3020 3090 sanguine
3079 3018 3244 3075 illius‘
3279 3021 3534 3089 parietem
3591 3017 3809 3073 altaris.

553 3103 811 3157 utomnia
844 3103 962 3157 1|th
995 3101 1509 3171 comprehenderet,
1544 3114 1712 3171 pecus
1743 3099 1944 3168 posuit.
1968 3097 2123 3153 Unde

552 3203 610 3248 et
636 3195 724 3247 alii
753 3195 1114 3264 interpretum
1149 3195 1201 3247 in
1234 3195 1339 3249 hoc
1374 3194 1495 3248 loco
1535 3208 1634 3263 pro
1684 3207 1796 3258 ove,
1821 3191 1876 3245 lii
1901 3191 2123 3261 quidem

551 3286 830 3354 pascuatia
857 3327 872 3352 ,
897 3285 986 3339 alii
1011 3294 1192 3339 autem
1225 3303 1290 3339 ea:
1321 3302 1493 3357 grege,
1539 3285 1784 3340 volentes
1819 3300 1917 3354 per
1947 3285 2052 3338 hoc
2071 3291 2128 3337 et

550 3392 748 3446 capras
785 3376 1117 3447 signiﬁcare,
1149 3377 1459 3431 ediderunt.
1508 3376 1563 3430 Si
1593 3391 1721 3446 ergo
1751 3376 1841 3430 hic
1867 3388 1978 3429 non
2033 3389 2128 3446 po-

556 3471 722 3523 tuerit
756 3467 955 3522 oﬁ'ert‘e
984 3481 1174 3538 pecus,
1201 3468 1399 3523 oﬁ'eret
1422 3483 1521 3539 pro
1559 3479 1785 3538 peccato
1835 3484 1935 3523 suo
1980 3468 2125 3539 quod

557 3559 828 3628 peccavit,
862 3559 1001 3613 duos
1034 3567 1296 3622 mrtures,
1331 3567 1425 3612 aut
1449 3559 1585 3613 duos
1621 3559 1800 3628 pullos
1846 3557 2128 3613 columba-

557 3665 678 3704 rum
709 3649 961 3704 Domino.
994 3635 1359 3716 Quamobrem
1411 3651 1784 3705 necessarium
1827 3650 1993 3704 nimis
2045 3660 2131 3704 est

556 3740 837 3796 reminisci
873 3739 1153 3811 nos,qula
1205 3742 1683 3812 contemplativam
1737 3743 1902 3797 vitam
1957 3749 2013 3798 et
2073 3746 2126 3798 in

555 3830 911 3886 meditatione
937 3838 1376 3896 conversantem,
1405 3840 1458 3886 et
1503 3832 1760 3886 mundam
1783 3841 1946 3902 atque
1992 3835 2128 3889 sim—

557 3923 750 3993 plicem
785 3923 1097 3994 signiﬁcari,
1134 3938 1230 3994 per
1264 3923 1438 3992 pullos
1464 3924 1842 3979 columbarum
1863 3934 1918 3980 et
1949 3935 2126 3980 turtu-

559 4028 681 4068 rum
705 4015 960 4085 superius
991 4015 1248 4072 diximus.
1279 4015 1420 4086 Ergo
1471 4019 1563 4086 qui
1593 4031 1700 4070 non
1735 4027 1913 4087 potest
1934 4032 2129 4072 vacare

557 4106 614 4161 in
643 4109 902 4162 continua
930 4107 1220 4164 afﬂictione
1249 4114 1305 4163 et
1336 4124 1602 4172 aerumna,
1636 4119 1692 4162 ut
1717 4126 1909 4180 panem
1969 4125 2127 4164 suum

556 4211 682 4250 cum
713 4197 898 4251 cinere
941 4197 1211 4260 comedat,
1265 4204 1321 4252 et
1380 4206 1570 4267 potam
1623 4214 1781 4253 suum
1821 4215 1943 4254 cum
2000 4197 2128 4253 ﬁetu

562 4295 850 4357 temperet,
875 4288 1086 4358 aliaque
1112 4289 1196 4342 his
1226 4289 1422 4343 similia
1478 4290 1751 4360 paenitens
1771 4300 1912 4361 agat,
1976 4291 2130 4346 verbi

2231 3114 2496 3185 Quidquid
2518 3123 2696 3168 autem
2720 3113 2977 3183 reliquum
3006 3109 3188 3182 fuerit,
3229 3113 3384 3182 faciet
3406 3112 3677 3166 distillare
3745 3113 3813 3164 ad

2231 3205 2744 3276 fundamentaejus,
2779 3204 2902 3274 quia
2930 3218 3024 3272 pro
3057 3213 3268 3274 peccato
3294 3211 3389 3257 eat.
3419 3202 3608 3255 Paries
3623 3200 3812 3255 altaris

2231 3308 2430 3363 corpus
2450 3291 2653 3347 Christi
2681 3290 3022 3361 intelligitur,
3056 3291 3124 3344 de
3150 3297 3258 3359 quo
3289 3290 3404 3358 ipse
3437 3289 3700 3343 Cllrisuis
3729 3289 3808 3342 di4

2231 3383 2422 3438 cebat:
2445 3381 2636 3436 Solvite
2665 3380 2914 3444 templum
2933 3379 3047 3444 hoc,
3067 3389 3114 3434 et
3142 3381 3307 3433 tribus
3325 3379 3504 3433 diebus
3536 3378 3815 3447 aediﬁcabo”

2233 3475 2366 3530 illud
2386 3476 2426 3529 ³.
2457 3475 2889 3530 Fundamentum
2921 3482 3102 3528 autem
3117 3473 3255 3542 ejus,
3293 3473 3406 3526 sive
3434 3513 3448 3538 ,
3505 3473 3811 3526 secundum

2232 3568 2378 3638 quod
2409 3565 2552 3622 LXX
2574 3567 2914 3636 interpretati
2938 3565 3288 3630 sunt,basim.
3311 3563 3460 3617 Basis
3476 3564 3619 3617 enim
3645 3579 3816 3617 eram

2233 3659 2430 3731 gelium
2464 3667 2563 3713 est.
2592 3659 2750 3728 Ergo,
2823 3657 3123 3712 secundum
3164 3655 3523 3710 intentionem
3557 3655 3811 3709 sacriﬁcii

2233 3749 2434 3804 Christi
2463 3758 2517 3804 et
2536 3749 2863 3821 evangelica:
2892 3749 3177 3814 doctrinae,
3202 3748 3359 3818 jubet
3379 3747 3541 3801 etiam
3577 3747 3686 3801 hoc
3718 3753 3815 3817 pro

2235 3841 2472 3911 peccatis
2502 3841 2827 3896 sacriﬁcium
2856 3840 3043 3896 oﬁ'erri
3071 3851 3395 3912 :propterea
3427 3831 3653 3902 addidit,
3687 3841 3810 3910 quia

2234 3950 2329 3996 pro
2365 3943 2578 4004 peccato
2598 3944 2693 3988 est.
2727 3934 2874 3989 Nihil
2904 3934 3108 4005 quippe
3150 3927 3227 3988 sic
3260 3949 3290 3987 a
3319 3932 3554 4003 peccatis
3576 3933 3810 4003 eripere.

2233 4026 2688 4094 quemadmodum
2720 4026 2923 4082 Christi
2949 4021 3179 4081 imitatio
3209 4036 3262 4080 et
3305 4024 3615 4097 obedientia
3640 4032 3811 4078 evan-

2235 4115 2419 4186 gelica:
2442 4115 2860 4186 praedicationis,
2883 4124 3078 4187 potest,
3102 4117 3192 4171 eui
3217 4116 3260 4169 si
3281 4115 3402 4184 quis
3432 4115 3499 4168 sit
3525 4114 3809 4172 obediens,

2235 4207 2468 4262 alterum
2498 4208 2738 4263 adolebit
2765 4209 3165 4275 holocaustum,
3204 4217 3263 4262 ut
3297 4207 3413 4263 fieri
3435 4206 3595 4272 solet,
3651 4207 3706 4262 id
3733 4209 3814 4259 est

2234 4300 2689 4370 quemadmodum
2712 4301 2925 4371 oportet
2951 4298 3324 4356 holocaustum
3346 4299 3480 4354 ﬁeri.
3499 4298 3653 4364 Quod
3675 4297 3811 4352 LXX

559 4378 752 4445 gratia,
787 4377 1107 4434 inﬁrmitate
1131 4390 1226 4434 aut
1261 4379 1366 4435 alia
1427 4395 1756 4450 quacunque
1802 4383 2132 4438 necessitate
2165 4401 2209 4456 ι)
2237 4393 2396 4463 plane
2411 4394 2691 4447 secundum
2718 4395 2812 4447 Ιιοε
2849 4394 3039 4456 edunt,
3077 4394 3129 4448 id
3152 4403 3253 4458 εει,
3289 4392 3449 4447 [πίει
3477 4399 3661 4446 autem
3679 4407 3814 4462 quo.

560 4469 898 4538 prohibetur,
927 4470 1015 4524 hic
1031 4470 1136 4524 alio
1147 4470 1308 4524 modo
1333 4485 1493 4540 agere
1514 4480 1694 4539 potest
1735 4472 2132 4540 paenitentiam,

559 4561 730 4617 veluti
789 4562 1032 4617 ofi‘erens
1085 4563 1461 4633 semetipsum,
1502 4563 1590 4617 'ad
1655 4565 2135 4634 contemplandum

561 4651 757 4716 Deum,
789 4661 845 4706 et
869 4651 936 4706 ad
964 4653 1454 4721 perscrutationem
1505 4651 1638 4723 legis
1669 4653 1811 4723 ejus,
1860 4660 2138 4725 totamque

563 4752 804 4797 mentem
837 4758 990 4796 suam
1019 4757 1349 4799 CODSBCI‘BDS
1377 4745 1585 4800 caelesti
1638 4745 2061 4810 conversationi,
2105 4759 2137 4801 a

562 4833 794 4890 terrenis
822 4833 987 4888 rebus
1016 4834 1328 4904 plenissime
1354 4837 1618 4892 cohibens
1643 4853 1722 4906 se,
1745 4851 1841 4908 per
1871 4838 1976 4893 hoc
1992 4838 2136 4893 enim

560 4921 635 4986 ei,
669 4929 726 4976 et
765 4930 1119 4992 peccatorum
1161 4925 1436 4992 remissio,
1465 4935 1520 4980 et
1546 4926 1866 4995 justiﬁcatio
1881 4941 2143 4998 procura-

563 5025 674 5072 tur.
703 5015 860 5071 linde
886 5030 1078 5070 eorum
1113 5017 1442 5084 oﬁ’eruntur,
1467 5033 1635 5074 unum
1665 5019 1883 5090 quidem
1908 5032 2144 5091 propee-

559 5117 704 5174 cato,
735 5109 792 5165 id
821 5117 904 5164 est
928 5109 996 5164 ad
1031 5110 1474 5166 emundationem
1503 5113 1733 5183 peccati,
1763 5113 1992 5168 alterum
2011 5125 2142 5168 vero

562 5197 618 5250 in
651 5197 1055 5262 holocaustum,
1082 5198 1237 5267 quasi
1258 5198 1313 5251 in
1331 5200 1739 5271 cruciﬁgentem
1762 5204 2136 5272 semetipsum,

560 5291 1036 5346 conversationem
1063 5291 1148 5345 vel
1170 5291 1440 5358 vitam,et
1489 5295 1808 5363 plenissime
1860 5293 1970 5349 Deo
2025 5304 2136 5349 tra-

555 5380 782 5437 dentem
815 5382 1148 5437 immolatur.
1181 5379 1387 5437 Oﬁeret
1434 5393 1621 5439 autem
1677 5384 1795 5440 haec
1843 5385 2137 5452 sacerdoti,

561 5471 782 5528 Christo
810 5475 1016 5545 utique.
1049 5473 1204 5529 Tunc
1234 5475 1380 5530 enim
1417 5477 1752 5548 acceptabile
1785 5485 1870 5534 est
1921 5487 2138 5533 utrum-

629 5650 651 5685 ⁸
686 5650 832 5706 Psal.
887 5669 1072 5721 uuln,
1108 5655 1190 5710 l5.
1268 5658 1288 5688 ¹
1315 5657 1472 5710 Rom.
1511 5672 1606 5722 vn,
1636 5656 1726 5709 25.

1805 5658 1824 5689 ³
1857 5656 2013 5711 Joan.
2047 5671 2106 5722 ιι,
2144 5656 2226 5711 19.

2240 4484 2402 4539 modo
2462 4481 2642 4539 debet.
2690 4483 2919 4556 Oportet
2968 4485 3172 4555 quippe
3211 4491 3336 4539 eum
3396 4484 3485 4554 qui
3518 4493 3729 4553 patrem
3766 4491 3816 4533 et

2241 4587 2494 4642 matrem,
2525 4583 2580 4632 et
2605 4576 2820 4642 fratres,
2851 4585 2911 4630 et
2954 4575 3133 4632 omnia
3179 4576 3454 4632 szecularia
3477 4576 3682 4638 renuit.
3718 4574 3814 4628 ho-

2241 4671 2545 4724 locaustum
2578 4670 2717 4735 fieri,
2747 4671 2790 4724 si
2822 4671 2984 4725 modo
3032 4671 3148 4726 vult
3201 4685 3324 4726 esse
3385 4667 3720 4740 accepubile
3761 4675 3810 4720 et

2241 4754 2579 4830 intelligibile
2614 4758 3014 4814 holocaustum.
3046 4752 3175 4815 Haec
3225 4759 3270 4813 si
3304 4758 3541 4823 faciatis,
3579 4757 3674 4829 qui
3703 4771 3813 4810 non

2245 4858 2428 4919 potest
2455 4849 2728 4920 praedictis
2779 4850 2954 4905 modis
2995 4850 3370 4921 pmnitentiam
3417 4862 3598 4919 agere,
3620 4848 3673 4902 id
3738 4856 3818 4900 est

2242 4938 2467 5009 vigiliis,
2489 4945 2546 4992 et
2570 4952 2749 5004 sacco,
2779 4946 2831 4993 et
2866 4933 2986 4993 aliis
3018 4937 3288 4994 similibus
3302 4937 3818 4998 alﬁictionibus,ro-

2239 5031 2504 5102 gabitpro
2535 5045 2603 5085 eo
2628 5027 2976 5101 intelligibilis
3021 5031 3293 5097 sacerdos,
3351 5039 3406 5085 et
3450 5045 3548 5100 pro
3594 5036 3820 5100 peccato

2239 5115 2377 5191 ejus,
2411 5128 2466 5174 et
2485 5119 2794 5174 dimittetur
2817 5119 2887 5174 ei.
2939 5119 3288 5175 Admirabilis
3307 5121 3463 5175 valde
3491 5135 3622 5192 ergo
3672 5119 3820 5173 Deus

2239 5217 2325 5265 est
2359 5211 2522 5280 hujus
2557 5210 2694 5264 lator
2724 5211 2879 5281 legis,
2910 5213 3001 5281 qui
3045 5211 3280 5277 veniam,
3329 5220 3514 5282 utpote
3577 5212 3821 5266 clemens

2242 5302 2618 5357 imbecillitate
2640 5303 2856 5373 generis
2879 5303 3103 5358 humani
3133 5303 3344 5367 tribuit,
3372 5313 3428 5358 et
3454 5302 3674 5357 modum
3728 5316 3818 5354 re—

2242 5392 2389 5465 perit
2416 5408 2513 5464 per
2543 5409 2705 5464 quem
2733 5409 2844 5450 non
2907 5396 3116 5450 minora
3168 5395 3428 5464 consequi
3479 5393 3823 5449 inﬁrmantes

2245 5485 2478 5558 possint.
2511 5483 2648 5552 Quia
2668 5495 2848 5542 autem
2881 5500 2991 5542 non
3022 5502 3182 5541 omne
3201 5485 3354 5541 facile
3411 5495 3495 5540 cst
3520 5484 3586 5540 ad
3638 5485 3820 5554 poeni-
