4044 6224
352 281 452 347 837

1519 284 1598 347 1N
1640 271 2073 348 LEV‘ITICUM.
2105 315 2173 326 —-
2210 292 2356 354 LIB.
2387 293 2437 353 Ι.

3497 303 3601 366 838

353 393 576 448 tendum
608 401 844 464 tempus,
880 394 987 450 imo
1039 396 1331 465 aliquando
1352 407 1404 450 et
1437 397 1670 461 difﬁcile,
1735 399 1784 454 id
1840 409 1923 453 est
1955 407 1999 462 Α
2026 401 2236 455 modios
2284 404 2528 473 capiens.
2578 403 2718 476 Ergo
2758 407 3008 464 Christus
3037 419 3121 464 est
3151 409 3240 480 qui
3276 412 3602 468 sacriﬁcium

351 487 572 555 quando
608 486 763 548 abusi
797 502 986 545 sumus
1031 489 1145 557 ipsa
1179 488 1519 558 pmnitentia,
1565 491 1926 559 virtutemque

352 581 473 648 ejus
501 580 901 650 quodammodo
929 580 1268 636 abolevimus
1298 597 1310 632 :
1335 583 1478 651 quod
1509 583 1712 647 evenit,
1742 582 1927 651 siquis

357 671 494 726 forte
521 687 755 743 peccans
780 681 834 728 et
863 673 1126 742 poenitere
1159 689 1218 728 se
1235 674 1498 730 simulans
1528 674 1594 729 ad
1616 675 1718 729 hoc
1739 689 1928 728 rursus

354 761 561 828 redeat,
589 763 806 832 quando
825 774 878 817 et
897 762 1086 818 Petrus
1138 763 1545 833 reprehendens
1597 762 1708 817 ait:
1743 761 1927 816 Evenit

353 855 430 910 eis
460 871 541 908 res
569 854 678 908 veri
713 854 1009 924 proverbii:
1035 853 1193 909 Canis
1213 870 1447 908 reversus
1476 852 1546 906 ad
1578 869 1730 906 suum
1761 851 1928 906 vomi-

355 956 488 1010 tum,
511 953 558 997 et
587 959 675 997 sus
703 943 811 996 lota
841 943 894 995 in
923 943 1197 996 volutabra
1247 943 1376 997 caeni
1409 943 1448 996 ⁸.
1494 942 1599 996 Sed
1625 951 1679 996 et
1709 942 1926 995 Paulus.

355 1034 436 1089 Ne
456 1035 592 1105 quis,
625 1034 702 1087 ait
729 1035 1040 1104 fornicator,
1091 1043 1185 1087 aut
1219 1036 1492 1104 profanus,
1527 1043 1585 1086 ut
1614 1032 1779 1096 Esau,
1842 1033 1931 1096 qui

351 1135 564 1194 propter
587 1142 748 1178 unam
781 1141 952 1178 escam
979 1125 1209 1178 vendidit
1256 1124 1577 1194 primitivum
1608 1141 1782 1178 suam.
1812 1123 1930 1177 Sci-

355 1227 461 1272 tote
491 1218 630 1272 enim
655 1217 778 1284 quia
801 1227 849 1270 et
883 1227 1062 1286 postea
1082 1216 1389 1270 htereditate
1423 1215 1826 1269 benedictionem
1849 1231 1932 1267 re-

354 1309 605 1379 probatus
666 1317 762 1361 est.
795 1307 914 1360 Non
941 1307 1081 1361 enim
1121 1307 1316 1360 invenit
1358 1307 1673 1376 paenitentia:
1737 1305 1930 1371 locum,

355 1415 656 1471 quanquam
676 1413 793 1450 cum
811 1397 1058 1467 lacrymis
1093 1398 1399 1468 eaquisisset
1421 1413 1538 1451 eam
1562 1399 1602 1450 ⁸.
1627 1396 1767 1468 Ergo
1803 1396 1932 1467 quia

357 1494 554 1548 talibus
586 1506 695 1545 non
724 1490 898 1545 facilis
929 1491 1200 1559 praebetur
1224 1489 1555 1559 poenitentiae
1578 1489 1779 1552 aditus,
1805 1503 1932 1543 ecce

355 1597 503 1637 nunc
529 1579 804 1649 legislator
829 1579 1038 1645 innuit;
1070 1579 1146 1632 ait
1170 1579 1314 1632 enim
1355 1593 1368 1630 :

424 1669 576 1737 Quod
603 1671 648 1724 si
674 1686 777 1723 non
809 1669 1030 1740 quiverit
1060 1685 1248 1723 manus
1298 1668 1413 1737 ejus
1447 1668 1629 1748 oﬂ'erre
1662 1668 1792 1721 duos
1819 1677 1932 1721 tur-

2027 491 2206 555 oﬂ‘ert,
2251 504 2306 547 et
2351 495 2468 564 ipse
2518 506 2601 551 est
2647 499 2970 554 sacriﬁcium
2998 501 3142 570 quod
3186 501 3430 558 oll‘ertur.
3467 503 3602 574 Ephi

2027 584 2171 638 enim
2204 599 2326 639 cum
2361 587 2434 642 sit
2469 603 2720 643 mensura
2755 591 2916 644 trium
2960 592 3287 657 modiorum,
3323 595 3594 650 evidenter

2028 671 2352 730 Trinitatem
2404 677 2600 740 innuit,
2630 695 2750 748 qua:
2783 698 2888 734 una
2933 683 3152 752 quidem
3193 699 3449 739 mensura
3497 696 3602 746 est.

2027 765 2154 834 quia
2184 781 2289 820 una
2331 765 2383 820 in
2415 782 2476 822 ea
2513 776 2596 822 est
2633 767 2830 823 Deitas.
2865 769 2999 824 Tres
3028 779 3211 825 autem
3247 771 3411 828 habet
3448 789 3603 828 men-

2029 869 2205 919 suras,
2239 855 2289 909 id
2320 865 2424 918 est,
2467 865 2576 911 tres
2619 873 2882 926 personas
2932 859 3218 928 perfectas.
3253 871 3308 915 et
3349 872 3427 918 tot
3473 865 3603 918 sub-

2028 947 2328 1012 sistentias,
2359 957 2419 1002 ut
2447 948 2792 1004 manifestum
2828 950 2900 1005 sit
2931 967 3042 1004 non
3077 968 3178 1007 nos
3207 969 3453 1022 peccare,
3486 957 3604 1024 ejus

2029 1046 2240 1108 partem
2269 1053 2489 1093 carnem
2526 1037 2739 1093 Domini
2770 1040 3038 1109 dicentes,
3065 1053 3291 1113 propter
3321 1045 3602 1114 insepara-

2029 1130 2192 1185 bilem
2239 1145 2365 1184 cum
2412 1145 2474 1184 ea
2528 1129 2792 1184 incarnati
2838 1129 3000 1185 Verbi
3051 1133 3374 1187 unitionem.
3425 1134 3604 1199 Quare

2031 1230 2212 1276 autem
2245 1219 2523 1275 Trinitatis
2551 1237 2675 1290 pars
2701 1219 2819 1275 est?
2850 1221 2974 1290 quia
3008 1221 3352 1294 indivisibilis
3377 1224 3496 1292 ejus
3524 1233 3607 1278 est

2029 1312 2201 1382 gloria
2235 1319 2290 1366 et
2317 1312 2511 1376 virtus,
2549 1313 2618 1366 ita
2659 1319 2718 1365 ut
2759 1311 2957 1367 Paulus
2999 1312 3065 1366 de
3103 1313 3320 1368 Christo
3349 1314 3557 1369 diceret
3590 1331 3603 1367 :

2034 1402 2100 1457 In
2131 1404 2244 1472 ipso
2288 1403 2489 1456 habitat
2530 1405 2697 1456 omnis
2727 1403 2996 1472 plenitudo
3030 1404 3322 1457 divinitatis
3355 1421 3605 1470 corpora-

2033 1497 2154 1549 liter
2183 1497 2226 1548 ".
2261 1493 2368 1549 Sed
2397 1504 2452 1549 et
2478 1495 2717 1549 Joannes
2751 1513 2762 1548 :
2793 1493 2894 1558 Qui
2930 1503 3107 1564 negat,
3147 1493 3338 1563 inquit,
3382 1493 3605 1550 Filium.

2032 1601 2127 1640 nec
2151 1586 2367 1640 Patrem
2410 1586 2562 1639 habet
2592 1602 2609 1639 :
2641 1571 3045 1653 Qui'con/itetur
3077 1583 3278 1650 Jesum,
3314 1594 3361 1638 et
3394 1583 3607 1639 Patrem

2036 1676 2191 1731 habet
2220 1677 2263 1730 ⁸.
2309 1677 2450 1747 Ergo
2500 1677 2631 1746 ephi
2680 1675 2900 1745 quidem
2947 1673 3038 1728 hic
3083 1675 3394 1731 incarnatus
3441 1675 3605 1740 Deus,

357 1773 501 1817 tures
528 1761 611 1816 vel
653 1761 782 1814 duos
821 1759 994 1830 pullos
1024 1759 1293 1814 columbae.
1336 1760 1474 1826 Quia
1505 1775 1633 1814 vero
1665 1759 1783 1815 haec
1820 1775 1930 1814 non

2040 1767 2275 1824 Verbum
2307 1777 2496 1838 utpote
2535 1768 2744 1822 habens
2791 1767 2845 1820 in
2889 1781 2948 1822 se
2993 1764 3274 1820 Trinitatis
3307 1767 3607 1836 plenitudi-

357 1863 538 1925 potest
584 1853 922 1918 omnimodo,
971 1867 1074 1908 nec
1119 1851 1334 1907 haedum
1387 1861 1479 1906 aut
1519 1867 1674 1906 ovem
1719 1860 1930 1922 potest;

355 1963 526 2018 quare
553 1956 734 2002 autem
754 1961 862 2000 non
900 1954 1078 2016 potest
1106 1965 1119 2000 :
1156 1961 1276 2009 seu,
1329 1953 1388 1999 ut
1418 1944 1558 1999 LXX
1589 1945 1799 2010 dicunt,
1831 1961 1934 1997 non

357 2039 598 2095 invenit?
640 2037 767 2108 quia
813 2037 1018 2094 divitiis
1059 2036 1409 2107 poenitentia:
1443 2036 1582 2090 male
1629 2051 1780 2099 usus,
1822 2044 1944 2090 non

357 2145 452 2185 eas
480 2130 940 2200 quemadmodum
975 2129 1280 2200 oportebat,
1323 2128 1598 2198 expendit.
1633 2127 1778 2194 Quid
1807 2143 1935 2198 ergo

358 2221 542 2284 faciet,
582 2228 642 2275 ut
678 2235 790 2274 non
831 2219 1139 2290 desperatio
1167 2219 1214 2273 ei
1253 2217 1779 2287 causaperditionis
1809 2215 1935 2270 ﬁat?

425 2311 610 2383 meret
637 2315 732 2382 pro
760 2321 972 2383 peccato
997 2327 1092 2365 suo
1123 2309 1378 2373 similam,
1408 2319 1614 2379 partem
1646 2308 1762 2378 ephi
1796 2305 1935 2361 deci-

359 2420 504 2458 mam
530 2421 548 2458 :
580 2420 683 2458 non
720 2405 888 2458 mittet
934 2405 989 2456 in
1033 2419 1151 2456 eam
1185 2401 1379 2465 oleum,
1416 2416 1507 2453 nec
1536 2400 1701 2454 thuris
1733 2398 1936 2468 aliquid

358 2503 538 2563 ponet,
587 2495 713 2564 quia
761 2509 857 2562 pro
898 2501 1109 2561 peccato
1145 2499 1241 2546 est.
1279 2489 1404 2545 Haec
1447 2505 1575 2561 ergo
1629 2489 1840 2560 species
1885 2489 1933 2543 ei

359 2587 697 2657 paenitentiae
745 2600 1004 2640 concessa
1050 2593 1133 2639 est
1173 2599 1335 2653 quam
1366 2581 1524 2637 dixit.
1564 2580 1786 2635 Anxiari
1836 2595 1935 2634 au-

359 2688 471 2734 tem
500 2688 557 2733 et
587 2679 778 2733 timere
806 2677 989 2739 debet,
1021 2691 1090 2730 ne
1130 2675 1269 2729 forte
1300 2690 1408 2728 non
1439 2672 1768 2742 suscipiatur
1794 2672 1931 2741 ejus,

360 2777 548 2842 utpote
599 2771 918 2840 frequenter
945 2767 1217 2838 injuriata,
1243 2767 1604 2837 paenitentia;
1645 2775 1933 2836 propterea

359 2875 466 2918 nec
510 2860 690 2916 oleum
736 2858 1102 2930 superlundit,
1138 2865 1323 2926 utpote
1370 2856 1624 2911 dubitans
1663 2870 1734 2910 an
1773 2855 1936 2910 mise—

361 2950 597 3008 ricordia
625 2959 681 3004 et
707 2948 1088 3019 compassione
1113 2947 1308 3016 dignus
1348 2948 1437 3000 sit.
1482 2947 1588 3002 Sed
1624 2961 1727 3000 nec
1761 2944 1934 3000 thuris

2035 1875 2184 1917 nem.
2219 1859 2438 1915 Decima
2477 1867 2658 1913 autem
2697 1857 2817 1928 ejus
2857 1866 2942 1915 est
2983 1871 3111 1912 caro
3147 1875 3159 1909 :
3194 1857 3434 1927 primum
3480 1857 3605 1928 qui-

2035 1950 2158 2006 dem
2213 1957 2273 2004 ut
2325 1947 2703 2004 ostenderetur
2758 1947 3062 2002 sublimitas
3119 1947 3418 2002 divinitatis
3467 1948 3604 2017 ejus.

2035 2047 2302 2110 quantum
2349 2039 2415 2094 ad
2465 2038 2878 2102 humanitatem,
2920 2046 3144 2107 propter
3195 2037 3338 2108 quod
3385 2046 3440 2092 et
3485 2054 3610 2108 pars

2034 2131 2263 2194 dicitur;
2306 2129 2504 2185 deinde
2537 2145 2634 2200 pro
2664 2145 2728 2182 eo
2761 2129 2905 2198 quod
2937 2129 3145 2200 integro
3175 2129 3398 2184 homine
3433 2129 3611 2184 incar-

2035 2228 2198 2274 natus
2248 2227 2332 2274 est
2378 2219 2522 2273 Deus
2567 2216 2827 2281 Verbum,
2865 2225 2920 2271 et
2966 2217 3060 2286 qui
3115 2217 3286 2288 legem
3338 2217 3605 2288 impleret.

2035 2307 2337 2378 Utrumque
2367 2307 2513 2361 enim
2541 2306 2752 2361 decima
2781 2304 3070 2374 signiﬁcat,
3096 2307 3220 2376 quia
3249 2314 3305 2360 et
3335 2305 3612 2376 perlectus

2036 2409 2118 2456 est
2143 2400 2400 2455 denarius
2432 2414 2716 2453 numerus.
2757 2399 2951 2453 Decem
2983 2407 3165 2454 autem
3194 2401 3448 2454 mandata
3479 2399 3612 2471 legis

2037 2499 2184 2557 sunt,
2211 2490 2354 2544 unde
2385 2497 2439 2543 et
2468 2488 2692 2544 decimae
2719 2504 2732 2540 :
2755 2486 3020 2541 decimam
3044 2495 3254 2558 partem
3281 2489 3610 2559 praecipuam

2037 2582 2327 2646 sacerdoti,
2365 2579 2588 2635 Christo
2630 2578 2900 2643 videlicet,
2947 2578 3032 2632 lex
3071 2579 3373 2648 deputavit,
3425 2587 3613 2649 utpote

2038 2691 2232 2731 massa:
2281 2683 2482 2730 nostra:
2521 2673 2793 2744 primitias
2835 2673 3078 2728 habenti.
3115 2673 3438 2742 Quicunque
3485 2687 3613 2742 ergo

2037 2767 2416 2837 paenitentiam
2453 2779 2596 2834 sape
2631 2764 2994 2832 praevaricans
3027 2764 3267 2828 violabit,
3311 2779 3613 2832 rursusque

2038 2857 2154 2910 vult
2178 2870 2338 2927 agere
2369 2853 2768 2924 paenitentiam,
2796 2855 2850 2906 in
2885 2869 2980 2924 spe
3002 2853 3201 2908 Christi
3232 2862 3375 2923 agat,
3403 2854 3494 2924 qui
3527 2854 3611 2907 in-

2036 2947 2275 3018 quisitus
2303 2961 2333 3000 a
2363 2946 2523 3001 Petro
2553 2963 2566 2999 :
2597 2944 2654 3000 Si
2696 2945 2982 3014 peccaverit
3025 2945 3080 2996 in
3124 2960 3206 2998 me
3241 2946 3408 3014 frater
3448 2961 3609 3009 meus,

359 3039 566 3114 aliquid
605 3040 860 3110 imponit,
888 3047 1077 3110 utpote
1106 3039 1198 3107 qui
1230 3037 1408 3092 nescit
1432 3045 1611 3091 utrum
1641 3036 1763 3090 boni
1797 3036 1935 3090 odo-
1963 3077 2008 3138 ς
2038 3040 2238 3112 quoties
2282 3039 2489 3092 dimitto
2540 3038 2607 3102 ei,
2646 3053 2808 3107 usque
2838 3035 3066 3106 septies?
3115 3035 3253 3089 dixit
3286 3053 3298 3088 :
3331 3034 3450 3088 Non
3497 3036 3613 3089 dico

359 3135 439 3190 ris
488 3133 561 3188 sit
606 3133 725 3204 ejus
767 3131 965 3193 oratio,
988 3145 1150 3200 quam
1195 3129 1513 3198 frequenter
1551 3127 1936 3198 praevaricatus

359 3237 463 3284 est.
495 3225 651 3282 Unde
681 3225 798 3280 Joel
825 3223 1089 3296 propheta
1120 3223 1187 3278 ad
1217 3222 1430 3293 plebem
1456 3221 1768 3276 Judaeorum
1792 3220 1939 3275 dice-

360 3319 457 3376 bat
489 3335 506 3372 :
541 3315 928 3374 Convertimini
989 3318 1060 3370 ad
1127 3315 1407 3369 Dominum
1465 3313 1631 3367 Deum
1687 3324 1936 3376 vestrum,

359 3411 489 3483 quia
533 3410 786 3481 benignus
837 3417 884 3462 et
931 3408 1226 3461 misericors
1256 3415 1352 3471 est,
1383 3407 1590 3474 patiens
1628 3412 1674 3457 et
1716 3402 1940 3457 multum

361 3503 682 3569 misericors,
709 3510 759 3556 et
787 3499 1104 3572 pra'stabilis
1143 3515 1303 3568 super
1341 3498 1572 3552 malitia.
1615 3495 1743 3562 Quis
1773 3498 1866 3551 scit
1896 3496 1942 3549 si

361 3603 702 3652 consulatur
730 3603 779 3648 et
819 3594 1073 3665 ignoscat,
1104 3601 1154 3646 et
1193 3590 1456 3660 relinquat
1498 3599 1614 3659 post
1640 3607 1695 3644 se
1727 3589 1941 3644 benedi-

361 3687 628 3742 ctionem?
679 3683 1014 3755 Sacriﬁcium
1063 3693 1111 3737 et
1159 3681 1389 3736 libamen
1432 3681 1656 3735 Domino
1700 3681 1804 3734 Deo
1847 3697 1942 3733 no-

360 3789 474 3836 stro
503 3779 545 3834 ⁸.
599 3777 668 3833 Et
718 3775 994 3848 quomodo
1051 3773 1331 3828 dubitatur
1380 3772 1448 3827 de
1497 3771 1850 3826 misericorde
1888 3779 1944 3824 et

363 3871 640 3944 patiente,
672 3879 730 3926 et
771 3869 958 3924 multa:
1001 3865 1391 3930 miserationis,
1429 3864 1471 3918 si
1505 3872 1857 3918 convertatur
1889 3871 1945 3917 et

365 3965 656 4038 paeniteat,
682 3973 738 4020 et
765 3965 811 4019 si
839 3959 1166 4018 sacriﬁcium
1190 3967 1283 4012 aut
1314 3957 1550 4010 libamen
1583 3970 1679 4024 pro
1710 3955 1945 4024 peccatis

365 4057 622 4129 accipiat,
655 4055 763 4112 nisi
792 4054 919 4125 quia
953 4051 1156 4124 populo
1189 4049 1424 4119 maligno
1456 4056 1510 4102 et
1541 4044 1785 4118 diligenti
1816 4059 1943 4116 pec-

367 4159 489 4205 cata
512 4147 791 4219 loquitur?
820 4145 924 4212 Qui
961 4159 1084 4198 cum
1117 4157 1264 4220 saepe
1288 4139 1480 4211 egerit,
1512 4153 1789 4206 nunquam
1822 4152 1946 4206 pcr-

369 4241 510 4297 stitit
553 4240 608 4295 in
651 4255 787 4311 pura
812 4235 1129 4308 pmuitentia
1162 4252 1175 4288 :
1207 4249 1334 4305 ergo
1368 4247 1470 4286 nec
1511 4232 1946 4302 desperationem

370 4332 478 4389 illis
523 4331 704 4388 facere
737 4332 872 4394 vult,
912 4343 1013 4382 nec
1052 4339 1243 4380 rursus
1286 4340 1380 4379 eos
1432 4323 1761 4393 pmnitentes
1794 4323 1949 4376 valde

2040 3133 2134 3187 tibi
2164 3147 2326 3202 usque
2348 3131 2556 3199 septies,
2591 3131 2681 3184 sed
2713 3143 2875 3198 usque
2903 3127 3200 3198 septuagies
3229 3128 3418 3196 septies
3440 3129 3482 3180 ’.
3513 3125 3614 3182 Hic

2039 3241 2168 3296 ergo
2210 3239 2391 3279 sermo
2450 3237 2603 3292 spem
2647 3219 2978 3291 pmnitentia:
3015 3219 3094 3274 eis
3131 3219 3329 3289 quibus
3360 3221 3613 3290 impossi-

2038 3318 2163 3373 bilis
2193 3317 2406 3371 videtur
2425 3313 2652 3385 praebet.
2679 3310 2906 3382 Propter
2925 3309 3070 3380 quod
3093 3308 3352 3367 hauriens
3377 3312 3444 3366 de
3469 3310 3617 3364 obla-

2040 3410 2189 3465 tione
2238 3407 2426 3478 implet
2476 3405 2738 3476 pugillum
2785 3404 2840 3458 in
2889 3411 3306 3460 monumentum
3353 3402 3474 3472 ejus
3519 3403 3613 3472 qui

2040 3501 2256 3564 obtulit,
2289 3508 2344 3553 et
2376 3506 2584 3553 cremat
2627 3511 2796 3566 super
2828 3496 3018 3561 altare,
3055 3496 3107 3551 id
3145 3505 3250 3561 est,
3281 3510 3489 3549 memor
3529 3495 3612 3548 sui

2040 3590 2215 3656 verbi,
2249 3587 2392 3659 quod
2421 3603 2519 3656 pro
2552 3584 2638 3640 his
2677 3584 2971 3648 salvandis,
3002 3583 3093 3653 qui
3135 3584 3201 3637 ad
3235 3597 3293 3637 se
3324 3580 3615 3635 veniebant

2041 3683 2300 3754 apostolis
2341 3679 2478 3734 dixit
2513 3697 2525 3732 :
2556 3677 2677 3733 Non
2707 3677 2949 3747 peribunt
2982 3677 3039 3728 in
3083 3684 3356 3736 internum,
3387 3684 3432 3726 et
3469 3689 3616 3726 nemo

2043 3793 2132 3830 eas
2162 3775 2330 3844 rapiet
2361 3773 2423 3826 de
2451 3787 2612 3825 manu
2643 3787 2756 3824 mea
2794 3769 2860 3820 ¹⁰.
2897 3766 3218 3821 Venientcm
3253 3766 3317 3818 ad
3355 3779 3414 3817 se
3448 3764 3618 3816 salvat

2043 3881 2167 3922 eum
2233 3864 2321 3933 qui
2371 3876 2513 3931 saepe
2557 3859 2785 3928 deliquit
2823 3858 2878 3911 in
2917 3855 3313 3927 pcenitentiam.
3352 3853 3491 3918 Quid
3523 3867 3619 3921 pro

2043 3975 2110 4016 eo
2139 3956 2378 4012 olierens
2407 3952 2668 4024 pugillum
2703 3951 2758 4003 in
2791 3956 3230 4011 monumentum,
3273 3946 3324 3999 id
3359 3953 3462 4007 est,
3496 3960 3618 3997 ver-

2046 4051 2173 4103 bum
2219 4045 2516 4100 secundum
2558 4041 2705 4112 quod
2751 4039 3002 4111 promisit
3041 4054 3136 4094 eos
3171 4037 3263 4109 qui
3305 4037 3473 4092 semel
3518 4039 3620 4090 sub

2046 4157 2210 4197 manu
2254 4138 2374 4210 ejus
2420 4136 2548 4191 lacti
2601 4135 2806 4189 fuerint
2855 4149 2962 4188 non
3004 4132 3203 4203 perire.
3238 4131 3309 4186 De
3345 4132 3448 4184 hoc
3490 4145 3619 4199 ergo

2050 4233 2253 4304 pugillo
2301 4229 2588 4284 mulierem
2635 4241 2756 4297 qum
2803 4224 3031 4297 ﬁgurant
3080 4224 3300 4295 gerebat
3346 4222 3620 4282 Ecclesia,

2051 4327 2166 4396 ipse
2210 4321 2512 4379 introduxit
2541 4320 2818 4375 dicentem
2854 4335 2867 4371 :
2901 4316 3232 4386 Congaudete
3273 4315 3419 4377 mihi,
3451 4315 3623 4367 iuveni

371 4436 724 4494 pmumel‘e,
757 4428 922 4490 atque
964 4419 1086 4472 ideo
1127 4416 1311 4472 Verbis
1355 4423 1438 4469 εει
1477 4415 1658 4469 dUbiiS
1690 4431 1820 4468 usus
1848 4431 1860 4466 ε
1895 4422 1949 4468 el
1982 4431 2026 4486 ι)
2051 4435 2168 4472 eam
2194 4416 2503 4470 drachmam
2531 4426 2692 4481 quant
2719 4408 3052 4477 perdideram
3079 4406 3141 4458 “.
3184 4406 3223 4456 Α
3257 4403 3442 4456 multis
3474 4403 3619 4455 enim

371 4514 728 4586 quamobrem
762 4526 874 4566 non
910 4509 1197 4580 Oportebat
1229 4505 1710 4576 pnesumptionem
1757 4504 1837 4558 eis
1869 4502 1948 4556 fa-

371 4605 478 4661 cile
505 4604 647 4669 dari,
679 4618 749 4658 ne
771 4605 895 4659 data
940 4597 1315 4671 presumptio,
1357 4595 1422 4650 ad
1460 4595 1562 4648 alia
1598 4609 1788 4648 rursus
1818 4607 1948 4662 pec-

372 4705 494 4750 cata
547 4709 644 4748 eos
697 4690 1121 4763 negligentiores
1173 4687 1445 4748 ediceret,
1499 4684 1645 4738 velut
1694 4682 1948 4737 relaxatis

373 4779 952 4860 prioribus,'intirmos
991 4783 1193 4852 quippe
1228 4778 1491 4848 quosdam
1547 4785 1602 4831 et
1637 4775 1950 4830 inconstan—

377 4890 460 4936 tcs
485 4879 544 4934 in
575 4875 874 4934 virtutibus
901 4873 1180 4945 legislator
1211 4869 1410 4925 innuit.

445 4967 639 5024 Tradet
685 4975 866 5022 autem
907 4977 1025 5019 eam
1070 4962 1349 5017 sacerdoti.
1394 4959 1485 5014 Ille
1531 4966 1734 5022 autem,
1771 4964 1957 5026 utpote

375 5061 506 5131 pius
525 5057 782 5116 Christus
810 5074 826 5114 :
851 5057 1057 5128 quippe
1084 5063 1167 5110 est
1195 5053 1288 5124 qui
1313 5051 1477 5107 etiam
1495 5064 1641 5105 nunc
1673 5037 1770 5120 per
1792 5047 1958 5119 signi-

377 5149 688 5207 ﬁcationem
717 5147 1040 5220 intelligitur
1067 5144 1388 5202 sacerdotis.

450 5239 554 5308 Qui
597 5239 814 5312 plenum
852 5256 916 5295 ex
963 5246 1072 5294 toto
1108 5235 1367 5309 pugillum
1405 5237 1671 5301 hauriens,
1705 5234 1956 5289 cremabit

378 5345 539 5405 super
565 5331 740 5390 altare
770 5333 826 5388 in
854 5339 1252 5386 monumentum
1286 5328 1418 5398 ejus.
1454 5327 1558 5393 Qui
1601 5327 1796 5382 obtulit
1833 5341 1960 5396 spe-

380 5427 496 5482 cies
533 5423 848 5490 oblationis,
881 5421 1231 5493 acceptabilis
1277 5429 1359 5475 est
1408 5419 1535 5490 ephi
1582 5420 1778 5476 simile.
1820 5421 1961 5490 Ephi

382 5525 564 5571 autem
597 5528 853 5570 mensura
881 5521 964 5568 est
987 5510 1156 5574 trium
1197 5527 1602 5579 mensurarum,
1634 5511 1685 5566 id
1716 5519 1820 5577 est,
1851 5520 1964 5566 tres

453 5645 541 5701 ⁵11
579 5646 721 5702 Petr.
757 5664 816 5712 II,
849 5647 940 5702 22.
1015 5648 1036 5680 ³
1066 5647 1230 5702 Hebr.
1261 5663 1352 5710 xu,
1388 5645 1474 5709 16,
1511 5646 1596 5700 l7.
1673 5645 1695 5677 ⁴
1732 5646 1870 5717 loci.
1907 5666 1939 5705 ιι

2040 5651 2084 5712 5,
2138 5649 2220 5702 14.
2299 5645 2547 5700 7Coloss.
2579 5659 2614 5696 ιι
2677 5642 2729 5697 9.

379 5730 539 5780 mn,
582 5719 674 5783 2|,
700 5717 789 5772 ‘23.
870 5719 912 5748 "
943 5717 1099 5774 Josn.
1138 5733 1190 5782 κ,
1215 5718 1304 5773 28.
1385 5718 1422 5747 ”
1457 5717 1588 5770 Luc.
1609 5732 1696 5781 xv,
1722 5716 1776 5770 9.

2057 4508 2196 4564 male
2229 4502 2551 4576 pmnitentia
2582 4500 2861 4556 utentibus
2887 4489 3096 4567 perdita
3130 4495 3305 4550 fuerat
3335 4493 3472 4545 ratio
3499 4507 3621 4560 spe-

2057 4598 2244 4654 randa:
2291 4593 2644 4668 paenitentiae,
2680 4591 2785 4669 sed
2806 4588 3106 4645 secundum
3152 4583 3466 4656 prredictum
3509 4598 3626 4635 mo-

2056 4689 2187 4745 dum
2234 4688 2454 4741 invcnta
2500 4693 2601 4738 est.
2651 4681 2765 4736 Hoc
2811 4693 2939 4750 ergo
2982 4684 3393 4733 monumentum
3439 4672 3628 4726 oil'erct

2057 4795 2224 4850 super
2270 4778 2440 4833 altare
2487 4789 2687 4844 corpus
2734 4787 2912 4834 suum,
2949 4770 3091 4840 quod
3137 4781 3298 4820 omne
3347 4773 3625 4834 peccatum

2059 4871 2324 4942 suscepit,
2365 4868 2528 4922 etiam
2580 4864 2710 4919 ξιιυά
2766 4862 2910 4934 quod
2965 4859 3248 4915 videbatur
3297 4853 3630 4924 impossibile

2058 4979 2218 5034 posse
2249 4958 2474 5016 salvari.
2503 4956 2728 5026 Propter
2760 4954 2904 5024 quod
2935 4949 3139 5006 addidit
3169 4965 3185 5003 :

2130 5053 2266 5119 Quia
2296 5067 2392 5121 pro
2417 5058 2628 5119 peccato
2655 5055 2748 5101 est.
2777 5045 3086 5100 Ostendens
3109 5039 3235 5110 quia
3263 5037 3328 5092 ad
3353 5035 3629 5091 Christum

2061 5147 2237 5200 solum
2285 5143 2525 5214 pertinet
2579 5139 2824 5192 omnium
2873 5142 3095 5206 peccata
3141 5129 3445 5198 suscipere.
3492 5123 3631 5194 Ergo

2058 5237 2116 5291 hi
2175 5235 2266 5306 qui
2325 5231 2704 5306 penitentiam
2762 5243 2906 5298 saepe
2963 5222 3239 5295 peccando
3297 5215 3634 5290 praivaricati

2060 5339 2210 5392 sunt,
2248 5338 2525 5400 postremo
2561 5333 2742 5379 autem
2779 5319 3170 5391 pmnituerunt,
3202 5328 3268 5366 ex
3308 5326 3374 5364 eo
3411 5307 3631 5378 quidem

2059 5421 2203 5491 quod
2245 5399 2562 5486 frequenter
2605 5410 2940 5485 praevaricati
2986 5413 3136 5469 sunt,
3168 5417 3320 5475 spem
3360 5399 3634 5471 paeniten-

2060 5514 2147 5567 tiae
2181 5525 2290 5564 non
2326 5509 2529 5563 habent
2562 5525 2576 5562 :
2608 5506 2856 5561 Christus
2901 5511 3082 5556 tamen
3129 5493 3292 5552 etiam
3335 5493 3410 5548 sic
3453 5503 3633 5553 orare,

2819 5640 2839 5670 ³
2875 5638 2892 5691 l
2925 5635 3081 5691 Joan.
3107 5647 3171 5697 ιι,
3202 5631 3295 5686 23.
3389 5627 3411 5661 '
3441 5623 3635 5681 Matth.
