4030 6240
434 325 557 390 "829

1645 282 2027 387 uEsrcun'
2046 324 2515 386 PRESBYTERI

3590 318 3699 382 8ἱο

450 438 504 493 id
545 443 631 491 est
672 433 949 503 suscipere
996 433 1397 504 pmnitcutiam.
1430 447 1651 505 propter
1690 451 1847 489 suum
1885 437 2025 504 paii-
2056 446 2097 497 Α
2129 436 2315 498 semel,
2358 435 2463 497 bis,
2494 434 2577 488 vel
2616 443 2715 496 ter.
2769 432 2862 489 sed
2912 449 3053 504 sape
3087 432 3140 488 in
3184 434 3373 489 iisdem
3413 433 3466 488 in
3497 433 3698 503 quibus

451 536 541 582 tur
571 528 817 588 verbum,
846 525 990 594 quod
1015 525 1684 594 manifestamsequentia,
1709 542 1830 579 cum
1859 526 2022 580 dicit;

519 615 730 686 Rogans
759 632 853 685 pro
872 615 967 669 illo
1000 625 1047 669 et
1082 616 1322 687 expiatis.
1357 615 1476 681 Vel,
1508 615 1810 671 sicutLXX
1838 616 2027 670 edide-

452 713 579 760 runt
621 706 732 760 :iEt
764 707 934 760 orabit
964 723 1059 775 pro
1096 723 1156 761 eo
1186 706 1449 767 sacerdos,
1478 717 1525 759 et
1556 723 1649 773 pro
1677 716 1886 775 peccato
1916 707 2028 775 ejus

450 808 586 871 quod
618 802 872 870 peccavit,
902 810 953 853 et
983 801 1278 855 dimittetur
1306 802 1372 855 ei.
1422 800 1490 856 Ut
1522 817 1585 855 ex
1619 800 1723 856 hoc
1780 800 2029 855 intendas

453 891 579 961 quia
611 892 1023 947 multitudinem
1053 901 1398 962 peccatorum
1438 894 1781 948 commissam
1822 893 2028 964 signiti-

452 990 559 1035 cat.
592 980 961 1047 Quamobrem
990 981 1154 1035 etiam
1185 981 1253 1035 ab
1274 997 1382 1035 uno
1419 982 1637 1047 borum,
1672 991 1857 1052 utpote
1886 997 2029 1052 saepe

453 1070 644 1123 eadem
675 1077 956 1139 peccante.
985 1085 1239 1140 smpeque
1282 1071 1350 1126 de
1387 1071 1579 1126 eadem
1614 1087 1671 1127 re
1704 1072 2027 1143 ptenitentc,

457 1169 621 1231 atque
657 1161 1017 1217 nihilominus
1045 1162 1277 1217 iterante
1306 1173 1609 1234 peccatum,
1642 1179 1706 1218 ea
1747 1164 1801 1217 in
1833 1165 2030 1235 quibus

457 1253 845 1322 praevaricatus
862 1263 964 1317 est,
982 1254 1357 1324 paenitentiam
1376 1266 1521 1310 recte
1537 1257 1791 1311 sacerdos
1807 1256 2032 1312 dimittit

461 1353 516 1397 et
536 1344 879 1413 deprecatur.
903 1346 1217 1401 Misericors
1248 1354 1333 1401 est
1346 1348 1492 1400 enim
1510 1356 1567 1402 et
1582 1347 1756 1403 ﬁdelis
1777 1336 2031 1403 sacerdos

458 1436 524 1489 ad
555 1437 721 1492 Deum
745 1437 836 1506 qui
861 1446 1050 1492 exorat
1087 1453 1185 1507 pro
1212 1439 1452 1507 peccatis
1492 1438 1694 1509 populi.
1729 1440 1833 1495 Sed
1865 1441 2030 1495 etiam

456 1526 546 1596 qui
572 1527 694 1581 linis
713 1527 783 1581 sit
801 1527 965 1596 hujus
980 1527 1301 1591 sanctionis,
1316 1543 1728 1598 cognoscamus,
1747 1530 2029 1599 sequitur:

527 1615 804 1685 Reliquam
830 1626 1169 1685 veropartem
1187 1617 1295 1685 ipse
1316 1616 1524 1671 habebit
1546 1618 1602 1671 in
1621 1634 1851 1673 munere.
1877 1617 2033 1685 Quod

460 1705 746 1759 ediderunt
782 1721 797 1759 z
828 1703 977 1768 Quod
1009 1714 1186 1757 autem
1229 1705 1483 1775 reliquum
1523 1706 1702 1776 fuerit,
1743 1707 1811 1759 sit
1856 1723 2032 1760 sacer-

461 1797 615 1858 dotis,
661 1797 1101 1866 quemadmodum
1140 1797 1460 1865 sacriﬁcium
1506 1797 1716 1863 similae,
1754 1798 1901 1868 atqui
1939 1797 2033 1850 hoc
2065 1767 2108 1828 Β

459 1886 778 1940 sacrificium
805 1888 996 1942 simin
1024 1898 1117 1941 est.
1153 1887 1426 1941 Decimam
1457 1892 1659 1958 quippe
1686 1888 1814 1958 ephi
1846 1888 2034 1943 similae

450 1975 719 2044 praecepit
747 1974 954 2032 oﬁ‘erri.
990 1974 1097 2031 Sed
1126 1977 1253 2045 quia
1288 1974 1519 2030 similam
1550 1976 1882 2047 the010giam
1904 1978 2036 2032 esse

452 2069 617 2122 novit
644 2107 659 2131 ,
702 2068 816 2121 hinc
846 2077 1043 2125 autem
1085 2068 1291 2123 oblatio
1327 2083 1437 2121 non
1481 2076 1689 2122 tantum
1729 2069 2032 2140 theologia},

464 2173 731 2230 quantum
760 2160 1098 2230 poenitentiae
1121 2170 1226 2225 est,
1251 2176 1347 2230 per
1369 2160 1832 2231 comparationem
1860 2171 2040 2215 osten-

452 2254 546 2305 ‘dit
604 2252 730 2320 quia
775 2251 894 2305 haec
942 2252 1045 2305 alia
1086 2250 1333 2322 quaedam
1365 2261 1449 2307 est
1480 2260 1630 2306 extra
1669 2251 1812 2305 illam
1844 2267 1860 2305 :
1894 2252 2039 2307 unde

417 2369 423 2377 -
465 2344 537 2398 ibi
569 2342 790 2412 quidem
821 2344 964 2412 quod
999 2344 1267 2414 reliquum
1304 2344 1429 2411 fuit,
1462 2344 1641 2398 Aaron
1670 2352 1727 2400 et
1758 2344 1879 2398 ﬁliis
1921 2342 2039 2413 ejus

451 2433 765 2504 deputavit.
801 2432 937 2488 Esse
964 2443 1142 2489 autem
1181 2433 1419 2490 diximus
1448 2435 1567 2506 ejus
1600 2435 1756 2501 lilios,
1793 2435 1911 2490 illos
1946 2435 2039 2505 qui

466 2526 724 2581 sublimia
750 2535 804 2580 et
833 2525 1017 2580 divina
1058 2527 1359 2597 intelligere
1385 2535 1638 2598 possunt.
1674 2526 1782 2596 ipsi
1819 2526 2039 2596 quidem

457 2625 761 2686 pascuntur
803 2617 870 2671 de
900 2617 1142 2685 scientia:
1184 2618 1447 2688 reliquiis,
1485 2620 1640 2689 cujus
1679 2626 1849 2673 totum
1878 2626 2041 2689 atque

470 2727 741 2764 summam
790 2710 842 2762 in
882 2709 1038 2763 ctelis
1066 2708 1314 2763 Christus
1357 2711 1544 2778 habet,
1572 2710 1713 2780 apud
1754 2726 1915 2780 quem
1954 2726 2042 2765 sa-

461 2803 690 2871 pientiae
723 2801 964 2856 thesauri
1009 2808 1064 2855 et
1092 2800 1355 2867 scientias,
1383 2802 1521 2856 sicut
1560 2802 1636 2855 ait
1666 2802 1954 2872 Apostolus
1976 2802 2041 2866 η,

460 2893 778 2948 absconditi
834 2900 981 2946 sunt.
1032 2891 1188 2947 Nunc
1226 2901 1407 2950 autem
1459 2909 1565 2947 non
1605 2895 1781 2947 Aaron
1826 2902 1883 2947 et
1921 2894 2044 2948 ﬁliis

459 2987 610 3056 'ejus,
644 2987 736 3042 sed
772 2974 1038 3041 sacerdoti
1069 2985 1212 3055 quod
1249 2985 1514 3056 reliquum
1560 2995 1666 3051 est,
1705 2985 1923 3041 Christo
1959 2985 2041 3039 vi-

2129 526 2460 595 poenituerat
2486 525 2952 594 praevaricantem,
2987 525 3363 595 paenitentiam
3390 540 3545 579 suam
3576 541 3697 581 esse

2133 617 2421 675 maledicto
2469 616 2763 685 proximam
2816 628 2873 672 et
2921 602 3226 686 reprobam,
3262 616 3490 686 ejusque
3534 617 3697 671 ﬁnem

2130 705 2185 758 in
2218 704 2597 760 combustione
2627 720 2749 759 esse
2781 704 2888 759 nisi
2925 704 3236 774 resipuerit.
3276 704 3482 760 Nolens
3516 715 3695 760 autem

2133 795 2570 863 desperationem
2648 793 2829 848 facere
2901 792 3242 847 auditoribus
3316 793 3432 845 suis
3481 809 3496 846 :
3543 802 3699 847 erant

2132 887 2335 957 quippe
2379 887 2500 941 sine
2552 886 2721 940 dubio
2768 885 2987 955 quidam
3043 885 3097 938 in
3135 883 3217 938 eis
3259 883 3612 954 negligentes,
3643 892 3694 937 et

2132 976 2408 1033 luxuriose
2434 976 2753 1047 paenitentia
2786 983 3002 1029 utentes
3037 989 3052 1027 :
3083 975 3435 1043 quamobrem
3480 988 3587 1025 non
3631 973 3698 1025 ad

2132 1069 2269 1123 alios
2314 1068 2450 1132 haec,
2480 1067 2574 1121 sed
2619 1066 2685 1121 ad
2724 1081 2819 1120 eos
2867 1065 3157 1120 scribebat.
3204 1063 3343 1131 Quia
3380 1079 3509 1135 ergo
3546 1071 3702 1117 erant

2130 1160 2351 1230 quidam
2380 1158 2532 1224 tales,
2563 1156 2814 1226 adjunxit
2848 1172 2863 1210 ε
2905 1155 3227 1224 Conﬁdiusus
3247 1163 3423 1209 autem
3461 1154 3525 1207 de
3539 1154 3707 1214 soliis,

2132 1249 2344 1319 fratres,
2365 1244 2603 1319 meliora,
2628 1254 2676 1299 et
2699 1246 2951 1299 viciniora
2983 1243 3163 1309 saluti,
3196 1242 3404 1297 tametsi
3434 1244 3511 1295 ita
3530 1244 3700 1313 loqui-

2132 1352 2252 1390 mur
2285 1337 2330 1368 “
2363 1353 2378 1391 :
2409 1336 2569 1390 simul
2599 1346 2657 1390 et
2690 1348 2895 1391 terrere
2923 1350 3018 1389 eos
3046 1334 3138 1404 qui
3174 1333 3449 1388 luxuriose
3479 1334 3710 1402 uteban-q

2133 1436 2223 1481 tur
2252 1413 2595 1497 ptenitentia,
2624 1437 2679 1482 et
2708 1428 2905 1481 bonam
2945 1439 3097 1495 spem
3139 1441 3329 1479 rursus
3362 1427 3699 1495 promittere,

2132 1514 2177 1569 si
2226 1516 2527 1586 migrarent
2564 1530 2594 1569 a
2628 1514 2840 1569 luxuria
2883 1521 3132 1584 cupiens.
3165 1512 3395 1584 Pr0pter
3430 1515 3573 1583 quod
3620 1515 3701 1569 le-

2134 1609 2381 1681 gislator,
2409 1624 2512 1664 nec
2536 1609 2718 1664 oleum
2745 1610 3009 1665 oblationi
3039 1609 3163 1681 ipsi,
3194 1624 3298 1664 nec
3325 1610 3452 1665 thus
3477 1610 3700 1671 addidit.

2135 1701 2387 1756 timorem
2435 1701 2711 1758 incutiens
2760 1702 3138 1768 querentibus,
3192 1710 3250 1757 et
3297 1712 3480 1757 tamen
3528 1702 3701 1759 suscie

2138 1793 2379 1863 pientem
2411 1794 2552 1850 hanc
2580 1796 2917 1851 sacerdotem
2951 1795 3109 1849 dixit.
3363 1806 3408 1837 ε

2207 1883 2370 1940 Vens.
2406 1884 2587 1939 ιιι-ιθ.
2624 1903 2642 1936 ι
2677 1884 2917 1941 Locutus
2945 1895 3030 1940 est
3060 1885 3320 1941 Dominus
3351 1887 3423 1941 ad
3462 1884 3702 1957 Moysen,

2137 1975 2380 2032 dicens:
2425 1977 2622 2033 Anima
2675 1977 2719 2032 si
2779 1978 3143 2048 praevaricans
3196 1979 3551 2033 caeremonias
3608 1993 3707 2047 per

2139 2084 2406 2132 errorem,
2443 2069 2499 2122 iu
2531 2070 2615 2123 his
2640 2085 2763 2140 quae
2801 2071 3028 2124 Domino
3056 2081 3185 2125 sunt
3212 2064 3547 2126 sanetiﬁcata
3576 2084 3706 2139 pec-

2137 2161 2364 2226 caverit,
2392 2159 2585 2216 olferet
2616 2176 2718 2231 pro
2745 2162 2946 2218 delicto
2988 2177 3088 2217 suo
3120 2164 3347 2217 arietem
3388 2162 3705 2216 ilnutacula‘

2141 2261 2258 2306 tum
2285 2252 2352 2306 de
2373 2251 2648 2323 gregibus,
2671 2253 2764 2323 qui
2788 2254 2894 2308 emi
2920 2263 3098 2323 potest
3122 2254 3337 2311 duobus
3364 2253 3535 2314 siclis,
3555 2253 3703 2324 juxta

2140 2344 2356 2415 pondus
2406 2343 2723 2408 sanctuarii,
2767 2344 3052 2415 ipsumque
3102 2346 3248 2415 quod
3297 2345 3483 2400 intulit
3523 2344 3705 2399 damni

2141 2433 2416 2499 restituet,
2451 2442 2507 2488 et
2542 2434 2790 2504 quintam
2839 2444 3046 2505 partem
3078 2445 3246 2505 ponet
3283 2450 3449 2505 supra
3490 2440 3705 2488 tradens

2140 2524 2434 2589 sacerdoti,
2464 2524 2558 2594 qui
2604 2525 2814 2595 rogabit
2854 2539 2953 2595 pro
2987 2539 3053 2580 eo
3095 2523 3332 2581 oﬁ‘erens
3371 2524 3617 2587 arietem,
3652 2536 3705 2580 et

2096 2658 2101 2662 .
2140 2614 2445 2669 dimittetur
2480 2615 2552 2669 ei.
2588 2633 2606 2666 ι

2214 2704 2426 2759 Bonum
2474 2706 2692 2775 quidem
2742 2716 2826 2762 est
2850 2706 2918 2761 ab
2960 2705 3107 2761 omni
3152 2716 3373 2777 peccato
3412 2708 3703 2771 abstinere,

2143 2799 2375 2854 maxime
2397 2809 2578 2854 tamen
2600 2799 2669 2854 ab
2682 2813 2749 2853 eo
2766 2799 2907 2868 quod
2923 2809 3109 2854 contra
3131 2809 3314 2855 sancta
3333 2801 3706 2866 committitur.

2146 2890 2277 2960 quia
2306 2890 2451 2946 Deus
2479 2905 2578 2960 per
2593 2889 2726 2945 illud
2747 2889 3055 2961 injuriatur.
3074 2889 3347 2957 Quantum
3376 2899 3559 2945 autem
3581 2892 3703 2953 hoc.

2145 2991 2202 3036 et
2237 2996 2400 3051 quam
2430 2980 2674 3036 terribile
2700 2980 2792 3047 sit,
2821 2996 3082 3052 praesens,
3111 2997 3272 3052 quam
3313 2982 3586 3055 legislator
3610 2998 3708 3037 ex-

466 3079 690 3144 delicet,
727 3078 869 3132 sicut
895 3086 950 3132 et
983 3077 1311 3132 sacriﬁcium
1358 3079 1548 3134 similae
1569 3087 1664 3134 est
1704 3078 1759 3135 in
1797 3082 2042 3134 munere.
2071 3099 2114 3156 ο
2148 3073 2360 3144 posuit,
2416 3073 2759 3129 demonstrat
2799 3075 3023 3129 oblatio.
3063 3074 3255 3131 Cernis
3306 3074 3508 3146 quippe
3552 3076 3707 3146 quia.

475 3172 615 3241 Ergo
643 3171 769 3240 quia
799 3170 1029 3226 similam
1061 3186 1182 3225 esse
1213 3170 1540 3241 theologiam
1566 3171 1821 3237 diximus,
1853 3172 1908 3226 in
1937 3171 2046 3227 duo

473 3261 665 3311 eadem
709 3273 956 3328 .pricscns
986 3258 1313 3327 sacriﬁcium
1347 3259 1624 3326 dividitur,
1654 3259 1705 3314 id
1739 3269 1846 3324 est,
1876 3261 1931 3315 in
1963 3276 2046 3315 re-

471 3350 791 3404 missionem
847 3359 1192 3418 peccatorum
1232 3350 1611 3419 pmniteutiam
1659 3351 1862 3422 agenti,
1894 3359 1951 3405 et
1990 3340 2045 3404 in

470 3439 805 3511 theologiam
832 3438 1082 3493 Christo.
1117 3438 1303 3492 Solius
1338 3439 1481 3493 enim
1517 3439 1608 3494 Dei
1638 3448 1722 3494 est
1746 3441 2042 3511 ignoscere,

472 3532 641 3586 etiam
676 3548 741 3586 ea
774 3546 1005 3600 quorum
1041 3530 1393 3598 impossibilis
1429 3529 1641 3584 videtur
1678 3532 1948 3587 remissio.
1980 3532 2049 3586 Et

475 3633 628 3679 recte
659 3623 713 3677 in
743 3639 868 3677 eum
898 3621 1275 3692 multipliciter
1303 3621 1405 3675 hoc
1434 3621 1759 3676 sacriﬁcium
1789 3622 1854 3677 ad
1890 3623 2047 3677 theo-

473 3713 674 3785 logiam
718 3712 1014 3766 invenitur.
1049 3711 1184 3764 lllud
1215 3718 1397 3764 autem
1435 3727 1544 3764 non
1586 3711 1890 3776 admireris,
1921 3712 2047 3782 quia

481 3804 534 3855 in
582 3801 906 3872 quibusdam
954 3800 1229 3871 personis,
1270 3801 1353 3854 vel
1393 3801 1448 3853 in
1484 3803 1742 3872 peccatis,
1776 3801 2048 3857 difﬁcilem

479 3908 603 3947 esse
636 3893 844 3947 aditum
885 3892 1224 3963 paenitentia:
1262 3891 1535 3956 diximus;
1562 3892 1640 3947 ait
1663 3896 1877 3966 quippe,
1908 3890 2050 3949 Pau-

475 3987 566 4040 lus
600 4004 614 4039 :
657 3983 961 4038 Voluntaria
1005 3987 1141 4038 enim
1172 3985 1512 4053 pecco-ritibus
1558 3986 1726 4051 nobis,
1765 3994 1880 4055 post
1928 4003 2051 4057 per-

479 4083 685 4143 reptant
719 4073 964 4126 notitiam
990 4073 1253 4135 ueritatis,
1288 4089 1389 4125 non
1414 4073 1533 4142 jam
1551 4090 1644 4142 pro
1657 4085 1869 4144 peccato
1894 4076 2052 4128 relin-

474 4166 660 4235 quitur
708 4162 881 4218 Irostia
915 4162 992 4227 ¹³;
1043 4164 1145 4216 hoc
1200 4163 1346 4232 quod
1399 4164 1636 4217 diximus
1682 4164 1917 4233 dillicile,
1956 4180 2052 4235 pro

486 4248 826 4322 niipmsibile
856 4261 1141 4320 ponentes,
1175 4268 1299 4305 nam
1332 4252 1472 4325 idem
1508 4253 1561 4306 in
1595 4255 2053 4326 subsequentibus

476 4344 561 4399 ait
595 4360 609 4396 :
642 4342 970 4413 lmpossibile
1005 4353 1077 4396 est
1112 4345 1249 4397 enim
1276 4360 1359 4399 eos
1387 4345 1476 4416 qui
1499 4346 1656 4400 semel
1688 4356 1809 4400 sunt
1850 4347 2053 4400 illumi-

2146 3164 2275 3219 dum
2313 3172 2396 3219 tot
2427 3163 2780 3234 praecepisset
2817 3165 3085 3222 sacriﬁcia
3121 3166 3406 3230 celebrari,
3449 3182 3710 3236 nusquam

2145 3255 2214 3310 de
2253 3255 2443 3310 arietis
2481 3254 2750 3310 sacriﬁcio
2783 3256 2838 3310 in
2862 3257 3132 3327 principio
3158 3257 3280 3313 libri
3310 3257 3476 3327 hujus
3504 3257 3708 3311 Domini

2145 3346 2211 3399 ad
2238 3345 2456 3416 Moysen
2489 3346 2786 3416 loquentis,
2809 3347 2915 3401 nisi
2946 3356 3153 3403 tantum
3181 3348 3236 3402 in
3273 3348 3377 3403 hoc
3406 3348 3525 3402 l’oco
3558 3362 3710 3400 men-

2147 3438 2352 3492 tionem
2389 3437 2540 3500 lecit,
2568 3440 2759 3494 volens
2791 3440 3171 3496 necessitatem
3205 3448 3260 3496 et
3296 3441 3584 3495 utilitatem
3627 3455 3712 3494 sa-

2147 3531 2331 3586 criﬁcii
2366 3531 2530 3601 hujus
2559 3532 2869 3587 ostendere.
2901 3528 3093 3587 Cernis
3118 3533 3281 3588 etiam
3310 3534 3437 3603 quia
3464 3549 3573 3588 non
3597 3533 3709 3587 hir-

2148 3638 2296 3688 cum,
2324 3638 2502 3693 neque
2544 3640 2787 3695 capram,
2828 3632 2924 3679 aut
2958 3640 3140 3690 ovem,
3168 3634 3264 3680 aut
3303 3641 3403 3696 par
3437 3626 3711 3680 columba-

2149 3727 2295 3775 rum,
2344 3714 2438 3768 sed
2492 3714 2717 3769 arietem
2774 3714 3036 3784 pmcepit
3077 3714 3283 3777 oll‘erri,
3327 3730 3393 3770 ex
3444 3716 3713 3770 oblatione

2149 3804 2357 3859 docens
2402 3806 2563 3875 quale
2636 3807 2705 3861 sit
2756 3806 2861 3862 hoc
2907 3817 3212 3877 peccatum.
3260 3808 3314 3861 In
3363 3806 3532 3879 ﬁgura
3569 3808 3709 3862 enim

2151 3895 2451 3951 Salvatoris
2499 3898 2643 3953 aries
2695 3898 2979 3969 accipitur.
3035 3899 3330 3970 Cognoscis
3382 3908 3563 3954 autem
3614 3900 3713 3953 hoc

2154 3989 2339 4048 modo.
2374 3990 2591 4059 quando
2633 3989 2776 4046 Deus
2806 3991 3077 4045 Abraham
3120 3992 3187 4045 ab
3218 3991 3496 4062 unigenito
3527 3991 3714 4045 immo-

2153 4078 2316 4134 laudo
2361 4080 2654 4136 cohibuit:
2691 4082 2947 4151 quoniam
2986 4090 3041 4136 et
3078 4082 3229 4137 Isaac
3273 4083 3457 4139 vivere
3501 4092 3717 4157 propter

2155 4170 2480 4241 promissam
2520 4186 2584 4225 ex
2631 4186 2699 4226 eo
2737 4173 3163 4237 successionem,
3195 4180 3250 4227 et
3286 4172 3509 4244 ﬁguram
3552 4174 3716 4227 sacri-

2157 4258 2264 4313 ﬁcii
2319 4259 2618 4314 Salvatoris
2669 4260 2878 4329 impleri
2934 4262 3254 4331 Oportebat,
3308 4272 3531 4332 propter
3585 4263 3719 4315 hanc

2154 4350 2308 4405 Isaac
2360 4350 2417 4404 in
2468 4351 2796 4407 sacriﬁcium
2845 4364 3154 4424 assumpto,
3206 4353 3341 4409 vidit
3388 4354 3611 4409 arietem
3667 4354 3717 4407 in

485 4432 626 4495 rati,
666 4441 1108 4503 gustaueruntque
1150 4434 1348 4488 donum
1405 4438 1623 4503 cteleste,
1663 4445 1711 4491 et
1771 4440 2052 4509 participes
2088 4424 2129 4481 θ
2159 4440 2415 4511 vepribus
2459 4441 2758 4498 haerentem
2816 4446 3092 4511 cornibus,
3133 4445 3239 4511 vel,
3269 4446 3410 4502 sicut
3464 4445 3621 4508 LXX,
3665 4446 3719 4499 in

478 4526 613 4596 tacti
647 4533 769 4579 sunt
812 4524 1041 4594 Spiritus
1072 4527 1263 4589 sancti,
1296 4536 1736 4600 gustaoeruntque
1774 4529 1933 4583 etiam
1970 4530 2058 4583 bow-
2150 4532 2352 4587 arbore
2416 4529 2631 4587 Sabech
2681 4533 2990 4605 patriarcha
3047 4536 3243 4589 teneri.
3300 4535 3478 4590 Arbor
3539 4543 3718 4588 autem

478 4631 610 4667 nam
654 4615 748 4667 Dei
776 4615 1010 4681 verbum,
1048 4615 1367 4687 virtutesque
1393 4616 1572 4671 saeculi
1600 4620 1825 4683 venturi,
1857 4629 1904 4673 et
1932 4636 2057 4689 pro-
2157 4620 2370 4679 Sabech
2406 4639 2539 4679 crux
2569 4634 2674 4688 est,
2708 4626 2913 4697 lignum
2956 4626 3315 4694 remissionis,
3357 4629 3411 4682 in
3440 4644 3550 4698 quo
3579 4628 3721 4682 aries

478 4706 624 4776 lapsi
659 4716 802 4769 sunt,
835 4709 1076 4760 renovari
1108 4723 1290 4761 rursus
1324 4708 1396 4761 ad
1425 4710 1810 4777 paenitentiam,
1846 4714 2057 4782 cruciﬁ-

476 4810 658 4867 gentes
681 4798 1015 4867 sibimetipsis
1035 4795 1237 4852 Filium
1266 4792 1384 4865 Dei,
1408 4810 1456 4853 et
1481 4802 1706 4854 ostentui
1722 4802 1966 4859 habentes
1990 4804 2054 4872 ⁸⁸,

475 4905 580 4944 eos
610 4887 709 4957 qui
736 4886 1056 4957 frequenter
1080 4897 1310 4960 egerunt
1334 4890 1737 4960 pmnitentiam,
1768 4903 1821 4949 et
1848 4910 2059 4964 praeva-

476 4978 640 5035 ricati
685 4987 817 5034 sunt
855 4978 1133 5034 Christum
1169 4980 1453 5052 injuriare,
1483 4983 1573 5053 qui
1607 4999 1725 5037 eam
1760 4987 2054 5055 concessit,

472 5071 829 5145 signiﬁcans,
898 5073 1043 5143 quod
1103 5073 1456 5130 manifestam
1530 5078 1813 5146 sequentia
1851 5096 1866 5132 :
1898 5077 2056 5132 Terra

472 5165 636 5230 enim,
674 5164 868 5234 inquit,
905 5180 1043 5235 stepe
1084 5181 1241 5234 super
1287 5181 1342 5219 se
1383 5167 1671 5221 venientem
1716 5168 1932 5223 imbrem
1973 5168 2057 5223 bi-

476 5254 619 5321 bens,
648 5268 695 5312 et
729 5272 983 5327 generous
1021 5257 1236 5311 herbam
1274 5267 1620 5329 opportunam
1659 5260 1766 5315 illis
1803 5260 1840 5315 α
1873 5261 2056 5332 quibus

476 5349 687 5415 colitur,
740 5349 942 5418 accepit
984 5348 1391 5402 benedictionem
1422 5366 1455 5402 a
1504 5348 1747 5404 Domino.
1786 5348 2058 5422 Proferens

476 5447 654 5491 autent
698 5438 882 5507 spinas
922 5447 970 5490 et
1019 5435 1256 5499 tribulos,
1289 5436 1509 5505 reprobo
1556 5446 1651 5503 est,
1684 5446 1735 5491 α
1779 5438 2058 5493 maledicto

476 5529 741 5595 proxima,
788 5529 941 5597 cujus
989 5527 1110 5596 ﬁnis
1153 5527 1213 5582 iu
1262 5528 1614 5582 combustione
1647 5528 1710 5581 η.
1760 5530 1881 5585 Non
1921 5530 2058 5586 dixit

550 5723 592 5756 “
608 5721 819 5780 Coloss.
850 5740 913 5795 ιι,
942 5728 995 5781 5.
1076 5730 1118 5763 ³³
1146 5729 1311 5785 Hebr.
1349 5729 1505 5797 x,26.

1586 5727 1626 5760 “
1650 5727 1815 5784 Hebr.
1847 5745 1923 5796 vt,
1963 5729 2017 5797 ι,
2044 5728 2096 5785 5.
2121 5729 2164 5763 ¹⁵
2186 5729 2316 5786 ibid.
2352 5730 2401 5797 7,
2426 5732 2475 5785 8.
2554 5734 2594 5764 ’⁸
2628 5732 2756 5789 ibid.
2789 5734 2842 5789 9.

2152 4730 2222 4771 ex
2277 4715 2537 4771 cornibus
2587 4715 2812 4788 ﬁguram
2861 4733 3076 4787 gerens,
3122 4718 3315 4774 conﬁxi
3362 4718 3718 4774 manibusin

2159 4822 2323 4862 cruce
2354 4807 2559 4863 Christi
2601 4811 2907 4866 tenebatur.
2938 4811 3055 4867 Non
3087 4812 3262 4868 solum
3300 4816 3481 4867 autem
3529 4815 3715 4867 imma—

2157 4897 2399 4953 culatum
2440 4914 2564 4952 eum
2607 4915 2730 4955 esse
2769 4903 3044 4973 praecepit,
3077 4903 3172 4958 sed
3211 4915 3267 4959 et
3299 4904 3393 4974 qui
3436 4886 3603 4974 pretii.
3626 4903 3717 4967 sit,

2159 4986 2276 5042 sive
2312 4985 2423 5041 emi
2460 4987 2631 5057 possit
2667 4988 2881 5044 duobus
2911 4989 3078 5057 siclis,
3110 4990 3218 5057 vel,
3239 4990 3541 5047 secundum
3556 4986 3718 5056 LXX,

2158 5078 2372 5149 argenti
2412 5078 2803 5151 quinquaginta
2832 5079 3001 5147 siclis,
3036 5079 3171 5135 siclo
3207 5081 3524 5136 sanctuarii.
3552 5074 3720 5134 Nemo

2158 5169 2365 5239 quippe
2421 5168 2528 5223 sibi
2583 5168 2903 5240 conquirere
2954 5168 3169 5225 Domini
3227 5169 3553 5226 sacriﬁcium
3614 5167 3715 5223 nisi

2156 5274 2256 5329 per
2288 5258 2551 5331 Spiritum
2576 5270 2824 5314 sanctum
2854 5269 3054 5330 potest.
3090 5261 3148 5315 Si
3174 5261 3325 5316 enim
3353 5256 3517 5315 nemo
3544 5265 3715 5330 potest

2157 5351 2344 5405 dicere
2397 5350 2662 5406 Dominus
2714 5349 2874 5406 Jesus
2924 5349 3212 5418 Christus,
3267 5351 3371 5405 nisi
3417 5352 3474 5406 in
3513 5350 3715 5421 Spiritu

2156 5449 2348 5498 sancto
2376 5441 2444 5506 ",
2470 5440 2646 5497 multo
2676 5440 2849 5511 magis
2877 5457 2979 5498 nec
3008 5442 3334 5498 sacriﬁcium
3361 5442 3480 5512 ejus
3505 5441 3719 5511 assequi

2158 5541 2360 5603 potest,
2394 5532 2513 5589 sine
2537 5533 2854 5604 operatione
2897 5532 3154 5604 Spiritus.
3192 5532 3349 5588 Unde
3377 5548 3487 5590 non
3519 5522 3739 5602 simpla?

2922 5733 2963 5765 "
2995 5732 3013 5786 1
3041 5722 3166 5787 Cor.
3187 5738 3286 5799 'xu,
3317 5720 3370 5784 δι
3606 5724 3633 5751 δ
