4030 6240
440 338 537 407 841

1589 331 1674 395 IN
1710 329 2148 397 LEVITICUM.
2188 353 2252 363 -
2290 330 2438 391 LIB.
2480 326 2529 390 Ι.

3576 324 3680 389 842

439 449 576 507 citer
610 445 815 504 dictum
851 451 957 512 est,
990 443 1384 517 quinquaginta
1423 442 1706 500 siclorum.
1749 443 2007 500 Ostendit
2035 449 2077 507 Α
2110 440 2265 508 Quod
2281 442 2326 497 si
2351 438 2656 512 peccaverit
2677 437 2743 495 de
2768 438 3146 509 populoterrm
3175 452 3272 511 per
3292 437 3677 511 ignorantiam.

439 539 643 610 quippe
688 537 779 593 hic
824 551 1085 592 numerus
1117 537 1291 592 sancti
1326 534 1562 606 Spiritus
1591 536 1911 602 adventum,
1943 550 2011 590 ex

416 632 507 686 ‘eo
544 629 689 700 quod
722 629 809 684 die
840 628 1182 694 Pentecoste,
1215 627 1267 683 id
1304 635 1390 682 est
1434 627 1901 699 quinquagesima,
1943 624 2011 680 ad

442 721 715 791 apostolos
762 721 934 774 venit.
976 720 1084 775 Sed
1132 726 1190 774 et
1240 721 1481 789 pondere
1528 719 1845 783 sanctuarii,
1895 717 2012 771 sive

442 811 744 865 secundum
772 808 915 863 LXX
949 809 1082 862 siclo
1110 817 1321 875 sancto,
1353 816 1414 862 ut
1443 824 1539 878 per
1567 809 1671 863 hoc
1695 807 1842 877 quod
1874 805 2013 862 dixit

445 909 656 965 saneto,
711 900 1028 955 ostenderet
1091 899 1267 954 sancti
1337 898 1573 968 Spiritus
1636 898 1896 952 virtutem
1959 904 2015 951 et

445 991 841 1061 operationem.
880 988 1025 1045 Siclo
1069 989 1495 1059 autem‘quare?
1535 987 1672 1054 Quia
1717 988 1885 1043 siclus
1927 987 2012 1042 vi-

446 1083 581 1152 ginti
612 1083 897 1136 obolorum
930 1090 1035 1147 est,
1071 1079 1162 1134 hic
1201 1089 1384 1135 autem
1418 1078 1723 1134 vicenarius
1756 1090 2015 1132 numerus

445 1189 556 1228 non
583 1182 667 1227 est
701 1172 939 1241 peccatis
965 1169 1256 1225 obnoxius.
1298 1168 1455 1225 Unde
1480 1169 1534 1223 hi
1558 1170 1647 1239 qui
1681 1170 1749 1224 de
1783 1167 2014 1239 Aigj'pto

444 1265 712 1327 exierunt,
754 1278 878 1317 eum
912 1261 1104 1333 viginti
1132 1276 1399 1315 annorum
1431 1269 1638 1324 essent,
1669 1259 1879 1329 peccati
1913 1274 2012 1328 po-

444 1354 555 1425 puli
586 1368 806 1424 pcrna-m
853 1368 960 1407 non
1004 1360 1364 1423 susceperunt
1393 1367 1408 1404 :
1442 1352 1676 1406 mundus
1712 1351 1911 1422 quippe
1945 1351 2013 1413 ab

442 1446 593 1501 omni
616 1455 840 1516 peccato
866 1452 952 1499 est
975 1445 1237 1515 spiritalis
1266 1445 1450 1497 homo.
1479 1441 1596 1496 Non
1627 1443 1802 1497 solum
1829 1450 2012 1496 autem

442 1538 673 1593 arietem
703 1536 913 1601 oﬁerri,
948 1537 1042 1591 sed
1069 1546 1124 1591 et
1151 1536 1392 1604 quintam
1420 1534 1620 1589 addere
1646 1532 1920 1603 praecepit.
1955 1530 2013 1585 Si

442 1631 566 1700 quis
611 1628 751 1682 forte
789 1636 980 1683 sancto
1006 1641 1158 1690 vase,
1189 1626 1274 1682 vel
1305 1626 1446 1688 cibo,
1477 1633 1572 1679 aut
1606 1633 1881 1695 unguento
1921 1623 2012 1677 tali

442 1719 634 1772 illicite
664 1718 868 1771 abusus
895 1727 1001 1782 est,
1023 1716 1127 1770 hoc
1156 1716 1450 1787 appellavit
1488 1714 1838 1771 commissum
1876 1728 2012 1784 pec-

2118 543 2175 587 ut
2191 531 2354 586 faciat
2370 530 2663 600 quidquam
2684 545 2749 584 ex
2770 528 2854 583 his
2874 545 2995 600 quat
3010 529 3225 585 Domini
3254 529 3369 600 lege
3388 529 3653 600 prohiben
3667 560 3680 571 -

2113 630 2202 676 tur
2223 630 2389 691 atque
2422 620 2724 690 delinquat,
2760 629 2816 675 et
2843 622 3158 692 cognoverit
3183 631 3469 691 peccatum
3497 636 3677 682 suum,

2112 709 2307 764 offeret
2347 726 2564 781 capram
2604 702 3025 767 immaculatam.
3064 713 3219 769 Nunc
3249 721 3504 783 tanquam
3539 716 3680 769 obli-

2115 811 2200 857 tus
2233 818 2295 857 ea
2335 819 2456 873 quae
2499 811 2833 873 praeceperat
2864 819 2878 856 :
2914 802 2971 857 Si
3010 805 3211 867 anima,
3246 803 3342 867 ait,
3375 805 3683 873 peccaverit

2112 909 2212 965 per
2255 893 2639 965 ignorantiam,
2668 893 2965 964 feceritque
3003 910 3170 949 unum
3205 911 3270 950 ex
3302 895 3386 949 his
3421 911 3543 965 quae
3577 897 3682 949 Do—

2113 985 2245 1039 mini
2278 985 2396 1057 lege
2433 985 2797 1056 prohibentur
2831 1003 2844 1039 :
2875 995 2930 1041 et
2964 987 3172 1057 peccati
3220 1002 3310 1042 rea
3354 988 3677 1042 intellexerit

2113 1072 2453 1157 iniquitatem
2487 1088 2664 1140 suam,
2697 1073 2891 1130 offeret
2917 1075 3144 1130 arietem
3182 1076 3584 1131 immaculatum
3614 1077 3682 1133 de

2112 1163 2368 1233 gregibus
2407 1165 2696 1220 sacerdoti.
2736 1166 2804 1220 Et
2839 1166 3072 1221 multum
3104 1166 3319 1223 videtur
3345 1167 3563 1223 diﬁ'erre
3592 1168 3680 1223 in-

2112 1265 2196 1310 ter
2223 1256 2327 1312 hoc
2352 1257 2700 1320 sacriﬁcium,
2734 1266 2790 1312 et
2823 1257 2953 1313 illud
2981 1258 3125 1327 quod
3153 1257 3357 1313 dudum
3378 1259 3635 1329 praecepit
3664 1278 3677 1311 :

2113 1348 2208 1402 sed
2250 1363 2428 1417 neque
2466 1349 2666 1403 oblitus
2715 1358 2799 1404 est
2841 1350 3110 1404 anteriora
3156 1365 3258 1406 nec
3302 1352 3572 1407 contraria
3603 1352 3683 1407 eis

2114 1437 2393 1506 praecepit.
2429 1437 2568 1503 Quia
2608 1438 2753 1493 enim
2789 1439 3012 1493 nomine
3040 1439 3237 1494 animae
3263 1440 3518 1510 gentilem
3545 1441 3683 1496 dixi-

2115 1540 2237 1580 mus
2270 1526 2582 1597 signiﬁcari,
2621 1528 2711 1581 hic
2751 1537 2933 1582 autem
2975 1528 3204 1583 forsitan
3239 1530 3493 1601 ignorans
3524 1546 3683 1586 man-

2114 1616 2236 1670 data
2273 1615 2406 1686 legis
2442 1617 2745 1689 transgredi
2795 1627 3010 1688 poterat
3057 1619 3300 1689 (propter
3332 1621 3477 1690 quod
3525 1620 3678 1681 dixit.

2113 1723 2206 1776 per
2242 1709 2598 1778 ignorantiam
2639 1704 2826 1778 recte),
2862 1709 3216 1781 intelligibilis
3250 1711 3410 1776 aries,
3435 1710 3683 1765 Christus

445 1819 627 1862 catum
652 1808 706 1860 in
735 1815 920 1861 saneta
952 1821 967 1866 ;
995 1807 1083 1861 hic
1110 1823 1238 1877 ergo
1267 1807 1445 1877 ipsum
1476 1805 1688 1871 reddet,
1714 1814 1769 1860 et
1791 1806 2016 1874 insuper
2045 1804 2087 1857 Β
2115 1799 2385 1864 videlicet,
2416 1801 2580 1870 hujus
2609 1809 2889 1872 peceatum
2919 1803 2975 1858 in
3014 1803 3279 1858 sacriﬁcio
3311 1819 3409 1874 pro
3438 1818 3504 1858 eo
3528 1803 3682 1858 obla—

443 1898 713 1968 qniulam,
744 1899 794 1952 id
823 1907 908 1953 est
934 1900 1175 1969 quintam
1215 1898 1333 1968 ejus
1371 1906 1580 1968 partem
1611 1896 1790 1951 tradet
1828 1911 2010 1951 sacer-

445 1990 577 2044 doti.
626 1991 740 2044 lloc
780 1999 964 2045 autem
1015 1989 1281 2061 signiﬁcat
1320 2000 1398 2054 ut,
1459 1990 1714 2059 quoniam
1771 1988 2011 2058 quinque

442 2099 639 2138 sensus
683 2084 963 2149 habemus,
996 2083 1040 2138 si
1085 2098 1182 2154 per
1226 2098 1395 2138 unum
1439 2097 1661 2137 sensum
1706 2081 2012 2152 peccaveri-

443 2190 585 2239 nzus,
619 2174 783 2228 veluti
811 2175 858 2228 si
886 2173 1102 2228 oculum
1133 2172 1201 2227 ad
1229 2172 1553 2227 adulterium
1582 2174 1639 2226 in
1686 2178 1929 2242 tempore
1957 2180 2013 2227 et

444 2265 565 2320 loco
598 2275 791 2321 saneto
822 2265 1290 2335 occupaverimus,
1323 2274 1417 2319 aut
1464 2263 1702 2335 linguam
1739 2263 1794 2317 in
1832 2263 2012 2344 detra-

442 2356 646 2420 hendo,
679 2351 766 2411 vel
800 2370 961 2410 aures
987 2355 1056 2409 ad
1092 2355 1286 2409 malam
1321 2354 1673 2421 locutionem,
1700 2362 1796 2410 aut
1823 2354 2012 2410 odora-

441 2455 559 2500 tum
605 2446 673 2500 ad
714 2445 1121 2516 perceptionem
1159 2445 1633 2499 odorameutornm
1674 2442 2014 2498 meretricio-

442 2552 587 2601 rum,
615 2544 710 2590 aut
738 2551 961 2591 manum
985 2537 1054 2591 ad
1083 2541 1285 2590 tactum
1312 2533 1600 2605 profanum
1626 2543 1686 2590 et
1710 2533 1969 2603 injustum
1993 2548 2011 2590 :

441 2628 679 2697 primum
711 2629 932 2698 quidem
975 2627 1042 2682 ab
1077 2626 1171 2682 illo
1205 2634 1428 2697 peccato
1471 2626 1693 2682 omnino
1734 2626 2015 2685 abstinea-

440 2732 585 2786 mus,
619 2727 673 2774 et
703 2719 1077 2790 paenitentiam
1109 2720 1176 2774 de
1204 2733 1270 2774 eo
1291 2733 1388 2787 per
1423 2718 1647 2774 arietem
1676 2718 2009 2787 offeramus;

444 2811 497 2868 id
524 2820 628 2877 est,
661 2811 937 2866 Christum
967 2826 1220 2882 rogemus
1250 2819 1309 2866 u-t
1333 2811 1544 2882 peccati
1575 2811 1626 2865 in
1649 2826 1708 2866 se
1736 2813 2011 2868 commissi

438 2902 558 2974 ipse
610 2903 704 2957 ﬁat
749 2904 953 2973 ereptio
988 2917 1003 2955 :
1041 2902 1236 2957 deinde
1282 2903 1559 2973 quintam,
1604 2902 1657 2957 id
1712 2911 1794 2958 est
1840 2918 2009 2959 unum

442 2994 824 3064 praedictorum
874 3009 1153 3058 sensuum,
1194 3008 1293 3063 per
1334 2993 1479 3062 quod
1525 3002 1809 3064 peccatum
1858 3009 2009 3049 eom-

444 3084 671 3138 missum
700 3092 802 3149 est,
832 3083 1120 3138 offeramus
1155 3083 1438 3151 sacerdoti,
1468 3083 1682 3139 Christo
1710 3084 1963 3140 videlicet
1992 3103 2004 3137 :

444 3181 508 3228 ut
557 3187 900 3244 nequaquam
956 3174 1094 3228 ultra
1149 3170 1215 3227 ad
1273 3173 1543 3229 actionem
1588 3190 1809 3245 pravam
1858 3174 2009 3231 illum

444 3279 775 3334 occupemus
829 3280 1071 3329 sensum,
1107 3265 1202 3320 sed
1252 3280 1635 3321 consecremus
1682 3266 1832 3322 illum
1880 3267 2008 3324 Deo.

442 3353 539 3409 Sic
561 3354 708 3408 enim
733 3371 832 3426 pro
855 3364 1076 3426 peccato
1098 3364 1285 3411 nostro
1310 3356 1704 3426 deprecabitur.
1728 3356 2011 3422 Quomodo

441 3452 623 3500 autem
660 3445 862 3515 peccati
909 3444 1050 3500 aries
1093 3460 1192 3514 per
1239 3447 1575 3500 sacerdotem
1616 3444 1894 3512 oﬁeratur,
1954 3447 2010 3501 in

440 3534 547 3588 alia
596 3541 748 3607 parte
800 3533 922 3588 libri
973 3520 1343 3605 conscriptum
1395 3543 1498 3601 est,
1540 3535 1634 3589 ubi
1685 3535 2010 3591 sacriﬁcium

440 3640 541 3698 pro
570 3634 794 3696 peccato
822 3627 1028 3695 aequale
1067 3641 1189 3681 esse
1218 3625 1487 3681 sacriﬁcio
1515 3626 1658 3694 quod
1690 3641 1789 3696 pro
1816 3625 2010 3682 delicto

441 3716 520 3780 ﬁt,
562 3712 891 3784 praedicavit.
933 3713 1048 3770 Hoc
1089 3724 1270 3770 autem
1319 3730 1464 3770 nunc
1507 3716 1872 3785 adjiciendum
1904 3723 2007 3782 est,

438 3805 565 3876 quia
625 3806 880 3860 delictum
936 3806 1209 3875 legislator
1258 3805 1472 3861 duobus
1523 3807 1697 3862 modis
1748 3807 1861 3869 uti,
1912 3822 2010 3862 seu

440 3908 645 3967 ponere
672 3896 875 3960 solens,
900 3904 954 3949 et
982 3896 1238 3950 delictum
1268 3896 1541 3966 appellare
1592 3909 1741 3951 nunc
1787 3897 2006 3967 quidem

436 3994 723 4058 peccatum
771 3987 916 4057 quod
961 3987 1028 4042 ad
1072 3987 1355 4043 scientiam
1401 3989 1668 4060 pervenit,
1703 3996 1759 4044 et
1805 4005 2008 4062 nequa-

436 4094 599 4150 quam
627 4079 738 4150 jam
775 4078 1015 4150 ignotum
1052 4088 1137 4135 est
1171 4081 1439 4150 peccanti,
1469 4096 1616 4136 nunc
1652 4089 1834 4137 autem
1863 4083 2007 4153 quod

434 4169 492 4226 in
544 4170 653 4226 Deo
703 4172 822 4242 ipso
871 4171 1222 4227 commissum
1263 4180 1364 4238 est,
1413 4173 1577 4228 veluti
1627 4173 2002 4246 jurejurando,

433 4273 530 4319 aut
558 4264 722 4319 etiam
772 4263 827 4317 in
856 4264 1090 4347 .sanctis,
1122 4278 1232 4317 non
1276 4263 1396 4318 sine
1435 4279 1599 4319 causa
1641 4266 1742 4320 hoc
1773 4267 2006 4337 appellat

432 4354 713 4422 delictum,
748 4355 845 4410 sed
891 4363 952 4411 ut
995 4364 1051 4409 tu
1093 4370 1388 4427 cognoscas
1433 4355 1688 4412 similiter
1729 4357 1785 4412 in
1832 4358 2003 4414 Deum

431 4447 648 4503 extendi
703 4455 1008 4517 peccatum,
1054 4448 1200 4517 quod
1257 4448 1314 4501 in
1376 4447 1624 4515 scientia,
1659 4458 1716 4503 et
1761 4450 1906 4520 quod
1943 4451 1998 4505 in
2032 4474 2078 4531 ι)

426 4538 801 4609 jurejurando,
834 4550 890 4593 et
921 4540 1065 4609 quod
1097 4540 1151 4592 in
1183 4540 1385 4594 sanctis
1411 4539 1789 4595 committitur.

500 4627 662 4682 Vens.
701 4629 891 4684 17-19.
931 4648 948 4679 ι
997 4629 1191 4683 Anima
1236 4629 1283 4683 si
1339 4629 1647 4698 peccaverit
1695 4644 1795 4698 per
1848 4629 2005 4700 igno-

430 4722 686 4782 rantiam,
715 4720 1012 4790 feceritque
1057 4736 1226 4775 unum
1259 4735 1326 4775 ex
1370 4720 1458 4775 his
1484 4737 1605 4791 quae
1634 4721 1844 4777 Domini
1889 4723 2004 4794 lege

428 4809 810 4879 prohibentur,
844 4816 898 4862 et
923 4807 1126 4876 peccati
1167 4822 1260 4861 rea
1295 4806 1626 4861 intellexerit
1659 4807 1998 4878 iniquitatem

427 4915 600 4966 suam,
633 4900 688 4954 et
714 4899 909 4954 offeret
944 4898 1167 4952 arietem
1214 4898 1618 4953 immaculatum
1644 4897 1713 4953 de
1745 4898 1997 4971 gregibus

426 4991 718 5055 sacerdoti,
748 4991 904 5059 juxta
948 5006 1256 5044 mensuram
1300 4990 1823 5060 aestimationemque
1864 5006 1995 5061 pec-

427 5084 553 5149 cati,
584 5084 675 5153 qui
718 5083 897 5138 orabit
940 5099 1040 5152 pro
1090 5084 1180 5137 illo
1221 5083 1366 5153 quod
1410 5083 1666 5138 nesciens
1702 5082 1911 5149 fecerit,
1943 5094 1998 5139 et

427 5173 730 5228 dimittetur
776 5173 847 5239 ei,
887 5174 1011 5243 quia
1065 5188 1162 5243 per
1218 5187 1458 5228 errorem
1510 5172 1736 5245 deliquit
1789 5173 1844 5228 in
1886 5173 1995 5228 Do-

424 5264 590 5320 mino.
630 5283 649 5316 ι
1768 5250 1771 5253 ’

494 5351 670 5407 Habet
690 5368 930 5422 przrsens
950 5354 1100 5409 locus
1118 5355 1472 5424 qtuestionem
1493 5371 1602 5411 non
1623 5356 1833 5412 modica
1858 5372 1992 5414 con-

2113 1900 2202 1945 tus
2245 1891 2425 1948 diluit.
2470 1892 2579 1948 Sed
2633 1903 2688 1948 et
2736 1894 2866 1948 illud
2906 1895 3229 1961 ostenditur,
3278 1904 3439 1965 atque
3489 1895 3544 1949 in
3594 1892 3682 1949 his

2111 1980 2396 2036 evidenter
2422 1982 2848 2047 demonstratur,
2870 1983 2994 2052 quia
3022 1984 3079 2038 in
3107 1999 3433 2055 unoquoque
3460 1982 3677 2053 quidem

2111 2081 2357 2142 peccato,
2390 2089 2494 2144 pro
2538 2074 2870 2130 remittendo
2914 2090 2981 2131 eo
3024 2075 3232 2146 egimus
3280 2074 3677 2146 paenitentiam,

2111 2180 2237 2219 cum
2256 2179 2366 2220 non
2394 2165 2566 2221 simus
2596 2165 2776 2222 idonei
2803 2183 2901 2238 per
2926 2166 3308 2237 nosmetipsos,
3332 2168 3451 2222 sine
3479 2166 3677 2221 Christi

2113 2258 2385 2314 sacriﬁcio
2410 2261 2674 2331 consequi
2698 2260 2935 2317 veniam.
2966 2260 3106 2331 Ergo
3134 2259 3180 2313 si
3198 2258 3319 2330 quis
3342 2268 3488 2314 extra
3516 2258 3677 2312 tidem

2111 2348 2314 2405 Christi
2351 2350 2679 2407 constitutus
2718 2360 2819 2416 est,
2851 2350 3073 2407 Iudaeus
3110 2350 3252 2405 forte
3285 2361 3377 2424 aut
3417 2364 3677 2420 paganus,

2113 2439 2240 2495 licet
2272 2442 2544 2511 pcenitere
2597 2457 2656 2497 se
2694 2442 2762 2497 de
2799 2438 3038 2513 peccatis
3084 2442 3198 2498 suis
3246 2457 3342 2512 per
3388 2455 3680 2496 conversa-

2070 2533 2314 2588 tionem
2370 2543 2426 2591 et
2478 2534 2644 2589 vitam
2705 2535 3079 2599 demonstret,
3134 2534 3510 2589 remissionem
3570 2547 3679 2588 non

2114 2623 2429 2689 merebitur,
2459 2623 2585 2694 quia
2629 2624 2850 2680 arietem
2879 2624 3188 2691 ollerre,'id
3224 2632 3326 2691 est,
3358 2621 3559 2679 Christi
3591 2636 3681 2676 sa-

2113 2714 2400 2781 criﬁcium,
2437 2730 2547 2770 non
2590 2724 2790 2786 potest.
2830 2715 3195 2781 Quamobrem
3243 2713 3568 2786 generaliter
3612 2712 3682 2769 de

2112 2804 2368 2879 omnibus
2395 2805 2795 2875 quodammodo
2833 2806 3044 2862 sancire
3082 2804 3327 2875 cupiens,
3361 2819 3470 2859 non
3504 2801 3678 2859 dixit:

2114 2893 2171 2948 Si
2197 2896 2380 2950 anima
2408 2896 2475 2951 de
2504 2896 2725 2967 populo,
2751 2897 2866 2964 sed,
2903 2895 2961 2952 Si
2999 2897 3181 2950 anima
3212 2894 3530 2967 simpliciter
3564 2909 3684 2962 pec-

2110 2986 2327 3053 caverit,
2369 2993 2418 3040 et
2471 2988 2649 3059 fecerit
2708 3004 2869 3041 unum
2923 3003 2987 3042 ea:
3032 2988 3111 3041 Itis
3164 3003 3280 3057 qua:
3320 2985 3530 3040 Domini
3575 2984 3684 3057 lege

2111 3078 2469 3147 prohibentur.
2507 3081 2647 3152 Ergo
2692 3090 2748 3136 et
2793 3081 2863 3138 de
2909 3080 3146 3145 indocto,
3191 3090 3246 3137 et
3285 3080 3352 3137 de
3397 3079 3679 3136 scientiam

2115 3170 2372 3235 habente,
2404 3185 2506 3225 nec
2545 3186 2654 3225 non
2686 3171 2754 3227 de
2785 3172 2935 3226 omni
2966 3176 3197 3241 'peccato
3230 3179 3378 3227 recte
3405 3171 3509 3225 hoc
3539 3160 3680 3240 quod

2111 3259 2316 3314 dictum
2378 3269 2497 3325 est,
2547 3261 2830 3331 accipitur.
2884 3260 3022 3328 Quia
3073 3270 3254 3316 autem
3308 3261 3536 3317 arietem
3584 3272 3684 3330 pro

2111 3352 2308 3407 delicto
2349 3353 2509 3422 jubet
2551 3352 2755 3419 oﬁ‘erri,
2788 3354 3189 3424 apertissimum
3232 3367 3318 3409 est
3369 3354 3495 3424 quia
3545 3351 3683 3407 deli-

2111 3451 2259 3498 Ctum
2309 3443 2399 3498 hic
2448 3443 2725 3516 legislator
2766 3445 3100 3500 intellectum
3147 3453 3431 3515 peccatum
3477 3444 3681 3514 posuit.

2108 3529 2338 3603 Propter
2355 3534 2498 3602 quod
2530 3534 2719 3589 dicens
2743 3550 2843 3604 per
2873 3534 3259 3604 ignorantiam,
3293 3533 3572 3588 subdidit:

2175 3626 2242 3679 Et
2270 3626 2469 3695 peccati
2520 3642 2608 3680 rea
2642 3625 2955 3681 intellexerit
3006 3628 3338 3698 iniquitatem
3372 3641 3543 3679 suam.
3578 3620 3683 3688 Qui

2110 3724 2290 3768 autem
2319 3715 2648 3770 intellexerit
2682 3726 2984 3786 peceatum,
3016 3715 3107 3770 hic
3134 3716 3267 3771 illud
3302 3717 3357 3768 in
3390 3729 3450 3769 se
3480 3713 3679 3775 relidit,

2108 3813 2162 3857 et
2188 3805 2494 3860 sordidatur
2523 3806 2590 3860 ab
2611 3821 2695 3871 eo,
2719 3807 2832 3861 sive
2854 3815 3132 3871 oneratur,
3161 3804 3400 3876 quandiu
3424 3820 3521 3878 per
3548 3820 3681 3875 pra.»
3738 3872 3749 3878 _

2109 3894 2312 3947 dictum
2339 3892 2667 3949 sacriﬁcium
2700 3895 2876 3950 oratio
2921 3911 3022 3964 pro
3071 3910 3137 3950 eo
3199 3895 3312 3949 ﬁat.
3370 3893 3681 3949 Intellectus

2108 3989 2290 4036 autem
2318 3984 2546 4052 peccati,
2609 3984 2665 4038 in
2714 3985 3044 4040 habentibus
3103 3984 3320 4055 quidem
3374 3983 3676 4044 scientiam,

2107 4074 2513 4130 eontenehratis
2541 4090 2672 4131 vero
2697 4091 2881 4131 amore
2906 4074 3217 4139 libidinum,
3248 4089 3474 4130 necesse
3494 4081 3679 4133 estut.

2108 4181 2231 4221 cum
2264 4166 2321 4241 in
2345 4166 2672 4239 cogitatione
2698 4183 2795 4224 sua
2848 4168 3197 4239 resipiscunt,
3234 4169 3520 4241 proveniat
3546 4183 3561 4223 :
3584 4183 3679 4225 ca-

2108 4258 2352 4315 rentibus
2372 4273 2498 4315 vero
2528 4260 2777 4327 scientia,
2808 4275 2906 4332 per
2925 4270 3324 4332 competentem
3353 4260 3675 4328 doctrinam,

2105 4349 2198 4419 qui
2252 4349 2561 4406 intellectus
2626 4364 2749 4405 cum
2828 4351 3094 4406 alterutro
3152 4350 3347 4407 horum
3404 4352 3676 4423 provenit,

2106 4439 2269 4496 modo
2306 4440 2375 4496 ad
2404 4438 2509 4495 hoc
2537 4451 2719 4497 movet
2748 4442 3048 4508 hominem,
3082 4450 3142 4499 ut
3167 4451 3322 4516 egeat
3340 4444 3605 4501 sacriﬁcio
3624 4454 3681 4505 et

2104 4532 2449 4602 paenitentia.
2481 4530 2583 4599 Qui
2606 4533 2751 4588 enim
2782 4534 3031 4606 intelligit
3054 4536 3431 4605 pollutionem,
3474 4545 3532 4592 et
3568 4553 3677 4593 non

2103 4640 2162 4679 se
2193 4632 2385 4696 purgat
2426 4640 2524 4695 per
2553 4625 2951 4695 paenitentiam,
2992 4627 3341 4683 manifestum
3392 4636 3475 4683 est
3533 4630 3676 4698 quod

2102 4713 2491 4768 abominabilis
2523 4714 2592 4768 sit
2621 4720 2676 4767 et
2731 4714 3003 4770 sordidus.
3035 4714 3170 4769 Nam
3206 4715 3370 4785 hujus
3394 4715 3472 4771 rei
3506 4718 3680 4787 gratia

2100 4806 2169 4862 de
2200 4805 2402 4861 Iudaeis
2458 4805 2726 4861 Dominus
2776 4807 2992 4863 dicebat
3045 4825 3058 4862 :

2103 4897 2303 4953 locutus
2351 4899 2425 4953 eis
2479 4898 2715 4972 fuissem,
2746 4909 3017 4970 peccatum
3060 4916 3162 4954 non
3205 4901 3457 4955 haberent
3492 4917 3511 4955 :
3545 4917 3685 4955 nunc

2103 5000 2282 5045 autem
2327 4991 2716 5045 excusationem
2766 5008 2868 5047 non
2895 4991 3085 5046 habent
3127 4993 3189 5047 de
3233 5004 3444 5062 peccato
3488 5008 3584 5049 suo
3616 4994 3678 5046 "‘.

3109 4806 3168 4863 Si
3206 4825 3309 4862 non
3352 4809 3605 4864 venissent
3640 4824 3685 4867 ct

2104 5082 2219 5137 Hoc
2265 5093 2447 5137 autem
2497 5082 2712 5153 planius
2766 5097 2832 5137 ex
2892 5082 3290 5152 posterioribus
3320 5084 3674 5155 approbatur.

2101 5172 2241 5239 Quid
2266 5173 2410 5228 enim
2435 5173 2567 5228 dicit
2599 5193 2611 5229 :

2170 5261 2350 5317 Orabit
2370 5279 2463 5333 pro
2492 5262 2581 5317 illo
2624 5263 2887 5329 sacerdos,
2937 5263 3075 5332 quod
3107 5264 3337 5318 nesciens
3383 5264 3586 5334 fecerit,
3625 5272 3671 5320 et

2098 5356 2391 5410 dimittetur
2412 5344 2479 5419 ei,
2511 5356 2635 5427 quia
2657 5372 2750 5426 per
2772 5372 3000 5409 errarem
3034 5354 3252 5423 deliquit
3280 5357 3336 5408 in
3364 5355 3669 5415 Dominum.

423 5444 751 5499 sideratione
773 5444 1013 5513 dignum,
1033 5446 1157 5514 quia
1184 5462 1281 5516 pro
1302 5448 1537 5516 peccatis
1566 5462 1665 5517 pro
1685 5448 1883 5517 quibus
1906 5463 1993 5503 ea.
2097 5445 2252 5511 Quod
2285 5444 2425 5499 LXX
2452 5445 2639 5501 dicunt
2673 5462 2686 5498 :
2722 5444 2787 5498 Et
2845 5445 3140 5498 dimittetur
3181 5446 3248 5509 ei,
3280 5444 3499 5516 deliquit
3532 5448 3669 5506 enim

422 5556 574 5610 prem
608 5537 817 5608 pridem
848 5536 1052 5603 oderri,
1083 5547 1177 5592 aut
1201 5554 1357 5595 ovem
1388 5539 1667 5610 praecepit;
1694 5538 1771 5595 ait
1799 5539 1943 5595 enim
1971 5554 1988 5594 :

492 5739 538 5773 “
579 5738 736 5796 Joan.
771 5755 858 5802 xv,
907 5738 999 5794 22.

621 5833 891 5895 PATROL.
945 5832 1060 5894 Gn.
1096 5831 1304 5894 XCIII.

2098 5537 2343 5592 delictum
2367 5547 2488 5593 ante
2519 5538 2819 5593 Dominum.
2848 5537 2917 5592 Et
2945 5538 3219 5611 quomodo
3248 5537 3387 5594 idem
3421 5538 3539 5617 ipse
3574 5554 3672 5602 ne.

3280 5826 3351 5891 27
