4044 6224
465 326 570 394 843

467 445 658 504 scisse,
689 448 744 494 ct
772 436 1090 505 delinquere
1135 424 1394 489 delictum
1448 447 1632 488 coram
1688 431 1921 488 Domino
1953 431 2042 487 di-
2071 440 2116 497 Α
2147 434 2261 504 ipsa
2294 435 2458 490 verba
2489 434 2734 491 discussa
2787 444 3034 506 possunt.
3085 434 3375 494 Videamus
3416 453 3540 493 vero
3574 455 3697 510 quo-

465 536 640 599 citur,
682 530 776 600 qui
828 527 997 598 judex
1054 526 1237 596 justus
1283 534 1386 590 est,
1434 534 1490 579 et
1548 524 1685 578 nihil
1718 524 1830 595 agit
1858 533 2050 578 contra
2152 525 2315 580 modo
2335 526 2638 596 etiamipsa
2664 542 2813 581 nunc
2838 527 2924 581 lex
2956 526 3165 596 incipit.

463 620 768 699 justitiam?
808 636 911 677 nec
941 620 1088 674 enim
1119 620 1188 674 de
1240 618 1352 673 sola
1408 617 1625 673 actione
1670 632 1773 672 nos
1819 617 2047 686 judicat,
2225 615 2295 670 Et
2321 617 2522 671 locutus
2561 625 2636 671 est
2670 616 2923 671 Dominus
2960 623 3030 672 ad
3059 616 3294 688 Moysen,
3331 619 3518 674 dicens.
3569 619 3700 699 Prae-

466 695 611 774 sicut
635 714 855 787 quando
894 713 960 768 ad
986 719 1296 783 peccatum,
1343 717 1441 764 aut
1483 718 1708 780 propter
1745 708 2046 775 libidinem,
2153 709 2374 778 cipuum
2395 709 2637 763 ostendit
2660 709 3000 773 mandatum,
3037 725 3101 763 ex
3128 724 3196 764 eo
3224 710 3367 779 quod
3396 719 3449 764 et
3495 711 3544 764 in
3579 695 3700 781 ipso,

465 820 561 869 aut
596 818 823 882 propter
857 806 1143 891 avaritiam
1168 845 1183 870 ,
1216 811 1310 858 aut
1336 802 1789 873 proptergloriam
1808 801 2052 855 declina-
2151 798 2614 867 quemadmodum
2641 807 2695 852 et
2724 798 2779 852 in
2806 809 3031 868 peccato
3061 799 3129 854 de
3159 800 3365 855 sanctis
3389 799 3549 854 Deum
3567 801 3700 872 loqui

465 918 609 970 mus,
651 902 797 973 quod
849 889 1153 972 ignorantia
1211 895 1357 949 illius
1409 910 1557 950 vera:
1606 892 1943 963 voluptatis,
1995 898 2053 946 et
2152 889 2319 959 Moysi
2352 890 2665 959 specialiter
2697 891 2941 961 exponit.

466 993 665 1051 summi
712 993 872 1059 lucri,
933 997 990 1045 et
1031 988 1176 1043 illius
1233 1001 1344 1040 non
1399 985 1545 1040 falsa:
1576 984 1756 1054 gloriae
1791 983 2048 1054 patimur.
2227 979 2452 1034 Locutus
2482 990 2723 1051 estergo.
2750 973 2942 1035 Anima
2988 997 3104 1051 qua:
3148 982 3461 1051 peccaverit,
3515 991 3559 1035 et
3595 998 3702 1035 con-

465 1085 620 1143 Facit
649 1095 832 1140 autem
883 1084 1027 1138 hanc
1074 1080 1435 1150 ignorantiam
1484 1076 1706 1131 dilectio
1760 1074 2047 1130 mendacii.
2154 1082 2346 1143 tempto
2380 1073 2492 1127 Deo
2530 1074 2796 1144 negaverit
2820 1074 3113 1142 depositum
3154 1075 3390 1142 proximo
3426 1089 3537 1140 suo,
3583 1078 3702 1144 quod

470 1179 549 1233 EX
572 1194 680 1248 quo
704 1176 972 1246 quiSpiam
1002 1181 1238 1226 emeatus
1262 1179 1464 1233 tuente,
1507 1176 1744 1223 caecatur
1781 1167 1943 1220 etiam
1996 1173 2052 1219 Ci.
2150 1171 2274 1240 ﬁdei
2314 1172 2427 1241 ejus
2458 1175 2714 1227 creditum
2762 1173 2943 1244 fuerit,
2985 1171 3064 1225 vel
3103 1172 3155 1225 vi
3187 1170 3393 1241 aliquid
3431 1172 3702 1236 επιστ-δωσεῖ,

470 1272 797 1324 obscuratur
837 1265 1090 1329 scientia,
1130 1278 1252 1332 quae
1304 1271 1526 1327 caecata,
1576 1260 1714 1314 nihil
1776 1258 2053 1313 invenitur

2156 1273 2245 1317 aut
2275 1264 2600 1318 calumniam
2629 1265 2828 1335 fecerit,
2863 1266 2968 1318 sive
3000 1282 3107 1319 rem
3147 1265 3411 1332 perditam
3452 1265 3698 1331 invenerit,

469 1362 673 1417 distare
714 1360 783 1413 ab
806 1355 1134 1427 ignorantia.
1166 1353 1321 1409 Unde
1347 1361 1401 1407 et
1438 1351 1606 1405 David
1637 1350 1853 1405 dicebat
1889 1369 1900 1403 :
1945 1349 2051 1402 Ne-

2156 1366 2199 1409 et
2248 1356 2491 1424 inliciens
2528 1358 2740 1425 insuper
2766 1357 3051 1426 juraverit.
3095 1356 3225 1421 Quae
3275 1356 3437 1410 verba
3476 1354 3606 1409 LXX
3637 1356 3702 1411 sic

466 1453 715 1515 scierunt,
759 1465 923 1520 neque
946 1447 1336 1510 intellexerunt,
1361 1446 1417 1498 in
1442 1443 1664 1498 tenebris
1685 1442 1957 1496 ambulant
1984 1443 2047 1496 '9.
2152 1441 2323 1496 edunt
2351 1459 2365 1496 :
2399 1443 2593 1497 Anima
2616 1460 2935 1514 quaecunque
2982 1445 3293 1514 peccaverit,
3344 1457 3392 1498 et
3421 1444 3702 1514 prceterierit

469 1545 609 1599 Dum
638 1554 821 1598 autem
860 1540 1212 1610 resipuerint,
1240 1546 1295 1594 et
1327 1543 1631 1592 restaurata
1664 1534 1828 1589 fuerit
1851 1535 2049 1588 obscu-
2153 1543 2412 1602 prazcepta
2441 1534 2673 1602 Domini,
2706 1547 2752 1590 et
2780 1538 3066 1590 mentiatur
3110 1539 3164 1590 in
3203 1538 3519 1607 proximum,
3552 1538 3602 1590 in
3628 1538 3704 1590 de-

467 1644 585 1689 rata
618 1646 799 1696 mens,
831 1639 965 1686 tunc
982 1637 1261 1699 peccatum
1293 1627 1582 1688 sentimus,
1616 1631 1672 1678 et
1692 1637 1917 1677 necesse
1969 1630 2053 1676 est
2153 1627 2322 1693 posito
2349 1637 2439 1680 aut
2465 1627 2529 1681 de
2569 1629 2839 1695 societate,
2872 1640 2965 1682 aut
3010 1633 3072 1683 de
3112 1630 3303 1698 rapina
3353 1631 3517 1683 nocuit
3545 1633 3703 1698 prox}-

469 1735 529 1780 ut
555 1725 607 1778 in
636 1724 897 1778 delictum
941 1721 1125 1786 nobis,
1154 1734 1330 1789 usque
1358 1718 1488 1773 dum
1522 1731 1621 1787 per
1672 1714 2050 1785 paenitentiam
2089 1788 2105 1790 ᾗ
2154 1734 2318 1783 mum,
2356 1728 2404 1772 et
2427 1719 2681 1774 invenerit
2706 1721 3073 1790 perditionem,
3105 1730 3152 1774 et
3174 1724 3456 1775 mentietur
3490 1722 3542 1774 in
3569 1731 3703 1786 en,et

467 1830 786 1887 purgemur,
834 1821 1142 1885 reputetur,
1175 1788 1432 1867 delictum
1466 1815 1650 1863 autem
1676 1808 1730 1862 id
1769 1807 1915 1877 quod
1972 1814 2055 1861 est
2083 1788 2127 1844 Β
2147 1806 2416 1876 juraverit
2455 1809 2669 1879 injuste.
2708 1788 2829 1864 Non
2860 1819 3044 1865 autem
3091 1808 3295 1865 frustra
3328 1812 3410 1867 bis
3457 1811 3626 1868 dixit:
3655 1810 3703 1866 Si

467 1919 660 1964 contra
715 1907 1029 1972 Dominum,
1076 1906 1322 1975 duplicat
1371 1904 1516 1959 enim
1566 1902 1830 1975 delictum
1856 1914 2055 1955 secun-
2157 1899 2457 1952 mentietur.
2505 1900 2694 1970 Neque
2716 1901 2864 1955 enim
2893 1901 3032 1956 solet
3051 1901 3232 1957 divina
3250 1901 3704 1972 Scripturaeadi-m

467 2000 599 2054 dum
631 1995 772 2052 LXX
802 1998 991 2052 dicens
1036 2014 1049 2049 :
1090 1974 1323 2064 Deliquit
1348 1994 1488 2048 enim
1510 1974 1757 2047 deiictuni
1782 1999 1907 2044 ante
1948 1989 2057 2043 Do-
2156 1986 2320 2042 verba
2355 1995 2625 2058 repetere,
2670 2007 2791 2061 qua:
2838 2002 2894 2047 et
2942 1993 3114 2047 multa
3156 1994 3410 2049 omittere
3450 1995 3704 2050 brevitatis

468 2093 692 2145 minam.
732 2089 797 2143 Et
829 2090 932 2144 hoc
975 2089 1133 2158 cujus
1164 2087 1239 2142 rei
1266 2085 1477 2157 gratia?
1505 2084 1773 2153 Quoniam
1799 2082 2055 2139 delictum
2156 2094 2320 2135 causa
2358 2082 2592 2136 videtur.
2632 2081 2730 2138 ilic
2762 2098 2891 2156 ergo
2922 2082 3282 2155 jurisjurandi
3313 2087 3704 2159 transgressioui

469 2197 591 2238 esse
621 2179 956 2236 intellectum
991 2177 1107 2232 sive
1156 2176 1520 2248 cognitionem
1560 2174 1769 2245 peccati
1798 2173 2053 2238 diximus,
2157 2168 2502 2226 mendacium
2535 2182 2817 2245 comparat
2837 2195 2850 2229 :
2871 2186 2928 2230 et
2946 2176 3071 2232 ideo
3094 2179 3350 2248 superius
3370 2181 3577 2250 quidem
3603 2180 3705 2235 sine

470 2282 527 2329 et
572 2271 751 2327 omnis
804 2270 970 2325 homo
1027 2266 1248 2338 quidem
1294 2265 1531 2321 naturali
1594 2266 1719 2336 jure
1769 2265 2056 2320 scientiam
2154 2260 2514 2331 jurejurando
2571 2268 3047 2334 commemoravit,
3082 2269 3171 2326 hic
3220 2278 3407 2326 autem
3451 2273 3704 2327 mendacio

468 2365 680 2434 peccati
716 2362 901 2427 habet,
936 2360 1031 2416 sed
1066 2359 1176 2423 hic,
1213 2359 1361 2413 sicut.
1406 2357 1665 2421 diximus,
1695 2371 1817 2411 eam
1869 2370 2057 2410 amore
2151 2350 2537 2421 jusjurandum
2572 2355 2890 2424 conjunxit;
2926 2356 3004 2412 ait
3032 2357 3179 2412 enim
3212 2375 3226 2412 :
3255 2357 3329 2412 Et
3372 2345 3607 2413 mentitur
3625 2374 3704 2430 pro

470 2455 763 2511 libidinum
797 2454 1120 2509 tenebravit.
1152 2453 1306 2507 Alius
1367 2459 1549 2506 autem
1596 2451 1802 2505 tardior
1840 2459 2060 2527 natura-
2156 2460 2239 2512 ea,
2267 2454 2315 2499 et
2329 2446 2594 2516 juravcrit
2640 2448 2855 2519 injuste.
2896 2448 3030 2504 Nam
3074 2459 3131 2505 et
3181 2452 3369 2507 caeteri
3410 2452 3707 2522 interpretes

472 2552 596 2606 liter
624 2559 726 2619 est,
758 2560 813 2605 et
843 2550 1067 2604 alterius
1097 2549 1403 2604 doctrinam
1430 2549 1643 2604 habens
1670 2548 2051 2603 necessariam.

2157 2538 2350 2610 Aquila
2399 2550 2454 2597 et
2501 2541 2878 2608 Theodotion,
2932 2552 2987 2599 et
3029 2544 3393 2616 Symmachus
3442 2546 3530 2600 ubi
3574 2546 3706 2601 dixe-

472 2643 563 2698 Sic
584 2658 713 2712 ergo
736 2651 831 2696 aut
856 2641 1200 2711 resipiscenti
1232 2642 1303 2707 ei,
1338 2650 1432 2695 aut
1465 2641 1533 2696 ab
1564 2641 1670 2695 alio
1695 2640 1926 2695 discenti
1956 2639 2056 2694 de-
2158 2642 2287 2687 Tum
2320 2631 2463 2686 LXX
2497 2651 2510 2689 :
2547 2632 2606 2689 Si
2632 2635 2807 2688 nocuit
2849 2635 3052 2707 aliquid
3106 2639 3408 2707 proximum
3432 2655 3606 2702 suum,
3633 2637 3705 2692 isti

473 2733 682 2797 licium,
714 2733 767 2787 id
798 2740 882 2787 est
931 2731 1145 2802 peccati
1177 2732 1491 2795 scientiam,
1526 2732 1709 2787 delicti
1766 2742 2056 2803 perpetra-
2156 2721 2213 2778 Si
2237 2724 2594 2780 calumniatus
2619 2736 2691 2781 est
2727 2726 2950 2798 aliquid.
3002 2726 3158 2795 Quod
3209 2729 3505 2797 intuentes,
3557 2729 3705 2786 absti-

475 2824 553 2880 tio
605 2834 733 2879 ante
766 2824 1076 2886 Dominum,
1106 2824 1305 2892 duplex
1360 2839 1447 2893 per
1497 2823 1791 2877 scientiam
1833 2830 2057 2892 reputa-
2156 2828 2385 2870 neamus
2438 2831 2540 2871 nos
2573 2821 2699 2872 totis
2739 2817 2945 2875 viribus
2981 2835 3011 2874 a
3049 2820 3280 2888 fallacia,
3315 2824 3560 2894 quoniam
3585 2822 3706 2877 Deus

476 2927 586 2981 tur,
617 2926 745 2972 tunc
777 2917 923 2973 enim
960 2918 1098 2972 Deus
1122 2918 1241 2986 ejus
1276 2916 1557 2970 scientiam
1589 2916 1876 2969 obnoxiam
1907 2914 2054 2980 facit,
2155 2919 2256 2974 per
2278 2903 2551 2960 Ῑειηδεῖεω
2582 2906 3018 2979 injurialur,.QUi
3042 2913 3244 2969 veritas
3277 2924 3380 2970 est.
3414 2915 3515 2969 Sed
3535 2922 3585 2969 et
3613 2912 3705 2968 vim

474 3019 531 3066 et
563 3009 894 3066 sacriﬁcium
928 3025 1026 3081 per
1067 3008 1430 3081 ignorantiam
1460 3025 1489 3063 e
1521 3019 1744 3079 peccato
1787 3007 1968 3079 exigit,
2002 3015 2057 3061 et
2157 3010 2253 3051 se“
2283 2997 2527 3067 rapinam
2554 3013 2679 3053 cum
2706 3008 2906 3069 negato
2933 3001 3203 3073 ἀθροείιον
3255 3006 3343 3059 Vel
3389 3006 3523 3061 Sicut
3560 3006 3702 3060 etiam

473 3103 877 3174 ρωηῑιοιηίωη,
2081 3118 2124 3176 C
2159 3084 2513 3159 Septuaginta
2550 3090 2743 3144 dicunt
2789 3108 2802 3145 :
2836 3106 2962 3146 cum
3034 3094 3319 3161 societate,
3373 3097 3704 3161 commiscuit,

2159 3195 2322 3234 omne
2353 3179 2619 3250 injustam
2650 3179 2862 3236 lucrum
2891 3184 3001 3238 vim
3032 3200 3130 3240 seu
3176 3188 3423 3257 rapinam
3464 3188 3705 3260 judicans.

2159 3269 2505 3325 Manifestum
2537 3282 2621 3328 est
2648 3284 2831 3331 autem
2863 3291 2929 3329 ex
2955 3276 3041 3331 his
3063 3294 3182 3347 qua:
3202 3281 3534 3335 subuectant
3553 3279 3704 3334 LXX:

2159 3359 2278 3415 Erit
2298 3379 2417 3416 cum
2459 3368 2748 3434 peccaverit
2773 3377 2820 3421 et
2844 3369 3162 3438 paenituerit,
3207 3381 3258 3424 et
3298 3375 3568 3428 reddiderit
3592 3373 3708 3442 rapi-

2159 3469 2283 3508 nam
2315 3472 2475 3526 quam
2506 3459 2706 3526 rapuit,
2738 3460 2818 3514 vel
2847 3461 3170 3531 injustitiam
3193 3482 3360 3535 quam
3391 3467 3575 3537 injuste
3601 3466 3707 3536 egit.

2159 3556 2253 3600 aut
2277 3547 2566 3618 depositum
2604 3551 2741 3615 quod
2783 3552 3074 3621 depositum
3102 3567 3176 3610 est
3214 3559 3290 3624 ei,
3339 3561 3444 3613 sive
3476 3561 3707 3629 perditum

2158 3639 2295 3708 quod
2317 3640 2533 3706 inuenit,
2557 3640 2701 3710 quod
2735 3646 3157 3716 unumquodque
3192 3650 3569 3718 praedictorum
3600 3664 3709 3718 pec-

2157 3741 2406 3786 catorum
2442 3733 2527 3788 his
2561 3751 2681 3805 quae
2711 3745 3103 3792 connumerata
3133 3748 3267 3795 sunt
3296 3742 3471 3799 simile
3491 3742 3572 3797 sit.
3597 3742 3708 3794 Pro-

2156 3828 2280 3890 pter
2309 3824 2453 3877 enim
2475 3826 2761 3882 avaritiam
2788 3830 3169 3889 committitur.
3210 3830 3520 3904 Unicuique
3547 3840 3703 3886 autem

2157 3926 2347 3967 eorum
2384 3926 2546 3986 caput
2578 3918 2780 3988 ipsum,
2806 3930 2861 3975 et
2891 3921 3137 3991 quintam
3167 3923 3295 3978 addi
3327 3926 3605 3996 praecepit;
3628 3923 3705 3978 sed

2159 4003 2249 4058 hic
2279 4020 2389 4059 non
2424 4010 2713 4076 sacerdoti,
2748 4010 2842 4066 sed
2861 4011 2909 4066 ei
2940 4012 3031 4082 qui
3063 4012 3391 4083 injustitiam
3426 4031 3608 4085 passus
3636 4022 3706 4068 est

2159 4094 2272 4149 dari
2303 4098 2560 4168 praecepit
2583 4099 2849 4168 quintam,
2871 4101 2926 4155 in
2960 4103 3140 4159 verbis
3170 4105 3547 4162 diﬁ'erentihus
3574 4104 3705 4160 simi-

2158 4185 2229 4240 lia
2258 4187 2520 4243 sentiens.
2563 4189 2833 4255 Quoniam
2871 4193 3018 4246 enim
3058 4211 3181 4250 cum
3215 4212 3284 4252 eo
3327 4198 3421 4268 qui
3474 4195 3704 4268 praeiudi-

2158 4279 2300 4333 cium
2333 4295 2524 4350 passus
2556 4290 2639 4338 est
2673 4283 2724 4337 iu
2749 4285 2936 4355 rapina
2959 4286 3042 4341 vel
3077 4287 3131 4342 in
3163 4288 3433 4362 deposito,
3466 4302 3518 4347 et
3543 4296 3705 4347 contra

1072 3191 1301 3248 CAPUT
1332 3192 1420 3247 Π.

543 3284 713 3340 Vens.
767 3285 885 3340 1-7.
946 3284 1232 3341 «Locutus
1293 3293 1377 3339 est
1433 3283 1697 3339 Dominus
1744 3283 1811 3337 ad
1839 3282 2057 3352 Moysen

477 3376 700 3432 dicens:
738 3374 933 3429 Anima
976 3391 1096 3445 qua:
1143 3374 1471 3446 peccaverit,
1505 3381 1560 3429 ct
1588 3382 1903 3444 contempto
1951 3374 2058 3428 lico

476 3466 760 3539 negaverit
780 3467 1089 3536 depositum
1128 3466 1380 3537 proximo
1414 3482 1535 3533 suo,
1580 3466 1727 3537 quod
1770 3465 1893 3520 ﬁdei
1939 3466 2058 3536 ejus

478 3559 744 3614 creditum
788 3558 972 3623 fuerit,
1000 3559 1084 3612 vel
1111 3558 1159 3611 vi
1180 3558 1381 3627 aliquid
1398 3558 1705 3626 extorserit,
1734 3567 1827 3613 aut
1848 3559 2056 3613 calum-

476 3650 625 3705 niam
660 3649 856 3704 i’ecerit
890 3665 904 3702 :
938 3650 1054 3704 sive
1095 3664 1207 3703 rem
1241 3650 1510 3720 perditam
1535 3633 1829 3714 invenerit,
1858 3659 1912 3704 et
1969 3651 2055 3703 in-

477 3742 666 3798 ﬁcians
709 3742 935 3813 insuper
986 3741 1274 3819 iuraverit,
1340 3751 1397 3797 et
1453 3743 1734 3812 quodlibet
1788 3744 1931 3799 aliud
1986 3760 2056 3800 ex

476 3835 727 3905 pluribus
758 3833 968 3896 fecerit,
993 3833 1047 3887 in
1078 3833 1274 3903 quibus
1303 3849 1530 3903 peccare
1579 3836 1757 3890 solent
1805 3836 2056 3889 homines

478 3923 717 3978 convicti
766 3922 970 3987 delicti,
1018 3923 1210 3978 reddet
1252 3923 1440 3978 omnia
1483 3940 1604 3994 qua:
1645 3924 1837 3979 fraude
1885 3924 2057 3980 voluit

477 4014 725 4069 obtinere
741 4013 970 4086 integra,
1003 4022 1059 4069 et
1075 4013 1321 4084 quintam
1346 4015 1571 4085 insuper
1587 4024 1798 4086 partem
1822 4017 2056 4071 Domino

478 4105 565 4159 cui
605 4104 862 4159 damnum
909 4104 1188 4170 intulerat,
1223 4120 1320 4175 pro
1349 4115 1575 4177 peccato
1601 4115 1782 4161 autem
1830 4121 1928 4161 suo
1971 4104 2055 4160 of-

478 4193 616 4249 feret
655 4193 881 4247 arietem
902 4193 1319 4247 immaculatum
1344 4194 1413 4249 de
1452 4210 1634 4265 grege,
1664 4202 1719 4250 et
1749 4194 1900 4249 dabit
1929 4209 2053 4249 eum

477 4282 744 4337 sacerdoti
773 4282 927 4353 juxta
950 4284 1370 4338 mstimationem
1402 4299 1824 4355 mensuramque
1849 4285 2051 4351 delicti,

477 4374 569 4444 qui
593 4373 802 4445 rogabit
829 4389 929 4445 pro
953 4388 1021 4429 eo
1046 4390 1231 4430 coram
1265 4373 1519 4440 Domino,
1565 4386 1619 4432 et
1648 4376 1955 4432 dimittetur
1980 4377 2051 4431 illi

477 4477 575 4532 pro
615 4462 842 4532 singulis
871 4477 991 4531 qua:
1017 4460 1264 4517 faciendo
1287 4462 1612 4534 peccaverit.
1654 4481 1672 4514 ι

549 4552 740 4609 Cernis
778 4555 924 4625 quod
974 4553 1030 4609 in
1075 4555 1269 4610 eodem
1318 4555 1509 4611 ordine
1571 4570 1715 4623 esse,
1768 4564 2050 4626 peccatum

479 4645 625 4713 quod
658 4646 711 4698 in
743 4654 950 4711 sancta,
983 4654 1039 4701 et
1062 4646 1113 4702 id
1137 4647 1647 4717 quodjurejurando
1672 4648 2051 4715 committitur,

480 4736 704 4806 spiritus
732 4735 827 4789 Dei
861 4737 1058 4802 tradit;
1082 4747 1234 4808 patet
1261 4747 1440 4792 autem
1471 4753 1618 4793 exeo
1642 4738 1788 4809 quod
1818 4737 1871 4792 in
1900 4747 2055 4793 utro-

479 4843 584 4897 que
611 4827 753 4882 idem
771 4829 959 4883 arietis
988 4830 1318 4885 sacrificium
1342 4831 1523 4886 oﬁerri
1553 4832 1833 4902 praecepit.
1875 4831 2050 4899 Quam

478 4920 551 4975 ob
578 4935 692 4974 rem
745 4920 892 4974 enim
935 4920 1095 4990 paulo
1135 4930 1262 4975 ante
1293 4921 1348 4975 iu
1379 4921 1528 4975 omni
1564 4929 1790 4991 peccato
1827 4922 2052 4978 arietem

473 5010 639 5081 jussit
668 5009 872 5076 oﬁ‘erri,
902 5028 1013 5067 non
1057 5028 1088 5066 a
1138 5013 1298 5068 nobis
1327 5013 1704 5083 conjicientes,
1741 5014 1836 5069 sed
1872 5013 2055 5068 inten-

2159 4369 2333 4440 ipsuui
2370 4387 2587 4441 quoque
2628 4372 2797 4428 Deum
2832 4376 3035 4447 injuste
3070 4379 3248 4450 agitur
3298 4398 3398 4452 per
3435 4382 3704 4446 fallaciam,

2085 4449 2129 4505 θ
2162 4464 2244 4517 vel
2303 4464 2626 4533 perjurium,
2703 4477 2852 4523 recte
2915 4470 3110 4525 horum
3158 4474 3408 4542 quintam
3450 4476 3564 4531 Dee
3610 4475 3706 4530 dari

2156 4556 2332 4626 jubet,
2368 4557 2434 4611 ad
2462 4573 2624 4627 quem
2658 4559 2830 4614 tetulit
2859 4560 3074 4631 injuria.
3098 4564 3301 4630 Quinta
3335 4577 3513 4623 autem
3550 4568 3708 4637 lingua

2160 4655 2262 4702 est.
2299 4647 2425 4703 Esse
2453 4649 2596 4707 enim
2621 4651 2867 4721 quintam
2899 4654 3061 4708 etiam
3114 4656 3255 4713 hanc
3313 4660 3565 4722 diximus,
3603 4671 3708 4713 cum

2161 4739 2230 4792 sit
2270 4754 2375 4793 una
2397 4740 2464 4794 de
2484 4742 2725 4812 quinque
2756 4745 3027 4801 sensibus.
3055 4746 3181 4803 llaec
3193 4764 3324 4821 ergo
3345 4751 3567 4805 offertur
3596 4749 3705 4812 Deo.

2161 4838 2221 4885 ut
2251 4833 2511 4903 deinceps
2543 4850 2654 4891 non
2675 4844 2883 4905 peccet,
2912 4838 3037 4906 quia
3061 4855 3156 4909 per
3185 4842 3361 4911 ipsam
3391 4841 3708 4912 unumquod-

2162 4939 2269 4994 que
2290 4925 2674 4994 prasdictorum
2697 4928 3075 4986 committitur.
3119 4932 3259 5002 Ergo
3319 4935 3507 4990 eadem
3559 4931 3711 4987 sancit

2163 5015 2218 5070 in
2269 5015 2653 5072 diﬁ‘erentibus
2692 5002 2899 5087 verbis,
2942 5029 2998 5075 et
3045 5022 3340 5091 aliquando
3404 5024 3614 5094 quidem
3662 5021 3708 5075 in

1653 319 2015 381 HESYCHII
2051 319 2523 382 PRESBYTEBI
3606 326 3698 390 8H
3796 354 3801 357 ·

480 5104 683 5160 tionem
722 5104 1051 5176 legislatoris
1086 5115 1400 5175 sequentes,
1445 5105 1702 5161 diximus.
1728 5092 2055 5162 Cur‘autem

481 5207 761 5266 peccatum
788 5198 931 5269 quod
955 5197 1317 5269 jurejurando
1346 5204 1449 5263 est,
1510 5206 1566 5251 et
1593 5198 1737 5269 quod
1770 5198 1827 5253 in
1854 5199 2056 5254 sanctis

480 5288 833 5358 coniunctum
877 5288 1126 5360 putavit?
1165 5287 1298 5355 Quia
1326 5289 1638 5344 omnimodo
1666 5299 1959 5362 utrumque
1987 5290 2054 5345 ad

479 5375 649 5433 Deum
677 5381 956 5449 pertinet:
990 5389 1046 5436 et
1086 5380 1179 5451 qui
1216 5380 1601 5452 jusjurandum
1628 5384 2051 5455 transgreditur,

480 5483 592 5525 non
627 5473 804 5528 solum
847 5474 1095 5544 proximo
1144 5483 1326 5541 nocet,
1368 5475 1463 5530 sed
1505 5484 1560 5531 et
1601 5476 1702 5545 ipsi
1736 5472 1863 5543 Deo,
1890 5493 2052 5547 quem

482 5558 838 5617 mediatorem
864 5563 1296 5637 fecit,injuriam
1342 5564 1508 5633 facit;
1544 5566 1744 5621 docere
1772 5577 1954 5623 autem
2002 5577 2052 5625 te

582 5759 627 5790 ”
662 5754 805 5812 i’sal.
854 5776 1033 5825 tum,
1080 5763 1131 5815 5.

2161 5122 2394 5177 persona
2414 5109 2731 5178 sacerdotis,
2762 5110 3055 5180 aliquando
3076 5122 3256 5168 autem
3281 5115 3337 5169 in
3368 5116 3482 5185 ejus
3512 5119 3599 5185 qui
3635 5112 3710 5167 in-

2156 5199 2424 5269 justitiam
2471 5216 2665 5271 passus
2695 5213 2780 5257 est
2822 5203 2995 5257 Deum
3039 5203 3310 5275 ﬁguravit.
3338 5205 3464 5260 'Aut
3495 5204 3611 5275 quia
3636 5217 3708 5257 se-

2161 5293 2403 5347 cundum
2439 5292 2684 5349 eamdem
2716 5295 2988 5351 rationem
3016 5307 3069 5352 et
3094 5298 3348 5354 sacerdos
3372 5306 3553 5353 noster
3575 5293 3710 5351 Clui-

2162 5391 2280 5439 stus
2309 5398 2453 5448 esse,
2478 5393 2533 5439 et
2563 5385 2851 5441 uobiscum
2909 5401 3009 5456 pro
3042 5387 3200 5442 nobis
3250 5386 3569 5458 injustitiam
3612 5378 3705 5452 pati

2161 5474 2424 5542 creditur,
2469 5477 2771 5532 secundum
2815 5477 2989 5550 legem
3027 5479 3283 5535 videlicet
3338 5474 3704 5549 compassionis

2161 5577 2385 5631 nostrae,
2416 5567 2470 5622 in
2500 5567 2606 5623 ﬁne
2637 5568 2938 5626 sanctionis
2967 5569 3131 5642 hujus
3165 5572 3391 5626 arietem
3423 5569 3572 5639 jubet
3617 5565 3705 5619 im-
