4030 6240
391 356 498 419 845

1547 354 1628 414 IN
1653 352 2090 416 LEVITICUM-
2128 379 2192 388 -
2226 353 2371 413 LIB.
2411 353 2491 415 ΙΙ.

3539 359 3648 430 846

388 466 717 522 maculatum
745 463 1008 522 sacerdoti
1037 463 1246 531 olferri,
1275 465 1366 536 qui
1416 475 1538 538 oret
1567 476 1622 522 et
1681 467 1962 522 remissio-
1992 476 2034 527 Α
2065 467 2172 538 pla,
2205 468 2408 536 quibus
2437 465 2518 521 uti
2547 467 2876 537 supplicanti
2899 465 3104 522 bonum
3130 468 3219 524 sit.
3252 468 3383 525 Hcce
3410 471 3559 530 enim
3593 480 3646 532 tu

387 574 512 613 nem
551 559 818 614 obtineat.
875 557 1080 612 Horum
1123 566 1306 612 autem
1369 537 1644 615 sufficiens
1691 559 1964 628 expositio

385 658 487 712 est,
521 664 588 704 ex
616 649 702 703 his
739 665 860 718 quae
897 649 949 703 in
982 649 1195 704 delictis
1237 659 1550 705 sanctorum
1610 650 1752 706 dicta
1815 660 1962 707 sunt.

390 741 498 795 Sed
529 757 629 795 nos
652 740 719 794 ab
743 750 974 812 utroque
1007 750 1249 808 peccato,
1302 743 1472 812 magis
1503 750 1684 798 autem
1711 743 1778 796 ab
1815 743 1960 796 omni

393 832 774 901 resipiscentes
797 832 1172 886 custodiamus
1200 833 1585 902 nosmetipsos.
1620 832 1675 888 Si
1700 834 1846 887 enim
1871 833 1963 886 'vel

391 925 442 978 in
473 939 582 980 uno
614 925 856 994 quolibet
884 939 1073 978 eorum
1099 924 1217 994 capi
1250 940 1374 988 nos,
1411 936 1504 978 aut
1541 925 1781 980 incidere
1828 939 1962 978 con-

391 1016 592 1086 tigerit,
629 1015 895 1071 habemus
925 1015 1328 1087 depreCationis
1353 1023 1408 1070 et
1445 1015 1735 1072 oblationis
1779 1030 1961 1070 exem-

2067 558 2238 629 ﬁgura
2263 559 2632 629 contingebant
2673 559 2780 615 illis
2819 575 2838 613 :
2881 560 3079 627 scripta
3132 569 3254 614 sunt
3318 572 3497 617 autem
3575 566 3648 622 ad

2069 659 2307 703 nostram
2335 650 2738 718 correptionem,
2780 649 2833 701 in
2866 666 2993 720 quos
3025 650 3156 719 ﬁnes
3197 652 3510 708 saeculorum
3551 655 3649 710 de.

2068 744 2416 798 venerunt”.
2449 743 2508 796 1η
2556 741 2778 796 Christo
2808 740 2940 797 .lesu
2995 742 3230 798 Domino
3275 755 3484 801 nostro.
3541 747 3649 817 lpsi

2068 833 2235 904 gloria
2262 849 2386 888 cum
2414 832 2598 901 Patre,
2633 832 2919 903 etSpiritu
2940 841 3154 900 sancto,
3186 850 3337 892 nunc
3366 843 3421 892 et
3451 837 3507 897 in
3545 851 3648 894 saa-

2073 929 2194 983 cula
2228 927 2571 984 saeculorum.
2609 924 2806 982 Amen.

406 1122 3602 1147 mm

1473 1309 1827 1398 LIBER
1904 1308 2552 1397 SECUNDUS.

757 1677 912 1735 CAP.
948 1677 1017 1732 Vl
1057 1675 1236 1731 PARS
1275 1675 1576 1732 ALTERA.

455 1767 619 1824 Vens.
654 1768 806 1825 8-12.
842 1789 860 1821 ‹
890 1769 1129 1823 Locutus
1163 1777 1250 1822 est
1291 1767 1557 1822 Dominus
1587 1766 1654 1820 ad
1717 1765 1959 1837 Moysen,

2070 1675 2178 1729 Sed
2211 1675 2338 1744 quia
2369 1674 2745 1730 holocaustum
2773 1675 3048 1744 quomodo
3085 1675 3451 1744 particulatim
3505 1675 3647 1733 divi-

2067 1765 2246 1831 datur,
2291 1765 2567 1836 quomodo
2601 1764 2914 1820 effundatur
2945 1767 3065 1837 ejus
3096 1767 3338 1838 sanguis,
3371 1769 3647 1836 quomodo

385 1860 614 1916 dicens:
654 1860 897 1930 Praecipe
930 1860 1114 1916 Aaron
1154 1869 1210 1914 et
1250 1859 1373 1913 ﬁliis
1412 1859 1551 1930 ejus.
1590 1858 1716 1914 liceo
1767 1867 1847 1912 est
1877 1857 1965 1912 lex
1998 1841 2039 1895 Β
2069 1857 2386 1928 imponatur
2407 1873 2572 1929 super
2603 1857 2796 1924 altare,
2854 1858 2910 1912 in
2942 1856 3099 1912 initio
3135 1857 3298 1926 hujus
3330 1855 3456 1914 libri
3485 1856 3647 1913 Levi-

386 1953 730 2008 liolocausti:
777 1952 1114 2007 eremabitur
1143 1952 1199 2006 in
1244 1951 1402 2006 altari
1453 1959 1564 2005 tota
1594 1961 1756 2006 nocte
1794 1963 1966 2019 usque

383 2046 452 2099 ad
475 2061 674 2100 mane:
709 2045 851 2115 ignis
876 2061 938 2100 ex
973 2044 1166 2099 eodem
1197 2043 1350 2098 altari
1391 2044 1519 2100 erit.
1557 2041 1830 2097 Vestietur
1876 2056 1966 2096 sav

384 2138 578 2192 cerdos
607 2138 814 2204 tunica,
846 2146 902 2192 et
927 2136 1275 2192 feminalibus
1298 2135 1459 2192 lineis
1489 2154 1502 2190 :
1534 2134 1794 2204 tolletque
1818 2133 1966 2189 cine-

383 2243 473 2285 res
534 2246 674 2301 quos
722 2245 946 2285 vorans
992 2229 1133 2300 ignis
1192 2228 1421 2290 exussit,
1483 2235 1539 2282 et
1587 2234 1754 2296 ponet
1811 2226 1965 2296 juxta

381 2321 580 2377 altare.
658 2321 992 2392 Spoliabitur
1069 2321 1343 2392 prioribus
1383 2318 1741 2384 vestimentis,
1803 2317 1965 2374 indu-

385 2420 582 2482 tusque
623 2413 762 2477 aliis,
803 2413 996 2467 ell'eret
1039 2427 1134 2466 eos
1164 2421 1317 2466 extra
1375 2419 1569 2474 castra,
1631 2418 1684 2464 et
1729 2409 1783 2463 in
1844 2410 1964 2463 loco

383 2500 764 2567 mundissimo,
821 2515 994 2568 usque
1053 2501 1120 2556 ad
1169 2499 1406 2556 favillam
1465 2501 1714 2555 consumi
1778 2500 1961 2557 faciet.

385 2591 531 2664 lgnis
555 2599 738 2646 autem
762 2591 817 2646 in
849 2591 1006 2645 altari
1028 2607 1246 2661 semper
1271 2591 1506 2655 ardebit,
1540 2607 1702 2661 quem
1758 2592 1964 2647 nutriet

385 2685 642 2741 sacerdos
689 2683 990 2753 subiiciens
1019 2683 1165 2752 ligna
1203 2696 1362 2736 mane
1389 2696 1484 2752 per
1535 2680 1774 2752 singulos
1821 2681 1962 2748 dies,

384 2784 440 2831 et
464 2774 721 2847 imposito
754 2775 1096 2839 holocausta,
1128 2773 1366 2842 desuper
1391 2771 1632 2827 adolebit
1664 2772 1851 2842 adipes
1872 2789 1963 2843 pa-

382 2867 682 2922 eilieorum.
728 2865 870 2937 Ignis
921 2873 1006 2920 est
1053 2863 1160 2918 iste
1210 2871 1525 2934 perpetuus,
1555 2861 1646 2932 qui
1681 2877 1960 2932 nunquam

383 2959 602 3015 deficiet
626 2959 678 3012 in
716 2958 897 3013 altari.
931 2976 950 3008 ι

455 3048 591 3116 Quia
648 3048 972 3120 legislatoris
1026 3041 1250 3102 modum
1306 3045 1636 3102 sufﬁcienter
1701 3047 1756 3101 in
1820 3061 1961 3117 prato

386 3140 712 3194 cedentibus
762 3139 1122 3202 ostendimus,
1177 3148 1232 3193 et
1289 3138 1646 3207 expositionis
1701 3138 1957 3210 legalium

386 3231 681 3288 verborum
708 3230 1122 3286 fundamentum
1156 3229 1394 3300 positum
1453 3235 1557 3294 est,
1615 3235 1765 3283 extra
1813 3228 1958 3298 quod
1987 3216 2031 3278 C

384 3321 534 3378 aliud
591 3338 754 3377 nemo
795 3321 1176 3377 aedificantium
1241 3321 1299 3375 in
1371 3320 1567 3390 spiritu
1622 3333 1827 3390 ponere
1858 3334 1958 3388 po-

384 3422 494 3470 test
525 3431 538 3467 :
569 3412 819 3468 Christus
857 3412 1001 3467 enim
1047 3421 1150 3476 est,
1175 3412 1267 3481 qui
1301 3411 1461 3466 nobis
1500 3411 1640 3465 sicut
1685 3409 1959 3480 angularis

381 3504 593 3560 aedilicii
633 3505 771 3574 lapis
800 3521 900 3575 per
950 3513 1117 3560 totam
1168 3504 1301 3574 legis
1349 3502 1745 3573 expositionem
1782 3501 1954 3570 jacet;

381 3595 501 3665 ejus
537 3611 664 3666 ergo
707 3596 880 3666 gratia
934 3604 988 3650 et
1044 3595 1314 3659 doctrina,
1366 3593 1492 3663 quia
1535 3602 1590 3647 et
1627 3591 1958 3646 architectus

380 3697 484 3752 est,
511 3703 724 3754 aurum,
753 3697 1058 3758 argentum,
1102 3686 1310 3756 lapides
1349 3685 1615 3756 pretiosos
1659 3682 1957 3754 superadi-

382 3778 626 3834 ficemus.

455 3868 682 3924 Locutus
702 3876 774 3921 est
803 3867 1059 3922 Dominus
1082 3868 1152 3920 ad
1188 3865 1416 3936 Moysen,
1465 3867 1637 3919 dicens
1663 3881 1680 3918 :
1725 3863 1959 3931 Prwcipe

377 3961 560 4016 Aaron
594 3968 643 4012 et
665 3959 788 4032 ﬁliis
819 3959 954 4028 ejus.
981 3957 1110 4011 Haec
1150 3967 1223 4010 est
1275 3957 1357 4010 lex
1391 3955 1700 4009 holocausti.
1749 3955 1849 4008 llic
1891 3954 1960 4008 de

375 4051 493 4122 jugi
528 4051 796 4108 sacriﬁcio
837 4051 924 4104 lex
978 4050 1236 4118 loquitur,
1267 4048 1412 4119 quod
1436 4046 1678 4117 quotidie
1725 4047 1778 4101 in
1817 4047 1957 4100 libro

379 4143 550 4200 Exodi
575 4143 769 4197 offerre
792 4141 1049 4213 praecepit
1070 4137 1404 4208 sacerdotes;
1433 4138 1510 4193 ait
1531 4137 1676 4192 enim
1707 4139 1817 4193 sic:
1843 4135 1957 4191 Hoc

378 4246 454 4290 est
476 4237 613 4307 quod
640 4236 803 4306 [acies
845 4237 901 4288 in
931 4233 1093 4287 altari
1127 4249 1145 4287 :
1187 4248 1348 4303 agnos
1385 4229 1658 4284 anniculos
1700 4230 1832 4284 duos
1860 4244 1956 4298 per

375 4329 613 4400 singulos
665 4329 776 4382 dies
816 4327 1023 4397 jugiter
1046 4326 1130 4391 “;
1176 4334 1231 4378 et
1268 4323 1432 4394 paulo
1496 4330 1638 4392 post.
1683 4321 1958 4377 Oblatione

375 4428 628 4490 perpetua
679 4419 734 4471 in
774 4417 1132 4488 generationes
1179 4413 1467 4468 vestras”.
1529 4411 1670 4466 Dicit
1725 4423 1951 4468 autem:

377 4511 563 4566 Facies
595 4509 976 4574 holocaustum,
1013 4523 1177 4562 unum
1225 4523 1419 4578 agnum
1479 4521 1654 4570 mane,
1705 4515 1752 4559 et
1783 4505 1950 4559 alium

376 4603 540 4676 {acies
596 4617 801 4671 vespere
827 4600 894 4652 ".
936 4601 1038 4654 Per
1075 4600 1192 4653 haec
1235 4613 1363 4672 ergo
1396 4596 1766 4668 intelligimus,
1824 4597 1949 4666 quia

377 4688 436 4744 in
463 4703 648 4742 eorum
673 4687 891 4757 quidem
912 4686 1004 4756 qui
1029 4694 1157 4740 sunt
1177 4687 1244 4740 de
1274 4686 1449 4755 plebe,
1469 4685 1744 4741 voluntate
1764 4686 1950 4741 datum

377 4792 482 4842 est.
505 4779 548 4834 si
579 4780 769 4835 volunt
789 4779 988 4835 oﬂ‘erre
1019 4780 1420 4844 holocaustum,
1449 4787 1669 4850 propter
1691 4777 1834 4850 quod
1861 4794 1950 4832 sa-

378 4871 643 4928 crificium
703 4871 836 4926 illud
883 4887 1085 4926 munus
1149 4887 1361 4936 eorum,
1416 4878 1604 4940 utpote
1653 4877 1952 4941 spontanea

375 4963 596 5030 oblatio,
618 4964 952 5018 nominatur.
975 4963 1163 5032 Neque
1191 4963 1336 5017 enim
1366 4963 1544 5020 omnis
1572 4963 1736 5016 homo
1764 4961 1948 5032 perfe-

379 5054 678 5110 ctissimam
713 5055 881 5126 exigit
927 5055 1270 5124 sapientiam,
1313 5052 1568 5108 sacerdos
1604 5059 1783 5106 tamen
1826 5067 1949 5106 om-

378 5146 602 5201 nimodo
640 5147 802 5202 debet
854 5147 1097 5218 perfecte
1155 5160 1362 5215 sapere.
1422 5144 1750 5213 Perpetuam
1801 5145 1946 5200 enim

384 5237 735 5303 sacrificium,
775 5238 827 5292 id
889 5247 972 5292 est
1030 5237 1355 5292 continuum
1411 5235 1812 5300 holocaustum,
1865 5251 1951 5292 se-

382 5326 562 5381 eundo
593 5326 648 5381 in
683 5327 772 5381 die
800 5342 963 5382 mane
1018 5338 1074 5381 et
1105 5341 1328 5396 vespere
1355 5326 1556 5380 otferre
1614 5325 1948 5395 praecipitur,

383 5428 496 5474 uta
537 5417 780 5488 perfecta
812 5418 1077 5488 sapientia
1117 5417 1402 5488 incipiens,
1445 5417 1501 5472 in
1527 5416 1716 5472 eadem
1775 5416 1948 5484 finiat,

380 5520 434 5566 et
477 5517 648 5567 totam
689 5524 843 5565 suam
895 5509 1061 5564 vitam
1102 5517 1394 5579 componat
1428 5508 1495 5564 ad
1535 5508 1948 5580 perfectionem.

450 5718 497 5750 ¹⁰
528 5716 548 5771 1
579 5715 706 5772 Cor.
735 5732 789 5780 χ,
838 5715 920 5770 Il.

378 5786 586 5842 "Psal.
608 5801 792 5851 cxvm,
822 5785 945 5840 ηδ.
1024 5784 1070 5818 ³⁷
1117 5784 1317 5854 Ephes.
1345 5797 1420 5846 vt,
1445 5781 1530 5836 Ν.

997 5714 1042 5746 ’³
1096 5713 1269 5771 Exod.
1317 5713 1467 5771 ηιξ.
1514 5711 1605 5768 38.
1677 5713 1722 5745 "
1748 5713 1879 5770 ibid.
1909 5714 1995 5768 Η.

2066 1950 2159 2005 tici
2189 1949 2466 2020 legislator
2504 1948 2778 2018 exposuit,
2815 1963 2960 2003 nunc
2989 1957 3178 2018 utpote
3195 1947 3299 2003 illis
3318 1947 3650 2010 sufﬁcienter

2065 2043 2247 2109 dictis,
2283 2043 2350 2097 de
2383 2043 2499 2096 solo
2531 2041 2666 2096 dicit
2713 2040 3172 2096 holocautomate.
3231 2041 3648 2112 Consequenter

2064 2149 2194 2206 ergo
2224 2135 2468 2190 subdidit
2503 2157 2514 2190 :

2135 2228 2278 2299 Ignis
2305 2229 2360 2281 in
2391 2227 2562 2281 altare
2586 2243 2792 2297 semper
2815 2227 3038 2292 ardebit,
3071 2243 3224 2297 quem
3254 2226 3447 2280 nutriet
3471 2241 3648 2280 sacer-

2063 2322 2175 2374 dos.
2211 2318 2439 2390 Oportet
2467 2318 2668 2388 quippe
2694 2333 2820 2372 eum
2869 2317 2962 2386 qui
2997 2318 3400 2382 holocaustum,
3463 2315 3516 2371 id
3561 2323 3648 2376 est

2062 2411 2318 2482 perfecta:
2347 2410 2630 2482 sapientiae
2661 2409 3036 2482 Operationem
3070 2408 3254 2472 debet,
3306 2421 3523 2476 semper
3550 2419 3648 2463 ac-

2062 2503 2298 2558 cendere
2355 2503 2536 2574 ignem
2569 2502 2744 2558 sancti
2774 2501 3030 2571 Spiritus,
3059 2509 3112 2555 et
3153 2515 3262 2555 non
3327 2500 3509 2554 sinere
3555 2513 3648 2554 ex.

2062 2592 2282 2662 stingui.
2325 2593 2698 2664 Exstinguitur
2725 2603 2907 2648 autem
2943 2607 3132 2646 eorum
3171 2589 3372 2658 quibus
3411 2590 3645 2647 donatus

2061 2697 2147 2743 est
2178 2687 2537 2758 negligentia;
2561 2697 2784 2756 prop'er
2821 2683 2966 2753 quod
2999 2691 3055 2736 et
3087 2681 3288 2737 Paulus
3311 2681 3384 2738 ait
3420 2699 3434 2735 :
3465 2680 3642 2751 Spiri-

2063 2788 2173 2834 tum
2199 2780 2359 2834 nolite
2387 2780 2717 2849 exstinguere
2748 2774 2816 2838 ”,
2855 2774 3005 2830 velut
3052 2774 3106 2826 in
3141 2781 3328 2826 nostra
3367 2778 3645 2842 potestate

2060 2869 2134 2924 sit
2162 2869 2399 2938 positum
2429 2868 2779 2936 exstinguere
2808 2865 2982 2929 illum,
3011 2862 3127 2918 sive
3155 2862 3480 2917 accendere.
3503 2861 3643 2919 Tota

2060 2970 2240 3016 autem
2269 2967 2432 3016 nocte
2464 2957 2681 3013 incendi
2720 2955 2900 3026 ignem
2930 2954 3114 3024 jussit,
3157 2969 3266 3007 non
3288 2953 3433 3024 quod
3466 2953 3520 3008 in
3551 2951 3643 3010 die

2059 3041 2602 3113 non'incenderetur,
2635 3047 2730 3103 sed
2767 3045 3040 3117 quomodo
3071 3044 3312 3101 secundo
3345 3043 3501 3098 fieret
3525 3042 3644 3101 die-

2059 3143 2162 3198 bus
2189 3143 2413 3214 singulis
2443 3140 2822 3195 holocaustum
2875 3155 2888 3190 :
2945 3152 3072 3190 nam
3129 3135 3256 3206 quia
3320 3133 3644 3192 manifestus

2061 3244 2182 3290 erat
2211 3235 2352 3305 ignis
2386 3233 2634 3295 diurnus,
2673 3240 3008 3304 nocturnum
3051 3229 3278 3284 addidit.
3315 3228 3454 3294 Quia
3511 3243 3643 3298 ergo

2061 3343 2169 3382 nox
2197 3326 2368 3396 caligo
2406 3333 2492 3380 est
2523 3325 2647 3380 vitae
2676 3322 2862 3392 hujus,
2888 3322 2939 3376 id
2991 3330 3096 3387 est,
3143 3336 3207 3375 ea
3263 3336 3385 3390 qua:
3438 3320 3642 3379 multos

2061 3416 2270 3471 obtinet
2305 3414 2631 3487 ignorantia,
2694 3413 2762 3468 de
2804 3429 2906 3483 qua
2951 3411 3152 3466 Paulus
3203 3410 3424 3465 dicebat
3469 3428 3481 3464 :
3525 3410 3644 3468 No.13

2057 3509 2340 3577 prtecessit,
2378 3508 2487 3561 dies
2513 3515 2691 3560 autem
2725 3503 3172 3576 appropinquabit
3196 3503 3267 3567 ",
3300 3518 3402 3558 nos
3431 3517 3640 3572 praece-

2059 3600 2140 3669 pit
2161 3599 2251 3669 qui
2282 3599 2658 3653 holocaustum
2683 3597 2775 3651 Dei
2805 3597 2928 3651 facti
2962 3611 3173 3660 sumus,
3198 3596 3360 3650 etiam
3397 3595 3452 3649 in
3480 3605 3642 3654 nocte

2059 3689 2358 3743 accendere
2391 3688 2594 3760 ignem,
2622 3695 2684 3741 ut
2715 3701 2839 3741 cum
2872 3686 2961 3740 alii
3024 3686 3198 3755 legem
3234 3685 3641 3756 transgredian-

2060 3788 2168 3842 tur,
2199 3788 2254 3833 et
2287 3781 2488 3834 terreni
2522 3778 2652 3847 sint,
2696 3794 2797 3832 nos
2833 3777 3005 3832 simus
3036 3775 3369 3846 spirituales,
3415 3775 3641 3830 remitti.

2060 3878 2274 3924 scentes
2304 3868 2470 3924 David
2502 3871 2778 3925 dicentem
2812 3887 2823 3922 :
2864 3867 3088 3934 Tempus
3112 3867 3362 3936 faciendi,
3392 3867 3637 3934 Domine.

2057 3959 2440 4027 dissipaverunt
2490 3960 2656 4025 iniqui
2697 3959 2860 4029 legem
2921 3959 3164 4021 tuam“;
3222 3957 3438 4026 quando
3492 3957 3637 4016 enim

2056 4049 2146 4102 alii
2179 4050 2654 4120 transgrediuntur
2682 4049 2878 4120 legem,
2911 4062 3013 4102 nos
3049 4054 3267 4118 oportet
3298 4047 3534 4104 maxime
3569 4047 3637 4108 ad

2055 4139 2419 4195 obedientiam
2445 4141 2579 4213 legis
2606 4140 2831 4212 subrigi.
2866 4139 3119 4195 Subdidit
3139 4149 3320 4194 autem
3360 4158 3372 4196 :

2134 4233 2385 4287 l’estietur
2439 4234 2684 4288 sacerdos
2734 4232 2914 4286 tunica
2976 4243 3024 4287 et
3079 4231 3414 4305 feminalibus
3461 4232 3634 4289 lineis.

2058 4325 2324 4382 Sacerdos
2353 4325 2442 4380 hic
2487 4326 2582 4397 qui
2617 4326 2998 4380 holocaustum
3027 4322 3206 4389 oﬂert,
3260 4324 3636 4395 unusquisque

2054 4417 2296 4490 perfecte
2316 4417 2890 4488 sapiensintelligitur,
2909 4415 3032 4486 quia
3069 4415 3436 4470 sacerdotium
3464 4414 3637 4485 perfe-

2054 4507 2251 4562 ctionis
2283 4507 2591 4578 exemplum
2623 4515 2726 4571 cst,
2774 4514 3000 4575 propter
3060 4504 3205 4573 quod
3245 4515 3300 4558 et
3328 4503 3505 4574 regale
3545 4518 3634 4558 sa.

2054 4597 2356 4654 cerdotium
2385 4598 2617 4669 populus
2661 4597 2837 4652 ﬁdelis
2877 4595 3199 4665 appellatur,
3232 4603 3420 4665 utpote
3460 4592 3634 4664 legem

2055 4690 2354 4761 perfectam
2386 4688 2666 4760 Evangelii
2711 4687 3035 4757 suscipiens.
3075 4685 3176 4752 Qui
3207 4701 3335 4756 ergo
3382 4684 3497 4762 vult
3553 4676 3665 4740 of-V

2055 4783 2199 4838 ferre
2240 4783 2638 4845 holocaustum,
2669 4779 2878 4843 tunica,
2910 4778 2964 4833 id
2999 4787 3084 4832 est
3109 4777 3343 4848 justitia,
3377 4783 3432 4832 et
3469 4775 3633 4831 femi-

2054 4874 2292 4935 nalibus,
2341 4873 2395 4926 id
2454 4881 2541 4928 est
2611 4871 2860 4926 castitate
2917 4869 3195 4924 induatur.
3230 4866 3334 4923 Sed
3364 4867 3492 4936 quia
3535 4879 3636 4936 per

2054 4966 2331 5021 feminalia
2398 4965 2706 5020 castitatem
2771 4969 2988 5033 oportet
3047 4959 3312 5030 intelligi,
3388 4957 3631 5015 membra

2055 5058 2346 5130 probant,
2393 5071 2626 5127 quorum
2687 5055 2806 5126 ipsa
2875 5053 3237 5125 tegimentum
3293 5058 3424 5104 sunt
3471 5048 3633 5104 femi:

2057 5151 2223 5205 nalia.

2127 5239 2389 5295 Tunicam
2424 5252 2606 5296 autem
2631 5239 2898 5312 justitiam
2928 5239 3185 5301 diximus,
3223 5233 3349 5304 quia
3400 5229 3626 5303 perfecti

2057 5333 2322 5403 cujusque
2351 5333 2587 5388 maxime
2633 5332 2844 5404 justitia
2901 5331 3071 5386 vestis
3111 5337 3214 5392 est,
3257 5325 3400 5380 unde
3433 5322 3632 5382 Paulus

2057 5423 2236 5479 dixit:
2290 5422 2439 5479 State
2477 5425 2728 5479 succincti
2779 5423 2978 5477 lumbos
3043 5428 3238 5474 vestros
3282 5416 3338 5468 in
3388 5415 3642 5483 veritate,‘

2059 5515 2232 5569 induti
2276 5515 2442 5569 lorica
2480 5513 2802 5583 justitiaz".
2845 5512 2922 5570 De
2986 5509 3101 5566 lino
3153 5512 3338 5565 autem
3397 5511 3455 5562 et
3485 5503 3641 5568 tnui;

2057 5713 2102 5744 ”
2133 5713 2270 5769 ibid.
2309 5712 2401 5768 ‘59.
2477 5712 2524 5747 ’δ
2569 5712 2588 5767 l
2630 5712 2828 5772 Thess.
2856 5728 2912 5780 ν,
2946 5712 3030 5768 l9.
3106 5711 3153 5746 "
3181 5711 3340 5766 Rom.
3383 5721 3506 5774 xm,
3544 5703 3627 5770 l3.
