4044 6224
368 300 482 365 σ8ἱ7

1558 296 1915 358 HESYCHII
1957 299 2420 362 PRESBYTER}

3528 295 3636 361 848

369 431 501 471 -ςίιιιι
532 422 586 468 et
618 409 890 466 feminalia
914 407 1029 463 vult
1064 422 1208 473 esse,
1245 421 1352 462 non
1389 423 1452 463 ex
1484 408 1626 475 lana,
1652 411 1780 480 quia
1815 410 1952 465 linea
1987 420 2026 474 Α
2053 411 2175 467 Non
2211 414 2386 468 solum
2419 413 2564 468 enim
2599 412 2757 468 nobis
2785 411 2839 467 in
2874 411 2980 478 die,
3010 409 3103 467 sed
3136 420 3191 466 et
3245 416 3426 476 nocte,
3472 409 3524 464 id
3555 421 3641 466 est

380 505 553 561 vestis
603 502 820 567 habilis,
879 501 1208 571 molliusque
1253 501 1539 556 adhzerens
1593 512 1677 557 est
1718 503 1956 573 corpori,

381 610 573 666 aspera
603 603 784 648 autem
838 608 901 646 ea
933 608 1053 662 quae
1088 608 1154 650 ex
1192 593 1314 647 lana
1353 601 1456 646 est.
1508 592 1587 647 Ex
1648 609 1757 662 quo
1801 593 1962 649 docet

384 687 510 756 quia
546 685 781 739 humiles
809 685 1147 754 multumque
1179 685 1522 740 coliterentes
1570 695 1698 739 sunt
1744 685 1960 748 animm,

377 777 590 849 justitia
628 786 684 832 et
702 777 960 842 castitas;
987 776 1256 845 simulque
1273 777 1376 830 hoc
1408 777 1589 841 docet,
1622 777 1745 846 quia
1767 791 1964 846 quent-

384 869 676 924 admodum
742 867 914 922 linum
959 854 1367 936 facile-"cuique
1401 868 1468 922 ad
1519 868 1850 929 habendum,
1885 867 1964 922 sic

384 961 613 1014 virtutes
640 959 948 1014 volentibus
970 973 1063 1012 eas
1095 960 1352 1027 consequi
1384 958 1567 1014 faciles
1595 968 1722 1013 sunt
1742 967 1824 1013 :et
1844 973 1964 1027 quae

384 1051 494 1105 cito
525 1049 772 1118 conquiri
801 1057 1050 1120 possunt.
1078 1049 1172 1103 llis
1199 1060 1381 1104 autem
1406 1049 1678 1113 indutum,
1703 1050 1858 1119 jubet
1879 1047 1963 1102 of-

321 1143 325 1150 ’
390 1143 534 1198 ferre
566 1143 781 1197 cineres
818 1141 1120 1196 holocausti
1167 1156 1304 1210 quos
1330 1141 1467 1210 ignis
1499 1139 1834 1209 consumpsit
1898 1139 1966 1194 de

387 1235 566 1290 altari.
601 1233 739 1299 Quid
774 1248 872 1302 per
895 1231 1012 1286 haec
1037 1232 1260 1291 docens.
1287 1232 1390 1286 nisi
1421 1240 1479 1285 ut
1507 1231 1964 1300 quemadmodum

391 1325 566 1381 hostia
588 1323 920 1386 aufertur,id
949 1331 1034 1376 est
1063 1322 1386 1376 sacriﬁcium
1413 1323 1554 1390 quod
1575 1333 1852 1391 peractum
1885 1329 1968 1375 est

389 1417 866 1479 holocautomatis,
917 1424 976 1468 ut
1009 1413 1152 1468 aliud
1180 1414 1376 1467 iterum
1435 1413 1612 1467 simile
1681 1413 1963 1476 offeratur,

389 1510 465 1564 ita
498 1519 552 1564 et
572 1525 674 1563 nos
704 1508 1000 1572 faciamus;
1039 1507 1269 1560 virtutes
1316 1507 1517 1576 quippe
1572 1521 1708 1575 quas
1765 1520 1968 1574 coope-

392 1611 549 1656 rante
575 1600 779 1671 Spiritu
806 1599 1066 1670 gerimus,
1096 1597 1369 1667 sigillatim
1429 1597 1694 1651 debemus
1742 1611 1964 1666 ponere,

393 1702 454 1748 ut
483 1694 616 1748 alias
651 1706 841 1746 rursus
871 1704 1159 1760 operemur
1196 1706 1208 1741 :
1259 1697 1314 1742 et
1343 1704 1452 1742 non
1494 1697 1704 1743 tantum
1763 1702 1968 1757 praece-

2063 520 2172 558 non
2202 506 2376 560 solum
2402 506 2456 560 in
2492 507 2735 576 tempore
2767 503 3097 565 sobrietatis,
3130 504 3226 559 sed
3278 511 3334 556 et
3383 500 3641 572 intelligi-

2063 593 2155 647 bili
2183 602 2364 657 nocte,
2395 596 2463 650 de
2492 612 2596 665 qua
2638 596 2836 649 Paulus
2883 595 3098 649 dicebat
3147 613 3160 648 :
3199 594 3318 647 Non
3358 610 3478 664 ergo
3514 595 3640 646 dor-

2065 686 2292 740 miamus
2321 689 2455 741 sicut
2476 697 2522 742 et
2553 689 2731 742 ctcteri
2756 704 2858 740 non
2879 687 3120 740 habentes
3143 702 3304 756 spem,
3329 686 3417 738 sed
3440 684 3642 755 _cigife-

2065 793 2180 830 mus
2209 786 2256 830 et
2285 779 2444 831 sobrii
2473 780 2634 832 simus
2671 798 2682 831 :
2718 778 2807 846 qui
2851 778 2984 830 enim
3027 777 3309 836 dormiunt,
3343 786 3487 826 nocte
3515 775 3642 826 dor-

2066 869 2232 920 miunt
2265 885 2282 921 :
2329 878 2377 922 rt
2410 871 2499 939 qui
2548 870 2676 923 ebrii
2712 878 2852 929 sunt,
2887 877 3034 920 nocte
3073 867 3206 920 ebrii
3247 876 3368 920 sunt
3399 867 3463 918 ’9.
3501 866 3643 934 Ignis

2065 960 2295 1015 sufficiat
2320 961 2843 1014 subministrationis
2876 959 3121 1029 spiritus,
3155 959 3208 1011 in
3248 974 3355 1027 quo
3397 958 3639 1011 ordinari

2066 1060 2277 1121 oportet
2324 1051 2717 1120 intelligibilem
2757 1050 3011 1114 hostiam,
3049 1057 3104 1102 et
3132 1048 3343 1117 adipem
3389 1047 3644 1117 paciﬁco-

2067 1157 2208 1207 rum,
2227 1156 2387 1210 quem
2410 1139 2548 1193 LXX
2570 1140 2807 1193 salutare
2826 1138 3132 1194 ediderunt.
3153 1137 3286 1202 Quia
3310 1152 3405 1206 per
3424 1137 3640 1206 adipem

2067 1233 2397 1288 desiderium
2431 1230 2722 1300 significari
2756 1229 2810 1282 in
2833 1229 3200 1300 paciﬁcorum,
3227 1243 3322 1282 seu
3346 1228 3398 1280 in
3419 1227 3642 1280 salutari

2067 1324 2334 1379 sacriﬁcio
2367 1323 2621 1383 diximus.
2653 1331 2713 1375 ut
2742 1321 3073 1376 desiderium
3111 1319 3422 1373 salvationis
3452 1319 3645 1372 offerat

2067 1429 2162 1467 seu
2192 1413 2474 1473 devoveat,
2527 1411 2619 1480 qui
2659 1411 2872 1481 spiritui
2928 1419 3076 1465 totus
3123 1409 3297 1462 factus
3355 1409 3642 1478 spiritalis,

2066 1505 2203 1559 nihil
2242 1503 2519 1558 materiale
2556 1503 2784 1566 habens,
2816 1501 2953 1555 nihil
3000 1501 3262 1554 miserum
3303 1515 3482 1568 neque
3532 1507 3644 1552 ter-

2069 1611 2284 1658 renum,
2309 1610 2371 1648 ac
2399 1593 2543 1663 quod
2579 1608 2680 1647 nos
2709 1593 2985 1663 legislator
3010 1607 3213 1646 vocans
3261 1613 3272 1646 :
3320 1591 3642 1662 Ignis,.ait,

2069 1695 2154 1740 est
2182 1687 2276 1739 iste
2305 1693 2598 1755 perpetuus,
2630 1686 2718 1754 qui
2746 1700 3010 1753 nunquam
3044 1683 3240 1751 deﬁciet
3280 1684 3342 1736 de
3374 1682 3555 1737 altari.
3575 1711 3648 1723 —

389 1785 644 1842 dentibus
679 1781 921 1838 contenti
955 1781 1142 1844 simus,
1170 1780 1264 1835 scd
1300 1789 1352 1834 et
1407 1779 1540 1832 alias
1586 1779 1963 1848 adjungamus,
1995 1781 2040 1837 Β
2065 1774 2298 1843 Spiritus
2321 1776 2468 1830 enim
2525 1784 2600 1828 est
2627 1775 2786 1840 Deus,
2814 1785 2862 1828 et
2880 1776 2969 1846 qui
2999 1762 3226 1827 a'dorant
3253 1790 3390 1837 eum,
3424 1775 3478 1826 in
3532 1774 3636 1841 spi-

389 1875 845 1947 quemadmodum
895 1873 940 1927 is
968 1872 1058 1942 qui
1084 1871 1253 1926 currit
1285 1870 1600 1940 relinquens
1631 1879 1961 1932 transcursa,

390 1967 458 2021 ad
493 1965 702 2034 reliqua
725 1960 990 2019 currenda
1027 1959 1344 2030 contendit:
1379 1958 1506 2028 quia
1532 1957 1783 2012 videlicet
1811 1956 1966 2010 aliter

390 2058 456 2112 ad
481 2055 726 2111 brat-ium
765 2067 877 2106 non
933 2050 1136 2121 poterit
1187 2048 1494 2119 pervenire.
1551 2046 1778 2116 Propter
1821 2045 1966 2115 quod

391 2135 764 2202 eum'auferri
805 2141 874 2195 de
929 2139 1084 2193 altari
1135 2138 1486 2209 prmcepissct
1527 2145 1970 2191 consummatum

390 2240 515 2311 igne
538 2237 938 2299 holocaustum,
968 2231 1096 2303 poni
1125 2231 1426 2300 illudjuxta
1476 2230 1646 2283 altare
1666 2228 1926 2299 praecepit
1950 2245 1964 2284 :

389 2343 514 2385 esse
567 2340 750 2384 autem
785 2323 1060 2380 Christum
1113 2321 1564 2378 holocautomatis
1613 2321 1783 2375 altare
1827 2319 1967 2375 dixi-

389 2438 528 2478 mus.
559 2420 884 2475 Auferamus
918 2429 1048 2486 ergo
1073 2415 1120 2468 ei
1165 2412 1295 2468 olim
1344 2427 1510 2482 opere
1563 2419 1971 2467 consummatas

387 2517 641 2580 virtutes,
673 2510 892 2583 quando
939 2507 1202 2564 habemus
1234 2516 1479 2576 tempora
1529 2505 1630 2560 has
1685 2502 1968 2575 operandi,

388 2607 545 2677 quasi
573 2622 684 2660 non
718 2603 878 2658 nobis
898 2601 1132 2672 imputet
1156 2598 1527 2669 praecedentes
1553 2595 1968 2667 negligentibus,
2005 2639 2008 2642 .

390 2697 434 2752 si
463 2711 575 2750 non
606 2709 769 2763 super
797 2707 890 2748 cas
927 2691 1060 2746 alias
1082 2687 1498 2744 constituamus.
1541 2687 1741 2741 Probat
1791 2694 1972 2739 autem

390 2789 512 2842 haec
536 2785 789 2841 Ezechiel
813 2799 937 2838 cum
972 2782 1146 2837 dicit:
1181 2779 1241 2837 Si
1283 2781 1467 2834 dixero
1502 2779 1648 2848 justo
1689 2778 1826 2848 quod
1864 2779 1971 2830 vita

380 2878 550 2942 'tiivat,
573 2885 620 2930 et
637 2875 857 2944 conﬁsus
874 2875 927 2927 in
937 2874 1156 2943 justitia
1180 2889 1276 2926 sua
1290 2871 1466 2943 fecerit
1490 2868 1842 2940 iniquitatem,
1861 2885 1974 2922 ont-

387 2967 715 3038 nes'justitite
726 2967 840 3036 ejus
855 2965 1100 3020 oblivioni
1121 2966 1419 3029 tradentur,
1434 2971 1481 3019 et
1505 2964 1558 3017 in
1580 2963 1860 3032 iniquitate
1875 2979 1971 3016 sua

390 3075 550 3130 quam
569 3068 816 3127 operatus
840 3065 933 3124 est,
961 3058 1016 3110 in
1037 3057 1150 3128 ipsa
1175 3059 1427 3111 morietur
1449 3057 1516 3113 ³⁸.
1539 3055 1776 3126 Imputat
1791 3063 1970 3110 autem

2070 1863 2176 1914 ritu
2212 1872 2259 1914 et
2285 1863 2500 1916 veritate
2518 1873 2716 1932 oportet
2756 1864 2984 1917 adorare
3007 1862 3094 1915 '9‘.
3121 1863 3274 1918 Unde
3303 1872 3357 1918 et
3391 1862 3643 1933 intelligi-

2069 1953 2179 2008 bile
2206 1953 2395 2016 altare,
2418 1954 2562 2024 quod
2591 1953 2889 2009 estChristi
2907 1969 3128 2026 corpus,
3151 1953 3648 2025 inexstinguibilem

2071 2045 2235 2100 habet
2267 2045 2442 2115 ignem
2473 2046 2989 2102 subministrationis
3018 2047 3261 2116 spiritus.

2143 2133 2308 2190 Vens.
2337 2135 2520 2192 14-18.
2561 2156 2578 2188 ‹
2615 2137 2740 2191 llaec
2769 2147 2851 2192 est
2889 2139 2975 2192 lex
2999 2138 3248 2193 sacrificii
3273 2148 3329 2194 et
3379 2138 3650 2194 libamen-

2073 2229 2275 2287 torum,
2297 2238 2418 2291 qua:
2449 2223 2683 2279 oﬂerent
2711 2225 2805 2280 filii
2829 2228 3008 2281 Aaron
3059 2242 3242 2281 coram
3300 2225 3552 2292 Domino,
3594 2235 3654 2282 et

2075 2330 2256 2369 coram
2288 2316 2462 2370 altari.
2501 2314 2675 2371 Tollct
2701 2317 2954 2372 sacerdos
2998 2318 3257 2386 pugillnm
3289 2317 3498 2384 similae,
3529 2333 3654 2387 quae

2075 2421 2369 2474 conspersa
2389 2417 2472 2461 est
2499 2407 2641 2472 oleo,
2661 2417 2714 2462 et
2746 2416 2917 2462 totum
2946 2409 3072 2463 thus
3091 2411 3236 2478 quod
3295 2426 3462 2480 super
3487 2412 3646 2465 simi-

2076 2497 2181 2551 lam
2205 2498 2440 2567 positum
2461 2507 2564 2564 est,
2597 2499 2943 2569 adolebitque
2996 2501 3127 2555 illud
3157 2503 3210 2555 in
3231 2502 3385 2556 altari
3411 2505 3462 2557 iu
3481 2504 3656 2558 moni-

2077 2597 2321 2642 mentum
2349 2589 2534 2642 odoris
2567 2590 2876 2643 suavissimi
2915 2591 3146 2645 Domino
3183 2609 3196 2646 :
3241 2592 3501 2662 reliquam
3552 2609 3655 2647 auo

2079 2687 2188 2734 tem
2222 2687 2432 2748 partem
2468 2679 2655 2734 similae
2678 2678 2935 2735 comedet
2983 2682 3160 2735 Aaron
3193 2699 3318 2737 cum
3368 2683 3492 2738 ﬁliis
3536 2685 3654 2740 suis

2077 2769 2283 2837 absque
2312 2768 2600 2833 fermento,
2637 2779 2691 2823 et
2717 2769 2966 2825 comedet
3017 2771 3070 2824 in
3107 2772 3224 2826 loco
3255 2775 3545 2827 sanctuarii
3570 2784 3654 2828 ta-

2077 2859 2376 2916 bernaculi.
2409 2860 2534 2914 Ideo
2569 2867 2749 2914 autem
2773 2875 2879 2914 non
2912 2859 3350 2927 fermentabitur,
3381 2864 3503 2934 quia
3524 2879 3653 2933 pars

2079 2956 2199 3025 ejus
2227 2954 2280 3008 in
2306 2954 2537 3009 Domino
2559 2953 2787 3008 oﬁ'ertur
2817 2955 3121 3010 incensum.
3152 2955 3412 3012 Sanctum
3441 2968 3656 3013 saneto-

2079 3061 2199 3101 rum
2224 3045 2345 3112 erit,
2363 3033 2509 3100 sicut
2539 3061 2637 3116 pro
2656 3055 2879 3116 peccato
2898 3057 3059 3116 atque
3089 3049 3307 3103 delicto.
3338 3047 3510 3103 Mares
3527 3056 3654 3103 tan-

383 3127 436 3204 si
475 3150 748 3221 praeterita
771 3148 986 3204 'futnris
1020 3164 1314 3221 augeamus
1353 3161 1514 3221 atque
1540 3148 1928 3205 conﬁrmemus
1958 3164 1971 3200 :
2003 3127 2044 3184 θ
2080 3146 2194 3192 lum
2225 3137 2412 3208 ειίτρίε
2461 3140 2641 3192 Aaron
2701 3139 2991 3193 comedent
3031 3140 3183 3206 illud,
3231 3141 3532 3212 legitimum
3586 3157 3654 3198 ac

389 3243 536 3300 unde
559 3243 715 3313 juxta
761 3241 929 3296 altare
959 3235 1527 3311 jubet'holocaustum
1580 3244 1732 3314 poni,
1791 3251 1976 3297 servat

393 3333 534 3390 enim
569 3333 731 3388 nobis
761 3332 1214 3404 Christus'jnstus
1240 3335 1426 3404 judex,
1468 3349 1806 3405 quaecunque
1831 3335 1975 3390 bona

392 3425 684 3496 egerimus,
719 3424 765 3478 si
787 3439 898 3479 non
932 3425 1049 3480 haec
1081 3441 1177 3496 per
1203 3426 1419 3497 iniquas
1463 3428 1709 3482 actiones
1759 3443 1972 3498 praeva-

390 3513 543 3569 ricati
571 3513 866 3571 fuerimus.
896 3512 1126 3585 Propter
1179 3514 1286 3570 hoc
1329 3517 1490 3571 etiam
1539 3518 1756 3588 Spoliari
1806 3519 1973 3574 vesti-

390 3604 612 3670 mentis,
646 3611 703 3660 et
735 3604 890 3660 indui
917 3605 1056 3671 aliis,
1084 3614 1138 3662 et
1167 3605 1350 3661 eﬂ‘erri
1374 3606 1586 3663 cineres
1611 3617 1761 3664 extra
1793 3617 1972 3663 castra

391 3696 445 3752 in
477 3696 599 3752 loco
624 3696 987 3752 mundissimo
1012 3697 1194 3768 jussit,
1232 3714 1342 3755 non
1379 3701 1604 3756 alterius
1631 3700 1846 3774 generis
1870 3715 1973 3756 nos

391 3789 753 3857 vestimentis,
799 3797 953 3846 extra
1009 3806 1072 3846 ea
1115 3807 1240 3862 quae
1285 3792 1439 3863 prius
1505 3792 1659 3859 dixit,
1712 3793 1969 3849 induens.

389 3879 577 3951 Neque
608 3881 754 3937 enim
791 3896 890 3952 pro
912 3881 1055 3936 linea
1083 3891 1235 3937 veste
1291 3883 1444 3938 indui
1493 3883 1648 3939 lanea
1681 3900 1783 3939 nos
1831 3900 1972 3956 prte-

384 3975 556 4044 cepit,
582 3975 678 4029 sed
711 3975 979 4029 hocidem
1026 3975 1194 4030 multa
1248 3976 1550 4047 signiﬁcat;
1596 3977 1650 4033 id
1701 3987 1785 4033 est
1826 3978 1970 4047 quod

382 4079 512 4134 qua:
537 4064 689 4134 prius
718 4073 838 4118 aeta
869 4074 1028 4135 atque
1044 4076 1293 4136 correpta
1316 4078 1583 4131 sunt,non
1612 4068 1968 4138 imputentur,

286 4223 293 4229 η
385 4160 609 4229 quando
639 4168 854 4230 tempus
885 4170 968 4216 est
997 4161 1099 4215 alia
1118 4163 1434 4233 peragendi.
1465 4161 1528 4215 Et
1557 4173 1844 4234 propterea
1870 4165 1969 4218 de-

390 4257 660 4320 ponentcs
722 4250 1109 4305 vestimentum
1168 4252 1339 4322 prius,
1379 4253 1524 4308 aliud
1571 4255 1678 4308 tale
1721 4255 1839 4308 vult
1887 4255 1970 4308 in-

389 4341 506 4397 dui.
541 4341 702 4398 Extra
759 4354 936 4398 castra
982 4353 1161 4399 autem
1229 4345 1284 4399 in
1327 4345 1509 4401 locum
1552 4346 1969 4402 mundissimum

2075 3229 2549 3299 sempiternumin
2595 3231 3036 3300 generationibus
3089 3234 3284 3288 vestris
3329 3233 3395 3288 de
3441 3234 3654 3288 sacriﬁ-

2073 3321 2173 3376 ciis
2211 3320 2446 3376 Domini.
2482 3319 2672 3376 Omnis
2727 3321 2820 3391 qui
2872 3323 3108 3394 tetigerit
3153 3325 3242 3380 illa
3286 3327 3654 3382 sanctificabi-

2075 3424 2183 3470 tur.
2215 3433 2234 3468 ι

2143 3525 2492 3582 Meminimus
2538 3525 2761 3582 beatum
2791 3525 3018 3606 Paulum
3049 3527 3285 3584 dixisse:
3337 3529 3537 3584 Eadem
3561 3532 3651 3585 di-

2073 3635 2186 3674 cere
2219 3619 2349 3672 mihi
2373 3634 2472 3671 non
2492 3618 2724 3689 pigrum,
2787 3619 2928 3674 vobis
2981 3629 3159 3674 autem
3207 3623 3647 3679 necessarium“.

2072 3708 2247 3775 Quam
2277 3707 2640 3762 intentionem
2665 3709 2718 3762 in
2749 3710 3005 3778 praesenti
3043 3709 3164 3763 loco
3196 3711 3398 3764 habere
3437 3711 3651 3782 legisla-

2073 3807 2158 3852 tor
2192 3797 2427 3863 videtur,
2470 3797 2738 3853 reiterans
2768 3815 2888 3868 qua:
2918 3799 3088 3854 semel
3116 3801 3388 3869 exposuit,
3421 3811 3480 3856 ut
3511 3801 3652 3854 mul-

2074 3888 2243 3959 tiplici
2266 3889 2602 3959 repetitione
2641 3888 2881 3943 mandati
2931 3888 3159 3960 legentis
3205 3890 3272 3944 ad
3329 3891 3645 3946 memoriam

2073 3982 2374 4028 revocaret.
2399 3972 2678 4038 Quatenus
2707 3983 2888 4028 autem
2933 3989 3030 4044 per
3081 3975 3462 4045 repetitionem
3513 3977 3649 4047 legis

2073 4065 2504 4119 necessariorem
2535 4065 2790 4120 redderet
2833 4065 3152 4132 lectionem,
3194 4067 3495 4138 interponit
3543 4068 3647 4122 ali-

2071 4155 2198 4224 quid
2230 4156 2482 4225 amplius,
2509 4158 2664 4227 cujus
2719 4157 2890 4226 gratia
2923 4157 3292 4212 necessarium
3325 4159 3428 4214 hoc
3488 4175 3642 4214 man-

2073 4248 2258 4302 datum
2290 4258 2344 4302 et
2371 4248 2739 4303 inexcusabile
2799 4249 2963 4304 nimis
2988 4250 3292 4305 exsisteret.
3317 4252 3468 4306 Sicut
3516 4268 3645 4323 ergo

2075 4341 2128 4395 in
2154 4341 2594 4411 praecedentibus
2613 4341 2687 4396 .de
2730 4341 3062 4398 holocaustis
3114 4343 3376 4399 sacriﬁcia
3409 4346 3645 4414 iteravit,

389 4434 594 4499 efl'erri,
621 4435 675 4492 id
732 4447 816 4492 est
869 4438 1200 4507 praemittere
1251 4437 1318 4491 ad
1365 4437 1609 4493 futurum
1657 4438 1962 4509 judicium;
2001 4465 2043 4520 υ
2073 4435 2412 4505 permiscens
2442 4435 3134 4507 eisassiduitatem,ipsius
3157 4447 3241 4493 est
3261 4439 3406 4494 enim
3427 4441 3646 4512 utignis

390 4525 524 4582 illud
555 4528 701 4582 enim
740 4537 890 4584 extra
917 4537 1094 4584 castra
1123 4539 1203 4586 est
1229 4530 1514 4602 prazsentis
1533 4530 1738 4594 Steculi,
1769 4539 1824 4586 et
1888 4530 1968 4586 lo-

389 4631 488 4671 cus
516 4627 602 4673 est
662 4620 918 4685 mundus,
952 4619 1078 4688 quia
1122 4621 1189 4674 ab
1220 4620 1368 4674 omni
1416 4621 1769 4690 corruptione
1807 4636 1967 4674 mun-

390 4707 521 4762 dum
547 4718 632 4763 est
666 4708 831 4764 futuri
861 4711 1038 4766 sazculi
1069 4710 1358 4781 judicium.
1391 4710 1497 4766 Sed
1528 4711 1658 4782 quid
1703 4719 1786 4767 est
1822 4712 1968 4782 quod

391 4799 638 4854 addidit?

461 4890 605 4962 Ignis
633 4901 810 4945 autent
840 4893 894 4946 in
919 4891 1081 4948 altari
1109 4911 1309 4964 semper
1335 4895 1557 4960 ardebit,
1594 4913 1742 4968 quem
1773 4895 1967 4950 nutriet

390 4984 634 5038 sacerdos
693 4983 972 5054 subjiciens
1033 4985 1174 5057 ligna
1226 5003 1381 5040 mane
1428 5004 1522 5055 per
1559 4987 1793 5057 singulos
1838 4987 1968 5042 dies.

391 5074 862 5142 Quemadmodum
893 5089 1020 5146 ergo
1044 5076 1273 5130 materia
1303 5077 1442 5146 ignis
1469 5086 1596 5130 sunt
1623 5076 1786 5147 ligna,
1809 5091 1970 5130 mane

390 5176 570 5221 autem
601 5182 664 5221 ea
704 5166 858 5236 jubet
890 5167 1146 5235 componi
1182 5182 1197 5219 :
1234 5166 1314 5220 sic
1365 5167 1528 5222 nobis
1572 5177 1700 5223 sunt
1741 5169 1968 5222 materia

389 5257 915 5312 subministrationis
945 5257 1171 5327 spiritus
1213 5257 1412 5312 divinae
1461 5257 1596 5329 legis
1633 5259 1963 5325 testimonia,

389 5357 446 5402 ct
474 5365 756 5404 sacrorum
798 5349 1141 5419 eloquiorum
1177 5347 1482 5414 meditatio,
1525 5364 1645 5419 quae
1673 5349 1814 5421 ligna
1843 5365 1963 5404 esse

391 5437 552 5510 Supra
587 5442 839 5496 diximus.
872 5443 1016 5512 Ergo
1049 5443 1167 5496 haec
1201 5456 1361 5495 mane
1395 5441 1450 5495 in
1490 5441 1695 5496 lumine
1741 5459 1967 5511 compo-

392 5545 520 5585 nere
535 5533 812 5598 dcbcmus,
829 5534 881 5588 id
896 5534 1043 5589 estin
1064 5533 1358 5605 vigilantia,
1371 5540 1426 5588 et
1438 5534 1728 5589 sobrietate
1749 5535 1963 5589 animae.

495 5725 539 5756 τ’
563 5722 758 5777 Ezeeh.
785 5740 974 5791 xxxut,
1009 5729 1091 5782 13.
1170 5728 1260 5781 ”1
1309 5729 1504 5784 Thess.
1527 5746 1582 5794 v,
1610 5729 1664 5795 6,
1710 5730 1762 5783 7.

1852 5731 1918 5762 ’9‘
1957 5729 2112 5786 Joan.
2147 5748 2221 5797 tv,
2256 5733 2344 5786 Ἡ.

2071 4526 2164 4596 qui
2208 4527 2263 4581 in
2294 4527 2448 4581 altari
2474 4535 2577 4592 est,
2615 4542 2830 4598 semper
2875 4531 3064 4585 ardeat
3096 4547 3486 4602 nunquamque
3511 4533 3646 4588 defiv

2072 4617 2210 4672 ciat:
2237 4617 2315 4673 sic
2343 4627 2399 4673 et
2428 4635 2576 4701 nunc
2598 4634 2722 4674 cum
2760 4621 3088 4677 sacriﬁcium
3110 4623 3303 4680 similae
3333 4625 3650 4681 deduxisset

2072 4711 2141 4766 ad
2171 4712 2436 4776 medium,
2471 4728 2742 4784 perquam
2769 4714 3066 4786 signiﬁcari
3097 4717 3423 4787 theologiam
3459 4719 3512 4773 in
3546 4719 3648 4773 hu-

2067 4804 2158 4872 jus
2220 4804 2346 4859 libri
2401 4805 2628 4860 exordio
2673 4806 3190 4877 demonstravimus,
3244 4811 3474 4875 addidit,
3521 4811 3647 4882 quia

2074 4903 2290 4962 oportet
2315 4911 2434 4954 cam
2453 4895 2506 4949 in
2537 4896 2654 4952 loco
2683 4907 2890 4954 tantum
2935 4911 3142 4967 sancto,
3179 4917 3209 4956 a
3236 4903 3511 4969 masculis,
3535 4919 3646 4960 non

2072 4997 2256 5040 autem
2291 4987 2512 5056 ubique,
2552 4997 2646 5043 aut
2679 4990 2840 5045 etiam
2869 4991 2938 5046 ab
2977 4993 3235 5048 omnibus
3281 4995 3532 5050 comedi:
3578 4996 3646 5051 de

2071 5092 2176 5146 qua
2214 5076 2340 5132 vide
2366 5079 2546 5147 qualia
2573 5079 2736 5134 etiam
2791 5098 2938 5137 nunc
2967 5085 3245 5154 praecepit.
3283 5083 3405 5138 Herc
3441 5097 3513 5139 est
3565 5087 3649 5141 lea:

2069 5171 2322 5239 sacriﬁcii
2375 5180 2422 5224 et
2458 5171 2863 5228 libamentorum
2910 5191 3027 5244 qua:
3067 5177 3280 5244 offerent
3324 5176 3426 5245 ﬁlii
3471 5179 3647 5232 Aaron

2070 5277 2254 5314 coram
2281 5261 2524 5326 Domino,
2553 5275 2599 5317 et
2620 5281 2800 5318 coram
2856 5266 3040 5321 altari.
3091 5267 3203 5322 Hoc
3248 5283 3376 5338 ergo
3421 5269 3490 5324 de
3541 5285 3648 5340 quo

2069 5368 2218 5408 nunc
2246 5367 2427 5408 sermo
2457 5366 2562 5417 est,
2588 5356 2681 5410 ﬁlii
2720 5357 2921 5422 Aaron,
2947 5360 3000 5414 id
3034 5369 3118 5414 est
3172 5362 3431 5415 sublimes
3461 5362 3513 5414 in
3563 5378 3650 5417 sa-

2072 5444 2276 5514 pientia
2307 5445 2573 5511 homines,
2608 5448 2706 5501 soli
2737 5449 2937 5504 oﬂ‘erre
2967 5451 3165 5506 debent
3194 5469 3372 5508 coram
3395 5453 3644 5519 Domino,

2075 5536 2128 5592 id
2162 5545 2245 5592 est
2267 5539 2564 5593 secundum
2588 5542 2732 5611 quod
2767 5539 2860 5596 Dei
2911 5544 3161 5600 voluntas
3179 5555 3282 5613 est,
3324 5561 3431 5600 non
3455 5561 3647 5617 super-

2441 5734 2484 5766 ³ο
2512 5733 2744 5806 Philipp.
2780 5753 2858 5802 tn,
2891 5738 2940 5792 1.
