4030 6240
415 396 532 462 849

1563 396 1648 457 ΙΝ
1687 396 2131 460 LEVITICUM.
2171 423 2235 432 -
2286 399 2431 460 LIB.
2475 397 2558 458 II.

3581 387 3686 455 850

426 512 532 566 ﬁua
564 511 617 566 in
649 510 835 566 divino
867 509 1083 580 eloquio
1117 508 1483 579 disputantes,
1515 509 1611 564 sed
1660 524 2005 580 quaecunque
2033 513 2080 569 A
2107 517 2323 580 oportet
2353 505 2666 564 omnimodo
2685 507 2752 564 de
2787 506 3072 564 divinitate
3113 505 3284 578 loqui,
3307 506 3424 565 sive
3473 505 3687 564 theolo-

427 606 586 662 nobis
607 605 856 661 Christus
875 605 1158 670 revelavit,
1184 607 1288 661 hoc
1311 606 1458 671 enim
1489 605 1733 676 intellige
1763 607 1909 676 quod
1932 605 2007 660 ait

429 712 609 751 coram
628 695 824 760 altari;
846 695 972 766 quia
1007 695 1179 749 altare
1208 709 1330 748 esse
1378 694 1774 748 humanitatem
1808 693 2010 766 Unige-

430 788 530 842 niti
583 787 1017 842 demonstratum
1071 795 1198 840 est:
1251 801 1381 856 ergo
1435 787 1492 840 in
1544 787 1631 842 his
1682 787 2006 858 theologiam

431 879 844 944 constituamus,
869 879 924 932 in
956 893 1075 948 qua:
1136 878 1294 932 nobis
1324 877 1639 933 incarnatus
1665 879 2010 932 lradiditDo-

433 965 632 1029 minus,
660 972 717 1018 ut
745 965 958 1020 Patrem
982 966 1034 1019 in
1060 981 1146 1030 eo,
1182 973 1237 1019 et
1290 967 1469 1036 ipsum
1510 969 1565 1020 in
1597 966 1758 1021 Patre
1806 967 2012 1038 cogite-

434 1071 577 1118 mus.
605 1065 660 1112 et
689 1057 755 1111 de
785 1065 978 1112 sancto
1001 1056 1208 1126 Spiritu
1259 1058 1520 1122 sciamus,
1575 1059 1698 1128 quia
1751 1066 1802 1112 et
1845 1059 2013 1127 ipsius

433 1159 516 1203 est
546 1147 684 1214 Filii,
719 1158 773 1203 ct
799 1164 828 1201 a
854 1128 1015 1203 Palre
1039 1150 1305 1218 procedit.
1346 1148 1472 1204 Haec
1500 1151 1646 1204 enim
1671 1151 1827 1206 nobis
1867 1149 2015 1204 sufﬁ-

434 1240 587 1292 ciunt
635 1239 702 1294 ad
751 1240 1078 1310 theologiam
1113 1257 1234 1310 qua:
1279 1242 1430 1312 juvat
1468 1251 1524 1297 et
1574 1243 1763 1296 salvat.
1809 1241 2015 1297 Altiora

434 1340 612 1385 autem
643 1333 910 1401 quispiam
947 1349 1199 1402 quaarens
1251 1335 1334 1388 vel
1373 1334 1749 1404 profundiora,
1802 1334 2018 1389 excidet

435 1422 503 1474 ah
533 1423 836 1477 intentione
859 1423 1125 1491 veritatis,
1153 1434 1209 1478 et
1236 1434 1444 1494 peccat.
1469 1424 1626 1480 Unde
1652 1425 1816 1480 etiam
1869 1440 2018 1480 nunc

437 1511 709 1580 legislator
757 1513 1022 1568 subdidit.

509 1601 670 1680 T.ollet
697 1604 940 1656 sacerdos
977 1604 1236 1674 pugillum
1275 1605 1469 1661 simila:
1491 1622 1609 1677 qua:
1647 1622 1925 1676 conspersa
1945 1616 2018 1662 est

438 1693 551 1748 oleo
583 1704 630 1747 et
652 1704 819 1748 totum
850 1696 967 1749 thus
1005 1697 1144 1765 quod
1179 1713 1338 1766 super
1369 1699 1600 1752 similam
1632 1701 1859 1769 positum
1919 1707 2018 1766 est,

441 1785 773 1855 adolebitque
827 1787 961 1840 illud
1007 1788 1060 1840 in
1105 1789 1267 1842 altari
1323 1790 1378 1842 in
1424 1792 1805 1845 monimentum
1848 1791 2022 1845 odoris

428 1876 739 1944 suavissimi
799 1876 1040 1931 Domino.
1087 1877 1220 1932 Cum
1273 1880 1614 1950 eleemosyna
1635 1888 1690 1934 et
1745 1881 2013 1944 oratione,

443 1966 526 2020 hac
553 1968 697 2020 enim
732 1966 1032 2037 ﬁgurantur
1070 1985 1168 2039 per
1193 1971 1376 2026 oleum
1397 1979 1452 2026 et
1484 1971 1633 2034 thus,
1667 1969 1867 2039 quibus
1914 1985 2016 2024 nc-

441 2061 678 2115 cessarie
708 2063 977 2132 theologia
1020 2063 1380 2133 conquiritur,
1431 2064 1714 2132 utriusque
1750 2063 2017 2134 siquidem

441 2149 796 2217 adjutorium,
841 2159 901 2204 ut
930 2167 1039 2205 non
1067 2153 1318 2207 excidant
1357 2167 1387 2206 a
1424 2153 1652 2206 veritate
1677 2154 1769 2222 qui
1813 2155 1879 2207 de
1912 2152 2020 2207 Deo

443 2241 760 2312 loquuntur,
807 2244 1180 2298 necessarium
1238 2243 1461 2298 habent.
1514 2243 1688 2313 llujus
1739 2244 1792 2297 in
1840 2243 2021 2298 moni-

441 2344 689 2387 mentum
728 2335 1082 2406 intelligibilis
1136 2336 1392 2391 sacerdos
1449 2335 1702 2390 Christus
1760 2336 2022 2406 pugillum

445 2423 602 2489 tollit,
618 2425 742 2493 quia
759 2440 969 2478 summa
985 2425 1228 2480 scientiae
1244 2426 1386 2494 apud
1404 2440 1530 2479 eum
1551 2435 1856 2494 permanet,
1876 2425 2023 2495 quod

446 2511 501 2566 in
530 2515 927 2568 monimentum
950 2515 1170 2584 quidem
1195 2525 1299 2578 est,
1325 2515 1450 2584 quia
1479 2516 1534 2569 in
1561 2525 1888 2586 perpetuum
1919 2516 2026 2571 erit

445 2617 794 2673 permansura
817 2606 1097 2660 memoria.
1117 2605 1302 2674 Neque
1319 2607 1463 2661 enim
1484 2608 1941 2676 quemadmodum
1961 2623 2024 2662 ea

445 2710 568 2764 quae
592 2711 738 2749 nunc
769 2707 851 2750 est
879 2706 1063 2750 nostra
1091 2697 1318 2752 scientia
1363 2708 1626 2766 provectu
1681 2700 1982 2754 destruitur
2007 2717 2023 2756 :

447 2787 576 2854 quia
627 2789 837 2857 quando
892 2789 1086 2842 venerit
1123 2789 1262 2858 quod
1311 2791 1598 2859 perfectum
1631 2801 1726 2855 est,
1765 2792 1909 2846 sicut
1949 2793 2027 2847 ait

448 2877 665 2942 Paulus,
700 2881 989 2939 destruitur
1011 2882 1149 2950 quod
1179 2897 1242 2934 ca:
1271 2893 1422 2949 parte
1445 2892 1518 2936 est
1538 2883 1602 2936 ³¹.
1630 2881 1722 2938 Sic
1751 2884 1858 2938 erit
1889 2893 1944 2938 et
1964 2899 2027 2940 ea

450 2990 570 3041 quae
601 2974 742 3042 apud
761 2974 1039 3028 Christum
1087 2984 1191 3039 est,
1249 2989 1411 3044 quam
1471 2976 1628 3030 nobis
1680 2977 1736 3029 in
1784 2976 2028 3032 futurum

455 3065 732 3128 sa'culum,
758 3074 817 3119 ut
841 3065 1254 3134 periectioribus
1309 3075 1438 3121 tunc
1493 3066 1812 3132 efﬁciendis,
1855 3084 2029 3123 reser-

2107 599 2248 672 giam
2274 613 2529 654 exercere
2569 615 2583 651 :
2634 598 2700 653 In
2759 596 3006 654 Ecclesiis
3051 598 3222 664 enim,
3265 598 3361 664 ait,
3403 598 3688 653 benedicite

2110 691 2393 746 Dominum
2410 691 2477 746 ³⁹.
2511 689 2567 746 Si
2592 691 2713 761 quis
2743 701 2926 746 autem
2962 691 3017 746 in
3035 691 3199 746 domo
3232 691 3534 747 Ecclesiam
3592 691 3689 745 ha-

2107 787 2199 841 bet
2233 785 2329 852 (ait
2355 787 2555 856 quippe
2581 784 2781 839 Paulus
2815 801 2829 838 :
2862 782 3108 839 Salutate
3138 783 3461 854 Nympham,
3503 792 3552 839 et
3603 784 3692 837 do-

2111 876 2519 946 mesticamejus
2547 876 2838 930 Ecclesium
2871 875 2916 907 ³³
2953 893 2965 927 :
2998 874 3166 930 habet
3209 885 3393 930 autem
3433 875 3556 944 quis
3591 874 3690 929 do—

2113 971 2392 1026 mesticam
2415 969 2736 1035 Ecelesiam,
2770 968 2988 1038 quando
3009 967 3362 1036 semetipsum
3388 966 3694 1023 sanctiﬁca-

2112 1063 2252 1117 verit
2287 1061 2396 1117 Deo
2413 1068 2465 1115 et
2507 1076 2538 1115 a
2575 1059 2929 1114 saecularibus
2965 1058 3262 1113 cessaverit
3290 1057 3564 1130 negotiis),
3605 1058 3694 1111 hic

2115 1156 2278 1211 etiam
2320 1154 2466 1210 domi
2494 1154 2560 1208 de
2599 1153 2712 1208 Deo
2737 1151 2907 1222 loqui,
2937 1152 3050 1207 sive
3074 1151 3400 1224 the010giam
3438 1164 3693 1204 exercere

2115 1255 2315 1319 potest.
2351 1245 2512 1300 Tales
2546 1253 2696 1309 sunt,
2727 1243 2926 1314 quibus
2985 1258 3113 1313 pars
3147 1243 3213 1298 de
3265 1239 3548 1296 sacriﬁciis
3585 1239 3694 1293 Do.-

2118 1339 2274 1405 mini,
2305 1338 2358 1392 id
2388 1346 2473 1392 est
2508 1337 2654 1406 loqui
2682 1336 2750 1391 de
2789 1336 2921 1401 Deo,
2954 1334 3041 1390 vel
3104 1332 3395 1404 theologia,
3433 1331 3498 1386 de
3537 1329 3696 1396 donis

2119 1439 2174 1486 et
2201 1429 2571 1484 oblationibus
2603 1427 2787 1482 datur.
2823 1428 2898 1481 De
2942 1441 3051 1498 quo
3096 1425 3335 1481 subdidit
3369 1441 3384 1481 ε
3443 1423 3697 1478 Sanctum

2118 1531 2420 1576 sanctorum
2441 1523 2562 1587 erit,
2595 1521 2720 1590 quia
2741 1518 2924 1573 Sancti
2956 1528 3257 1573 sanctorum
3296 1516 3698 1587 contemplatio-

2121 1628 2239 1666 nem
2268 1611 2550 1681 possident.
2577 1609 2828 1664 Subdidit
2854 1619 3035 1664 autem
3071 1628 3084 1664 :

2194 1703 2340 1758 Sicut
2362 1719 2453 1772 pro
2482 1711 2691 1772 peccato
2720 1711 2878 1771 atque
2896 1701 3106 1754 delicto.
3141 1698 3330 1752 Simile
3363 1697 3493 1752 illud
3510 1697 3698 1753 volens

2123 1794 2415 1849 ostendere
2448 1808 2546 1863 pro
2564 1800 2810 1862 peccato,
2833 1800 2888 1846 et
2921 1790 3120 1846 delicto
3139 1789 3484 1845 sacriﬁcium.
3506 1788 3700 1846 Sermo

2123 1885 2269 1941 enim
2309 1884 2375 1939 de
2401 1884 2513 1940 Deo
2534 1883 2769 1938 maxime
2805 1882 2873 1936 ad
2903 1881 3240 1951 ereptionem
3271 1888 3326 1934 ct
3350 1877 3700 1933 emundatioe

2120 1992 2248 2032 nem
2283 1975 2482 2030 animae
2514 1975 2768 2040 habetur,
2824 1973 3042 2044 quando
3072 1972 3202 2028 oleo
3243 1980 3300 2027 et
3351 1970 3518 2036 thuri,
3552 1971 3700 2025 elec-

2121 2085 2360 2141 mosynaa
2391 2068 2644 2124 videlicet
2671 2076 2726 2123 et
2747 2066 3001 2133 orationi,
3027 2064 3356 2120 sacriﬁcium
3394 2061 3543 2118 verbi
3579 2061 3695 2126 Dei,

2123 2161 2177 2217 id
2207 2167 2288 2216 est
2315 2159 2623 2231 theologiae,
2662 2156 3030 2230 conjungitur,
3068 2147 3371 2212 secundum
3409 2154 3555 2224 quod
3597 2153 3703 2208 hoc

2121 2252 2400 2321 legislator
2437 2250 2622 2306 ofl‘erri
2655 2250 2933 2320 prmcepit,
2976 2263 3086 2302 non
3115 2247 3314 2301 frustra
3342 2245 3447 2300 hoc
3478 2244 3698 2314 iubens,

2124 2344 2218 2400 sed
2264 2343 2391 2414 quia
2422 2343 2782 2413 eleemosynis
2815 2351 2871 2396 et
2915 2340 3018 2396 fide
3053 2339 3386 2394 mundantur
3425 2345 3641 2407 peccata
3684 2356 3697 2391 :

2122 2417 2580 2507 quemadmodum
2637 2433 2890 2489 Salomon
2958 2433 3024 2487 in.
3077 2431 3384 2487 Proverbiis
3452 2428 3588 2482 dixit
3632 2428 3696 2482 ³³.

2196 2526 2390 2588 Mares,
2417 2522 2614 2592 inquit,
2641 2530 2846 2576 tantum
2868 2523 3046 2590 stirpis
3063 2522 3242 2574 Aaron
3265 2517 3702 2584 comedentillud,

2125 2609 2438 2680 Legitimum
2455 2627 2524 2663 ac
2538 2611 2910 2679 sempiternum
2927 2619 2999 2662 est
3022 2609 3077 2662 in
3095 2607 3514 2683 generationibus
3525 2607 3705 2661 vestris

2126 2702 2190 2753 de
2215 2701 2490 2769 sacriﬁciis
2510 2700 2738 2756 Domini.
2767 2702 2888 2755 Non
2915 2717 3044 2774 ergo
3078 2701 3322 2756 omnium
3356 2708 3442 2755 est
3469 2700 3537 2754 de
3597 2699 3704 2753 Deo

2128 2790 2428 2860 disputare,
2486 2791 2579 2845 sed
2635 2790 2824 2844 talium
2875 2790 2967 2859 qui
2995 2790 3132 2844 nihil
3165 2789 3510 2866 ‘femineum,
3565 2787 3705 2842 nihil

2128 2879 2334 2934 ﬂuxum
2360 2880 2414 2934 in
2443 2880 2860 2950 cogitationibus
2887 2880 3118 2946 habent;
3149 2879 3292 2949 quod
3325 2879 3625 2948 legitimum
3661 2884 3712 2932 et

2129 2984 2392 3026 aeternum
2425 2971 2480 3024 in
2511 2971 2956 3042 generationibus
2998 2971 3279 3035 eorum,id
3313 2979 3398 3025 est
3427 2970 3480 3024 in
3509 2983 3709 3039 perpe-

2133 3071 2286 3118 tuum
2317 3062 2579 3117 custodiri
2620 3063 2896 3132 praecepit,
2924 3071 2983 3117 ut
3032 3063 3085 3116 in
3117 3062 3266 3116 omni
3318 3070 3565 3130 tempore
3623 3058 3709 3111 in-

455 3153 622 3207 vavit.
645 3154 734 3208 Illa
754 3157 921 3220 enim,
952 3165 1140 3225 utpote
1165 3165 1540 3211 consummata
1559 3200 1573 3224 ,
1614 3159 1732 3212 sine
1753 3160 2029 3216 oblivione
2057 3172 2100 3231 ς,
2134 3154 2439 3218 tendamus,
2469 3156 2780 3210 nullatenus
2809 3155 2875 3210 de
2914 3154 3024 3210 DOO
3051 3155 3330 3225 displllal‘e
3360 3165 3710 3223 Ρτωειιωετθ»

456 3259 671 3314 semper
703 3248 756 3300 in
795 3251 1112 3302 memoriam
1152 3257 1354 3303 manet.
1411 3250 1564 3304 Sicut
1593 3261 1774 3305 autem
1797 3267 1918 3321 qua;
1943 3260 2029 3307 to-

457 3335 566 3391 tius
589 3353 799 3390 summa
828 3348 911 3392 est
930 3339 1228 3407 sapientiae,
1264 3339 1466 3410 pugillo
1493 3341 1746 3404 sumitur,
1775 3343 1903 3412 quia
1935 3360 2032 3413 per

463 3430 670 3499 singula
697 3431 868 3500 capita
896 3433 1158 3502 pugillum
1198 3449 1293 3502 per
1324 3434 1540 3502 Moysen
1594 3436 1648 3489 in
1691 3435 1830 3490 libro
1856 3436 2031 3490 Exodi

464 3537 561 3589 pro
613 3522 736 3574 ﬁliis
788 3522 951 3576 Israel
989 3524 1152 3592 jussit
1197 3523 1339 3580 Deus
1393 3526 1574 3580 ofl‘erri
1607 3545 1622 3581 :
1660 3525 1842 3597 itaque
1883 3543 2034 3583 sum-

455 3627 598 3666 mam
617 3613 959 3683 cognitionis,
977 3625 1031 3670 et
1048 3617 1299 3686 perfectae
1321 3617 1560 3672 scientiae
1577 3633 1697 3672 esse
1715 3621 1856 3689 apud
1874 3620 2034 3674 Chri-

455 3712 598 3757 stum
618 3704 890 3773 lc-gislator
905 3705 1248 3773 innuit.Quid
1265 3717 1446 3762 autem
1468 3709 1549 3763 his
1571 3711 1768 3764 subdat
1787 3711 2030 3766 intende.

533 3792 806 3861 Reliquam
861 3806 1038 3849 autem
1079 3807 1300 3865 partem
1329 3801 1518 3853 simila:
1569 3803 1800 3854 comedet
1855 3802 2034 3857 Aaron

459 3901 576 3936 cum
607 3885 872 3952 ﬁliissuis.
917 3885 985 3941 Ut
1013 3903 1121 3941 non
1179 3903 1245 3942 ex
1305 3897 1418 3943 toto
1457 3905 1487 3942 a
1530 3890 1798 3959 theologia
1847 3907 2033 3945 cesse-

460 3991 602 4037 mus,
635 3992 733 4044 pro
764 3992 829 4030 eo
857 3977 1000 4046 quod
1035 3994 1244 4032 smmna
1279 3981 1520 4034 scientiae
1542 3981 1594 4034 in
1629 3981 1872 4036 futurum
1898 3999 2032 4038 con-

459 4076 728 4133 servatur;
759 4085 879 4137 quae
903 4079 1086 4124 autem
1107 4071 1264 4125 nobis
1288 4071 1356 4125 ab
1395 4087 1461 4126 eo
1491 4053 1678 4126 relicta
1708 4083 1809 4138 est,
1849 4075 1901 4129 id
1953 4085 2036 4130 est

459 4159 679 4222 tradita,
700 4159 840 4212 hanc
867 4161 1156 4214 comedere
1181 4177 1280 4215 nos
1306 4162 1463 4231 jubet
1485 4163 1788 4230 scientiam,
1816 4176 1871 4221 et
1903 4183 2036 4237 ope-

459 4251 584 4311 rari,
617 4250 684 4304 de
713 4266 818 4319 qua
851 4251 1010 4304 nobis
1039 4259 1094 4305 et
1127 4262 1463 4322 praeceptum
1491 4264 1596 4317 est,
1623 4271 1852 4325 quaeque
1876 4259 2035 4313 nobis

457 4342 732 4398 sufficiens
758 4353 862 4408 est,
894 4352 947 4397 et
966 4343 1118 4411 juxta
1145 4354 1360 4400 nostras
1384 4347 1548 4402 vires.
1576 4349 1690 4404 Sed
1712 4352 2034 4406 intuendum

461 4433 547 4486 ubi
587 4436 727 4488 hanc
762 4443 816 4488 et
848 4437 1122 4503 quomodo
1159 4445 1408 4505 oporteat
1446 4441 1682 4508 operari.
1724 4441 1983 4512 Sequitur
2015 4461 2028 4498 :

529 4525 732 4594 Absque
799 4527 1086 4595 fermento,
1151 4539 1199 4583 et
1273 4534 1536 4597 comedet,
1595 4536 1651 4588 in
1714 4535 1825 4591 loco
1875 4555 2034 4592 sanc-

459 4618 622 4669 tuarii
672 4617 1019 4672 tabernaculi.
1072 4620 1190 4676 Non
1251 4625 1508 4693 coquitur
1565 4642 1689 4680 cum
1764 4627 2034 4686 fermento

458 4705 576 4772 Dei,
627 4724 804 4777 neque
851 4712 1149 4766 secundum
1202 4713 1484 4770 Judaicam
1543 4717 1870 4785 doctrinam,
1936 4736 2034 4775 ne-

457 4813 561 4865 que
632 4799 934 4852 secundum
999 4801 1198 4870 gentile
1261 4801 1588 4858 fermentum
1645 4823 1658 4860 :
1712 4805 1840 4874 quia
1919 4821 2030 4861 non

457 4890 694 4942 vultnos
721 4891 942 4946 verbum
962 4891 1128 4961 loqui,
1166 4893 1258 4947 sed
1293 4903 1353 4947 ut
1407 4895 1610 4948 munda
1658 4894 1730 4948 sit
1758 4896 1826 4950 ab
1880 4896 2029 4950 omni

457 4978 828 5045 permistione,
862 4988 914 5034 et
939 4981 1142 5050 absque
1169 4983 1318 5036 omni
1371 4982 1659 5038 fermento.
1685 4984 1908 5039 Comedi
1933 5001 2034 5040 au-

461 5073 566 5118 tem
602 5066 744 5121 illam
775 5067 827 5120 in
856 5069 992 5123 atrio
1017 5069 1348 5125 tabernaculi
1412 5072 1706 5127 testimonii
1751 5075 2030 5144 praecepit,

462 5155 655 5221 idest,
723 5160 936 5227 operari
993 5161 1049 5214 in
1098 5161 1356 5216 Ecclesia.
1410 5162 1843 5219 Tabernaculnm
1887 5166 2032 5221 enim

464 5248 778 5313 testimonii,
811 5253 1008 5308 caelum
1043 5264 1145 5319 est,
1184 5255 1238 5309 in
1279 5271 1388 5325 quo
1423 5258 1568 5326 quod
1630 5258 1837 5312 habitet
1865 5257 2031 5321 Deus,

463 5337 742 5406 Scriptura
766 5349 1014 5395 testatur.
1061 5347 1273 5400 Atrium
1313 5355 1494 5402 autem
1520 5347 1853 5402 tabernaculi
1879 5349 2034 5402 testi-

462 5427 650 5491 monii,
677 5429 728 5483 id
761 5439 844 5486 est
876 5434 1020 5496 coeli,
1051 5435 1295 5491 Ecclesia
1327 5447 1431 5500 est,
1496 5455 1606 5494 non
1653 5440 1829 5494 solum
1888 5439 2034 5495 sicut

458 5517 734 5584 introitus,
765 5529 822 5574 et
849 5523 1173 5579 vestibulum
1207 5527 1491 5591 caelorum,
1525 5529 1622 5582 sed
1645 5529 1806 5582 etiam
1837 5545 2032 5598 quem-

457 5609 749 5666 admodum
793 5612 988 5668 dornus
1052 5616 1170 5672 Dei.
1224 5617 1301 5673 lbi
1341 5633 1489 5690 ergo,
1547 5617 1597 5672 id
1653 5628 1756 5682 est,
1809 5619 1862 5673 in
1939 5635 2027 5686 ea,

549 5747 588 5780 "
624 5745 642 5800 l
679 5747 803 5804 Cor.
858 5766 980 5817 xm,
1033 5753 1116 5810 lO.

585 5753 642 5830 [ml
679 5753 803 5804 (30"-
858 5766 980 5830 I_|Il.
1033 5753 1116 5810 l0.
1244 5756 1287 5788 ³²
1310 5753 1454 5810 Psal.
1485 5771 1647 5821 van,
1682 5756 1770 5811 ‘27.

459 5816 502 5849 ⁸⁸
532 5816 550 5869 ι
585 5818 722 5874 ἰ’ἑηι.
787 5831 856 5884 tv‘,
880 5823 929 5875 .i.

2133 3247 2373 3317 quandiu
2397 3263 2494 3316 per
2521 3247 2782 3316 quasdam
2806 3246 3198 3301 declinationes
3243 3243 3574 3305 diﬂluentes,
3627 3240 3712 3296 vel

2134 3340 2422 3395 saeculares
2450 3340 2581 3394 alias
2605 3339 2939 3409 phantasias,
2972 3355 3000 3393 a
3020 3336 3711 3400 masculorumexcidimus

2133 3432 2416 3502 dignitate,
2450 3446 2517 3486 ne
2537 3439 2589 3485 ct
2612 3432 2766 3486 nobis
2783 3420 3036 3486 dicatur:
3065 3431 3339 3485 Pcccatori
3373 3440 3548 3482 autem
3579 3429 3712 3484 dixit

2137 3522 2487 3589 Deus,Quare
2509 3532 2563 3577 tu
2595 3540 2818 3577 enarras
2844 3525 3090 3593 justitias
3121 3540 3264 3577 meas
3303 3533 3350 3577 et
3378 3522 3602 3575 assumis
3637 3531 3712 3575 te-

2133 3625 2449 3670 stamentum
2472 3633 2642 3671 meum
2671 3634 2764 3688 per
2780 3634 2835 3671 os
2874 3626 3016 3671 tuum
3041 3618 3121 3670 3'?
3150 3615 3497 3672 Concludunt
3528 3621 3710 3671 autem

2136 3710 2276 3764 hanc
2300 3711 2470 3779 legem
2492 3709 2655 3764 verba
2684 3709 2999 3778 sequentia:

2205 3797 2384 3852 Omnis
2413 3797 2502 3867 qui
2521 3798 2747 3866 tetigerit
2765 3813 2827 3850 ea
2858 3794 3305 3865 sanctiﬁcabitur.
3364 3793 3560 3866 Tangit
3614 3808 3712 3849 au-

2139 3889 2384 3957 tem,qui
2410 3897 2532 3957 apte
2561 3889 2665 3942 hoc
2691 3887 2966 3956 praesumit
3026 3903 3208 3958 agere,
3269 3887 3531 3956 hicjuste
3583 3900 3713 3944 san.-

2136 3979 2464 4034 ctiﬁeabitur
2495 3977 2721 4033 :Omnis
2745 3977 2947 4047 quippe
2979 3977 3072 4030 Dei
3104 3978 3552 4031 commemoratio
3588 3990 3713 4031 san-

2136 4070 2523 4126 ctiﬁcationem
2555 4078 2796 4139 praestat,
2821 4068 2964 4138 quod
2989 4077 3216 4123 testatur
3246 4067 3464 4131 Paulus,
3482 4068 3670 4122 dicens
3695 4083 3708 4118 :

2137 4162 2272 4227 Quia
2304 4161 2470 4214 omnis
2497 4169 2740 4222 creatura
2773 4160 2866 4214 Dei
2905 4161 3059 4225 bona,
3096 4171 3142 4214 et
3201 4160 3332 4214 nihil
3370 4161 3710 4230 rejicicndum

2136 4252 2274 4324 quod
2291 4267 2407 4305 cum
2441 4251 2741 4322 gratiarum
2775 4250 2982 4303 actione
3033 4251 3320 4321 percipitur
3362 4251 3427 4304 ³⁸.
3459 4249 3712 4304 επιειίίίε

2137 4354 2292 4400 catur
2338 4351 2518 4397 autem
2573 4357 2672 4412 per
2713 4342 2942 4396 verbum
2975 4341 3073 4396 Dei
3122 4351 3178 4396 et
3231 4341 3563 4398 orationem.
3605 4340 3712 4396 Sed

2139 4451 2262 4491 cum
2297 4434 2429 4489 dicit
2475 4441 2785 4502 tangentem
2828 4431 3177 4495 sanctiﬁeari,
3238 4432 3396 4499 plane
3450 4431 3710 4495 ostendit,

2139 4527 2264 4596 quia
2293 4526 2346 4579 in
2379 4523 2708 4594 disputando
2739 4523 2806 4577 de
2841 4521 2969 4587 Deo,
3005 4522 3057 4576 id
3080 4532 3163 4577 est
3193 4521 3247 4575 in
3283 4522 3574 4592 theologia,
3601 4521 3715 4574 suf-

2141 4618 2254 4672 ﬁcit
2286 4617 2444 4671 nobis
2475 4615 2637 4668 etiam
2691 4623 2900 4667 tantum
2964 4622 3202 4683 tangere,
3254 4612 3709 4683 quemadmodum

2141 4710 2264 4778 igne
2283 4707 2376 4777 qui
2398 4703 2782 4768 vultcaleﬁeri,
2800 4719 2924 4757 nam
2953 4703 2996 4756 si
3018 4702 3245 4756 interius
3264 4702 3441 4757 mittat
3469 4717 3708 4766 manum,

2139 4815 2239 4871 pro
2274 4815 2348 4853 eo.
2367 4797 2511 4867 quod
2537 4796 2714 4866 potuit
2747 4795 2981 4850 caleﬁeri
3027 4795 3394 4852 comburitur.
3414 4795 3506 4850 Sic
3529 4803 3583 4848 et
3620 4797 3712 4863 qui

2139 4890 2486 4962 profundius,
2518 4889 2604 4944 vel
2629 4887 2790 4942 altius
2820 4888 2886 4942 de
2920 4888 3031 4942 Deo
3087 4887 3365 4958 disputare
3410 4888 3710 4958 praesumit,

2140 4998 2240 5052 pro
2261 4996 2328 5034 eo
2349 4980 2494 5050 quod
2517 4979 2808 5050 gloriosius
2833 4978 2972 5047 quid
3003 4978 3116 5034 vult
3147 4979 3458 5040 ostendere,
3501 4979 3556 5031 in
3603 4978 3715 5032 bla-

2140 5070 2441 5140 sphemiam
2467 5070 2631 5134 cadit,
2681 5069 2809 5123 dum
2851 5069 3317 5138 comprehendere
3371 5069 3710 5123 altitudinem

2139 5164 2450 5220 divinorum
2479 5164 2791 5232 dogmatmn
2827 5179 2934 5216 non
2977 5164 3169 5232 possit.

2216 5256 2374 5312 Vens.
2403 5257 2588 5311 19-25.
2620 5275 2638 5307 ι
2664 5255 2959 5310 Etlocutus
2995 5266 3076 5310 est
3107 5255 3368 5310 Dominus
3398 5255 3462 5309 ad
3497 5254 3710 5326 Moysen

2137 5349 2371 5403 dicens:
2415 5343 2541 5400 ﬂatc
2570 5354 2651 5399 est
2706 5344 2907 5399 oblatio
2931 5344 3110 5398 Aaron
3170 5354 3223 5398 ct
3284 5344 3514 5398 ﬁliorum
3568 5345 3710 5414 ejus,

2136 5456 2305 5511 quam
2323 5437 2522 5493 offerre
2552 5438 2751 5492 debent
2783 5437 3010 5490 Domino
3069 5437 3124 5490 in
3165 5437 3252 5491 die
3278 5437 3557 5491 unctionis
3576 5453 3710 5496 suae.

2134 5531 2413 5587 Decimam
2436 5539 2648 5601 partem
2678 5529 2802 5600 ephi
2830 5529 3062 5584 offerent
3114 5529 3304 5584 simila:
3353 5529 3406 5584 in
3444 5531 3711 5588 sacriﬁcio

2133 5623 2488 5694 sempiterno,
2510 5621 2748 5676 medium
2779 5621 2897 5691 ejus
2913 5636 3094 5686 mane,
3120 5630 3175 5676 et
3213 5622 3450 5676 medium
3478 5623 3596 5693 ejus
3622 5641 3712 5679 ve-

1851 5758 1894 5790 ³³
1925 5757 2134 5815 Coloss.
2175 5776 2281 5825 xlv,
2313 5760 2399 5814 i5.
2477 5757 2520 5794 ”
2563 5758 2692 5823 lmo,
2734 5754 3114 5823 Eccli.m,55.
3188 5758 3232 5789 ³⁸
3268 5757 3408 5813 Psal.
3447 5775 3593 5824 xm,
3622 5759 3707 5813 16.
