4030 6240
332 279 437 356 851

1540 283 1903 351 HESYCHII
1941 283 2424 354 PRESBYTER!

3502 279 3624 349 852

333 410 517 473 Ipere,
561 415 682 472 quze
708 399 762 455 in
824 398 1101 473 sartagine
1135 398 1259 457 oleo
1323 415 1618 473 conspersa
1671 400 1911 473 l'rigetur.
1946 410 1994 464 Α
2092 405 2221 458 Hac
2237 412 2418 463 autem
2454 405 2512 458 in
2557 404 2833 476 sartagine
2881 400 2996 457 oleo
3031 410 3312 468 conspersa
3363 395 3616 467 (rigetur.

332 493 536 551 Oﬁ’eret
554 500 737 549 autem
767 504 888 548 eam
914 491 1146 547 calidam
1194 490 1250 546 in
1279 492 1502 548 odorem
1533 491 1919 547 suavissimum

334 582 564 643 Domino
584 585 861 651 sacerdos,
892 585 986 656 qui
1015 585 1156 657 patri
1189 586 1314 656 jure
1352 586 1698 651 successerit,
1732 592 1785 640 et
1809 591 1920 639 tota

332 677 671 732 cremabitur
701 670 754 731 in
789 676 968 732 altari.
999 675 1175 732 Omne
1214 678 1362 732 enim
1385 677 1709 733 sacriﬁcium
1737 692 1920 732 sacer-

333 769 525 824 dctum
553 768 678 841 igne
701 776 1080 837 consumatur,
1127 783 1232 824 nec
1250 770 1539 841 quisquam
1573 769 1824 824 comedet
1856 783 1923 823 ex

335 874 423 914 eo.
459 877 479 911 ι

406 946 582 1003 Omne
609 947 936 1004 sacriﬁcium
954 948 1099 1020 quod
1127 949 1195 1005 ad
1224 948 1522 1005 sacerdotis
1546 948 1781 1004 refertur
1801 961 1926 1018 per-

336 1052 554 1103 sonam.
587 1037 869 1112 Unigeniti
905 1040 1153 1097 sacriﬁcii
1177 1040 1406 1112 ﬁguram
1445 1041 1604 1112 gerit,
1644 1042 1786 1096 sicut
1827 1054 1927 1110 per

340 1120 669 1203 pmsentem
697 1133 1105 1190 demonstratur
1136 1133 1346 1205 legem;
1378 1135 1454 1188 ait
1483 1134 1632 1189 enim
1662 1149 1676 1186 :

412 1222 481 1278 Et
515 1223 719 1279 locutus
750 1233 825 1279 est
866 1224 1121 1279 Dominus
1174 1225 1246 1279 ad
1283 1222 1494 1294 Moysen
1539 1225 1715 1279 dicens
1744 1240 1764 1278 :
1804 1218 1928 1279 Haec

342 1325 420 1371 cst
462 1316 660 1371 oblatio
689 1316 869 1372 Aaron
926 1327 973 1372 et
994 1316 1229 1388 ﬁliorum
1258 1317 1394 1387 ejus,
1420 1330 1581 1388 quam
1607 1316 1792 1386 oﬂ'erre
1835 1317 1927 1370 de-

345 1405 464 1467 bent
490 1411 716 1468 Domino
745 1407 799 1467 in
823 1408 907 1468 die
930 1413 1192 1466 unctionis
1212 1423 1344 1467 sum.
1372 1410 1665 1466 Multorum
1705 1412 1928 1482 quidem

346 1505 697 1560 sacerdotum
739 1504 843 1559 hoc
880 1500 1087 1559 donum
1109 1512 1213 1566 est,
1269 1503 1347 1557 ait
1388 1502 1592 1574 quippe
1644 1502 1826 1557 Aaron
1876 1511 1932 1559 et

348 1591 580 1649 ﬁliorum
602 1595 750 1665 ejus;
780 1595 876 1650 sed
906 1610 1018 1649 uno
1055 1605 1222 1649 uncto
1292 1592 1538 1658 oll'ertur,
1596 1595 1724 1664 quia
1753 1594 1933 1651 omnis

349 1684 643 1740 sacerdotii
697 1684 879 1756 imago
961 1695 1015 1739 et
1085 1685 1333 1750 ﬁrmitas,
1386 1684 1502 1740 sive
1553 1685 1927 1751 subsistentia,

348 1775 550 1831 Christi
585 1773 914 1830 sacriﬁcium
945 1784 1063 1830 est:
1101 1776 1222 1846 ipso
1271 1775 1419 1830 enim
1460 1777 1576 1831 solo
1605 1774 1787 1832 oblato
1840 1789 1938 1846 per

350 1872 527 1921 totum
568 1874 672 1922 est.
702 1866 769 1922 Et
795 1868 1016 1937 quando
1049 1876 1229 1922 actum
1273 1869 1401 1923 est?
1455 1864 1514 1922 in
1559 1866 1643 1923 die
1677 1869 1938 1923 unctionis

350 1958 493 2027 ejus,
520 1957 572 2012 id
600 1963 684 2012 est
713 1964 960 2028 tempore
980 1972 1089 2028 quo
1108 1958 1424 2015 incarnatus
1442 1970 1554 2015 est:
1587 1963 1772 2017 unctio
1791 1962 1935 2016 enim

353 2040 410 2100 in
444 2045 719 2118 Unigcniti
745 2049 1305 2117 personaincarnatio
1343 2050 1561 2105 dicitur.
1601 2050 1676 2106 De
1705 2064 1812 2122 qua
1863 2054 1940 2109 ait

352 2134 551 2192 Petrus
593 2146 608 2191 ι
646 2136 827 2192 Iesum
878 2134 1245 2206 Nazarenam,
1322 2142 1580 2212 quomodo
1628 2158 1745 2196 eum
1787 2144 1934 2198 unxit

353 2226 494 2282 Deus
524 2228 730 2298 Spiritu
762 2241 946 2284 sancto
966 2240 1015 2284 et
1047 2232 1240 2285 virtute
1273 2230 1337 2284 "'.
1362 2230 1486 2299 llzec
1514 2250 1643 2289 vero
1665 2235 1938 2319 quomodo

354 2326 451 2373 aut
472 2319 692 2388 quando
716 2318 857 2375 facta
905 2320 1013 2376 sint
1057 2321 1275 2378 Gabriel
1303 2321 1485 2378 Mariae
1509 2324 1643 2379 dixit
1669 2318 1681 2377 ἐ
1711 2324 1939 2395 Spiritus

353 2417 592 2475 sanctus,
623 2410 1241 2480 inquiens,superveniet
1276 2413 1328 2467 in
1348 2422 1397 2467 te
1415 2423 1463 2467 et
1499 2414 1662 2469 virtus
1684 2416 1940 2471 Altissinti

355 2500 691 2557 obumbrabit
719 2502 813 2556 tibi
857 2501 922 2557 ³⁸.
980 2501 1137 2560 Unde
1186 2505 1358 2562 David
1407 2507 1596 2563 dixit:
1657 2506 1941 2580 Propterea

355 2591 508 2644 unxit
527 2600 576 2645 te
598 2591 734 2646 Deus
766 2592 902 2647 Deus
929 2600 1047 2648 tuus
1083 2594 1196 2649 oleo
1222 2596 1446 2663 lwtilia',
1475 2615 1586 2669 pra:
1616 2602 1940 2656 consortibus

358 2682 462 2736 tuis
488 2684 553 2738 ³ο.
580 2685 934 2755 Apertissimc
965 2687 1356 2760 interpretans,
1391 2692 1537 2763 quod
1570 2704 1716 2750 esset
1740 2696 1942 2752 sancti-

357 2776 631 2869 ﬁcationis
658 2780 862 2847 oleum,
898 2782 1024 2852 quia
1050 2800 1166 2855 non
1220 2795 1368 2842 esset
1401 2787 1578 2844 simile
1611 2791 1738 2847 huic
1794 2792 1939 2857 oleo,

357 2885 468 2940 quo
490 2882 682 2927 omnes
699 2872 1034 2941 sacerdotes,
1063 2883 1121 2931 et
1150 2892 1329 2948 reges,
1365 2887 1421 2933 et
1448 2880 1735 2949 propheta:
1769 2895 1942 2952 unge—

356 2956 577 3018 bantur.
614 2962 840 3036 Propter
865 2966 1012 3034 quod
1045 2969 1159 3024 ait:
1189 2969 1312 3026 Prte
1341 2973 1690 3041 participibus
1715 2975 1842 3035 tuis.
1887 2975 1938 3029 id

1968 1743 2008 1798 Β

2022 493 2366 568 Sartaginem
2392 496 2609 552 Domini
2636 512 2878 561 crucem,
2907 501 3105 564 utpote
3150 492 3374 556 fortem,
3399 497 3454 543 et
3472 487 3617 543 nihil

2008 586 2091 650 ,ab
2109 586 2232 659 igne
2254 588 2619 644 humanorum
2647 597 2997 658 peccatorum
3021 584 3227 647 laesam,
3243 580 3419 651 accipi
3446 593 3606 649 opor-

2023 687 2139 736 tet:
2170 697 2292 752 quze
2342 681 2508 737 etiam
2580 678 3061 751 superimpositatn
3110 673 3451 730 Dominiram
3495 684 3619 727 car-

2023 789 2171 838 nem,
2201 774 2452 829 esibilem
2481 774 2796 829 hominibus
2821 769 3079 826 reddidit.
3098 766 3213 823 Nisi
3237 765 3387 821 enim
3412 776 3618 835 super-

2023 863 2277 933 imposita
2306 864 2501 919 fuisset
2552 864 2723 928 cruci,
2760 876 2864 917 nos
2900 870 3105 930 corpus
3143 856 3350 913 Christi
3407 870 3616 925 nequa-

2025 970 2189 1027 quam
2220 955 2450 1027 mystice
2481 954 2936 1026 percepissemus.
3000 950 3129 1007 Haec
3179 949 3303 1004 oleo
3350 960 3618 1015 consper—

2027 1049 2191 1121 gitur,
2219 1048 2346 1119 quia
2373 1049 2519 1104 enim
2550 1048 2712 1105 nobis
2749 1058 3074 1116 compassus
3128 1052 3216 1097 est
3238 1038 3617 1111 impassibilis,

2027 1139 2337 1212 passionem
2367 1138 2629 1194 sustinuit
2649 1137 2850 1194 carnis.
2884 1134 3111 1191 Addidit
3147 1143 3332 1187 autem
3384 1139 3436 1184 et
3492 1146 3620 1183 con-

2027 1248 2287 1303 sparsam,
2310 1231 2459 1302 quod
2493 1229 2635 1285 LXX
2668 1230 2748 1285 sic
2793 1229 3122 1284 ediderunt:
3155 1222 3509 1294 Conspersam
3538 1223 3618 1293 of-

2030 1326 2162 1394 feret
2192 1341 2313 1379 eam
2341 1322 2602 1379 buccellas
2631 1319 2954 1391 sacriﬁcium
2993 1318 3116 1374 boni
3154 1317 3332 1372 odoris
3366 1314 3614 1376 Domino,

2031 1416 2253 1471 odorem
2271 1429 2621 1487 conspersam
2661 1413 2910 1469 eamdem
2944 1411 3194 1466 dicentes
3224 1404 3520 1463 buccellas.
3551 1405 3621 1459 Et

2034 1508 2309 1566 buccellas
2328 1507 2549 1576 quidem
2581 1504 2786 1561 dixisse
2822 1502 3227 1571 intelliguntur,
3254 1505 3444 1568 utpote
3475 1494 3621 1555 mul-

2035 1599 2299 1671 tipliciter
2330 1595 2718 1668 procedentem
2755 1599 2980 1664 propter
3002 1588 3288 1660 passiones
3314 1601 3415 1657 per
3438 1592 3623 1655 partes

2038 1692 2454 1764 provenientes;
2487 1702 2841 1758 conspersam
2875 1692 3086 1746 autem,
3123 1688 3317 1750 utpote
3356 1678 3409 1730 in
3446 1690 3616 1730 unum

2039 1782 2341 1846 collectam,
2374 1782 2520 1836 unde
2550 1794 2651 1850 pro
2685 1775 2928 1831 buccellis
2951 1772 3311 1845 Symmachus
3337 1768 3620 1823 dilatatam

2040 1875 2238 1941 edidit;
2274 1871 2523 1943 quadam
2554 1876 2738 1923 autem
2768 1863 3078 1935 ἀντίγραφα
3102 1861 3265 1915 electa
3288 1859 3514 1917 habent,
3567 1854 3620 1908 id

2038 1977 2125 2024 est
2156 1965 2459 2035 complexa.
2493 1962 2621 2035 quia
2656 1960 2892 2014 invicem
2960 1955 3062 2011 sibi
3095 1955 3379 2008 cohaerent
3409 1949 3623 2020 passio-

2041 2076 2138 2115 nes
2171 2057 2407 2113 Domini.
2442 2054 2597 2110 Unde
2626 2052 2819 2107 eadem
2847 2058 2904 2105 et
2940 2065 3009 2104 ex
3058 2045 3328 2116 partibus,
3356 2057 3453 2095 seu
3492 2054 3625 2095 con-

2039 2148 2423 2209 tractionibus,
2457 2142 2765 2200 secundum
2791 2139 3181 2209 praedictorum
3224 2128 3372 2207 CXX
3429 2129 3624 2185 editio-

2040 2256 2189 2305 nem,
2219 2254 2345 2294 esse
2374 2236 2452 2292 ait
2485 2234 2763 2305 legislator
2816 2231 2914 2286 has
2963 2226 3374 2284 conlractiones
3429 2237 3624 2292 proce-

2041 2333 2256 2396 dentes,
2288 2344 2387 2400 per
2414 2334 2600 2397 partes
2628 2322 2910 2395 passiones
2950 2318 3260 2390 intelligens
3284 2336 3297 2370 :
3337 2313 3502 2370 Omne
3523 2327 3624 2366 au-

2043 2435 2147 2499 tem
2176 2427 2274 2477 hoc
2300 2418 2625 2488 sacriﬁcium
2655 2424 2729 2470 est
2791 2410 3095 2467 suavissimi
3157 2408 3335 2463 odoris
3377 2406 3623 2460 Domino.

2041 2515 2281 2573 Humani
2312 2513 2518 2585 quippe
2542 2508 2760 2580 generis
2785 2506 3016 2560 salutem
3076 2499 3355 2573 praestitit,
3383 2500 3486 2552 hac
3521 2512 3622 2550 au-

2044 2621 2152 2667 tem
2187 2608 2316 2672 Deo,
2338 2612 2526 2674 utpote
2555 2599 2799 2657 Creatori
2831 2605 3064 2659 naturas,
3100 2593 3237 2647 nihil
3269 2602 3353 2647 est
3378 2589 3622 2647 suavius.

2041 2701 2125 2757 Ad
2150 2698 2415 2767 majorem
2448 2703 2632 2749 autem
2671 2685 3137 2759 explanationem,
3164 2674 3309 2753 quod
3342 2676 3624 2750 Unigeniti

2042 2788 2371 2848 sacriﬁcium
2401 2784 2689 2855 signiﬁcet,
2732 2779 2953 2834 intende
2978 2775 3108 2846 quid
3140 2772 3404 2855 subdidit.
3430 2769 3625 2824 Sacer-

2041 2881 2136 2937 dos
2163 2879 2254 2950 qui
2275 2878 2419 2948 patri
2451 2852 2567 2939 iure
2589 2872 2860 2928 successit.
2908 2868 3062 2935 Quod
3121 2852 3481 2935 Septuaginta
3551 2862 3625 2916 ita

2044 2972 2338 3029 ediderunt
2366 2986 2380 3022 :
2411 2968 2655 3023 sacerdos
2700 2972 2885 3018 unctus
2940 2976 3036 3031 pro
3061 2975 3120 3013 eo
3143 2975 3208 3011 ea:
3229 2957 3357 3026 ﬁliis
3387 2955 3502 3023 ejus
3542 2955 3624 3023 fu-

356 3062 443 3107 est
475 3068 643 3124 super
676 3055 969 3126 participes
994 3065 1137 3115 tuos.
1166 3056 1468 3131 Participes
1487 3072 1675 3122 autem
1694 3066 1945 3135 ejus,aut
1971 3070 2016 3129 C
2047 3065 2250 3129 cietea,
2272 3062 2399 3131 quia
2428 3058 2650 3130 quidem
2672 3057 2925 3112 Christus
2958 3064 3010 3107 et
3058 3050 3220 3106 Jesus
3271 3058 3378 3113 est,
3425 3045 3627 3100 Paulus

355 3151 581 3212 propter
610 3155 849 3212 carnem,
873 3156 969 3202 aut
986 3159 1211 3220 propter
1238 3149 1476 3222 Spiritus
1503 3156 1942 3212 communionem

358 3234 534 3289 sancti
568 3243 717 3289 sunt.
744 3234 901 3293 Unde
963 3237 1166 3296 Paulus
1203 3241 1337 3298 dicit
1374 3241 1710 3313 :Participes
1766 3257 1944 3302 autem

358 3321 558 3378 Christi
590 3323 755 3395 effecti
793 3343 994 3394 sumus,
1058 3330 1104 3383 si
1153 3338 1332 3387 tamen
1367 3333 1581 3388 initium
1638 3335 1945 3393 substantia:

357 3414 473 3479 eius
506 3432 667 3487 usque
688 3418 760 3472 ad
800 3417 960 3488 ﬁnem
1009 3419 1227 3488 ﬁrmum
1285 3424 1604 3479 retineamus
1632 3425 1699 3481 ⁵ο.
1768 3427 1941 3494 Quam

358 3521 490 3579 ergo
518 3504 874 3575 oblationem,
905 3524 1031 3565 cum
1064 3511 1321 3567 sacerdos
1342 3524 1542 3570 unctus
1595 3517 1779 3583 fuerit,
1823 3529 1945 3589 post

359 3590 796 3656 incarnationem
824 3600 1280 3669 videlicctVerbi,
1305 3604 1579 3676 lcgislator
1605 3608 1788 3664 oﬁ'erri
1807 3627 1947 3681 prae-

360 3689 549 3759 cepit?

438 3779 708 3836 Decimam
728 3791 934 3851 partem
967 3784 1084 3851 eplu'
1122 3780 1337 3856 offerent
1389 3782 1580 3845 simila:
1599 3784 1655 3845 in
1682 3792 1946 3863 sacriﬁcio

358 3873 694 3941 sempiterno,
721 3876 951 3930 medium
980 3876 1094 3947 ejus
1122 3895 1296 3945 mane,
1356 3890 1405 3936 et
1438 3883 1666 3939 medium
1687 3885 1804 3955 ejus
1858 3905 1946 3943 ve-

359 3978 530 4031 spere,
556 3980 673 4035 qua
709 3963 765 4018 in
795 3968 1064 4038 sartagine
1116 3969 1230 4024 oleo
1264 3987 1544 4042 conspersa
1571 3977 1817 4047 frigetur.
1839 3978 1947 4036 Sed

362 4054 636 4111 decimum
664 4057 883 4126 quidem
908 4056 1035 4127 ephi
1079 4059 1293 4128 similae,
1343 4079 1467 4121 esse
1512 4064 1787 4139 Unigeniti
1840 4072 1947 4126 hu-

364 4145 687 4201 manitatem
713 4147 768 4202 in
790 4146 1165 4218 superioribus
1213 4161 1495 4209 ostensum
1551 4166 1655 4222 est,
1714 4176 1837 4216 cum
1892 4172 1949 4220 et

366 4235 513 4305 ephi,
548 4243 739 4305 utpote
778 4251 1091 4292 mensuram
1150 4249 1262 4296 tres
1298 4258 1584 4302 mensuras
1612 4250 1942 4320 capientem,

365 4323 691 4381 Trinitatem
724 4340 844 4381 esse
877 4336 1023 4383 recte
1071 4326 1328 4386 diximus.
1364 4332 1422 4388 Si
1447 4346 1633 4392 autem
1656 4342 1786 4411 ephi
1836 4344 1947 4400 Do-

2046 3158 2241 3228 probat
2265 3156 2455 3210 dicens
2481 3170 2494 3205 :
2532 3149 2697 3203 Nobis
2722 3164 2856 3201 unus
2904 3146 3162 3199 Dominus
3186 3141 3338 3197 Iesus
3364 3138 3624 3197 Christus.

2045 3263 2139 3319 per
2163 3263 2317 3318 quem
2346 3244 2526 3298 omnia
2560 3243 2626 3295 δ’.
2660 3239 2798 3306 Quia
2828 3238 2978 3293 enim
3020 3251 3119 3306 per
3148 3235 3333 3288 Aaron
3361 3237 3469 3294 est,
3514 3244 3624 3283 non

2045 3340 2102 3395 iu
2134 3339 2253 3393 loco
2278 3335 2472 3406 ipsius,
2492 3332 2588 3387 sed
2622 3346 2720 3401 pro
2750 3347 2837 3395 eo,
2893 3327 3156 3383 translato
3190 3324 3243 3378 in
3276 3339 3336 3378 se
3375 3321 3628 3375 videlicet

2046 3431 2375 3493 sacerdotio,
2414 3424 2764 3482 manifestum
2804 3432 2891 3477 est
2929 3435 2994 3476 ex
3023 3434 3091 3474 eo
3128 3420 3272 3487 quod
3299 3416 3415 3485 ipse
3440 3429 3627 3469 sacer-

2045 3521 2254 3577 dotium
2309 3517 2639 3587 suscipiens,
2697 3513 2840 3567 illius
2903 3507 3193 3566 sacerdotii
3261 3503 3625 3561 ministerium

2049 3629 2261 3671 cessare
2288 3611 2440 3666 fecit.
2472 3608 2581 3664 Sed
2607 3615 2662 3662 et
2695 3603 2839 3675 quod
2861 3602 3174 3662 ediderunt,
3212 3612 3275 3651 ea:
3309 3595 3437 3664 ﬁliis
3471 3594 3583 3663 ejus
3609 3634 3624 3659 ,

2049 3719 2173 3760 esse
2210 3718 2277 3757 ex
2308 3704 2428 3772 ejus
2458 3700 2747 3769 ﬁliisjustc
2787 3692 3054 3756 creditur,
3080 3699 3272 3760 utpote
3297 3687 3391 3757 qui
3425 3700 3491 3740 ex
3537 3684 3627 3738 Ja—

2050 3796 2152 3852 cob
2174 3791 2475 3850 femoribus
2518 3787 2909 3850 descendebat,
2952 3781 3284 3840 heatissimae
3335 3777 3628 3835 Geuitricis

2049 3885 2264 3943 Domini
2292 3899 2358 3939 ex
2390 3880 2583 3936 eadem
2618 3880 2763 3935 tribu
2826 3876 2970 3933 linea
3023 3871 3437 3930 descendente“.
3488 3865 3653 3946 adji-q

2047 3978 2312 4045 ciuntque
2337 3970 2582 4043 praedicti
2618 3966 3025 4040 Septuaginta:
3080 3962 3190 4045 Lex
3250 3971 3499 4030 perpetua
3554 3965 3627 4011 est

2049 4041 2478 4134 Domina.Quod
2526 4064 2725 4119 iterum
2785 4057 2994 4115 Christi
3049 4041 3418 4110 sacerdotium
3481 4059 3627 4105 recte

2049 4161 2391 4230 intelligitur,
2415 4158 2542 4229 quia
2582 4155 2685 4226 ipsi
2713 4154 2921 4209 dictum
2970 4158 3102 4205 est:
3149 4144 3229 4201 Tu
3275 4162 3329 4200 es
3377 4143 3627 4198 sacerdos

2047 4257 2107 4310 in
2143 4263 2398 4309 wternum
2449 4253 2734 4305 secundum
2773 4245 3009 4300 ordinent
3038 4236 3407 4295 Melchisedech
3434 4234 3500 4288 ⁸³.
3538 4232 3622 4287 Si-

2052 4347 2279 4418 mulque
2301 4353 2358 4400 et
2389 4342 2535 4414 quod
2564 4341 2632 4395 ad
2671 4337 3086 4394 conclusionem
3141 4330 3280 4401 legis
3334 4328 3500 4398 hujus
3535 4340 3627 4418 se-

367 4418 502 4474 mini
524 4434 652 4475 caro
668 4430 811 4485 esse,
837 4429 897 4475 ut
924 4428 975 4475 et
1003 4420 1308 4479 divinitatis
1350 4408 1817 4498 supereminentia
1847 4437 1947 4493 de-
1982 4408 2027 4466 θ
2054 4408 2259 4509 quitur,
2301 4408 2696 4490 intendendum
2729 4439 2834 4484 est.
2875 4427 2943 4482 Et
2964 4434 3076 4479 tota
3103 4418 3424 4477 cremabitur
3449 4419 3504 4471 in
3542 4414 3628 4471 al-

369 4517 726 4577 tnonstretur,
769 4511 1175 4584 Doniiniczeque
1209 4518 1389 4574 carnis
1421 4534 1546 4575 cum
1585 4535 1651 4578 ea
1676 4524 1950 4595 insepara-

369 4600 572 4666 bilitas,
607 4603 710 4657 hoc
760 4603 1120 4661 nihilominus
1152 4608 1206 4662 in
1249 4610 1577 4667 sacriﬁcium
1624 4629 1947 4687 perpetuum

370 4700 477 4758 est,
512 4691 640 4762 quia
673 4693 815 4748 sicut
841 4694 919 4749 ait
949 4694 1149 4754 Paulus
1173 4713 1186 4753 :
1229 4700 1341 4756 Una
1369 4704 1508 4758 enim
1535 4707 1798 4766 oblatione
1823 4730 1950 4768 con-

367 4780 654 4837 summavit
678 4781 736 4835 in
758 4784 1132 4852 sempiternum
1185 4790 1540 4859 sanctiﬁcatos
1564 4794 1631 4852 “.
1688 4795 1843 4856 Unde
1895 4811 1952 4858 et

369 4871 584 4929 salvare
609 4871 663 4925 in
684 4880 1007 4941 perpetuum
1031 4883 1231 4945 potest,
1284 4882 1552 4940 accedens
1599 4902 1699 4957 per
1744 4903 1950 4949 semet-

370 4963 550 5036 ipsum
579 4962 647 5019 ad
665 4960 856 5018 Deum.

444 5056 677 5112 Medium
702 5065 881 5111 autem
914 5052 1027 5127 ejus
1068 5075 1242 5125 mane,
1273 5070 1323 5117 et
1341 5066 1571 5122 medium
1591 5065 1704 5138 ejus
1719 5089 1947 5143 vespere.

369 5147 529 5205 Mane
557 5149 741 5221 passio
764 5149 1053 5222 incipiens,
1087 5165 1154 5206 ex
1176 5168 1285 5222 quo
1332 5169 1459 5211 eum
1492 5158 1547 5213 in
1570 5162 1716 5217 atrio
1730 5164 1950 5237 Caiphae

370 5241 541 5312 alapis
562 5242 847 5299 exedebant
887 5240 1193 5316 alligantes,
1223 5260 1397 5317 usque
1419 5249 1486 5325 ad
1510 5264 1796 5323 vesperum
1821 5274 1950 5328 pro~

372 5332 539 5388 telata
570 5346 692 5402 est;
722 5335 964 5391 tenebris
997 5336 1144 5391 enim
1176 5349 1295 5393 cam
1326 5339 1804 5415 interpolautibus,
1839 5361 1893 5407 et
1920 5369 1951 5408 a

370 5430 525 5478 sexta
553 5422 688 5479 hora
719 5440 890 5497 usque
930 5425 1219 5482 adnonam
1265 5427 1456 5494 factis,
1503 5438 1813 5495 necessarie
1861 5456 1951 5496 sa-

372 5512 637 5569 oriﬁcium
663 5516 716 5570 in
752 5533 911 5573 mane
932 5527 987 5573 et
1025 5534 1250 5590 vespere
1289 5521 1455 5579 dividi
1479 5522 1698 5582 dicitur.

2052 4530 2181 4585 tari.
2214 4526 2378 4582 Omne
2415 4524 2554 4578 enim
2610 4518 2931 4588 sacriﬁcium
2963 4513 3297 4570 sacerdotum
3343 4510 3459 4579 igne
3503 4521 3626 4559 con-

2050 4630 2287 4678 sumetur
2317 4631 2337 4670 :
2370 4631 2465 4670 nec
2498 4614 2781 4685 quisquam
2817 4605 3051 4663 comedet
3082 4620 3146 4657 ea:
3175 4618 3255 4656 eo.

2122 4711 2263 4780 Quid
2281 4724 2410 4780 ergo
2438 4721 2529 4778 per
2551 4706 2668 4761 llaec
2684 4696 3097 4757 contestamur?
3117 4695 3224 4749 nisi
3253 4698 3313 4747 ut
3347 4706 3452 4746 non
3480 4688 3629 4744 diea-

2052 4817 2141 4863 tnr
2171 4806 2240 4861 de
2271 4801 2503 4857 Domino
2535 4815 2548 4849 :
2577 4796 2702 4867 quia
2731 4795 2777 4849 is
2805 4792 2900 4862 qui
2929 4806 2999 4845 ex
3056 4788 3291 4858 muliere
3337 4793 3499 4839 natus
3523 4788 3626 4844 est,

2049 4913 2246 4971 passus
2277 4903 2364 4950 est
2390 4912 2403 4947 :
2427 4892 2518 4963 qui
2543 4900 2729 4945 antem
2794 4881 3079 4941 descendit
3112 4880 3181 4936 de
3210 4885 3624 4971 «etot-passus

2052 4965 2161 5046 non
2186 4993 2291 5043 est.
2321 4983 2486 5045 Nobis
2517 4980 2667 5036 enim
2694 4993 2829 5032 unus
2861 4974 3117 5028 Dominus
3163 4968 3322 5025 Iesus
3372 4965 3624 5026 Christus,

2052 5097 2147 5152 per
2172 5094 2327 5151 quem
2357 5073 2562 5135 omnia.
2593 5086 2757 5142 quem
2787 5067 2841 5122 hi
2865 5065 2958 5136 qui
2987 5061 3378 5120 cruciﬁxerunt
3398 5072 3508 5111 non
3532 5069 3626 5109 co-

2053 5148 2360 5244 gnoverunt
2422 5167 2582 5236 cujus
2620 5170 2770 5217 esset
2798 5156 3080 5230 dignitatis
3142 5161 3307 5223 atque
3367 5148 3622 5244 virtutis:

2054 5236 2114 5317 Si
2148 5260 2289 5315 enim
2348 5256 2723 5329 cognovissent,
2775 5264 3048 5319 nunquam
3103 5244 3388 5299 Dominum
3448 5236 3629 5329 glorite

2055 5326 2438 5421 cruciﬁmissent
2464 5347 2533 5401 “.
2598 5345 2773 5415 Ipsius
2829 5354 2959 5412 ergo
3015 5347 3101 5394 est
3139 5333 3302 5413 Yerbi
3365 5326 3628 5385 incarnati

2053 5440 2257 5511 passio,
2284 5455 2403 5511 qua:
2427 5437 2679 5509 provenit
2709 5435 2762 5488 in
2779 5436 2966 5496 carne,
2999 5427 3352 5499 quamobrem
3386 5431 3499 5476 tota
3515 5433 3631 5475 ere.

2058 5533 2301 5590 niahitur
2332 5533 2386 5588 in
2426 5531 2603 5587 altari.
2637 5527 2816 5599 Ipsius
2847 5538 2979 5595 ergo
3033 5528 3141 5584 est,
3171 5519 3261 5591 qui
3296 5514 3629 5584 semetipsum

474 5649 520 5734 ξ’
550 5648 669 5734 set.
700 5668 755 5714 ι,
782 5651 880 5734 βὸ.
902 5655 1001 5734 ,βξ
1030 5653 1204 5734 lmen,
1233 5656 1324 5734 ὅδε
1403 5660 1445 5693 ³⁹
1473 5658 1615 5717 Psal.
1638 5678 1777 5732 xuv,
1806 5666 1859 5722 8.

2041 5668 2173 5725 lebr.
2207 5668 2399 5734 1",“.
2475 5666 2518 5700 ⁸⁸
2546 5663 2711 5720 llcbr.
2743 5677 2794 5726 κ,
2828 5658 2909 5713 Η.
2990 5652 3224 5710 "lCor.
3251 5665 3369 5715 rm,
3400 5647 3454 5702 6.

374 5713 425 5753 “
451 5717 595 5776 Psal.
628 5713 823 5788 cmi.
899 5722 943 5754 δ’
974 5723 991 5779 1
1030 5725 1153 5780 Cor.
1191 5713 1252 5795 it,
1294 5726 1348 5785 8.
