4044 6224
474 299 582 364 853

1630 302 1711 362 ΙΝ
1755 303 2198 364 LEVlTlCUM.
2232 329 2306 340 —
2340 306 2489 365 LIB.
2533 304 2614 364 Π.

3634 297 3737 364 851

472 423 638 470 totum
669 414 979 482 exinanivit,
1009 423 1057 471 et
1087 418 1311 488 formam
1353 418 1488 472 servi
1517 420 1737 488 accepit,
1765 428 1812 474 et
1865 419 2047 474 habitu
2082 423 2122 478 Α
2152 419 2523 485 Quamobrem
2581 430 2636 475 et
2684 419 3025 474 'l‘bcodation
3074 433 3176 488 pro
3226 432 3293 473 eo
3320 417 3466 487 quod
3496 425 3581 471 est
3610 418 3736 487 offe-

472 508 709 563 inventus
763 517 838 563 est
896 518 953 562 ut
1001 509 1194 573 homo;
1245 510 1645 582 humiliavitqne
1691 512 2047 580 semetipsum,

471 600 710 655 obedietts
739 603 910 672 factus
933 619 1093 674 usque
1120 605 1191 658 ad
1222 612 1463 670 mortem,
1486 613 1705 658 mortem
1734 614 1909 658 autem
1930 622 2051 657 cru—

472 691 546 744 cis
569 689 638 744 ⁸⁸.
664 690 754 746 Sic
789 708 918 764 ergo
949 694 1206 765 intelligis
1231 703 1287 749 et
1311 696 1414 751 hoc
1444 696 1590 766 quod
1614 696 1810 752 dicitur
1839 714 1852 750 :
1888 699 2050 753 Omne

470 782 609 835 enim
631 783 951 861 sacri/icium
996 786 1325 840 sacerdotum
1377 787 1496 856 igne
1553 801 1906 850 consumetnr,
1960 805 2051 842 nec

472 876 701 928 comedet
722 892 786 930 ea;
815 893 872 930 eo
895 877 1190 948 quisquam.
1222 877 1480 932 Eamdem
1510 878 1713 949 quippe
1745 881 1910 933 etiam
1935 880 2050 934 haec

472 961 730 1017 virtutem
783 974 947 1035 atque
995 965 1354 1020 intentionem
1414 967 1673 1032 habent;
1708 970 1851 1024 unde
1900 987 2049 1025 omne

471 1053 791 1121 sacriﬁcium
870 1056 989 1127 igne
1073 1067 1439 1123 consumatur,
1500 1056 1643 1112 LXX
1705 1059 1964 1115 dixerunt
2031 1081 2046 1118 :

472 1140 855 1201 Ilolocaustum
884 1149 993 1218 ﬁet,
1021 1148 1211 1219 Aquila
1241 1150 1435 1214 edidit,
1464 1151 1725 1221 integrum
1748 1154 1866 1206 erit.
1927 1154 2045 1207 Non

468 1252 598 1307 ergo
623 1238 872 1291 comedet
909 1253 973 1291 ex
1003 1254 1070 1293 eo
1099 1238 1408 1309 quisquam,
1438 1240 1491 1295 id
1511 1247 1594 1294 est
1625 1256 1730 1296 non
1751 1241 2044 1309 dividetur,

466 1329 593 1398 quia
616 1328 860 1382 dentium
888 1328 1236 1383 estdividere
1269 1338 1323 1382 et
1352 1330 1540 1397 partiri
1582 1331 1755 1396 cibos,
1792 1347 1917 1386 cum
1947 1333 2047 1387 ali-

470 1428 551 1473 ter
580 1419 763 1472 mandi
788 1434 897 1471 non
929 1419 1156 1489 possint.
1182 1419 1384 1474 Christi
1411 1428 1593 1475 autem
1621 1422 1942 1476 sacriﬁcium
1962 1422 2045 1476 in-

467 1509 732 1564 divisihile
771 1510 1205 1565 demonstratum
1237 1520 1341 1578 est,
1400 1520 1456 1568 et
1507 1522 1797 1583 propterea
1831 1515 2044 1571 comedi

467 1618 575 1656 non
612 1608 814 1670 potest.

534 1691 697 1746 VLBS.
726 1691 819 1745 24.
852 1712 870 1744 ι
918 1692 1152 1747 Locutus
1179 1703 1265 1749 est
1289 1693 1553 1750 Dominus
1590 1697 1659 1751 ad
1713 1697 1929 1769 Moysen
1955 1697 2041 1752 di-

467 1797 599 1836 cens
634 1780 922 1851 :Loquere
946 1782 1127 1837 Aaron
1166 1793 1221 1838 et
1283 1785 1412 1840 ﬁliis
1472 1787 1613 1857 ejus,
1688 1787 1789 1842 ista
1815 1798 1894 1843 est
1952 1789 2041 1843 lex

466 1872 659 1929 hostiae
689 1890 786 1944 pro
811 1881 1035 1944 peccato
1077 1894 1092 1930 :
1124 1875 1184 1929 ln
1245 1877 1366 1931 loco
1398 1878 1489 1933 ubi
1524 1879 1757 1934 offertur
1781 1880 2043 1935 holocau-

462 1974 625 2029 stum,
669 1964 1036 2020 immolabitur
1054 1982 1235 2022 coram
1303 1968 1554 2036 Domino,
1604 1968 1863 2025 Sanctum
1915 1986 2044 2025 san-

462 2065 674 2111 ctorum
727 2067 830 2113 est.
857 2056 1124 2113 Sacerdos
1160 2060 1253 2130 qui
1282 2060 1500 2127 offeret,
1552 2064 1802 2117 comedet
1866 2077 1931 2117 ea
1987 2063 2041 2117 in

460 2144 581 2204 loco
610 2158 800 2204 sancto
835 2150 890 2204 in
929 2151 1069 2206 atrio
1088 2152 1444 2208 tabernaculi.
1493 2152 1771 2224 Quidquid
1803 2154 2044 2224 tetigerit

461 2254 657 2294 carnes
684 2240 822 2308 ejus,
850 2241 1302 2297 sanctiﬁcabitur.
1360 2244 1416 2298 Si
1455 2245 1524 2299 de
1581 2245 1845 2316 sanguine
1899 2244 2044 2300 illius

461 2329 629 2385 vestis
656 2329 823 2385 fuerit
870 2347 1113 2402 aspersa,
1146 2333 1414 2388 lavabitnr
1447 2336 1503 2388 in
1534 2335 1653 2390 loco
1678 2344 1888 2397 sancto,
1947 2351 2042 2391 vas

461 2429 643 2475 autem
680 2420 844 2476 ﬁctile
871 2420 926 2475 in
961 2438 1069 2491 quo
1109 2432 1263 2477 cocta
1311 2432 1413 2491 est,
1440 2424 1831 2496 confringatur.
1883 2424 2041 2492 Quod

462 2512 508 2566 si
547 2527 640 2566 vas
658 2528 892 2579 aeneum,
925 2513 1279 2569 defricaltitur
1300 2525 1355 2569 et
1375 2516 1642 2571 lavabitur
1670 2532 1833 2586 aqua.
1851 2516 2043 2572 Omnis

462 2604 737 2658 masculus
782 2603 850 2659 de
871 2621 1072 2675 genere
1112 2608 1434 2662 sacerdotali
1462 2616 1716 2663 vescetur
1779 2610 2041 2665 carnibus

461 2693 600 2763 ejus,
629 2694 753 2763 quia
778 2694 1037 2749 Sanctum
1063 2704 1378 2751 sanctorum
1401 2707 1504 2755 est.
1539 2697 1725 2754 l’lostia
1747 2701 1893 2754 enim
1919 2715 2039 2770 quae

462 2786 691 2840 caeditur
741 2803 840 2856 pro
909 2796 1158 2857 peccato,
1226 2791 1385 2859 cujus
1413 2791 1637 2863 sanguis
1690 2792 1923 2848 infertur
1981 2793 2037 2848 in

464 2878 876 2932 tabernaculum
947 2879 1245 2934 testimonii
1284 2882 1352 2935 ad
1415 2882 1749 2952 expiandum
1800 2883 1856 2938 in
1908 2899 2035 2938 san-

462 2969 692 3033 ctuario,
730 2986 836 3023 non
869 2972 1206 3037 comedetur,
1250 2972 1343 3027 sed
1361 2973 1712 3028 comburetur
1738 2973 1868 3045 igni.
1917 2994 1936 3027 ι

535 3059 671 3126 Quia
706 3076 814 3114 non
858 3061 1058 3117 frustra
1121 3063 1311 3117 eadem
1353 3063 1619 3118 sacriﬁcia
1660 3065 1878 3133 repetit,
1941 3080 2035 3120 su-

463 3151 655 3222 perius
711 3153 968 3217 diximus,
1022 3154 1165 3223 quod
1189 3162 1242 3207 et
1287 3153 1343 3207 in
1405 3155 1767 3224 przesentibus
1807 3155 2040 3211 demon-

465 3249 693 3299 ειωιυτ.

534 3330 762 3387 Locutus
816 3344 889 3388 est
940 3335 1200 3390 Dominus
1222 3339 1290 3390 ad
1318 3339 1533 3408 Moysen
1556 3338 1751 3392 dicens.
1811 3337 2042 3409 Loquere

465 3423 647 3478 Aaron
672 3435 719 3478 et
735 3425 860 3494 [iliis
894 3426 1026 3493 ejus.
1058 3426 1171 3481 Ista
1189 3436 1264 3481 est
1291 3426 1376 3481 lea:
1423 3427 1608 3483 hostile
1659 3444 1755 3496 pro
1804 3439 2036 3496 peccato.

468 3513 565 3571 Vel
588 3520 808 3587 peccati,
849 3518 927 3573 sic
953 3519 1171 3589 quidem
1200 3518 1543 3575 Theodotion
1576 3528 1632 3575 et
1679 3520 2039 3593 Symmachus

467 3608 780 3663 ediderunt.
809 3608 940 3675 Quae
977 3618 1060 3665 est
1114 3620 1296 3666 autem
1348 3612 1463 3667 haec
1512 3613 1633 3667 lcx?
1673 3612 1738 3668 In
1782 3614 1893 3667 loco
1953 3615 2041 3669 ubi

466 3696 680 3767 (πενίαν
705 3698 1092 3765 holocaustum,
1154 3701 1516 3755 immolabitur
1544 3719 1724 3757 coram
1782 3703 2037 3771 Domino,

467 3789 594 3860 quia
613 3788 867 3843 Sanctum
887 3800 1188 3847 sanctorum
1206 3800 1300 3846 est.
1319 3791 1612 3863 Propterea
1633 3796 1813 3849 Aaron
1835 3806 1890 3850 et
1914 3796 2039 3852 ﬁliis

468 3881 585 3950 ejus
608 3881 867 3952 praedicta
897 3884 1246 3949 mandantur,
1305 3885 1430 3955 quia
1459 3884 1656 3941 offerre
1682 3904 1782 3956 pro
1812 3899 2039 3958 peccato

471 3972 818 4036 sacriﬁcium,
848 3975 899 4029 id
930 3984 1013 4030 est
1033 3975 1431 4045 paenitentiam,
1466 3978 1780 4033 sublimium
1805 3989 1859 4035 et
1889 3997 2039 4037 sum-

472 4079 680 4118 morum
712 4072 815 4129 est,
842 4074 1003 4135 atque
1032 4082 1062 4119 a
1091 4076 1231 4121 terra
1287 4068 1714 4133 sublevatorum,
1755 4072 1899 4141 quod
1929 4088 2037 4127 non

473 4163 692 4224 praestat
733 4155 836 4210 nisi
866 4173 894 4210 a
927 4157 1068 4211 malo
1099 4158 1352 4216 recessio.
1389 4160 1526 4231 Ergo
1568 4162 1660 4216 ubi
1715 4162 2038 4221 holocausta

476 4246 842 4314 immolantur,
876 4250 948 4305 ibi
979 4260 1035 4306 et
1066 4268 1185 4321 quae
1224 4268 1321 4321 pro
1353 4263 1579 4323 peccato
1618 4265 1747 4310 sunt
1773 4257 2038 4312 occidun-

474 4347 561 4391 tur
593 4354 604 4388 :
642 4338 770 4408 quia
804 4339 895 4409 qui
932 4340 1125 4396 offeret
1177 4343 1577 4412 paenitentiam,
1616 4346 1727 4415 jam
1794 4346 2039 4404 imitatur

473 4442 595 4479 eum
616 4428 704 4496 qui
731 4435 903 4483 totum
930 4430 1277 4500 semetipsum
1301 4433 1497 4488 obtulit
1522 4435 1631 4490 Deo
1652 4444 1707 4490 et
1726 4437 2042 4494 omnimodo

478 4519 699 4574 recessit
733 4536 763 4575 a
808 4521 1007 4576 saeculo
1031 4562 1045 4587 ,
1088 4523 1234 4578 unde
1287 4533 1344 4579 et
1389 4525 1767 4582 holocaustum
1799 4529 1918 4599 ejus
1945 4546 2044 4601 ap-

481 4610 708 4679 pellatur
731 4613 1072 4668 conversatio
1114 4633 1127 4669 :
1158 4617 1516 4686 etutriusque
1539 4618 1744 4674 oblatio
1802 4619 1858 4674 in
1905 4637 2042 4677 con-

477 4711 665 4771 spectu
695 4713 777 4758 est
804 4702 1040 4769 Domini,
1083 4706 1280 4775 placita
1321 4707 1466 4762 enim
1489 4716 1576 4763 est
1626 4710 1759 4775 Deo,
1825 4714 2046 4781 quando

476 4793 773 4847 secundum
825 4792 945 4863 ejus
999 4793 1356 4851 intentionem
1406 4795 1676 4852 offertur:
1733 4800 1812 4854 sic
1863 4811 2045 4857 autem

478 4882 671 4952 placita
699 4883 827 4950 Deo,
859 4885 1119 4941 Sanctum
1188 4897 1505 4943 sanctorum
1567 4899 1715 4945 recte
1773 4893 2043 4962 appellata

477 4982 558 5027 est
593 4990 607 5025 :
646 4974 689 5027 si
722 4976 869 5029 enim
903 4993 1012 5031 non
1047 4987 1190 5033 esset
1241 4988 1555 5035 sanctorum
1584 4989 1832 5037 sanctum
1869 4986 2046 5054 poenio

479 5066 662 5119 tentia:
713 5066 1061 5150 sacriﬁcium,
1127 5086 1407 5140 nunquam
1471 5072 1828 5141 poenitentem
1872 5073 2046 5128 intro-

476 5157 721 5213 duxisset
745 5158 798 5213 in
835 5157 1033 5215 Sancta
1056 5170 1367 5217 sanctorum
1399 5181 1412 5217 :
1459 5178 1695 5233 euntque
1723 5181 1821 5235 per
1851 5181 2045 5236 pecca-

480 5257 615 5315 tum,
644 5249 788 5304 unde
819 5251 970 5321 prius
1006 5253 1262 5327 expulsus
1296 5262 1400 5308 est.

550 5339 807 5396 Sacerdos
850 5343 940 5412 qui
993 5343 1186 5413 offeret,
1250 5348 1479 5399 comedet
1535 5362 1673 5401 eam.
1726 5345 1828 5414 Qui
1862 5348 2054 5405 olieret

478 5429 575 5495 ait,
634 5430 726 5486 hic
786 5441 967 5486 autem
1025 5431 1275 5491 Christus
1320 5445 1423 5502 est,
1473 5438 1565 5508 qui
1617 5448 1800 5494 nostra
1830 5449 2051 5511 peccata

479 5520 743 5592 suscepit,
796 5530 1052 5593 recteque
1102 5535 1342 5584 nostram
1409 5529 1604 5586 offeret
1653 5531 2047 5602 pmnitcntiam.

550 5697 597 5729 ⁸⁸
636 5696 873 5771 l‘ltilipp.
921 5718 979 5767 ιι,
1004 5702 1056 5767 7,
1087 5705 1136 5759 8η
1220 5705 1426 5760 “Joan.
1451 5722 1521 5769 tv,
1555 5706 1643 5762 54.

2153 528 2293 576 rens,
2328 513 2546 581 expians
2574 513 2765 576 edidit,
2803 512 2853 565 id
2880 519 2964 566 est
2991 509 3314 572 emundans,
3348 516 3405 564 et
3428 524 3526 579 per
3552 523 3734 563 sacer-

2152 605 2285 659 dotii
2335 606 2419 660 sui
2468 604 2850 667 ministerium,
2889 603 3191 674 perfectum
3242 601 3450 656 faciens
3482 615 3609 656 eum
3641 601 3734 672 qui

2152 695 2496 750 emuntlatur.
2535 694 2599 749 Et
2625 695 2898 765 quomodo
2946 708 3065 748 eam
3095 691 3392 747 manducet
3421 690 3674 746 Christus
3701 706 3732 746 a

2150 787 2270 844 loco
2333 803 2599 857 cognosce
2657 788 2710 841 in
2762 800 2871 856 quo
2929 784 3229 839 comedet:
3269 783 3331 836 In
3383 782 3494 837 loco
3527 792 3733 847 sancto,

2150 875 2205 927 in
2254 874 2392 926 atrio
2427 873 2772 928 tabernaculi.
2810 872 2906 926 Vel
2934 873 3075 928 sicut
3131 869 3272 925 LXX
3304 871 3611 935 ediderunt,
3670 871 3734 926 In

2150 966 2290 1019 atrio
2336 964 2665 1018 tabernaculi
2715 963 3015 1018 testimonii.
3065 961 3278 1017 Atrium
3316 970 3500 1019 autem
3546 962 3734 1017 taber-

2150 1056 2329 1110 naculi
2384 1056 2704 1119 testimonii,
2758 1054 3000 1109 Ecclesia
3061 1062 3183 1120 est;
3224 1054 3340 1123 ipsa
3366 1053 3566 1122 quippe
3602 1064 3731 1107 ante

2151 1148 2369 1212 caelum,
2430 1148 2629 1202 atrium
2708 1145 3046 1200 tabernaculi
3122 1144 3422 1199 testimonii
3476 1152 3582 1210 est,
3637 1144 3727 1197 ubi

2150 1241 2397 1295 Christus
2435 1239 2822 1310 ptenitentium
2850 1239 3081 1292 salutem
3113 1243 3393 1307 operatur,
3423 1252 3545 1305 quae
3577 1235 3727 1291 salus

2148 1331 2267 1407 ejus
2315 1332 2477 1387 etiam
2525 1333 2680 1387 cibus
2713 1332 3052 1400 appellatur:
3100 1328 3244 1383 Meus
3288 1329 3426 1382 enim
3457 1328 3599 1389 cibus
3631 1335 3726 1392 est,

2147 1422 2340 1494 inquit,
2383 1434 2438 1478 ut
2477 1426 2675 1496 faciam
2702 1425 3024 1478 voluntatem
3059 1423 3240 1477 Patris
3273 1420 3458 1486 mei”,
3479 1420 3729 1475 voluntas

2147 1522 2326 1569 autem
2355 1514 2475 1584 ejus
2505 1524 2590 1568 est
2628 1522 2686 1567 ut
2718 1522 2972 1584 peccator
3003 1520 3354 1567 convertatur
3381 1519 3434 1565 et
3466 1511 3726 1567 salvetur.

2146 1608 2371 1677 insuper
2400 1607 2476 1662 ait
2498 1626 2514 1660 :
3362 1675 3375 1687 _

2215 1699 2482 1770 Quidquid
2552 1699 2780 1768 tetigerit
2846 1713 3028 1751 carnes
3086 1697 3218 1761 eius,
3283 1695 3725 1764 sancti/imbitur.

2145 1789 2350 1846 Carnes
2398 1798 2580 1845 autem
2625 1789 2986 1859 poenitentia),
3031 1788 3384 1857 intelligimus
3433 1786 3721 1858 jejunium,

2142 1884 2379 1956 vigilias,
2453 1883 2730 1938 cilicinum
2806 1882 3207 1943 vestimentum.
3281 1893 3407 1933 eum
3471 1878 3726 1948 lacrymis

2143 1973 2483 2035 orationem,
2550 1971 2982 2041 eleemosyuam;
3037 1985 3104 2023 ex
3171 1967 3258 2023 bis
3311 1967 3462 2022 enim
3534 1966 3724 2023 consi-

2144 2065 2238 2120 stit
2284 2063 2625 2135 poenitentia,
2675 2078 2796 2134 quae
2844 2062 2936 2133 qui
2995 2061 3183 2133 tangit,
3235 2067 3379 2116 recte
3413 2058 3724 2114 sanctifica-

2143 2153 2309 2211 bitur.

2214 2244 2281 2298 Et
2307 2245 2352 2298 si
2378 2244 2441 2297 de
2461 2241 2716 2313 sanguine
2756 2242 2899 2296 illius
2932 2242 3087 2295 vestis
3120 2240 3279 2311 fuerit
3302 2256 3544 2310 aspersa,
3573 2239 3725 2294 lava-

2141 2333 2282 2387 bitur
2341 2336 2398 2387 in
2455 2334 2564 2387 loco
2614 2340 2818 2387 sancto.
2854 2331 3086 2403 Sanguis
3142 2331 3479 2401 poenitentire
3504 2331 3727 2401 proprie

2126 2425 2443 2495 ‘baptismus
2482 2434 2585 2490 est,
2628 2428 2753 2495 quia
2789 2424 2930 2479 sicut
2982 2423 3091 2479 vita
3158 2423 3338 2477 omnis
3390 2422 3571 2478 carnis
3595 2438 3725 2478 san—

2141 2517 2260 2585 guis
2294 2524 2395 2579 est,
2430 2516 2508 2570 sic
2534 2524 2588 2570 et
2618 2515 2954 2586 poenitentiae
2984 2496 3193 2569 donum
3221 2513 3496 2583 baptismi.
3531 2513 3724 2568 Omnis

2140 2608 2285 2662 enim
2341 2607 2434 2678 qui
2488 2607 2599 2677 agit
2652 2605 3067 2676 paenitentiam,
3130 2604 3175 2657 si
3230 2618 3341 2657 non
3417 2604 3724 2673 perceperit

2138 2699 2493 2769 baptismum,
2522 2697 2729 2752 inutilis
2780 2697 2900 2767 ejus
2944 2703 3027 2751 est
3070 2703 3125 2751 et
3165 2694 3283 2748 sine
3333 2694 3514 2764 aliquo
3572 2694 3729 2750 lucro

2140 2789 2458 2861 poenitentia
2514 2798 2840 2858 mortuaque
2869 2795 2922 2841 et
2952 2786 3218 2841 exanimis
3246 2804 3259 2841 :
3310 2786 3439 2856 quia
3479 2793 3725 2841 veterem

2137 2882 2342 2952 peccati
2378 2881 2654 2935 hominem
2676 2895 2786 2934 non
2818 2879 2974 2933 aliter
2999 2878 3272 2949 quispiam
3304 2877 3412 2932 nisi
3442 2876 3725 2932 ablatione

2138 2969 2569 3042 regenerationis
2614 2969 2858 3047 deponit.
2889 2967 3043 3034 Quod
3087 2968 3129 3021 si
3160 2967 3316 3030 dicis,
3352 2975 3408 3022 et
3445 2966 3725 3037 quomodo

2067 3073 2110 3130 ο
2142 3059 2234 3131 qui
2317 3060 2446 3115 olim
2498 3059 2755 3129 baptizati
2830 3066 2960 3112 sunt
3019 3058 3291 3122 homines,
3341 3056 3724 3127 paenitentiam

2148 3153 2351 3224 agent?
2378 3166 2664 3224 cognosce,
2688 3151 2812 3222 quia
2846 3150 3015 3206 virtus
3040 3148 3398 3220 praecedentis
3425 3148 3726 3217 baptisma-

2149 3243 2217 3299 tis
2246 3253 2504 3314 operatnr
2547 3254 2602 3298 et
2650 3244 2702 3296 in
2736 3257 2797 3296 ea
2837 3256 2957 3312 quae
2986 3248 3175 3311 postea
3206 3250 3322 3295 acta
3357 3240 3521 3295 fuerit
3548 3240 3732 3309 poeni-

2148 3334 2338 3389 tentia.
2398 3331 2525 3389 lltec
2570 3348 2698 3403 ergo
2752 3341 2837 3388 est
2901 3331 3131 3386 intentio
3187 3330 3531 3402 legislatoris,
3595 3330 3725 3401 quia

2145 3424 2237 3493 qui
2280 3425 2531 3479 comedet
2590 3438 2784 3478 carnes
2844 3422 3084 3493 praedicti
3133 3421 3415 3503 sacrificii,
3470 3421 3723 3491 quamvis

2143 3513 2346 3569 oblatio
2418 3512 2491 3567 sit
2542 3512 2788 3579 alterius,
2840 3511 3229 3567 sanctiﬁcatur.
3290 3508 3395 3566 Per
3462 3510 3567 3565 hoc
3617 3525 3727 3565 au-

2147 3613 2254 3660 tem
2319 3605 2657 3669 ostenditur,
2709 3604 2836 3675 quia
2898 3612 2953 3658 et
3009 3602 3054 3657 is
3111 3602 3203 3674 qui
3264 3618 3373 3657 non
3434 3610 3557 3671 eget
3603 3616 3726 3673 pce-

2146 3696 2393 3760 nitentia,
2427 3697 2469 3751 si
2505 3697 2632 3767 quid
2668 3696 2841 3766 egerit
2884 3696 3112 3757 horum,
3146 3693 3522 3763 paenitentiam
3555 3708 3724 3763 agens

2146 3784 2536 3840 sanctiﬁcatur.
2572 3784 2831 3840 Similiter
2883 3783 2967 3838 vel
3004 3784 3049 3838 si
3076 3782 3304 3836 multum
3334 3795 3535 3850 parvus
3566 3781 3722 3851 quis-

2146 3877 2289 3947 piam
2332 3877 2635 3946 baptizatus
2672 3874 2851 3935 fuerit,
2884 3872 2974 3943 qui
3008 3871 3240 3927 necdum
3283 3869 3421 3923 forte
3453 3867 3719 3938 peccavit,

2147 3965 2459 4019 mundatur.
2509 3963 2574 4017 Et
2598 3963 2727 4033 quid
2760 3963 2809 4017 ei
2854 3969 2937 4015 est
2971 3975 3108 4030 opus
3150 3956 3431 4012 mundatio
3453 3957 3478 4010 ‘i
3503 3957 3585 4012 Ad
3620 3956 3722 4013 hoc

2146 4056 2195 4110 ei
2251 4068 2387 4124 opus
2437 4062 2541 4118 est,
2575 4053 2700 4123 quia
2740 4065 2901 4104 nemo
2928 4057 3013 4104 est
3044 4047 3280 4102 mundus
3323 4061 3353 4100 a
3381 4045 3543 4101 sorde
3593 4060 3720 4099 nam

2145 4147 2271 4202 licet
2312 4145 2474 4200 unius
2525 4144 2632 4200 diei
2658 4142 2765 4199 vita
2794 4143 2913 4212 ejus
2939 4141 3010 4195 sit
3038 4154 3201 4210 super
3228 4147 3450 4202 terram,
3501 4137 3724 4192 sordem

2149 4249 2326 4293 tamen
2376 4250 2536 4306 quam
2587 4249 2652 4289 ex
2701 4233 2872 4288 Adam
2928 4230 3272 4287 successione
3310 4236 3363 4284 et
3413 4227 3719 4299 generatio-

2147 4345 2215 4384 ne
2247 4329 2430 4393 traxit,
2462 4326 2662 4380 retinet
2694 4343 2707 4379 :
2743 4333 2797 4379 et
2822 4323 2944 4378 ideo
2966 4337 3089 4377 eum
3124 4319 3215 4391 qui
3245 4320 3508 4392 sanguine
3541 4317 3720 4389 poeni-

2077 4422 2116 4475 D
2143 4396 2328 4477 tentia:
2375 4431 2630 4487 aspersus
2664 4425 2883 4472 estnon
2919 4415 3055 4470 dixit
3085 4413 3227 4469 sicut
3271 4409 3609 4466 immundum
3642 4411 3723 4464 la-

2145 4512 2282 4575 vari,
2309 4510 2384 4565 ait
2408 4509 2553 4563 enim
2581 4526 2594 4561 :

2217 4623 2277 4680 Si
2317 4626 2379 4679 de
2429 4621 2686 4692 sanguine
2718 4619 2862 4674 illius
2904 4618 3059 4672 restis
3090 4618 3245 4689 fuerit
3283 4630 3520 4685 aspersa.
3562 4612 3616 4667 ld
3643 4623 3725 4670 est

2149 4731 2295 4782 caro,
2346 4714 2459 4785 ipsa
2491 4720 2573 4767 est
2616 4712 2762 4767 enim
2794 4709 2963 4765 vestis
2998 4707 3278 4764 interioris
3312 4704 3570 4769 hominis,
3603 4720 3725 4775 qua:

2149 4810 2194 4865 si
2248 4820 2468 4876 aspersa
2519 4803 2701 4869 fuerit,
2755 4801 2826 4856 ibi
2863 4799 3128 4853 lavabitur
3171 4798 3225 4851 in
3267 4796 3378 4850 loco
3427 4805 3641 4859 sancto,
3671 4794 3725 4850 id

2154 4898 2361 4953 esthoc
2387 4896 2564 4965 ipsum
2594 4894 2739 4964 quod
2768 4890 3092 4962 aspergitur,
3130 4889 3420 4955 lavabitur,
3460 4902 3570 4942 non
3597 4886 3724 4956 quia

2154 4988 2483 5043 maculatum
2508 4972 2591 5041 est
2615 4984 2962 5055 aspersione:
2990 4981 3031 5037 si
3058 4981 3204 5036 enim
3235 4981 3307 5034 ita
3337 4986 3503 5044 esset,
3535 4976 3725 5048 utique

2153 5079 2376 5135 dixisset
2406 5079 2491 5133 vel
2519 5077 2807 5147 adjecisset
2843 5074 3013 5139 illud;
3054 5073 3148 5127 sed
3189 5072 3293 5126 hoc
3320 5069 3462 5139 quod
3497 5067 3725 5122 efﬁcitur

2153 5169 2220 5224 ab
2269 5168 2382 5238 ipsa
2435 5167 2768 5238 aspersione,
2813 5163 3137 5218 lavationem
3186 5157 3479 5229 appellavit
3522 5156 3575 5210 in
3604 5156 3724 5211 loco

2153 5261 2349 5315 factam
2403 5268 2610 5323 saneto,
2655 5257 2708 5311 in
2756 5256 2917 5311 domo
2964 5252 3209 5323 mystica.
3256 5248 3489 5318 Spiritus
3519 5261 3648 5319 ergo
3678 5248 3723 5301 si

2149 5352 2272 5423 quis
2297 5351 2453 5406 fortis
2483 5351 2624 5405 lotus
2654 5344 2835 5411 fuerit,
2872 5346 3012 5400 sicut
3050 5351 3197 5401 sunt,
3228 5339 3376 5394 verbi
3401 5336 3592 5408 gratia,
3623 5353 3723 5409 pa—

2151 5459 2411 5515 ganorum
2470 5440 2831 5511 aspersiones,
2888 5450 2997 5491 non
3066 5434 3296 5495 lavatur,
3359 5428 3487 5501 quia
3516 5445 3628 5485 non
3669 5430 3723 5484 in

2151 5533 2270 5590 loco
2298 5541 2486 5588 sancto
2527 5529 2901 5601 aspersionem
2948 5538 3121 5595 nepte
3161 5520 3496 5577 ablutionem
3535 5534 3722 5576 susce—
