4030 6240
306 257 416 330 855

1500 276 1866 337 HESYCHII
1903 276 2379 342 PRESBYTERI

3477 281 3586 347 8.56

304 373 405 464 pit.
470 373 597 464 Πῳο
650 390 780 464 ergo
828 374 1124 448 legislator,
1190 380 1534 450 baptismatis
1567 400 1879 441 sermonem
1913 390 2037 445 Aid
2077 400 2180 457 est,
2229 407 2451 447 onmem
2494 393 2561 448 de
2607 393 2935 464 cognatione
2972 389 3319 450 sacerdotum
3365 409 3584 453 mascu.

308 461 498 517 volens
528 462 911 528 introducere,
951 464 1106 521 dixit.
1142 465 1438 524 Evidenter
1473 481 1658 527 autem
1696 475 1887 544 proxi-

307 568 429 607 mus
486 561 570 608 est
643 554 842 609 rationi
903 558 1238 627 poenitentiae
1295 577 1475 618 sermo
1519 565 1885 636 baptismatis,

309 644 452 699 unde
480 644 721 703 Joannes
751 650 1128 719 paenitentiam
1168 656 1464 723 praedicare
1511 646 1801 730 incipiens,
1833 661 1889 716 in

304 738 694 806 praedicatione
736 757 834 796 sua
867 743 1136 799 inferebat
1178 748 1509 817 baptismum
1526 751 1592 818 ⁸⁷,
1633 760 1693 807 ut
1735 752 1888 808 vide-

304 830 436 886 licet
480 835 740 904 mysterio
801 836 1136 905 poenitentiae
1180 838 1233 893 in
1284 839 1611 909 baptismate
1654 842 1889 900 habente

303 925 687 982 substantiam.
736 926 844 983 Sed
896 929 962 982 ad
1009 944 1071 983 ea
1103 947 1225 1000 quze
1256 933 1662 1003 subsequuntur
1693 951 1889 1007 proce-

306 1020 519 1075 damus.

381 1112 484 1167 Vas
516 1124 697 1170 autem
741 1117 905 1185 ﬁctile
957 1119 1013 1172 in
1037 1136 1140 1189 quo
1169 1136 1315 1175 cocta
1350 1103 1449 1186 est,
1509 1125 1887 1195 confringetur.

309 1200 461 1267 Quod
491 1207 536 1259 si
570 1222 660 1261 vas
690 1224 917 1276 laticum,
943 1211 1308 1279 defricabitur,
1339 1223 1388 1267 et
1424 1213 1693 1269 iuvabitur
1722 1233 1886 1286 aqua.

311 1288 467 1354 Quod
510 1301 595 1347 est
647 1303 829 1350 autem
871 1312 967 1354 vas
1005 1299 1188 1366 ﬁctile,
1225 1310 1281 1355 ct
1312 1301 1403 1357 ubi
1445 1304 1650 1372 iacens,
1691 1304 1892 1361 Paulus

316 1383 556 1440 ostendit
613 1401 737 1441 cum
790 1388 960 1444 dicit:
1016 1389 1086 1445 In
1128 1410 1322 1463 magna
1376 1403 1554 1448 autem
1591 1397 1744 1450 domo
1788 1414 1892 1451 non

314 1474 485 1529 solun:
526 1488 648 1532 sunt
679 1498 806 1535 vasa
840 1499 1005 1538 aurea
1038 1494 1088 1539 et
1118 1496 1388 1556 argentea,
1417 1487 1508 1540 sed
1539 1496 1587 1542 et
1615 1488 1809 1557 lignea,
1843 1501 1892 1546 et

313 1568 522 1636 ﬁctilia,
568 1575 813 1642 quaedam
859 1576 1067 1646 quidem
1118 1579 1171 1632 in
1198 1579 1412 1644 honore,
1452 1579 1892 1650 quaedamautcat

315 1662 374 1714 in
409 1663 724 1718 contumelia
743 1665 806 1720 ιθ.
858 1665 914 1721 In
960 1674 1348 1729 contumeliam
1398 1674 1651 1731 videlicet
1676 1689 1739 1729 ea
1773 1688 1893 1745 qua:

316 1762 444 1807 sunt
486 1753 690 1810 ﬁctilia.
750 1757 992 1830 Magnam
1029 1772 1211 1819 autem
1255 1766 1503 1833 domum,
1543 1776 1733 1838 utpote
1771 1781 1894 1837 qua:

313 1844 510 1901 domus
560 1845 657 1903 Dei
697 1859 801 1917 est,
838 1850 1135 1911 Eeclesiam
1187 1856 1476 1922 intellexit,
1516 1860 1570 1914 in
1596 1875 1702 1931 qua
1724 1847 1897 1916 aurea

315 1951 446 1991 vasa
480 1946 536 1992 et
560 1949 818 2009 argentea
843 1942 998 2013 justi,
1022 1947 1201 2003 ﬁctilia
1219 1958 1535 2020 peccatores
1556 1960 1704 2006 sunt.
1720 1950 1896 2007 Dixit-

294 2042 423 2098 ‘que
477 2029 681 2101 quippe
731 2042 786 2088 et
833 2033 997 2091 Isaias
1049 2039 1117 2094 de
1166 2040 1507 2098 Jerusalem:
1544 2041 1726 2098 Veniet
1774 2060 1899 2097 con-

318 2120 461 2175 tritio
515 2122 650 2192 ejus,
711 2133 760 2178 et
816 2131 1196 2186 comminuetur
1221 2133 1354 2187 sicut
1388 2137 1675 2190 conteritur
1707 2136 1897 2207 lagena

315 2212 467 2283 ﬁguli
531 2218 842 2274 contritione
904 2223 1216 2291 pervalida,
1276 2235 1450 2281 etnon
1496 2228 1796 2283 invenietur
1835 2229 1899 2282 de

315 2306 627 2376 fragmentis
655 2310 769 2379 ejus
806 2320 959 2379 testa,
1002 2316 1058 2369 in
1094 2333 1200 2387 qua
1248 2326 1489 2387 portetur
1534 2319 1799 2391 igniculus
1836 2320 1899 2373 de

314 2397 572 2463 incendio,
606 2409 703 2454 aut
724 2402 1006 2457 hauriatur
1025 2422 1215 2474 parum
1245 2424 1399 2480 aqua:
1430 2413 1493 2464 de
1516 2410 1899 2481 fovear"°.Ergo

314 2485 440 2555 quia
465 2501 597 2542 vasa
622 2487 676 2542 in
707 2491 906 2559 quibus
951 2508 1144 2549 carnes
1192 2497 1440 2552 sacriﬁcii
1472 2508 1805 2568 coquuntur,
1842 2500 1896 2552 in

318 2576 521 2646 templo
573 2588 720 2644 sunt,
766 2595 888 2636 csse
937 2591 1117 2638 autem
1159 2585 1214 2639 in
1267 2588 1469 2657 templo
1521 2588 1615 2643 Dei
1647 2589 1896 2658 qumdam

315 2662 530 2720 inﬁrma
559 2681 688 2722 vasa
742 2683 808 2722 ex
847 2671 1119 2739 praedictis
1143 2674 1456 2743 apostolicis
1496 2676 1679 2731 verbis
1714 2687 1901 2732 osten-

315 2756 519 2823 dimus,
566 2761 878 2833 quicunque
924 2772 1010 2819 est
1063 2767 1115 2820 in
1164 2767 1364 2837 templo
1392 2784 1485 2824 vas
1513 2768 1693 2835 ﬁctile,
1730 2769 1783 2824 id
1816 2778 1901 2825 est

317 2846 569 2903 inﬁrmus
613 2850 881 2922 quispiam
915 2866 970 2909 et
995 2855 1266 2923 sordidus,
1303 2867 1357 2912 et
1387 2859 1479 2929 qui
1512 2857 1565 2912 in
1618 2860 1903 2929 peccando

318 2941 770 2998 consuetudinem
820 2945 965 3010 fecit,
1012 2956 1070 3002 ut
1091 2963 1157 3003 ex
1204 2949 1327 3015 hoc,
1359 2951 1500 3006 sicut
1524 2963 1736 3008 amator
1770 2968 1901 3024 pec-

319 3037 587 3098 catorum,
630 3049 727 3090 vas
764 3039 1112 3095 contumeliae
1153 3043 1485 3109 nominetur,
1538 3052 1693 3100 cocto
1727 3047 1897 3100 sacri-
1929 3079 1976 3146 Ο

321 3121 437 3146 ΩΑ-
513 3142 537 3146 ..
555 3140 609 3146 ,μ
671 3144 730 3146 *μμ
747 3144 760 3146 _
786 3130 804 3146 ι
1023 3142 1032 3146 -
1256 3135 1288 3146 ι.
1745 3139 1755 3146 .
1826 3140 1836 3146 .

321 3121 461 3189 ﬁcio,
509 3140 611 3197 per
662 3130 806 3198 quod
850 3142 1198 3201 peccatorum
1236 3135 1590 3206 dispensatur
1622 3139 1898 3205 remissio,

320 3226 609 3287 propterea
663 3222 1023 3295 confringitur
1074 3227 1188 3281 sive
1247 3229 1586 3296 conteritur,
1621 3232 1747 3302 quia
1779 3247 1905 3288 cum

322 3320 469 3366 esset
516 3311 784 3380 inﬁrmus,
830 3316 972 3372 bona
1021 3319 1161 3374 male
1203 3322 1498 3393 percepit:
1537 3323 1728 3379 videns
1757 3325 1904 3380 enim

323 3414 548 3475 peccata
584 3407 804 3473 dimitti,
841 3420 994 3480 putat
1023 3428 1240 3483 semper
1283 3415 1447 3470 licere
1483 3431 1731 3487 peccare,
1755 3426 1811 3473 et
1840 3433 1908 3472 ex

326 3511 392 3553 co
415 3497 558 3569 quod
607 3501 852 3571 juvatur,
892 3503 1058 3558 altera
1098 3504 1245 3561 laesio
1282 3516 1339 3561 et
1368 3509 1627 3564 contritio
1675 3509 1908 3564 inﬁrmi-

329 3592 455 3647 tatis
483 3593 756 3649 invenitur
786 3596 1028 3653 alterius.
1059 3597 1383 3672 Quicunque
1423 3612 1605 3658 autem
1638 3603 1791 3661 fortis
1824 3614 1910 3660 est

331 3691 391 3738 ut
428 3699 525 3749 aes,
570 3693 627 3740 et
682 3687 980 3759 aeruginem
1055 3692 1265 3761 peccati
1344 3710 1455 3750 non
1492 3768 1495 3771 _
1532 3695 1765 3760 habens,
1821 3697 1911 3753 hic

326 3777 575 3834 coctione
592 3781 927 3850 poenitentiae
944 3799 1054 3839 non
1076 3796 1406 3853 conteretur,
1450 3804 1629 3860 neque
1663 3789 1794 3845 conf
1795 3791 1909 3845 rin-

328 3884 502 3945 getur,
531 3875 628 3931 sed
657 3874 953 3932 defricatur
972 3879 1088 3935 sive
1109 3882 1424 3952 exter-gitur,
1452 3882 1505 3937 id
1529 3890 1636 3950 est,
1654 3883 1906 3941 diluitur.

330 3966 398 4021 Et
436 3968 713 4037 quomodo
770 3969 1045 4025 diluitur?
1084 3976 1236 4043 Aqua
1284 3974 1427 4029 lotus
1469 3992 1486 4031 :
1525 3975 1722 4032 videns
1763 3978 1910 4033 enim

329 4057 495 4113 alium
552 4060 928 4131 poenitentem,
992 4072 1242 4119 movetur
1284 4067 1351 4122 ad
1405 4070 1909 4138 compunctionem,

330 4159 388 4206 et
427 4153 724 4209 mundatur
779 4169 920 4224 aqua
960 4154 1318 4226 lacrymarum
1370 4158 1533 4214 lotus.
1587 4159 1700 4214 Cur
1730 4170 1911 4215 autem

330 4242 554 4299 alterius
603 4245 924 4314 poenitentia
975 4247 1136 4316 coqui
1166 4248 1220 4301 in
1258 4250 1422 4314 vasis,
1454 4266 1575 4322 quae
1618 4252 1672 4306 in
1705 4253 1909 4323 templo

331 4346 454 4391 sunt
525 4337 843 4403 constituta,
907 4339 1149 4395 dicitur?
1214 4339 1352 4407 Quia
1381 4342 1435 4396 hi
1465 4344 1556 4415 qui
1601 4354 1768 4416 agunt
1796 4361 1913 4416 poe-

1927 1726 1967 1784 Ii

1993 485 2126 549 lum,
2169 485 2314 555 quod
2362 485 2579 540 videtur
2627 500 2749 540 esse
2787 485 3125 540 contrarium
3177 485 3360 555 aliquo
3394 487 3579 555 modo,

1991 577 2096 631 nisi
2137 575 2468 647 competenti
2506 578 2848 647 expositione
2899 578 3162 632 solvatur.
3209 577 3578 644 Quamobrem

1991 668 2329 724 sacerdotem
2386 668 2604 739 quidem
2664 668 2985 723 olferentem
3043 668 3315 738 integrqu
3367 668 3581 723 sacriﬁ-

1990 760 2158 823 cium,
2204 766 2261 814 et
2319 759 2698 814 comedentem
2759 758 3016 829 intelligis
3090 757 3391 814 Christum.
3456 758 3580 829 Ipse

1990 852 2173 898 autem
2213 853 2455 900 nostram
2499 845 2691 900 oderet
2730 846 3126 916 paenitentiam,
3159 846 3274 917 ipse
3311 855 3367 902 et
3393 863 3578 903 come-

1990 938 2102 1002 det,
2130 937 2257 1007 quia
2286 937 2468 992 cibum
2495 938 2726 992 salutem
2758 949 3104 1008 peccatorum
3140 940 3326 995 habet.
3371 939 3578 995 Carnes

1991 1038 2173 1083 autem
2226 1012 2498 1095 sacriﬁcii,
2544 1045 2666 1101 qua)
2722 1032 3000 1099 pertinent
3048 1033 3118 1086 ad
3171 1032 3574 1101 pmnitentiam,

1990 1121 2172 1177 omnis
2212 1121 2486 1177 masculus
2520 1122 2587 1176 de
2639 1123 3019 1179 sacerdotibus
3054 1125 3326 1187 comedet,
3355 1138 3575 1178 omnem

1992 1210 2367 1267 fortitudinem
2417 1214 2810 1268 convenienter
2846 1214 3135 1280 exhibens,
3179 1216 3266 1269 cui
3311 1226 3467 1269 recte
3491 1215 3578 1269 di—

1992 1309 2183 1356 catur:
2219 1301 2449 1357 Viriliter
2482 1321 2601 1373 age,
2631 1314 2682 1358 et
2723 1307 3024 1376 conforture
3067 1315 3117 1360 et
3164 1307 3362 1360 sustine
3398 1305 3579 1359 Domi-

1995 1394 2196 1463 num“.
2250 1393 2316 1449 Et
2342 1395 2459 1450 haec
2507 1395 2723 1465 quidem
2752 1396 2823 1451 ita
2856 1413 2916 1451 se
2943 1398 3168 1453 habent.
3223 1397 3331 1453 Sed
3357 1398 3578 1452 intuen-

1995 1482 2122 1538 dum
2157 1494 2261 1550 est,
2291 1499 2454 1554 quem
2490 1485 2794 1540 subinferat
2827 1487 3146 1541 terminum.

2056 1576 2245 1629 Hostia
2267 1575 2402 1629 enim
2427 1591 2545 1646 (μιαν
2571 1577 2793 1631 avditur
2808 1594 2903 1645 pro
2923 1588 3154 1646 peccato,
3187 1581 3340 1647 cujus
3363 1581 3580 1650 sanguis

1996 1669 2222 1740 infertur
2256 1670 2311 1723 in
2352 1669 2692 1723 tabernaculo
2723 1670 3028 1731 testimonii,
3059 1671 3128 1723 ad
3178 1671 3496 1739 expiandum
3525 1672 3581 1723 in

1997 1762 2324 1824 sam-maria,
2364 1777 2465 1815 non
2506 1762 2826 1826 comedetur,
2866 1764 2964 1816 sed
2994 1762 3326 1815 comburetar
3360 1762 3471 1831 igni
3520 1761 3584 1815 Et

1998 1854 2154 1919 cujus
2188 1852 2409 1921 sanguis
2444 1868 2542 1922 pro
2582 1862 2806 1922 peccato
2847 1855 2903 1906 in
2940 1853 3291 1908 tabernaculo
3334 1854 3582 1908 testimo-

1998 1947 2076 2001 nii
2103 1946 2172 2002 ad
2201 1945 2526 2016 expiandum
2559 1961 2654 2000 seu
2684 1945 3086 2015 deprecandum
3114 1944 3382 2000 offertur?
3418 1943 3582 1999 Vituli

1998 2039 2208 2093 scilicet
2260 2036 2697 2107 congregationis
2736 2037 2894 2092 sive
2952 2037 3290 2108 Synagogae,
3359 2037 3414 2092 id
3500 2045 3585 2092 est

2000 2127 2173 2191 vituli,
2226 2142 2323 2197 pro
2369 2136 2593 2197 peccato
2623 2127 2920 2198 pontiﬁcis,
2958 2128 3063 2182 hoc
3091 2128 3240 2181 enim
3270 2125 3585 2197 plenissime

2001 2219 2253 2288 superius
2278 2217 2435 2271 dixit.
2470 2217 2607 2285 Quia
2637 2233 2769 2287 ergo
2799 2218 2889 2272 illa
2939 2217 3203 2273 sacriﬁcia
3233 2217 3421 2272 multis
3456 2233 3585 2288 pro-

2002 2310 2313 2366 bationibus
2380 2310 2451 2364 ad
2521 2310 2802 2365 Christum
2862 2308 3205 2364 ostendimus
3263 2309 3581 2380 pertinere,

2001 2409 2149 2455 recte
2198 2414 2260 2455 ea
2301 2399 2511 2454 comedi
2561 2416 2669 2455 non
2708 2400 2988 2472 praecepit,
3030 2401 3125 2455 sed
3158 2400 3281 2471 igne
3311 2401 3583 2455 comburi.

1998 2491 2188 2561 Neque
2248 2490 2392 2546 enim
2452 2506 2550 2560 per
2606 2506 2690 2556 ea,
2742 2507 2834 2560 per
2881 2506 3003 2573 quas
3048 2491 3151 2546 sibi
3210 2492 3588 2560 unusquisque

2000 2583 2377 2638 remissionem
2428 2596 2774 2653 peccatorum
2826 2581 3093 2653 proﬂigat,
3149 2597 3245 2651 per
3289 2581 3583 2651 jejunium,

2002 2676 2149 2732 verbi
2194 2677 2384 2749 gratia,
2421 2685 2514 2730 aut
2544 2675 2753 2746 vigilias
2789 2676 2874 2732 vel
2899 2675 3058 2729 aliam
3088 2674 3325 2728 similem
3352 2688 3587 2728 conver-

2001 2768 2291 2831 sationem,
2340 2767 2482 2821 unde
2514 2774 2569 2821 et
2608 2767 2729 2820 haec
2772 2773 2971 2821 nostrte
3028 2765 3211 2819 carnis
3250 2763 3589 2835 paenitentia:

2002 2858 2296 2913 dicuntur:
2352 2872 2455 2912 nec
2511 2873 2640 2928 ergo
2692 2873 2790 2927 per
2830 2859 2947 2912 haec
2996 2854 3248 2911 Christus
3280 2856 3591 2912 communis

2004 2948 2211 3018 peccati
2273 2949 2352 3018 (id
2404 2958 2486 3005 est
2545 2948 2768 3003 humani
2825 2948 3081 3020 generis,
3145 2947 3291 3017 quod
3354 2949 3591 3018 pepqus

2005 3038 2271 3111 signiﬁcat
2307 3050 2363 3093 et
2406 3039 2605 3093 summi
2654 3039 2951 3093 sacerdotis
3018 3054 3273 3108 persona,
3316 3038 3410 3109 qui
3461 3038 3590 3108 quia

2006 3137 2207 3201 prazest
2242 3128 2462 3200 pepulo,
2486 3130 2704 3199 propria
2738 3128 2868 3183 facit
2897 3129 3088 3199 utique
3120 3128 3302 3199 populi
3344 3130 3588 3199 peccata)

2005 3223 2215 3295 peragit
2238 3221 2640 3285 remissionem,
2675 3220 2769 3275 sed
2800 3220 3125 3276 auctoritate
3154 3230 3206 3275 et
3238 3220 3438 3276 virtute
3462 3235 3594 3290 pro-

2005 3317 2138 3387 pri:e
2176 3314 2498 3372 divinitatis.
2548 3313 2753 3369 Christi
2799 3313 2948 3368 enim
2978 3313 3283 3383 passiones,
3318 3327 3417 3381 per
3458 3327 3596 3381 quas

2005 3409 2164 3464 nobis
2195 3407 2444 3463 remissio
2474 3415 2815 3477 procuratur,
2858 3420 2970 3458 non
3004 3404 3242 3459 hominis
3272 3404 3591 3473 cujusquam

2007 3500 2151 3572 puri,
2186 3499 2280 3555 sed
2313 3497 2407 3553 Dei
2438 3507 2567 3553 sunt
2591 3495 2880 3551 incarnati.
2912 3495 3143 3566 Propter
3171 3495 3314 3565 quod
3356 3510 3469 3548 non
3504 3503 3591 3548 est

2007 3593 2215 3649 esibilis
2248 3591 2583 3654 hominibus,
2608 3590 2702 3646 sed
2734 3589 2856 3661 igne
2880 3589 3245 3653 consumitur,
3274 3587 3400 3658 quia
3427 3586 3598 3641 solius

2012 3685 2102 3739 Dei
2145 3692 2230 3739 est
2279 3682 2655 3737 remissionem
2696 3678 2845 3734 omni
2901 3679 3145 3749 prazbere
3193 3694 3292 3733 suo
3323 3676 3595 3747 plasmati,

2009 3776 2153 3847 quod
2185 3789 2282 3845 per
2317 3775 2496 3843 ignem
2541 3769 2830 3842 signiﬁcat.
2887 3769 3028 3824 Deus
3074 3768 3221 3824 enim
3255 3777 3429 3823 noster
3460 3768 3599 3838 ignis

2011 3867 2315 3923 consumens
2337 3873 2413 3918 est
2428 3864 2494 3918 δ’.

2610 3950 2837 4007 CAPUT
2886 3948 2998 4007 VII.

2082 4048 2246 4104 Vens.
2283 4045 2406 4101 I-7.
2445 4064 2463 4096 ‹
2498 4043 2627 4098 Ilznc
2656 4057 2875 4113 quoque
2911 4050 2996 4096 est
3024 4041 3109 4096 lex
3141 4039 3334 4096 hostia:
3368 4054 3468 4109 pro
3503 4037 3602 4093 de—

2014 4143 2163 4205 licto,
2185 4140 2443 4195 Sanctum
2464 4148 2776 4193 sanctorum
2794 4149 2906 4200 est;
2930 4134 3155 4198 idcirco,
3180 4133 3269 4188 ubi
3289 4133 3606 4188 immolatur

2018 4232 2420 4291 holocaustum,
2472 4226 2797 4282 mactabitur
2846 4232 2903 4281 et
2944 4225 3164 4280 victima
3209 4241 3306 4295 pro
3361 4224 3601 4290 delicto;

2020 4329 2238 4400 sanguis
2267 4328 2387 4397 ejus
2410 4342 2509 4397 per
2532 4340 2722 4395 gyrum
2747 4323 3007 4379 iundetur
3034 4323 3241 4378 altaris.
3274 4322 3516 4378 Oﬁ‘erent
3540 4337 3607 4377 ex
3690 4311 3715 4337 ’

331 4426 636 4492 nitentium,
682 4429 1049 4485 necessariam
1073 4431 1140 4485 ad
1182 4432 1515 4502 adjutorium
1549 4415 1754 4492 habent
1782 4415 1904 4493 ora-

2016 4439 2080 4478 ea
2118 4421 2369 4488 caudam,
2409 4428 2465 4473 et
2508 4418 2723 4488 adipem
2758 4416 2852 4487 qui
2896 4415 3075 4486 operit
3119 4415 3322 4481 vitalia,
3349 4415 3489 4470 duos
3519 4428 3608 4468 re-

2026 4513 2315 4576 nunculos,
2347 4516 2403 4565 et
2426 4509 2835 4581 pinguedinem,
2880 4524 3002 4578 qua:
3039 4507 3195 4576 juxta
3226 4506 3315 4560 ilia
3345 4515 3447 4572 est,
3478 4506 3610 4560 reli-

2024 4610 2318 4678 culumque
2360 4605 2561 4676 jecoris
2599 4620 2723 4659 cum
2776 4602 3112 4667 renunculis,
3157 4609 3213 4656 et
3263 4602 3504 4657 adolebit
3545 4618 3612 4656 ea

2026 4700 2283 4758 sacerdos
2331 4712 2494 4768 super
2533 4697 2740 4752 altare:
2794 4696 3074 4751 incensum
3121 4704 3206 4750 est
3255 4694 3464 4750 Domini
3514 4710 3612 4763 pro

2027 4797 2251 4852 delicto.
2280 4792 2471 4850 Omnis
2514 4790 2793 4846 masculus
2836 4790 2904 4844 de
2934 4788 3255 4843 sacerdotali
3301 4803 3517 4859 genere,
3552 4788 3610 4840 in

2023 4888 2144 4943 loco
2186 4895 2375 4945 sancto
2422 4892 2674 4940 vescetur
2734 4882 2820 4936 his
2872 4881 3153 4942 carnibus,
3188 4879 3315 4950 quia
3348 4880 3612 4933 Sanctum

2019 4988 2334 5034 sanctorum
2401 4984 2506 5031 est.
2579 4973 2647 5028 Et
2722 4973 2864 5028 sicut
2936 4986 3034 5043 pro
3107 4980 3334 5043 peccato
3387 4968 3617 5024 oﬁ‘ertur

2019 5070 2245 5132 hostia,
2325 5069 2397 5122 ita
2480 5074 2537 5121 et
2607 5080 2708 5136 pro
2780 5063 3342 5133 delicto;utriusque
3422 5058 3617 5115 hostiae

2023 5179 2133 5218 una
2168 5164 2253 5217 lex
2282 5161 2408 5226 erit,
2440 5159 2521 5215 Ad
2552 5159 2895 5214 sacerdotem
2924 5158 3016 5229 qui
3042 5172 3164 5213 eam
3200 5154 3460 5212 obtulerit
3486 5168 3618 5225 per-

2027 5254 2240 5312 tinebit.
2284 5270 2304 5302 ι

2105 5347 2371 5402 Delictum
2421 5343 2710 5415 aliquando
2764 5344 2988 5415 quidem
3037 5342 3377 5415 recognitum
3422 5355 3619 5411 pecca-

2035 5452 2151 5498 tum
2189 5447 2367 5504 vocat,
2414 5437 2703 5507 aliquando
2751 5446 2938 5494 autem
2972 5436 3127 5504 illud,
3163 5435 3309 5507 quod
3342 5436 3397 5490 in
3439 5434 3618 5503 ipsum

329 4522 537 4575 tionem
590 4523 798 4593 populi,
847 4525 1046 4595 quibus
1083 4534 1373 4583 attestatur
1407 4528 1646 4585 Jacobus
1682 4530 1912 4588 dicens:

331 4611 664 4684 Canﬁtemini
695 4617 1007 4673 alterutrum
1047 4630 1263 4690 peccata
1301 4630 1498 4688 vestra,
1533 4632 1583 4677 et
1619 4633 1768 4679 orate
1821 4640 1916 4694 pro

331 4708 552 4762 invicem
588 4718 643 4762 ut
677 4709 1034 4766 salvemini”.

401 4798 583 4855 Omnis
624 4805 889 4857 masculus
945 4806 1011 4859 de
1062 4822 1247 4877 genere
1286 4808 1638 4875 sacerdotali,
1685 4819 1919 4864 vescetur

333 4892 578 4946 carnibus
598 4892 731 4964 ejus,
775 4894 900 4965 quia
935 4893 1188 4962 Sanctum
1236 4908 1537 4953 sanctorum
1578 4909 1674 4954 est.
1717 4900 1774 4955 Id
1805 4908 1911 4966 est,

333 4982 439 5037 hoc
481 4984 627 5053 quod
671 4984 913 5055 pertinet
950 4987 1027 5057 _ad
1079 4986 1413 5057 poenitentia:
1447 4991 1740 5057 actionem,
1789 4992 1915 5046 forti

333 5076 478 5130 enim
535 5092 674 5149 opus
718 5087 803 5134 est
841 5094 1003 5135 sensu
1041 5087 1095 5133 et
1130 5078 1269 5133 virili
1301 5079 1607 5136 intentione
1654 5083 1791 5137 nihil
1837 5083 1918 5138 fe-

334 5170 576 5227 mineum
613 5188 793 5245 neque
833 5173 1034 5229 ﬂuxum
1075 5173 1334 5235 habente.
1391 5172 1449 5227 in
1494 5175 1703 5245 agenda
1748 5176 1923 5245 poeni-

338 5268 532 5322 tentia.
561 5268 873 5325 Notandum
916 5276 1120 5326 autem.
1156 5264 1282 5335 quia
1322 5265 1646 5321 sacriﬁcium
1693 5266 1915 5336 quidem

337 5373 462 5412 eum
490 5360 582 5429 qui
607 5360 802 5417 oﬁ'eret
830 5359 1167 5416 sacerdotem
1200 5358 1335 5412 dixit
1362 5358 1690 5413 comedere:
1730 5373 1925 5414 carnes

338 5457 520 5503 autem
572 5450 820 5507 sacriﬁcii
866 5466 1059 5506 omnes
1107 5449 1381 5505 masculos
1426 5449 1493 5505 de
1526 5449 1921 5511 sacerdotibus,

3638 4579 3649 4614 ι

411 5668 677 5796 δέὶίοιιιιι.
710 5691 793 5739 m,
852 5676 1058 5747 8scqq.
1152 5677 1195 5709 ⁸⁸
1218 5676 1262 5732 II
1310 5677 1451 5732 Tim.
1498 5675 1679 5745 11,20.
1779 5669 1822 5702 δ’
1850 5670 1901 5727 Is

2009 5683 2121 5732 txx,
2150 5661 2235 5718 Ii.
2310 5660 2359 5696 ⁵⁹
2384 5659 2497 5717 Jac.
2529 5676 2584 5729 ν,
2620 5658 2706 5718 i6.
2786 5660 2829 5694 ³¹
2854 5658 3000 5716 Psal.
3033 5675 3181 5724 xxvi,
3212 5657 3292 5713 Ii.
3369 5655 3420 5689 τ’
3448 5652 3611 5710 Deut.

344 5750 419 5805 tv,
443 5750 508 5796 Ἡ
524 5783 536 5795 .
