4030 6240
337 380 441 446 857

1485 382 1569 442 IN
1606 382 2042 445 LEVITICUM.
2082 410 2151 423 *-
2187 385 2333 447 LIB.
2376 386 2461 447 II.

3487 380 3596 448 858

336 492 694 551 committitur
728 491 919 557 Deum,
948 492 1090 549 sicut
1116 491 1248 547 illud
1277 492 1422 562 quod
1465 492 1523 549 in
1552 495 1756 549 sanctis
1788 510 1911 564 per-
1939 505 1987 558 Α
2015 497 2319 554 ﬁcationem
2367 498 2669 570 signiﬁcat,
2714 513 2836 569 quas
2882 497 3042 554 nobis
3095 493 3344 552 ordinata
3388 505 3473 551 est
3524 494 3595 549 ad

335 594 602 656 petratur,
650 583 1110 655 quemadmodum
1145 584 1396 653 superius
1435 584 1796 640 ostendimus.
1838 586 1913 640 De

336 676 423 730 his
466 689 656 730 rursus
708 688 944 744 praesens
1001 672 1155 728 locus
1207 670 1358 726 dicit.
1425 670 1773 726 Manifestum
1830 680 1916 726 est

333 773 516 820 autem
544 780 610 820 ex
641 780 727 828 eo,
768 765 914 834 quod
956 772 1012 818 et
1051 779 1150 834 pro
1194 764 1319 828 hoc,
1348 762 1649 818 secundum
1687 762 1831 832 quod
1859 770 1916 817 et

333 854 478 910 LXX
520 856 830 924 specialiter
875 854 1083 918 dicunt,
1142 853 1367 908 arietem
1403 853 1586 907 offerri
1632 853 1911 923 praecepit.

334 941 443 997 Sed
477 954 532 997 et
560 942 616 997 in
648 958 758 1012 quo
797 943 1239 997 communionem
1271 942 1437 996 habet
1466 956 1591 996 cum
1624 941 1913 997 sacrificiis

332 1034 558 1089 aliorum
600 1043 965 1104 peccatorum,
1013 1042 1070 1089 et
1099 1034 1156 1086 in
1188 1047 1301 1102 quo
1329 1046 1521 1087 rursus
1561 1031 1746 1086 diﬁert
1777 1032 1911 1087 sub-

329 1125 492 1182 tiliter
531 1126 884 1183 discutientes
911 1126 1274 1181 inveniemus.

401 1217 528 1272 llwe
573 1234 775 1289 quoque
825 1227 902 1272 est
930 1217 1019 1271 lea:
1059 1218 1242 1272 hostiae
1286 1228 1383 1287 pro
1419 1216 1628 1271 delicto.
1678 1215 1738 1269 In
1800 1229 1911 1284 quo

328 1308 469 1362 LXX
528 1311 758 1365 arietem
817 1308 1144 1380 specialiter,
1212 1319 1271 1364 ut
1321 1324 1487 1379 supra
1549 1308 1761 1362 dictum
1800 1315 1904 1371 est,

322 1411 717 1470 expresserunt
747 1402 1028 1457 dicentes:
1080 1401 1210 1456 Naso
1238 1411 1312 1456 est
1342 1401 1426 1456 tea:
1464 1402 1648 1456 arietis
1670 1417 1765 1470 pro
1799 1417 1909 1470 pae-

325 1493 569 1555 nitentia,
600 1492 798 1549 Sancta
844 1504 1147 1551 sanctorum
1177 1504 1317 1550 sunt.
1348 1494 1414 1549 In
1457 1494 1570 1549 loco
1597 1510 1698 1563 quo
1719 1495 1909 1547 immo-

325 1583 509 1638 labunt
543 1586 993 1651 holocautomata,
1045 1587 1368 1658 jugulabunt
1415 1595 1464 1641 et
1491 1586 1712 1640 arietem
1740 1586 1905 1654 paeni-

323 1677 501 1730 tentiae
524 1689 708 1730 contra
744 1678 917 1732 Deum
947 1688 993 1732 et
1034 1680 1344 1748 sanguinem
1386 1678 1551 1747 ipsius
1591 1678 1806 1747 fundent
1833 1675 1904 1729 ad

323 1766 493 1821 basim
521 1768 712 1823 altaris
745 1771 802 1824 in
836 1771 1081 1826 circuitu.
1117 1770 1240 1825 llaec
1271 1785 1402 1839 ergo
1439 1769 1748 1822 communia
1777 1775 1906 1822 sunt

2016 591 2262 645 salutem.
2296 588 2604 645 Notandum
2632 598 2834 656 autem,
2864 589 2992 660 quia
3028 601 3369 659 quaecunque
3417 586 3475 640 in
3504 600 3595 640 sa-

2015 681 2219 748 criﬁcio
2257 681 2627 751 paciﬁcorum.
2669 698 2735 737 ea
2773 681 2827 735 in
2863 682 2967 737 hoc
3011 680 3280 736 sacriﬁcio
3331 677 3594 749 praecepit

2014 773 2151 830 ﬁeri.
2177 775 2403 845 Adipem
2425 776 2580 845 jubet
2610 775 2816 831 offerri.
2852 775 3133 829 Desiderat
3161 774 3308 827 enim
3337 770 3592 827 Christus

2013 873 2069 921 et
2120 881 2246 921 eum
2299 866 2390 936 qui
2440 867 2622 937 gravia
2674 867 2837 922 habet
2892 874 3136 935 peccata,
3180 864 3413 918 salvare.
3450 861 3590 916 Cum

2011 955 2192 1026 adipe,
2230 956 2531 1011 secundum
2568 954 2733 1019 LXX,
2777 962 2832 1009 et
2872 954 3116 1009 lumbum
3155 953 3366 1008 oﬁ'eret.
3398 949 3589 1021 Neque

2010 1049 2163 1103 enim
2188 1047 2529 1104 solummodo
2564 1048 2669 1102 hoc
2714 1048 2851 1111 vult,
2896 1045 2992 1103 sed
3023 1053 3080 1099 et
3105 1054 3303 1115 potest.
3344 1043 3588 1100 Lumhus

2010 1147 2192 1194 autem
2218 1180 2232 1206 ,
2289 1147 2476 1210 utpote
2523 1138 2665 1194 forte
2712 1138 3040 1203 membrum,
3082 1134 3353 1207 signiﬁcat
3407 1135 3587 1190 virtu-

2010 1241 2140 1289 tem.

2079 1324 2222 1378 Duos
2251 1322 2582 1388 renunculos,
2628 1332 2679 1376 et
2719 1319 3086 1390 pinguedinem
3124 1333 3241 1388 quae
3290 1316 3450 1387 juxta
3486 1316 3585 1372 ilia

2009 1424 2107 1469 est.
2144 1414 2271 1469 Vult
2301 1415 2504 1485 quippe
2544 1413 2778 1468 maxime
2809 1410 3124 1481 paenitentis
3146 1409 3397 1464 mundari
3429 1408 3587 1463 inte—

2007 1507 2204 1563 riorem
2250 1507 2549 1569 hominem,
2582 1505 2697 1559 vult
2725 1504 2890 1559 etiam
2927 1501 3130 1556 habere
3167 1515 3293 1554 eum
3324 1509 3380 1554 et
3419 1497 3588 1553 casti-

2005 1607 2194 1655 tatem.
2247 1598 2478 1667 Propter
2526 1597 2670 1667 quod
2720 1610 2829 1649 non
2883 1593 3059 1648 solum
3105 1592 3340 1655 renium,
3384 1590 3481 1646 sed
3527 1599 3587 1645 et

2005 1687 2254 1752 iliorum,
2301 1687 2389 1741 vel
2435 1686 2700 1741 femorum
2745 1682 3128 1753 pinguedinem
3155 1720 3171 1744 ,
3218 1696 3315 1735 seu
3364 1680 3582 1749 adipem

2006 1779 2207 1833 auferri
2251 1777 2438 1848 jussit.
2476 1776 2602 1846 quia
2631 1776 2749 1829 lucc
2779 1772 3177 1828 commistionis
3198 1770 3499 1825 ministeria
3528 1778 3585 1825 et

322 1871 447 1910 cum
474 1858 761 1922 sacriﬁcio,
793 1860 937 1929 quod
969 1875 1068 1928 pro
1110 1859 1216 1914 alio
1251 1859 1344 1913 illo
1387 1867 1610 1928 peccato
1650 1856 1901 1912 offertur.

2008 1846 2275 1923 seminum
2324 1873 2604 1934 putantur.
2657 1862 2793 1917 Cum
2843 1861 2928 1914 his
2972 1861 3136 1914 etiam
3185 1860 3472 1914 reticulum
3500 1859 3584 1928 je-

232 1949 237 1952 ’
322 1947 552 2019 Propter
582 1955 725 2023 quod
752 1968 815 2008 ea
847 1954 924 2009 ibi
962 1955 1336 2023 interpretata,
1379 1952 1466 2007 hic
1510 1961 1659 2008 recte
1679 1961 1904 2023 praeter-

320 2042 630 2098 mittentur.
663 2043 804 2110 Quid
842 2053 1024 2099 autem
1055 2045 1140 2099 his
1178 2045 1408 2108 addidit,

393 2127 582 2199 O/feret
611 2147 675 2185 ex
702 2148 764 2186 ea
793 2133 1040 2192 caudam.
1075 2141 1125 2185 et
1156 2132 1364 2201 adipem
1393 2132 1484 2201 qui
1503 2132 1669 2201 operit
1692 2129 1901 2195 vitalia,

322 2220 455 2272 duos
484 2220 816 2282 renuncuios,
849 2230 897 2274 et
923 2222 1315 2291 pinguedinem,
1347 2238 1463 2290 qua:
1478 2221 1639 2289 juxta
1679 2219 1777 2273 ilia
1805 2227 1902 2284 est,

323 2308 705 2380 reticulumque
739 2311 939 2380 jecoris
976 2327 1096 2365 cum
1135 2310 1456 2374 renuncul'is,
1506 2320 1553 2363 et
1582 2310 1810 2363 adolebit
1841 2325 1904 2363 ea

325 2413 482 2464 super
513 2399 688 2454 altare
731 2402 994 2466 sacerdos,
1046 2401 1317 2455 incensum
1342 2409 1426 2454 est
1452 2400 1666 2454 Domini
1693 2416 1788 2469 pro
1817 2400 1907 2453 de-

327 2486 471 2542 licto.
531 2489 689 2555 Quod
750 2491 895 2546 LXX
956 2491 1035 2547 sic
1087 2491 1259 2546 edunt
1288 2510 1304 2547 :
1338 2491 1406 2545 Et
1447 2508 1653 2546 omnem
1694 2492 1905 2561 adipem

328 2579 442 2650 ejus
473 2583 679 2650 auferet
715 2583 780 2635 ab
814 2598 894 2647 eo,
947 2582 1181 2637 lumbum
1225 2592 1280 2637 et
1314 2599 1520 2638 omnem
1564 2584 1774 2653 adipem
1814 2585 1905 2655 qui

325 2670 496 2739 operit
539 2671 835 2736 interiora,
880 2682 929 2727 et
968 2690 1174 2727 omnem
1231 2675 1443 2744 adipem
1479 2676 1569 2744 qui
1610 2685 1686 2729 est
1718 2676 1774 2729 in
1823 2677 1907 2728 in-

324 2762 623 2826 terioribus,
664 2773 714 2817 et
745 2765 875 2819 duos
908 2782 1079 2831 renes,
1133 2774 1184 2819 et
1218 2767 1429 2836 adipem
1470 2768 1529 2821 in
1553 2768 1649 2833 eis,
1677 2770 1769 2838 qui
1829 2777 1905 2822 est

324 2853 381 2908 in
445 2855 754 2925 femoribus,
817 2864 871 2911 et
940 2856 1190 2925 pinnulas
1245 2859 1442 2927 jeeoris
1508 2876 1627 2913 cum
1696 2861 1906 2914 renibus

324 2954 374 3000 et
437 2946 617 3015 θίγωσι
671 2964 735 3001 ea
793 2948 867 3001 ad
921 2948 1094 3001 altare
1146 2950 1390 3003 sacerdos
1440 2950 1668 3004 [testium
1724 2949 1906 3005 Domi-

326 3050 413 3089 no.
452 3035 578 3090 llaec
601 3050 941 3106 nequaquam
978 3039 1252 3106 pertinent
1293 3039 1360 3094 ad
1386 3039 1617 3094 aliorum
1647 3049 1905 3110 peccato-

329 3139 449 3179 rum
497 3125 778 3189 sacriﬁeia,
839 3135 1054 3196 oportet
1101 3143 1233 3198 ergo
1291 3145 1355 3184 ea
1409 3130 1703 3185 discutere.
1768 3131 1904 3186 illud

327 3225 510 3271 autem
552 3219 834 3273 intendere
883 3220 1033 3288 prius
1061 3230 1143 3275 est
1187 3222 1579 3287 necessarium,
1612 3223 1738 3293 quia
1768 3225 1903 3279 deli-

324 3315 475 3362 ctum
538 3308 605 3362 ad
676 3308 850 3363 Deum
892 3310 1166 3365 refertur:
1206 3327 1550 3383 quaecunque
1605 3323 1791 3369 autem
1837 3315 1904 3369 ad

325 3399 495 3454 Deum
546 3400 879 3466 referuntur,
913 3401 1186 3459 difﬁcilem
1221 3404 1426 3459 habent
1467 3405 1705 3470 veniam,
1736 3406 1812 3461 ita
1844 3414 1907 3461 ut

327 3489 444 3545 Heli
488 3491 612 3547 ﬁliis
649 3492 874 3548 diceret:
906 3492 966 3548 Si
1006 3493 1159 3548 homo
1191 3497 1480 3564 peccaverit
1525 3499 1583 3551 in
1620 3499 1902 3565 hominem,

324 3583 496 3639 orabit
515 3601 612 3654 pro
645 3602 704 3640 eo
725 3601 744 3639 :
768 3587 815 3640 si
842 3603 962 3642 vero
1001 3588 1061 3640 in
1098 3587 1263 3642 Deum
1299 3591 1610 3659 peccaverit,
1647 3592 1764 3661 quis
1809 3608 1907 3661 pro

325 3692 386 3730 eo
433 3676 701 3730 orabit”?
738 3677 1057 3735 Necessarie
1098 3693 1230 3749 ergo
1272 3680 1499 3734 arietem
1542 3680 1767 3751 ﬁguram
1809 3697 1906 3752 ge-

326 3776 540 3822 rentem
573 3767 808 3831 Domini,
847 3769 916 3823 de
952 3784 1061 3838 quo
1085 3769 1292 3824 dictum
1345 3780 1431 3826 est
1466 3789 1481 3825 :
1540 3771 1673 3826 Ecce
1725 3772 1906 3844 Agnus

328 3857 446 3925 Dei,
491 3874 605 3912 ecce
637 3861 725 3928 qui
771 3858 906 3912 tollit
938 3869 1210 3928 peccatum
1255 3863 1520 3925 mundi“,
1558 3863 1698 3917 sumi
1733 3864 1789 3917 in
1816 3878 1906 3918 sa-

323 3947 531 4003 criﬁcio
578 3947 835 4013 diximus,
884 3950 940 4003 in
991 3964 1100 4019 quo
1129 3951 1247 4005 solo
1275 3958 1360 4006 est
1382 3991 1397 4016 ,
1428 3958 1648 4021 peccata
1693 3969 1816 4022 quae
1851 3954 1907 4008 in

328 4055 452 4093 eum
483 4041 774 4096 commissa
804 4049 931 4095 sunt
954 4040 1214 4096 relaxare.
1254 4040 1481 4111 Oportet
1501 4051 1684 4098 autem
1712 4047 1903 4114 quaeri,

328 4148 496 4201 qiuare
526 4149 639 4189 non
673 4133 853 4188 omnis
878 4137 1021 4189 aries
1052 4134 1107 4188 in
1148 4135 1524 4191 holocaustum
1555 4138 1645 4201 sit,
1688 4139 1826 4192 sicut
1854 4146 1911 4194 et

329 4225 550 4286 vitulus,
602 4225 695 4295 qui
733 4239 832 4294 pro
882 4225 1089 4294 populo
1124 4233 1181 4279 et
1231 4240 1333 4296 pro
1378 4227 1662 4281 sacerdote
1694 4227 1910 4282 oblatus

329 4324 432 4380 est,
460 4323 517 4370 et
548 4315 664 4384 ipse
698 4314 844 4368 enim
879 4314 1105 4385 ﬁguram
1134 4331 1324 4385 gerere
1352 4316 1598 4371 sacriﬁcii
1632 4317 1908 4388 Unigeniti

329 4414 414 4460 est
443 4407 721 4474 probatus.
756 4405 863 4461 Sed
891 4406 964 4461 ibi
997 4406 1221 4475 quidem
1242 4407 1366 4477 quia
1394 4408 1661 4478 generalis
1689 4410 1908 4477 dispen-

1964 1995 1974 2003 -
2001 1959 2167 2024 coris,
2210 1958 2299 2013 vel
2327 1958 2467 2012 sicut
2496 1955 2658 2016 LXX,
2704 1954 2986 2025 pinnulam
3014 1951 3191 2020 epatis
3218 1966 3341 2005 cum
3374 1964 3583 2004 renun-

2002 2050 2137 2104 culis
2164 2047 2363 2103 auferri
2402 2046 2681 2116 praecepit,
2710 2052 2767 2098 et
2793 2041 2981 2098 offerri
3007 2056 3133 2097 cum
3165 2040 3288 2094 aliis
3327 2040 3383 2093 in
3421 2039 3581 2092 altari

2002 2141 2233 2195 hostiam
2269 2137 2514 2192 Domino.
2554 2134 2679 2189 Vult
2720 2133 2866 2189 enim
2899 2149 3024 2188 eum
3059 2131 3152 2201 qui
3200 2131 3580 2201 paenitentiam

2003 2233 2130 2303 agit,
2177 2227 2672 2300 concupiscentiam
2702 2225 2978 2296 propriam
3026 2240 3140 2279 non
3181 2225 3423 2287 habere,
3482 2224 3584 2281 sed

2001 2337 2222 2379 omnem
2281 2335 2402 2374 eam
2464 2318 2665 2374 offerre
2726 2318 2860 2371 Deo.
2904 2315 3043 2383 Quia
3082 2316 3578 2385 concupiscentias,

2003 2414 2121 2469 sive
2152 2411 2442 2475 desideria,
2482 2411 2538 2464 in
2571 2410 2768 2478 hepate
2800 2408 3008 2463 moveri
3033 2407 3244 2473 dicunt,
3274 2415 3331 2463 et
3355 2408 3577 2472 nutriri,

2000 2519 2233 2576 quarum
2283 2503 2534 2574 primitiae
2567 2516 2666 2572 per
2710 2500 2990 2570 pinnulam
3027 2499 3223 2555 oblata:
3247 2499 3303 2554 in
3338 2500 3584 2556 sanctiﬁ-

2005 2595 2218 2650 catione
2273 2592 2478 2664 peragi,
2532 2606 2831 2662 omnesque
2881 2589 3079 2661 corrigi
3133 2588 3365 2648 faciunt.
3453 2590 3585 2648 Haec

2004 2687 2213 2750 dicens,
2245 2685 2453 2740 addidit
2478 2701 2495 2738 :

2080 2775 2184 2829 Pro
2202 2774 2391 2829 delicto
2408 2782 2504 2828 est.
2529 2770 2856 2836 Ostendens,
2868 2772 2996 2842 quia
3016 2787 3129 2827 non
3150 2771 3354 2827 frustra
3372 2770 3583 2827 sacriﬁ-

2005 2866 2146 2922 cium
2179 2867 2284 2921 hoc
2319 2863 2540 2919 differre
2572 2863 2641 2918 ab
2678 2862 2800 2919 aliis
2825 2861 3127 2928 sacriﬁciis,
3164 2878 3287 2933 qua:
3329 2870 3459 2917 sunt
3484 2877 3588 2933 pro

2004 2956 2261 3026 peccatis,
2305 2954 2461 3020 dixit,
2490 2953 2586 3008 sed
2628 2953 2754 3023 quia
2794 2967 2896 3023 pro
2922 2953 3120 3008 delicto
3146 2961 3251 3019 est,
3292 2953 3348 3008 id
3375 2962 3483 3016 est,
3525 2952 3587 3007 in

2007 3050 2177 3104 Deum
2209 3047 2383 3103 tendit
2412 3055 2697 3116 peccatum
2730 3044 2870 3112 ejus.
2900 3043 3057 3100 Unde
3093 3052 3145 3099 et
3173 3053 3381 3114 partem
3424 3043 3588 3099 Citri-

2006 3139 2077 3192 sti
2121 3135 2398 3199 sacriﬁcii,
2438 3133 2585 3203 quod
2619 3148 2720 3202 pro
2756 3133 2902 3188 onmi
2936 3148 3133 3204 genere
3159 3134 3400 3189 humano
3429 3132 3588 3188 obla-

2010 3237 2121 3283 tum
2170 3236 2272 3291 est,
2327 3226 2381 3281 in
2433 3240 2538 3280 una
2591 3225 2754 3279 etiam
2796 3240 3029 3294 persona
3072 3225 3319 3294 accipere
3359 3240 3589 3281 necesse

2006 3319 2216 3375 habuit.
2249 3318 2475 3387 Reliqua
2515 3326 2697 3371 autem
2730 3330 2838 3370 non
2870 3316 3099 3385 accepit,
3139 3316 3267 3386 quia
3301 3316 3400 3370 soli
3431 3316 3589 3370 obla-

2007 3406 2171 3473 tioni,
2224 3421 2347 3477 quae
2387 3420 2486 3476 pro
2538 3404 2795 3458 omnibus
2841 3404 3024 3459 oblata
3075 3412 3182 3470 est,
3237 3411 3585 3473 competunt.

2004 3498 2193 3568 Neque
2241 3498 2387 3552 enim
2431 3495 2546 3552 sola
2613 3510 2736 3565 quae
2791 3494 3049 3564 pradicta
3105 3503 3253 3560 sunt,
3306 3492 3589 3564 Unigeniti

2005 3587 2330 3642 sacriﬁcium
2381 3586 2675 3656 praestitit:
2723 3584 2821 3641 sed
2868 3593 2923 3640 et
2955 3594 3296 3641 mortuorum
3342 3601 3591 3642 resurre-

2005 3679 2262 3738 ctionem.
2323 3691 2379 3734 et
2435 3678 2638 3733 diaboli
2698 3678 3256 3743 condemnationem,
3305 3678 3587 3735 maledicti

2006 3769 2415 3832 liberationem,
2512 3768 2750 3839 paradisi
2844 3770 3271 3834 restitutionem,
3356 3785 3589 3839 quarum

2008 3861 2432 3929 unumquodque
2488 3860 2743 3913 virtutem
2805 3858 3121 3926 paenitentis
3201 3859 3434 3913 excedit.
3503 3859 3590 3914 Ad

2008 3949 2167 4018 cujus
2224 3948 2690 4018 supplementum,
2729 3954 2919 4015 utpote
2972 3963 3085 4002 non
3141 3948 3245 4003 sibi
3287 3947 3591 4006 sufﬁciente

2008 4050 2231 4111 propter
2280 4037 2711 4107 magnitudinem
2767 4038 2974 4107 peccati
3034 4055 3100 4094 eo
3154 4040 3246 4110 qui
3317 4043 3586 4112 peccavit,

2007 4141 2215 4203 partem
2267 4129 2531 4186 Dominici
2577 4130 2827 4185 sacriﬁcii
2868 4131 3306 4201 comprehendit.
3362 4131 3590 4202 Reliqua

2009 4233 2188 4293 autqm
2239 4222 2504 4301 ei,-quod
2551 4238 2650 4291 pro
2678 4221 2932 4277 omnibus
2963 4232 3064 4289 est,
3111 4223 3381 4278 sacriﬁcio
3409 4232 3592 4301 custo-

2007 4317 2253 4372 diuntur.
2282 4295 2641 4384 Participatur
2663 4324 2843 4369 autem
2869 4329 2934 4369 eo
2956 4321 3011 4369 et
3035 4315 3155 4379 iste,
3189 4331 3286 4384 pro
3304 4331 3414 4385 quo
3442 4295 3591 4372 nunc

2010 4407 2334 4484 sacriﬁcium
2383 4405 2463 4470 ﬁt,
2504 4421 2629 4459 cum
2677 4421 2820 4460 unus
2867 4413 2922 4460 et
2972 4406 3087 4475 ipse
3122 4422 3191 4461 ex
3234 4408 3382 4461 omni
3410 4423 3590 4463 massa

332 4506 447 4551 sata
473 4504 556 4552 est
587 4498 854 4562 remissio,
884 4508 940 4554 et
964 4498 1143 4553 omnis
1173 4498 1397 4552 humani
1431 4498 1647 4568 generis
1688 4507 1904 4568 peracta
1926 4528 1983 4584 Ἰ)
2011 4499 2096 4554 sit.
2142 4496 2433 4567 POSIquum
2466 4504 2649 4550 autem
2705 4495 2860 4561 dixit,
2911 4495 3160 4564 quaedam
3209 4497 3613 4575 sacrificii-pro

332 4596 417 4642 est
442 4588 619 4652 venia,
650 4592 957 4644 necessarie
981 4605 1144 4645 omne
1168 4589 1372 4645 Christi
1398 4589 1719 4645 sacriﬁcium
1744 4588 1910 4645 otl'er—

337 4687 445 4739 tur,
491 4678 581 4734 hic
614 4687 799 4734 autem
845 4679 974 4736 illud
1011 4690 1094 4737 est
1120 4682 1267 4752 quod
1309 4698 1406 4751 pro
1452 4683 1534 4738 eis
1585 4681 1667 4748 ﬁt,
1710 4682 1910 4752 quibus

334 4771 662 4826 sacriﬁcium
715 4781 771 4827 et
829 4772 1080 4828 remissio
1150 4784 1496 4843 procuratur.
1560 4773 1911 4844 Quaecunque

335 4879 466 4935 ergo
488 4880 613 4919 eum
640 4866 1120 4934 possuntsalvare,
1163 4866 1280 4922 haec
1314 4867 1367 4920 in
1394 4866 1719 4921 sacriﬁcium
1760 4867 1910 4920 Chri-

334 4958 404 5013 sti
459 4958 658 5027 suscipi
714 4957 989 5027 legislator
1027 4958 1209 5025 jussit.
1243 4956 1374 5023 Quae
1419 4958 1528 5012 sint
1576 4966 1758 5012 autem
1794 4959 1910 5013 haec

332 5049 535 5106 Paulus
561 5051 639 5104 ait
664 5089 681 5115 ,
735 5050 926 5104 Pacem
961 5050 1243 5120 sequimini
1272 5067 1391 5104 cum
1420 5051 1660 5104 omnibus
1698 5050 1907 5115 dicens,

339 5145 388 5189 et
430 5139 851 5200 sanctimoniam,
907 5138 1021 5191 sine
1066 5153 1171 5205 qua
1221 5153 1372 5191 nemo
1425 5139 1613 5191 ridebit
1657 5137 1824 5191 Deum
1843 5139 1908 5195 ξ’.

339 5227 496 5292 Quod
524 5236 578 5283 et
602 5244 746 5283 nunc
774 5229 1045 5299 legislator
1075 5229 1399 5299 signiﬁcavit
1452 5247 1549 5298 per
1583 5231 1911 5286 antefactam

339 5318 705 5373 oblationem:
770 5320 1089 5375 interiorum
1143 5322 1291 5375 enim
1370 5324 1729 5393 cogitationes
1783 5332 1915 5379 sunt

334 5409 696 5480 intelligibilia
739 5411 1021 5478 interiora,
1071 5413 1270 5481 quibus
1326 5428 1514 5483 pacem
1560 5415 1907 5480 habentibus,

338 5516 526 5573 pacem
568 5516 692 5556 cum
740 5503 994 5557 omnibus
1041 5503 1380 5560 habebimus.
1413 5505 1699 5561 Oblatione
1726 5515 1909 5562 autem

330 5594 575 5658 lenium,
617 5601 673 5648 et
707 5593 965 5663 pinnulae,
992 5604 1047 5649 et
1076 5595 1271 5666 epatis,
1306 5606 1356 5652 et
1406 5597 1671 5651 femorum
1703 5600 1910 5653 sancti-

408 5795 454 5827 ⁸³
490 5792 509 5848 l
540 5793 673 5866 Reg.
729 5813 787 5863 ll,
820 5797 911 5853 $25.
985 5797 1208 5855 l"‘Joan.
1238 5817 1280 5867 ι,
1306 5801 1393 5857 29.
1471 5807 1514 5837 ⁵³
1550 5803 1713 5860 Hebr.
1745 5821 1838 5870 xu,
1880 5805 1962 5860 li.

2011 4590 2212 4645 delicto
2245 4589 2541 4659 praecipua,
2580 4585 2822 4642 subdidit
2848 4586 3164 4641 communia
3211 4601 3332 4655 quae
3359 4586 3429 4642 de
3463 4600 3594 4657 pec-

2011 4682 2149 4737 catis
2176 4681 2358 4735 habet.

2087 4773 2273 4829 Omnis
2291 4771 2558 4826 masculus
2573 4773 2637 4826 de
2663 4770 2979 4825 sacerdotali
3001 4787 3186 4841 genere
3208 4771 3264 4824 in
3289 4771 3400 4824 loco
3413 4778 3595 4824 sancta

2015 4876 2245 4921 vescetur
2272 4866 2352 4919 llis
2376 4864 2643 4925 carnibus,
2697 4863 2823 4933 quia
2863 4861 3114 4917 Sanctum
3150 4875 3452 4917 sanctorum
3496 4869 3592 4917 est.

2018 4953 2164 5008 Sicut
2196 4970 2292 5022 pro
2324 4962 2536 5022 peccato
2579 4953 2793 5023 offertur
2820 4953 3014 5015 hostia,
3048 4954 3126 5006 ita
3160 4963 3210 5007 et
3253 4970 3346 5023 pro
3384 4951 3589 5006 delicta.
3636 5026 3645 5031 _

2023 5050 2298 5118 Utriusque
2360 5049 2541 5102 hostite
2595 5064 2703 5102 una
2753 5046 2837 5102 lea:
2894 5049 3018 5102 erit.
3073 5047 3216 5124 Ergo
3264 5047 3400 5101 nihil
3446 5044 3594 5099 aliud

2018 5156 2292 5211 exponere
2337 5141 2448 5207 hic,
2496 5150 2590 5195 aut
2634 5141 2838 5196 addere
2877 5155 3107 5196 necesse
3142 5140 3425 5201 habemus,
3467 5135 3596 5204 quia

2017 5231 2328 5288 communia
2386 5233 2502 5286 haec
2546 5247 2668 5287 esse
2703 5248 2802 5302 pro
2852 5240 3095 5301 peccato,
3160 5238 3217 5284 et
3250 5244 3348 5298 pro
3396 5227 3597 5281 delicto

2019 5324 2282 5379 sacriﬁcia
2342 5324 2672 5378 audivimus.
2732 5323 3079 5378 Sulﬁcienter
3139 5329 3320 5374 autem
3390 5318 3457 5371 de
3510 5316 3598 5372 his

2018 5431 2140 5486 qua:
2192 5431 2313 5486 pro:
2343 5424 2565 5486 peccato
2615 5424 2744 5470 sunt
2790 5415 2847 5469 in
2902 5413 3174 5483 praedictis
3220 5409 3593 5480 exposuimus.

2022 5508 2127 5563 Sed
2164 5507 2633 5563 conﬁrmationem
2690 5507 2851 5562 etiam
2885 5506 3011 5560 huic
3040 5504 3144 5572 legi
3201 5502 3361 5558 talem
3408 5515 3596 5571 supcr-

2021 5601 2228 5655 addidit
2256 5620 2269 5653 :
