4044 6224
469 372 580 442 859

1666 362 2028 426 HESYCHII
2068 358 2541 420 PRESBYTER]

3640 348 3750 414 δί’ιο

539 490 621 546 Ad
676 487 1001 544 sacerdotem
1050 487 1141 555 qui
1179 502 1298 540 eam
1349 483 1598 538 obtulerit
1641 480 1944 552 pertinebit.
1989 506 2062 520 σ-
2089 479 2136 535 A
2169 487 2288 531 tur:
2322 474 2447 545 quia
2476 473 2593 543 ipse
2617 469 2773 526 nobis
2799 468 3115 540 patientiam
3146 464 3564 527 demonstravit,
3596 465 3749 532 pr'us

468 582 708 637 Christus
747 589 925 635 autem
957 579 1101 632 nobis
1140 578 1449 648 propitiatio
1500 578 1671 646 factus
1701 573 1863 627 est“.
1903 571 2047 641 Ergo

467 673 523 727 in
573 672 693 741 ipso
748 685 912 725 omne
961 670 1300 740 poenitentiae
1346 666 1675 723 sacriﬁcium
1702 664 2047 719 ministratur

466 772 524 818 et
546 762 742 833 agitur,
775 770 830 815 et
862 776 1026 815 omne
1074 757 1221 829 quod
1257 774 1322 812 ex
1355 757 1674 828 paenitentia
1700 755 1823 825 quis
1851 768 2048 809 conse-

465 855 668 926 quitur,
701 855 767 909 ad
798 870 922 908 eum
951 852 1210 919 refertur;
1247 851 1417 921 ipsius
1434 849 1678 915 estﬁenim
1702 846 2044 916 pmnitentia,

466 955 524 1001 et
544 953 767 1015 propter
795 945 960 1006 hanc,
987 954 1049 998 ut
1070 959 1171 998 nos
1197 943 1452 1007 salvaret,
1472 941 1729 1003 advenit;
1759 938 1905 1008 quod
1932 951 2050 990 ma-

466 1034 725 1090 nifestum
788 1043 872 1089 est
898 1050 965 1088 ex
1014 1048 1083 1087 eo
1127 1033 1273 1102 quod
1324 1032 1503 1086 dixit:
1540 1029 1660 1084 Non
1706 1030 1823 1083 veni
1864 1043 2051 1083 vocare

461 1124 658 1193 justos,
692 1125 785 1177 sed
813 1133 1109 1193 peccatores
1140 1123 1196 1176 in
1242 1122 1601 1191 paenitentiam
1624 1121 1695 1175 ⁸⁷.

541 1212 705 1267 Vsus.
749 1212 908 1264 8-10.
946 1230 964 1261 ς
1001 1211 1265 1265 Sacerdos
1293 1211 1384 1280 qui
1422 1209 1612 1264 oﬁ'eret
1649 1209 1945 1264 holocausti
1972 1207 2052 1261 vi-

472 1301 717 1367 ctimam,
767 1302 989 1356 habebit
1039 1302 1232 1370 pellem
1277 1301 1398 1370 ejus
1439 1308 1495 1354 et
1525 1316 1685 1354 omne
1712 1299 2038 1355 sacriﬁcium

471 1392 662 1446 simila:
702 1392 846 1462 quod
891 1392 1145 1461 coquitur
1185 1392 1237 1444 in
1281 1391 1517 1456 clibano,
1561 1399 1618 1444 et
1670 1388 1935 1459 quidquid
1993 1388 2049 1441 in

444 1484 752 1545 .craticula,
779 1483 867 1539 vel
891 1483 945 1536 in
967 1483 1239 1552 sartagine
1272 1492 1628 1551 praeparatur,
1667 1482 1787 1547 ejus
1833 1481 2053 1534 eritsa-

471 1574 729 1637 cerdotis,
758 1589 789 1627 a
824 1589 934 1643 quo
970 1573 1230 1628 oﬁ'ertur:
1273 1574 1387 1627 sive
1415 1572 1537 1627 oleo
1577 1587 1903 1641 conspersa,
1937 1571 2053 1626 sive

470 1665 621 1719 arida
654 1664 872 1727 fuerint,
906 1666 1121 1720 cunctis
1145 1664 1267 1719 ﬁliis
1298 1664 1480 1719 Aaron
1497 1680 1751 1719 mensura
1778 1677 1933 1733 requa
1960 1678 2054 1732 per

469 1756 712 1827 singulos
747 1757 1081 1812 dividentur.
1113 1775 1132 1807 ι

527 1844 645 1901 Non
670 1848 1068 1918 qualiacunque
1098 1862 1195 1917 per
1219 1862 1282 1902 ea
1308 1861 1429 1916 qua:
1450 1861 1598 1901 nunc
1623 1846 1895 1907 dicuntur,
1916 1845 2048 1915 legi-

467 1936 636 1993 slator
669 1939 937 2010 signiﬁcat
963 1958 976 1994 :
1007 1941 1123 1994 haec
1139 1939 1428 2010 enimsunt
1450 1939 1505 1992 in
1528 1937 1729 2009 quibus
1757 1953 1881 1993 eum
1925 1953 2052 2008 per-

467 2039 776 2086 scrutantes
819 2040 879 2085 ut
913 2032 1381 2100 obstupescamus,
1431 2031 1654 2103 dignum
1691 2041 1794 2086 est.

536 2120 792 2177 Sacerdos
833 2125 923 2193 qui
967 2125 1142 2193 oﬁ'eret
1189 2122 1480 2177 holocausti
1528 2124 1815 2189 victimam,
1846 2122 2054 2178 habebit

466 2213 654 2283 pellem
684 2215 816 2284 ejus.
844 2215 985 2281 Quid
1025 2230 1122 2284 per
1164 2215 1359 2285 pellem
1393 2214 1621 2285 intelligi
1655 2215 1847 2284 possit,
1884 2213 2055 2269 mani-

465 2305 606 2362 feste
660 2307 903 2361 ostendit
956 2308 1061 2362 hoc
1111 2307 1255 2377 quod
1317 2307 1429 2361 Deo
1471 2323 1502 2360 a
1556 2307 1776 2361 diabolo
1827 2307 1896 2360 de
1948 2305 2055 2361 Job

464 2397 670 2452 dictum
701 2412 806 2452 εει.
835 2396 1062 2463 Quando
1099 2396 1244 2451 enim
1292 2395 1412 2461 Job,
1458 2411 1620 2466 quem
1665 2406 1724 2450 ut
1764 2395 2054 2450 abundan-

465 2495 579 2542 tem
606 2486 861 2542 omnibus
887 2487 1180 2550 accusavit,
1211 2502 1429 2541 omnem
1457 2472 1639 2542 saac'uli
1666 2485 2050 2550 substantiam,

465 2577 582 2632 sive
619 2578 800 2632 omnia
843 2594 963 2648 quae
1003 2578 1148 2633 circa
1192 2594 1317 2634 eum
1360 2586 1518 2634 erant
1564 2578 1921 2648 disperdidit,
1960 2578 2053 2634 ille

467 2676 649 2722 autem
674 2668 728 2721 in
749 2684 848 2736 sua
882 2668 1162 2737 impietate
1201 2670 1521 2739 permansit,
1562 2670 1792 2725 audiens
1823 2686 1854 2724 a
1889 2670 1999 2725 Deo
2034 2688 2050 2724 :

467 2756 723 2829 Nunquid
755 2758 1099 2812 considerasti
1136 2774 1345 2812 seruum
1390 2774 1564 2812 meum
1608 2757 1725 2822 Job,
1762 2759 1901 2828 quod
1947 2773 2055 2811 non

464 2850 536 2903 sit
565 2850 614 2903 ei
658 2848 849 2904 similis
893 2850 945 2902 in
979 2858 1119 2903 terra
1155 2865 1173 2903 :
1225 2850 1305 2902 uir
1336 2848 1560 2918 simplex
1589 2857 1639 2902 et
1674 2857 1867 2914 rectus,
1899 2865 1962 2902 ac
1983 2850 2055 2902 ti-

467 2956 613 2995 mens
644 2940 844 3006 Deum,
877 2949 926 2994 ct
960 2939 1205 2994 recedens
1243 2956 1276 2993 a
1313 2939 1477 3003 malo,
1523 2948 1573 2994 et
1604 2940 1775 2994 adhuc
1821 2941 2053 2995 retinens

465 3032 858 3085 innocentiam?
914 3029 985 3084 Tu
1030 3038 1210 3085 autent
1275 3031 1599 3085 commovisti
1658 3046 1740 3084 me
1805 3033 2053 3085 adversus

2146 570 2367 641 quidem
2402 566 2629 621 dicens:
2670 562 2735 617 In
2762 561 3022 631 patientia
3054 569 3227 614 uestra
3258 557 3590 625 possidebitis
3624 557 3751 610 ani-

2148 676 2263 714 mas
2300 666 2502 712 uestras
2516 655 2577 708 ⁸⁸.
2619 652 2869 707 Deinde:
2903 650 2969 704 In
3006 650 3201 703 mundo
3242 646 3617 701 lribulationes
3646 646 3749 699 ha-

2148 750 2352 812 bebitis,
2395 746 2487 800 sed
2508 744 2770 813 conﬁdite,
2805 742 2933 813 quia
2966 757 3060 812 ego
3098 740 3197 793 vici
3238 739 3584 792 mundum“.
3628 737 3748 789 Non

2149 842 2324 896 solum
2357 847 2539 892 autem
2576 837 2633 890 in
2675 836 2795 904 ejus
2826 832 3112 895 doctrinis,
3156 833 3253 886 sed
3294 840 3350 885 et
3390 830 3444 883 in
3492 839 3746 899 respectu

2149 935 2304 1001 ejus,
2352 928 2669 999 patientiam
2726 927 2781 979 in
2834 922 3184 993 passionihus
3229 921 3529 984 habemus,
3584 919 3750 973 Paulo

2149 1023 2405 1078 dicente:
2455 1017 2694 1089 Cogitate
2740 1025 2920 1070 autem
2962 1016 3052 1080 qui
3085 1013 3244 1067 talem
3291 1013 3545 1067 sustinuit
3573 1030 3603 1065 a
3633 1029 3751 1080 pec-

2151 1113 2414 1168 catoribus
2457 1112 2707 1166 adversus
2737 1109 3075 1177 semetipsum
3102 1106 3588 1167 contradictionem,
3606 1114 3750 1158 utne

2152 1203 2450 1274 fatigemini
2479 1202 2673 1255 animis
2702 1200 2884 1254 vestris
2921 1199 3302 1261 deﬁcientes".
3336 1195 3567 1266 Propter
3598 1196 3750 1266 quod

2154 1298 2327 1353 David
2361 1297 2476 1352 ait:
2529 1297 2597 1352 Et
2638 1312 2777 1348 nunc
2805 1309 2922 1365 qua:
2955 1302 3030 1347 est
3072 1294 3335 1363 patientia
3389 1291 3546 1345 mea?
3580 1306 3750 1344 nonne

2157 1391 2436 1452 Dominus,
2500 1399 2551 1444 et
2606 1387 2905 1442 substantia
2966 1402 3085 1439 mea
3139 1393 3265 1438 ante
3294 1394 3345 1437 te
3398 1381 3749 1448 est“?Quia

2153 1492 2338 1537 autem
2385 1478 2726 1549 intelligihile
2771 1477 2861 1531 hic
2905 1474 3600 1538 describitholocaustum,
3630 1473 3751 1542 ipse

2154 1582 2337 1629 textus
2362 1570 2622 1633 ostendit,
2652 1569 2729 1622 ait
2755 1567 2902 1621 enim
2930 1585 2943 1620 :

2226 1663 2481 1718 Sacerdos
2526 1662 2617 1731 qui
2675 1661 2849 1730 olferet
2907 1644 3199 1712 holocausti
3266 1657 3557 1711 victimam.
3621 1655 3750 1710 Non

2160 1757 2343 1817 boum,
2373 1760 2469 1807 aut
2496 1752 2705 1814 ovium;
2737 1760 2832 1805 aut
2860 1750 3092 1804 aliorum
3120 1748 3405 1814 similium,
3442 1747 3537 1802 sed
3565 1747 3749 1802 homi-

2156 1845 2261 1900 nis.
2293 1842 2397 1898 Ubi
2429 1842 2576 1897 enim
2607 1858 2716 1896 non
2747 1842 2816 1896 ab
2844 1840 2927 1895 his
2963 1839 3056 1910 qui
3106 1839 3366 1905 bll‘erunt,
3409 1839 3504 1894 sed
3534 1838 3603 1892 ab
3661 1838 3749 1892 his

2157 1950 2282 2006 quae
2310 1933 2639 2000 offeruntur,
2666 1932 2928 1988 sacriﬁcia
2956 1930 3397 1994 considerantur,
3431 1928 3749 1984 necessarie

2155 2026 2479 2081 animalium
2512 2024 2846 2079 mentionem
2871 2021 3018 2078 facit.
3057 2020 3154 2077 llic
3178 2031 3381 2087 autem,
3409 2021 3534 2090 quia
3584 2035 3748 2089 aper-

2155 2116 2264 2172 tius
2284 2115 2456 2172 voluit
2489 2114 2837 2169 introducere
2866 2127 3159 2183 personam
3209 2111 3451 2177 Domini,
3482 2111 3748 2165 sacerdo-

2156 2216 2263 2263 tem
2321 2208 2523 2278 posuit,
2559 2206 2934 2261 holocaustum
2986 2206 3222 2259 hominis
3273 2204 3613 2260 oﬁ'erentem.
3654 2205 3746 2257 ln-

2155 2299 2451 2370 telligibilia
2485 2299 2630 2353 enim
2661 2306 2847 2353 nostra
2895 2298 3210 2353 holocausta
3275 2297 3431 2351 solus
3486 2296 3745 2351 Christus

2155 2390 2335 2456 oﬁ'ert,
2368 2391 2437 2446 ad
2457 2391 2613 2460 cujus
2644 2390 3008 2445 imitationem
3046 2404 3240 2445 eorum
3278 2388 3470 2443 hostire
3509 2397 3566 2443 et
3609 2404 3743 2443 con.

2153 2483 2488 2538 versationes
2502 2482 2810 2537 studentur.
2843 2480 2973 2536 Post
3003 2481 3120 2536 haec
3146 2480 3281 2535 dixit
3318 2495 3332 2531 :

2222 2573 2387 2631 Omne
2413 2573 2730 2643 sacriﬁcium
2755 2574 2893 2643 quod
2923 2574 3166 2644 coquitur
3189 2571 3398 2626 clibano
3414 2581 3462 2625 et
3487 2573 3741 2643 quidquid

2153 2665 2209 2719 in
2235 2665 2515 2730 craticula,
2537 2664 2617 2718 uel
2636 2665 2690 2718 in
2712 2664 2985 2735 sartagine
3004 2672 3362 2732 prtcparatur,
3388 2663 3502 2732 ejus
3534 2665 3633 2717 erit
3659 2680 3744 2718 sa-

2154 2757 2375 2811 cerdotis
2404 2773 2438 2810 a
2497 2772 2598 2822 quo
2635 2757 2898 2826 oﬂ‘eretur.
2933 2755 3414 2810 Reminiscendum
3459 2764 3543 2812 est
3611 2757 3742 2826 quia

2155 2848 2423 2905 sacriﬁcia
2470 2849 2587 2904 haec
2621 2847 2904 2918 theologia
2952 2861 3074 2901 esse
3122 2846 3401 2918 Unigeniti
3456 2848 3745 2916 dispensa-

2156 2940 2321 2995 tionis
2341 2940 2599 3002 diximus,
2632 2948 2689 2995 et
2720 2939 2850 2994 illud
2873 2938 3092 3008 quidem
3114 2939 3261 3008 quod
3289 2947 3373 2994 est
3405 2939 3472 2994 de
3500 2940 3737 3006 clibano,

2156 3032 2393 3088 diximus
2422 3032 2730 3104 signiﬁcare
2750 3031 2987 3101 Virginis
3020 3040 3273 3100 partum;
3316 3032 3460 3099 quod
3495 3046 3623 3087 vero
3671 3032 3741 3088 de

466 3136 608 3186 eum,
649 3129 706 3174 ut
765 3110 1047 3190 afﬂigere'm
1096 3137 1217 3174 eum
1269 3122 1467 3191 frustra
1481 3120 1548 3176 ⁸⁸.
1579 3119 1679 3176 Cui
1716 3121 2053 3190 respondens
2083 3132 2125 3191 (ζ
2157 3121 2427 3192 sartagine
2454 3129 2556 3186 est,
2590 3121 2769 3176 crucis
2801 3121 3112 3190 passionem
3149 3137 3163 3173 :
3205 3121 3337 3176 illud
3372 3120 3537 3175 etiam
3589 3122 3739 3191 quod

469 3212 658 3274 Satan,
682 3211 798 3265 ait:
847 3211 1043 3266 Pellem
1084 3228 1181 3282 pro
1220 3212 1374 3282 pelle,
1421 3221 1471 3267 et
1498 3222 1686 3266 cuncta
1740 3229 1859 3282 quae
1900 3213 2051 3267 habet

466 3305 639 3372 homo,
685 3305 833 3359 dabit
870 3321 964 3373 pro
1006 3306 1187 3358 anima
1225 3306 1404 3361 sua".
1454 3305 1596 3376 Ergo
1633 3305 1789 3375 pellis
1831 3304 2052 3360 divitia-

466 3408 590 3448 rum
620 3393 1050 3459 circumstantia,
1099 3394 1253 3463 quasi
1288 3393 1532 3448 exterius
1577 3394 1926 3451 circumdans
1967 3402 2052 3450 est

466 3485 765 3548 hominem,
795 3499 957 3555 quam
995 3486 1194 3540 oll'erre
1226 3485 1549 3556 intelligibili
1576 3487 1845 3541 sacerdoti
1872 3487 1927 3541 hi
1957 3486 2049 3556 qui

464 3578 658 3633 volunt
689 3578 1065 3633 holocaustum
1098 3577 1236 3646 ﬁeri,
1278 3579 1498 3633 debent.
1532 3579 1760 3649 Propter
1813 3580 1956 3650 quod
1992 3581 2048 3635 bi

465 3668 559 3737 qui
585 3668 847 3723 doctrinae
878 3668 1186 3738 apostolicae
1206 3669 1574 3735 crediderunt,
1596 3671 1896 3727 vendentes
1916 3673 2051 3727 sub-

464 3748 697 3812 stantias
744 3772 892 3820 suas,
930 3759 999 3813 ad
1041 3759 1209 3828 pedes
1259 3760 1631 3829 apostolorum
1686 3763 2045 3832 ponebant“.

464 3846 600 3912 Quia
630 3862 770 3920 ergo
802 3850 994 3919 pellem
1048 3866 1146 3920 pro
1178 3852 1317 3920 pelle
1354 3852 1510 3919 dixit,
1552 3855 1865 3910 necessarie
1898 3856 2045 3911 divi-

466 3940 663 3995 tiarum
728 3941 1213 4008 circumstantiam,
1281 3958 1444 4013 quam
1502 3945 1743 4014 perdidit
1790 3945 1895 4002 Job
1944 3961 2047 4017 pro

462 4031 742 4100 patientia,
793 4048 913 4102 qua:
951 4034 1000 4088 ei
1049 4034 1236 4089 relicta
1282 4043 1383 4097 est,
1423 4035 1793 4107 intelligimus.
1842 4035 2044 4093 Pellem

464 4134 669 4190 autem,
730 4125 857 4193 quia
910 4126 1080 4180 multa
1134 4141 1200 4181 ex
1245 4142 1308 4181 ea
1358 4127 1510 4181 utilia
1553 4129 1691 4183 ﬁunt
1721 4128 2042 4198 patientiam

464 4217 802 4284 proﬁtemur.
838 4215 970 4282 Quae
1019 4218 1221 4271 multa?
1268 4218 1693 4287 Acquirentihus
1755 4236 1815 4275 se
1855 4222 2042 4291 provi—

464 4304 557 4358 det
610 4304 803 4359 bona:
855 4307 1175 4375 patientiam
1229 4315 1413 4363 autem
1466 4324 1587 4364 eam
1634 4311 1890 4377 maxime,
1920 4329 2044 4382 qua:

464 4396 520 4450 in
557 4397 999 4454 tribulationibus
1048 4408 1153 4464 est,
1208 4402 1352 4456 unde
1401 4410 1456 4456 et
1514 4402 1683 4459 David
1728 4405 2035 4473 psallebat:

464 4485 603 4552 Quia
640 4488 811 4559 factus
841 4506 959 4544 sum
987 4492 1119 4545 sicut
1152 4500 1268 4546 uter
1295 4494 1351 4545 in
1378 4495 1592 4563 pruina,
1628 4496 2040 4565 justiﬁcatioues

466 4587 585 4632 tuas
634 4595 736 4634 non
781 4596 900 4635 sum
929 4580 1197 4636 oblitus“.
1234 4583 1701 4649 Quemadmodum
1736 4588 1882 4641 enim
1920 4599 2040 4644 uter

466 4667 520 4720 in
552 4671 744 4738 pruina
766 4656 945 4741 iuvari
968 4682 1022 4727 et
1051 4674 1342 4729 confortari
1375 4677 1596 4742 dicitur,
1645 4678 1726 4732 sic
1749 4690 1802 4732 et
1828 4681 2042 4748 patien-

467 4759 539 4814 tia
568 4764 764 4818 crescit
804 4765 1263 4822 tribulationibus.
1304 4767 1532 4839 Propter
1557 4772 1701 4839 quod
1750 4780 1805 4825 et
1844 4772 2041 4829 Paulus

464 4854 600 4910 dixit
625 4872 637 4908 :
664 4855 949 4910 Tribulatio
974 4860 1284 4926 patientiam
1314 4871 1564 4930 operatur
1577 4864 1642 4917 ⁸³.
1669 4863 1837 4919 Simul
1872 4866 2036 4921 etiam

466 4951 522 4997 et
554 4942 781 4998 inferius
833 4947 1040 5002 addidit
1073 4966 1086 5002 :
1120 4949 1391 5005 Patientia
1422 4952 1803 5022 probationem,
1837 4958 2036 5025 probae

465 5035 537 5089 tia
576 5050 747 5106 spem,
793 5055 907 5109 spes
947 5050 1123 5096 autem
1159 5058 1259 5096 non
1308 5045 1653 5115 confundit“.
1692 5045 1827 5113 Quia
1858 5058 2036 5104 autem

464 5128 717 5183 sacerdos
760 5130 997 5187 oll‘erens
1035 5143 1284 5188 nostrum
1322 5135 1723 5201 holocaustum,
1754 5147 1836 5193 est
1878 5140 2040 5195 Chri-

460 5225 579 5271 stus
612 5234 625 5269 :
653 5215 761 5288 Ipsi
807 5222 945 5275 enim
984 5222 1281 5277 exhibemus
1336 5240 1557 5294 corpora
1597 5237 1775 5282 nostra
1817 5231 2041 5286 hostiam

462 5318 655 5369 uisam,
675 5318 932 5374 sanctam,
956 5309 1062 5365 Deo
1077 5310 1389 5381 placentem,
1407 5315 1723 5372 rationabile
1739 5320 2039 5390 obsequium

464 5398 780 5462 nostrum“,
823 5401 996 5470 ipsius
1034 5404 1347 5459 necessario
1391 5421 1513 5461 esse
1550 5409 1892 5477 patientiam,
1941 5431 2039 5484 per

466 5501 629 5555 quam
656 5492 1001 5561 assequimur
1027 5495 1339 5565 praedictam
1375 5500 1869 5567 conversationem,
1900 5504 2032 5561 dici-

541 5691 616 5770 '_°l
637 5693 792 5770 Anan.
814 5713 879 5770 gn.
900 5697 955 5755 ‘2.
1030 5703 1475 5770 “llatlh.1x,l5.

468 5768 520 5821 ν,
548 5761 604 5817 ὅ.
633 5764 676 5795 ⁸³
715 5766 845 5822 ibid.
884 5772 934 5825 εί.
1010 5772 1213 5828 “llum.
1250 5761 1428 5841 xn,'l.

1555 5707 1600 5737 ”
1626 5707 1725 5762 Job
1776 5709 1905 5768 ",5.
1983 5712 2181 5765 “ibid.
2210 5714 2259 5766 .l.
2334 5713 2508 5767 “Act.
2537 5713 2822 5775 tv,54.2-‘i.

1510 5779 1553 5809 ⁸⁸
1580 5778 1710 5832 Luc.
1762 5794 1871 5844 XXI,
1910 5780 1992 5835 19.
2070 5783 2112 5815 ³⁸
2146 5783 2302 5837 Joan.
2335 5800 2444 5851 3m,
2476 5784 2563 5838 55.

2153 3213 2222 3268 de
2247 3213 2507 3268 craticula
2533 3220 2636 3273 est,
2677 3228 2707 3266 a
2737 3221 2911 3267 morte
2941 3213 3421 3278 resurrectionem,
3470 3213 3737 3269 rationem

2153 3305 2207 3359 in
2238 3305 2492 3359 omnibus
2524 3304 2835 3370 reddentes,
2867 3313 2923 3359 et
2951 3305 3329 3374 probationem
3360 3321 3496 3375 quas
3525 3318 3740 3376 oporte—

2152 3395 2264 3459 bat,
2292 3394 2630 3465 adjicientes.
2666 3393 2801 3460 Quia
2831 3410 2961 3466 ergo
2984 3395 3102 3451 haec
3153 3395 3435 3466 theologia
3483 3398 3737 3452 incarna-

2153 3487 2315 3541 tionis
2338 3487 2595 3567 proxima
2627 3495 2776 3549 sunt,
2810 3488 3118 3543 necessarie
3168 3489 3466 3544 sacerdotis
3497 3490 3737 3545 offeren-

2149 3580 2221 3634 tis
2240 3594 2385 3642 eam,
2407 3578 2613 3634 Christi
2642 3578 2894 3634 videlicet
2910 3580 3026 3633 nati
3048 3588 3104 3635 et
3122 3580 3268 3650 passi
3295 3588 3350 3635 et
3370 3582 3730 3652 resurgentis,

2149 3680 2250 3727 est.
2280 3670 2386 3725 Sed
2414 3671 2672 3725 nimirum
2696 3686 2894 3725 novum
2918 3671 3015 3725 tibi
3041 3671 3257 3725 videtur
3278 3673 3424 3742 quod
3449 3672 3689 3727 infertur
3712 3690 3729 3727 :

2219 3765 2338 3822 Sive
2372 3766 2484 3821 oleo
2519 3782 2818 3835 conspersa,
2844 3768 2950 3820 sive
2979 3767 3136 3821 arida
3179 3768 3359 3838 fuerit,
3388 3769 3587 3821 cunctis
3607 3769 3735 3837 ﬁliis

2145 3861 2327 3915 Aaron
2368 3876 2521 3929 aequa
2568 3875 2811 3912 mensura
2856 3874 2951 3928 per
2990 3858 3225 3929 singulos
3274 3860 3556 3914 dividetur.
3584 3860 3733 3915 Con-

2147 3966 2394 4021 spersum
2457 3950 2724 4020 siquidem
2792 3948 2847 4002 in
2880 3949 3002 4003 oleo
3057 3949 3389 4005 sacriﬁcium
3433 3951 3502 4006 de
3548 3951 3729 4006 simila

2145 4040 2277 4095 dicit
2320 4041 2463 4109 quod
2501 4054 2602 4093 nec
2629 4039 2685 4092 in
2723 4039 2941 4093 clibano
2981 4054 3085 4094 nec
3119 4040 3175 4093 in
3203 4041 3493 4112 sartagine,
3527 4056 3632 4096 nec
3674 4042 3730 4096 in

2145 4132 2405 4187 craticula
2435 4131 2686 4185 mittitur.
2718 4129 2858 4200 Ergo
2910 4139 2966 4185 ct
2997 4130 3169 4199 ipsam
3233 4147 3356 4186 esse
3401 4132 3728 4203 theologiam

2144 4222 2398 4285 diximus,
2432 4222 2526 4276 sed
2562 4236 2673 4276 non
2697 4220 2765 4274 de
2784 4219 3062 4283 Dominica
3098 4221 3489 4277 incarnatione.
3522 4221 3592 4277 Ut
3614 4238 3726 4276 non

2144 4329 2276 4384 ergo
2304 4328 2522 4368 omnem
2558 4313 2888 4383 theologiam
2945 4314 3461 4369 circumscrihamus
3506 4328 3558 4368 in
3594 4314 3729 4369 Uni-

2144 4408 2311 4479 geniti
2383 4406 2755 4473 humanitate,
2809 4418 3025 4478 oportet
3083 4424 3186 4463 nos
3253 4419 3305 4465 et
3365 4411 3434 4464 de
3508 4411 3722 4475 Patris,

2118 4509 2201 4554 -et
2224 4500 2293 4555 de
2319 4500 2554 4570 Spiritus
2585 4500 2757 4555 saneti
2788 4509 2845 4555 et
2876 4502 3040 4556 etiam
3078 4503 3251 4573 ipsius
3305 4502 3448 4567 Filii,
3481 4520 3602 4573 quae
3658 4521 3723 4558 es

2146 4592 2305 4648 Patre
2325 4601 2428 4657 est,
2486 4593 2785 4648 substantia
2829 4593 3127 4664 disputare.
3183 4596 3475 4665 Propterea
3504 4612 3612 4650 non
3670 4598 3725 4650 in

2147 4685 2440 4753 semetipso
2463 4692 2676 4754 portare
2701 4686 2805 4740 hoc
2850 4686 3179 4742 sacriﬁcium
3206 4686 3477 4757 repetivit,
3506 4688 3601 4742 sed
3660 4686 3726 4741 li-

2148 4775 2233 4831 liis
2260 4777 2441 4831 Aaron
2471 4776 2622 4842 illud,
2653 4779 2721 4833 ad
2771 4778 3094 4850 theologiam
3150 4791 3250 4849 per
3312 4777 3727 4833 meditationem

2145 4867 2553 4939 proﬁcientibus
2609 4870 3035 4942 Scripturarum,
3081 4869 3384 4940 deputavit,
3430 4870 3727 4939 unicuique

2139 4960 2418 5029 aequaliter
2445 4960 2794 5030 dispertiens,
2821 4969 2882 5015 ut
2908 4976 3021 5015 non
3057 4959 3360 5025 dissimilia,
3395 4959 3491 5013 sed
3533 4975 3728 5015 omnes

2141 5051 2337 5106 similia
2364 5052 2433 5107 de
2465 5051 2574 5107 Deo
2603 5054 2890 5108 sentirent.
2915 5054 2984 5108 Et
3028 5053 3133 5108 hoc
3163 5051 3538 5115 manifestum,
3596 5054 3725 5123 quia

2143 5142 2413 5198 haereticis
2439 5143 2507 5198 de
2529 5143 2619 5197 tali
2649 5143 2932 5213 percipere
2982 5142 3252 5197 sacrificio
3303 5156 3412 5197 non
3439 5145 3722 5213 praecepit,

2147 5234 2275 5303 quia
2303 5249 2409 5289 non
2432 5235 2622 5290 eadem
2649 5235 2715 5290 de
2744 5235 2856 5290 Deo
2885 5237 3123 5304 sapiunt,
3151 5234 3244 5289 sed
3276 5242 3330 5287 et
3357 5234 3524 5289 nimis
3565 5235 3722 5290 diﬁ’e-

2148 5326 2348 5381 rentia.
2382 5326 2495 5381 Non
2526 5342 2884 5397 conspersum
2915 5336 3098 5381 autem
3150 5324 3220 5379 de
3249 5323 3427 5378 simila
3472 5324 3603 5380 dicit
3623 5325 3727 5380 ite-

2148 5432 2287 5484 rum,
2311 5417 2528 5487 quando
2557 5417 2767 5473 decima
2809 5416 2935 5487 ephi
2993 5417 3198 5486 absque
3257 5415 3398 5478 oleo,
3431 5425 3486 5470 et
3539 5416 3719 5476 thure.

2140 5500 2246 5579 ‘pro
2277 5520 2499 5581 peccato
2525 5509 2769 5573 oﬂ‘ertur,
2794 5525 2823 5563 a
2857 5524 2967 5563 non
3008 5507 3315 5563 valentibus
3357 5508 3598 5576 hircum,
3629 5518 3725 5569 aut

3501 5715 3544 5747 ⁶²
3560 5713 3721 5769 llum.

3178 5786 3376 5839 63l’sal.
3409 5786 3717 5850 XSX‘illl,.3.

2903 5713 2943 5744 “
2962 5713 3104 5768 Psal.
3129 5728 3314 5771 CXVIII.
3336 5716 3423 5768 83'».

2642 5784 2683 5815 ⁸⁷
2707 5783 2872 5839 llcbr.
2900 5800 2994 5849 xu,
3049 5786 3100 5837 5.
