4030 6240
304 361 405 425 861

1439 364 1524 425 IN
1563 365 2006 427 LBVITICUM.
2047 391 2117 403 --
2156 370 2307 431 LIB.
2349 366 2433 430 ΙΙ.

3469 373 3574 436 862

293 484 475 531 Ovem.
508 482 600 525 am
662 487 759 542 par
812 481 1103 532 turturum.
1151 480 1244 525 aut
1274 471 1452 542 pullos
1506 475 1881 530 columbarum
1909 478 1955 533 A
1984 474 2113 530 dum
2150 477 2561 543 misericordiae,
2588 492 2809 552 propter
2866 482 3290 541 inobedientiam
3352 482 3574 539 Judaeu-

294 560 497 616 oﬁ‘erre
521 562 573 615 in
596 561 941 617 sacriﬁcium.
964 562 1076 616 Hoc
1099 573 1278 617 autem
1300 563 1399 618 ctsi
1420 566 1740 620 sacriﬁcium
1763 565 1883 620 Sal-

297 652 504 708 vatoris
531 653 825 725 signiﬁcat,
861 664 1042 708 tamen
1077 655 1202 725 quia
1234 670 1345 710 non
1377 655 1660 728 theolorgire
1688 657 1879 728 gratia,

297 743 394 797 sed
430 758 593 798 causa
624 744 873 800 utilitatis
904 744 1186 801 offerentis
1219 757 1491 818 praecepta
1515 758 1618 813 est,
1642 758 1697 803 et
1738 747 1884 804 hanc

296 833 423 889 ﬁliis
473 835 656 890 Aaron
723 837 1024 907 deputavit.
1085 836 1382 908 Oportebat
1441 839 1610 906 enim,
1668 848 1724 894 et
1760 854 1886 894 cum

297 924 501 981 oblatio
532 928 724 981 eadem
747 936 912 989 esset,
936 941 1099 981 causa
1132 936 1314 982 autem
1344 928 1535 983 eadem
1562 945 1674 984 non
1714 937 1884 993 esset,

302 1017 407 1073 hoc
437 1017 708 1088 siquidem
733 1028 954 1089 propter
979 1019 1330 1090 theologiam,
1367 1019 1498 1075 illud
1529 1030 1713 1075 autem
1757 1036 1888 1091 pro-

299 1118 423 1178 pter
454 1116 826 1180 paupertatem
857 1110 1181 1181 postulantis
1227 1126 1327 1181 pro
1355 1112 1594 1182 peccatis
1636 1111 1888 1179 oﬁ‘ertur,

301 1200 667 1257 differentiam
688 1202 922 1272 aliquam
956 1201 1285 1258 sacriﬁcium
1340 1203 1564 1270 habere,
1599 1211 1661 1258 ut
1698 1211 1889 1260 osten-

300 1288 482 1353 datur.
514 1293 645 1362 quid
698 1309 797 1363 pro
826 1292 1116 1363 theologia,
1149 1302 1206 1349 et
1258 1293 1425 1366 gloria
1457 1310 1579 1364 quae
1619 1295 1674 1348 in
1729 1295 1893 1350 Chri-

302 1392 388 1438 sto
432 1392 537 1449 est,
590 1383 868 1449 offeratur,
911 1385 1041 1455 quid
1092 1400 1194 1455 pro
1226 1383 1340 1440 sola
1382 1385 1615 1440 utilitate
1653 1385 1894 1442 oﬁ'eren-

304 1472 396 1529 tis.

373 1559 538 1616 Vitas.
575 1561 759 1616 ιι-ιδ.
798 1581 816 1614 ι
846 1559 974 1618 Haec
1016 1571 1101 1618 est
1152 1564 1236 1618 lex
1268 1563 1460 1620 hostiae
1514 1565 1891 1635 paciﬁcorum,

302 1666 425 1723 qua:
450 1653 680 1708 oﬁ‘ertnr
706 1654 953 1721 Domino.
989 1655 1045 1709 Si
1078 1670 1176 1725 pro
1197 1657 1495 1727 gratiarum
1528 1658 1745 1712 actione
1767 1656 1890 1712 fuc-

304 1745 618 1814 ritoblatio,
651 1745 885 1802 oﬁ‘erent
905 1763 1073 1817 panes
1096 1738 1302 1818 abSque
1333 1747 1601 1803 fermento
1630 1762 1894 1819 consper-

1986 584 2128 635 rum,
2192 571 2528 640 permiscent
2566 575 2760 629 minas.
2821 574 2975 632 Unde
3017 586 3071 631 et
3113 593 3225 632 non
3278 592 3575 647 conspersa

1986 660 2107 719 oleo
2138 661 2349 732 lagana,
2383 664 2481 718 sed
2541 674 2757 721 tantum
2800 676 2966 723 uncta
3000 684 3120 724 esse
3158 669 3432 724 dicuntur.
3466 669 3574 724 Co-

1986 760 2130 808 ctam
2159 760 2342 807 autem
2378 753 2630 816 similam,
2661 765 2717 812 et
2753 757 3039 827 collyridas
3062 761 3166 816 olei
3194 760 3577 816 commistione

1987 856 2332 913 conspersas,
2394 844 2480 899 vel
2534 845 2675 901 sicut
2740 845 2885 901 LXX
2935 849 3128 904 dicunt
3175 867 3189 904 :
3237 850 3305 904 Et
3341 849 3578 904 similam

1990 952 2325 1006 conspersum
2354 936 2467 991 oleo
2496 938 2768 1009 collyridis
2807 957 3008 1009 panum
3045 957 3354 1011 azymorum
3375 957 3394 995 :
3422 941 3574 994 simi-

1989 1028 2097 1083 lam
2129 1029 2185 1083 in
2213 1029 2334 1084 oleo
2363 1044 2737 1100 conspersam,
2772 1047 2897 1087 cum
2955 1031 3301 1103 eleemosyna
3362 1032 3575 1088 theolo-

1993 1119 2135 1191 giam
2165 1119 2542 1191 intelligimus,
2573 1122 2716 1177 unde
2742 1130 2799 1179 et
2824 1122 3000 1177 simila
3048 1132 3274 1192 propter
3301 1123 3576 1178 subtilita—

1995 1218 2102 1264 tem
2133 1209 2355 1265 dicitur.
2386 1210 2775 1268 Verumtamen
2798 1212 2853 1267 in
2877 1212 3152 1283 collyridis
3182 1214 3416 1284 panibus
3454 1215 3577 1269 sine

1991 1300 2283 1366 fermento,
2328 1318 2557 1359 munera
2588 1304 2836 1360 sacriﬁcii
2878 1305 3250 1374 paciﬁcorum,
3288 1320 3387 1361 seu
3432 1305 3580 1359 salu-

1994 1388 2128 1443 taris
2160 1389 2422 1459 praecepit
2448 1390 2585 1457 ﬁeri,
2616 1391 2672 1446 in
2697 1394 3014 1462 apostolicis
3035 1393 3290 1450 videlicet
3326 1393 3578 1460 Scriptu-

1993 1479 2089 1534 ris.
2125 1478 2494 1550 Apostolieam
2539 1493 2719 1538 autem
2789 1485 3094 1540 doctrinam
3130 1487 3287 1557 sequi
3343 1486 3582 1540 maxime

1994 1581 2208 1641 oportet
2229 1587 2377 1637 eum,
2409 1573 2500 1642 qui
2525 1574 2720 1645 salvari
2750 1577 3043 1634 desiderat.

2065 1660 2239 1715 Panes
2265 1679 2468 1733 quoque
2492 1664 2831 1734 fermentatus
2870 1683 2989 1721 cum
3051 1666 3223 1722 hostia
3261 1668 3579 1738 gratiarum,

1997 1766 2114 1821 qua:
2149 1751 2457 1805 immolatur
2502 1768 2596 1822 pro
2641 1755 2898 1824 paciﬁcis,
2954 1771 3019 1810 ea:
3055 1756 3242 1826 quibus
3286 1772 3422 1809 unus
3485 1770 3605 1823 pro

304 1852 396 1893 sos
449 1838 591 1904 oleo,
617 1848 673 1894 et
714 1839 916 1910 ,lagana
961 1855 1145 1911 azyma
1178 1849 1339 1894 uncta
1397 1840 1538 1904 oleo,
1570 1849 1891 1911 coctaanue
1925 1821 1967 1875 Β
1994 1842 2245 1911 primitiis
2266 1843 2512 1912 oﬂ’eretur
2539 1821 2805 1899 Domino:
2837 1854 2885 1900 et
2909 1847 3006 1900 erit
3036 1821 3320 1901 sacerdotis
3347 1846 3438 1914 qui
3463 1821 3587 1914 fun-

304 1929 558 1995 similam,
607 1939 662 1986 et
711 1932 998 2003 collyridas
1029 1933 1130 1989 olei
1190 1931 1517 1987 adinistione
1541 1948 1888 2003 conspersas.

304 2020 479 2076 Panes
508 2038 726 2094 quoque
776 2024 1130 2078 fermentatos
1159 2025 1516 2078 cum’hostia
1568 2025 1889 2095 gratiarum,

302 2114 762 2184 quaeimmolatnr
800 2130 897 2185 pro
944 2114 1206 2186 paciﬁcis,
1236 2132 1303 2170 ex
1349 2116 1550 2185 quibus
1597 2132 1740 2171 unus
1792 2131 1892 2187 pro

304 2206 562 2276 primitiis
599 2206 863 2262 oll'eretur
916 2208 1167 2273 Domino,
1204 2216 1261 2262 et
1292 2207 1397 2262 erit
1452 2209 1751 2263 sacerdotis
1797 2207 1890 2277 qui

304 2294 493 2353 fundet
527 2298 722 2353 hostire
754 2300 1097 2371 sanguinem,
1133 2299 1291 2368 cujus
1336 2315 1529 2353 carnes
1555 2299 1747 2353 eadem
1797 2314 1890 2361 cn-

305 2389 596 2443 medeutur
627 2390 864 2457 die,‘nec
897 2391 1205 2445 remanebit
1240 2405 1303 2444 ex
1337 2390 1417 2445 eis
1447 2389 1745 2460 quidquam
1798 2405 1891 2443 us-

301 2493 410 2550 que
433 2496 612 2535 mane.
651 2499 668 2530 ι

374 2568 842 2637 Quemadmodum
869 2571 1309 2628 holocaustorum
1334 2581 1389 2629 et
1417 2580 1765 2644 peccatorum
1804 2588 1892 2627 sa-

303 2660 530 2726 criﬁcia,
563 2662 641 2719 sic
691 2673 747 2718 et
796 2679 858 2718 ea
893 2680 1014 2734 qua:
1045 2679 1146 2734 pro
1170 2665 1434 2734 paciﬁcis,
1491 2666 1607 2721 sive
1665 2665 1891 2719 salutari

304 2752 633 2821 oﬁ‘eruntur,
675 2754 994 2820 reiteravit;
1030 2755 1273 2811 secundo
1309 2756 1440 2811 illud
1467 2757 1676 2818 dicens,
1709 2766 1766 2811 ut
1808 2772 1894 2809 reo

304 2845 568 2917 petitione
596 2846 913 2901 memoriam
938 2863 1130 2902 eorum
1164 2848 1338 2919 legem
1370 2848 1766 2903 meditantibus
1801 2848 1891 2901 in-

304 2945 537 2993 sereret.
571 2936 853 2992 Subinfert
874 2946 1055 2991 autem
1084 2952 1147 2991 ea
1176 2954 1298 3008 qua:
1342 2947 1469 2994 ante
1497 2955 1605 2994 non
1642 2939 1799 3003 dixit,
1835 2947 1895 2994 nt

306 3030 467 3085 nobis
521 3030 682 3086 lectio
730 3031 1056 3096 necessaria,
1089 3039 1144 3086 et
1202 3046 1312 3087 non
1368 3032 1716 3103 deSpicabilis
1779 3032 1888 3087 ﬁat.

1991 1932 2077 1987 det
2105 1932 2292 1988 hostire
2320 1934 2651 2004 sanguinem.
2677 1934 2817 1990 LXX
2858 1944 3040 1990 autem
3080 1935 3272 1990 dicunt
3305 1951 3319 1988 :
3352 1934 3421 1988 Et
3447 1934 3577 2002 οπε-

1990 2033 2067 2078 ret
2108 2024 2173 2077 de
2230 2026 2467 2079 omnibus
2524 2025 2823 2080 muneribus
2870 2026 2979 2080 suis
3049 2025 3412 2078 laudationem
3455 2022 3583 2084 Deo.

1990 2116 2254 2169 sacerdoti
2276 2115 2620 2187 profundenti
2647 2114 2957 2184 sanguinem
2979 2112 3236 2168 salutaris
3262 2111 3407 2165 illius
3460 2110 3580 2165 erit.

1992 2203 2096 2260 Per
2114 2205 2231 2261 hinc
2265 2207 2637 2271 ostendentes,
2707 2206 2832 2275 quia
2879 2214 3365 2275 quantumcunque
3417 2200 3584 2255 homo

1992 2297 2165 2369 egerit
2210 2305 2263 2352 et
2322 2297 2537 2362 vixerit,
2587 2294 2910 2359 cucurrerit,
2961 2302 3017 2349 et
3074 2291 3578 2364 comprehenderit,

1993 2392 2109 2447 sive
2138 2399 2420 2446 assecutus
2443 2389 2628 2455 fuerit,
2655 2389 2774 2445 sine
2797 2388 3069 2459 adiutorio
3107 2387 3319 2441 Domini
3344 2386 3580 2441 salutem

1992 2483 2224 2554 adipisci
2286 2484 2403 2538 sive
2437 2482 2656 2552 assequi
2686 2498 2797 2539 non
2841 2488 3042 2551 potest.
3099 2480 3329 2550 Propter
3358 2478 3503 2549 quod
3529 2486 3587 2533 et

1995 2573 2194 2628 Paulus
2254 2573 2507 2628 dicebat:
2538 2572 2659 2627 Non
2714 2571 2934 2626 uolentis
2969 2588 3130 2642 neque
3177 2572 3457 2633 currentis,
3494 2567 3587 2624 {ed

1996 2666 2289 2720 miserantis
2320 2674 2394 2719 est
2424 2663 2517 2719 Dei
2548 2665 2612 2718 ⁷⁸.
2646 2664 2754 2733 Ipsi
2800 2672 2985 2717 autem
3034 2660 3306 2717 sacerdoti
3358 2659 3586 2730 profun-
3640 2710 3648 2717 .

1993 2757 2143 2812 denti
2197 2756 2517 2828 sanguinem
2556 2754 2847 2815 salutaris.
2904 2754 2959 2808 id
3011 2760 3115 2815 est,
3164 2752 3370 2807 Christi
3419 2750 3584 2806 mini-

1994 2846 2187 2900 stranti
2219 2854 2273 2900 et
2307 2844 2608 2915 perﬁcienti
2646 2842 2971 2898 sacriﬁcium
3020 2857 3116 2913 per
3159 2856 3318 2896 suum
3362 2840 3581 2911 adjuto-

1997 2938 2159 3004 rium,
2199 2936 2473 3006 primitias
2498 2936 2665 3005 jussit
2701 2934 2906 2991 offerri.
2938 2935 3175 2989 Attende
3221 2941 3403 2987 autem
3449 2947 3584 3001 qua-

1996 3029 2121 3083 liter
2175 3028 2337 3083 etiam
2391 3034 2716 3099 praesentem
2768 3026 2903 3098 legis
2965 3025 3307 3081 sanctionem
3364 3023 3590 3080 conclu-

308 3119 486 3174 Dividi
516 3129 695 3194 auten}
718 3121 848 3175 illud
873 3136 981 3175 non
1007 3121 1228 3183 frustra,
1256 3123 1349 3175 sed
1388 3134 1442 3177 et
1475 3123 1636 3176 nimis
1660 3124 1897 3176 rationa-
1921 3154 1963 3212 ο
2002 3120 2073 3174 sit
2100 3137 2112 3172 :

308 3208 494 3265 biliter
515 3209 782 3280 praevidit,
816 3211 932 3264 haec
957 3211 1101 3265 enim
1124 3210 1398 3281 inquisitis
1426 3211 1745 3283 legislalOris
1775 3228 1893 3267 ver-

310 3303 396 3357 bis
431 3302 763 3357 invenimus.

381 3391 506 3448 Hazc
529 3404 603 3448 est
622 3393 705 3449 lea:
737 3396 920 3451 hostia:
935 3397 1296 3466 paciﬁcorum,
1330 3413 1447 3468 qua:
1468 3396 1683 3467 oﬂ'ertur
1714 3396 1894 3450 Domi-

310 3502 394 3551 no,
431 3487 475 3539 si
498 3501 593 3553 pro
618 3485 919 3556 gratiarum
955 3488 1161 3541 actione
1203 3488 1397 3557 offeret,
1432 3490 1537 3542 sive
1567 3504 1663 3556 pro
1702 3487 1893 3542 lauda-

311 3579 471 3633 tione.
500 3577 664 3633 Vides
692 3580 924 3634 activam
957 3580 1179 3650 quidem
1207 3580 1378 3636 solam
1402 3594 1544 3645 esse,
1571 3579 1892 3634 rationalem

309 3678 511 3736 autem,
542 3679 598 3724 et
627 3670 859 3726 activam
890 3686 1011 3728 esse
1043 3671 1230 3732 vitam,
1261 3686 1328 3725 ex
1366 3671 1451 3725 his
1479 3686 1600 3740 qua:
1637 3669 1798 3724 nobis
1826 3670 1895 3723 ad

309 3767 558 3839 paciﬁca,
583 3768 700 3822 sive
735 3765 802 3820 ad
831 3764 1063 3820 salutem
1096 3763 1505 3818 transeuntibus
1535 3762 1701 3825 dedit,
1738 3772 1895 3831 pote-

312 3866 508 3915 statem
533 3857 799 3922 tribuens,
833 3871 996 3927 quam
1020 3870 1088 3910 ex
1119 3854 1404 3923 utriusque
1434 3853 1772 3909 voluerimus
1801 3853 1899 3908 eli-

312 3965 440 4024 gere
466 3969 481 4018 ;
515 3949 643 4021 quia
669 3948 816 4005 enim
840 3945 1104 4003 rationale
1136 3946 1407 4015 quoddam
1439 3953 1524 4001 est
1569 3944 1897 3999 sacriﬁcium

311 4044 609 4119 gratiarum
637 4039 892 4101 actionis,
925 4039 1040 4093 sive
1062 4035 1367 4092 secundum
1413 4033 1574 4097 LXX,
1629 4034 1898 4088 laudatio-

312 4139 440 4201 nis;
471 4135 597 4190 audi
637 4132 827 4198 David,
864 4141 1152 4202 postquam
1177 4127 1459 4198 prohibuit
1491 4125 1754 4181 sacriﬁcia
1777 4141 1899 4195 qtae

314 4228 614 4286 secundum
640 4227 813 4296 legem
843 4231 1019 4286 erant,
1042 4222 1313 4277 dicentem
1354 4237 1367 4273 :
1393 4214 1619 4273 Immala
1671 4218 1776 4272 Deo
1808 4236 1900 4272 sa-

315 4320 566 4393 crificium
593 4318 764 4374 laudis
787 4325 835 4372 et
884 4314 1043 4369 redde
1082 4312 1350 4367 Altissimo
1401 4320 1520 4365 vota
1552 4322 1643 4365 tua
1661 4310 1727 4365 ε’,
1759 4310 1898 4364 Audi

315 4424 370 4470 et
399 4413 625 4470 Paulum
658 4410 726 4467 ad
760 4409 1017 4464 Hebraeos
1042 4406 1369 4462 scribentem
1395 4420 1492 4474 per
1512 4419 1589 4467 se,
1616 4404 1749 4459 dicit
1801 4420 1900 4458 au-

2069 3210 2233 3281 Cujus
2263 3227 2449 3264 carnes
2475 3211 2660 3264 eadem
2698 3210 3039 3264 comedentur
3063 3210 3168 3271 die,
3211 3225 3303 3263 nec
3347 3224 3590 3264 remutte-

1995 3301 2067 3357 bit
2081 3319 2145 3357 ea:
2173 3303 2245 3356 eis
2272 3301 2565 3373 quidquam
2591 3318 2752 3371 usque
2781 3317 2952 3355 mane.
2994 3296 3092 3355 Vel
3127 3302 3268 3356 sicut
3290 3299 3434 3354 LXX
3463 3319 3475 3354 :
3518 3298 3593 3354 Et

1995 3411 2178 3448 carnes
2228 3392 2476 3461 sacriﬁcii
2523 3391 2698 3446 laudis
2740 3391 3014 3458 salutaris,
3049 3392 3152 3460 ipsi
3202 3401 3354 3446 erant
3402 3390 3590 3446 uideli-

1995 3497 2072 3542 cet
2095 3485 2345 3556 offerenti,
2380 3493 2427 3537 et
2456 3478 2514 3536 in
2555 3499 2866 3555 quacunque
2904 3482 2989 3537 die
3018 3482 3233 3536 donabit
3264 3482 3588 3546 comedetur,

1998 3594 2101 3634 non
2130 3577 2422 3647 relinquent
2458 3592 2522 3629 ea:
2544 3591 2603 3628 eo
2636 3590 2796 3645 usque
2818 3590 2991 3628 mane.
3016 3573 3117 3628 llic
3149 3588 3310 3628 mane
3332 3571 3589 3627 saeculum

1996 3670 2242 3725 futurum
2281 3666 2539 3738 appellat,
2573 3676 2760 3735 utpote
2793 3665 2940 3735 quod
2999 3672 3174 3718 totum
3213 3671 3299 3718 est
3339 3663 3479 3718 lucis
3534 3669 3593 3717 et

1996 3758 2145 3815 nocti
2169 3756 2451 3828 praesentis
2485 3754 2666 3809 saeculi
2701 3753 2963 3809 succedit.
2996 3751 3073 3805 De
3136 3749 3255 3820 ipso
3284 3749 3487 3819 quippe
3537 3756 3594 3803 et

1996 3851 2197 3905 Paulus
2218 3849 2293 3903 ait
2323 3846 2480 3902 :Noa:
2498 3846 2782 3914 prazcessit,
2816 3844 2926 3897 dies
2958 3852 3137 3896 autent
3182 3841 3589 3911 appropinqua-

1999 3942 2072 3996 vit
2093 3941 2137 3972 τ’
2171 3959 2184 3994 :
2216 3938 2387 3993 David
2407 3945 2588 3991 autem
2613 3934 2747 3989 dicit
2781 3950 2795 3986 :
2824 3932 2977 3986 Mane
3006 3930 3191 3985 astabo
3211 3930 3301 3983 tibi
3317 3938 3363 3982 et
3386 3927 3590 3993 videbo,

2000 4031 2247 4106 quoniam
2284 4043 2386 4083 non
2438 4027 2576 4081 Deus
2614 4026 2789 4079 volens
2840 4023 3173 4087 iniquitatem
3217 4032 3272 4074 tu
3306 4037 3358 4074 es
3374 4022 3441 4074 ⁷³.
3474 4019 3591 4073 Non

1998 4125 2115 4181 vult
2147 4138 2276 4194 ergo
2306 4125 2373 4176 de
2393 4118 2648 4175 carnibus
2669 4114 2919 4170 sacriﬁcii
2954 4113 3207 4167 salutaris
3234 4112 3288 4166 in
3312 4126 3472 4166 mane
3506 4124 3592 4164 re-

2000 4214 2194 4285 linqui,
2229 4221 2427 4267 utnon
2456 4205 2829 4276 imperfectam
2856 4204 3020 4257 vitam
3042 4212 3282 4256 nostram
3319 4200 3588 4268 relinqua-

2001 4325 2143 4375 mus,
2178 4320 2276 4377 per
2312 4317 2473 4373 quam
2498 4314 2598 4353 nos
2631 4305 2848 4367 oportet
2880 4294 3079 4351 salvari
3108 4312 3121 4348 :
3149 4295 3407 4363 scientes
3442 4291 3589 4346 enim

2000 4400 2126 4470 quia
2162 4413 2270 4450 non
2300 4400 2469 4467 restat
2496 4391 2551 4444 in
2602 4389 2697 4443 illo
2733 4388 2932 4442 sreculo
2990 4386 3257 4456 operatio,
3280 4391 3334 4439 et
3368 4384 3422 4437 in
3467 4399 3584 4437 me-

318 4514 426 4561 tem
471 4524 484 4558 :
518 4502 606 4558 Sic
622 4501 901 4573 oﬁ‘eramus
932 4500 1157 4553 hostium
1177 4496 1350 4551 laudis
1372 4510 1575 4564 semper
1607 4495 1734 4556 Deo,
1778 4496 1891 4566 fru-
1930 4487 1974 4544 D
2001 4489 2230 4545 muriam
2270 4493 2514 4539 nostram
2537 4491 2857 4536 revocantes
2887 4479 3129 4573 quinque
3170 4476 3431 4573 virgines,
3464 4489 3585 4543 qua:

317 4605 460 4650 ctum
490 4594 745 4647 labiorum
789 4591 1147 4659 conﬁtentium
1181 4588 1381 4642 nomini
1411 4587 1525 4657 ejus
1546 4586 1612 4643 7°.
1655 4584 1898 4652 Quomo-

317 4687 388 4743 do
417 4695 600 4740 autem
632 4684 788 4754 jubet
814 4682 945 4736 illud
980 4679 1209 4735 oﬁ‘erri?

387 4777 575 4849 0,7'eret
627 4792 788 4845 panes
820 4775 1009 4844 absque
1030 4775 1301 4844 fet-attento,
1354 4786 1649 4840 conspersos
1696 4770 1830 4835 oleo,
1856 4778 1904 4822 et

319 4872 513 4944 lagona
568 4883 759 4939 azyma
803 4874 959 4920 uncta
1003 4864 1137 4929 oleo,
1183 4872 1488 4932 coctumque
1541 4860 1796 4925 similam,
1855 4871 1903 4914 et

316 4962 599 5034 collyridas
628 4959 729 5014 olei
757 4955 1069 5011 admistione
1093 4970 1415 5024 conspersos.
1445 4952 1597 5019 Quod
1638 4950 1777 5005 LXX
1829 4955 1900 5006 ita

318 5052 628 5112 edunt:Et
679 5050 913 5106 similam
972 5061 1303 5117 conspersum
1356 5044 1487 5107 oleo,
1543 5044 1598 5097 in
1635 5041 1902 5112 collyridis

320 5161 517 5216 panum
540 5157 842 5213 azymorum
875 5139 1052 5211 σῇσι-ει
1088 5151 1305 5189 munera
1333 5149 1489 5204 super
1513 5132 1684 5185 altare
1706 5131 1900 5185 laudu-

322 5233 489 5289 tionis.
505 5233 774 5287 salutaris.
806 5230 981 5284 Panes
1010 5228 1130 5281 sine
1176 5224 1469 5289 fermento,
1523 5223 1638 5277 sive
1681 5239 1900 5294 azymos

322 5320 722 5392 conspersosin
753 5319 896 5380 oleo.
926 5315 1258 5386 apostolicos
1306 5313 1511 5375 libros;
1554 5312 1740 5383 lagana
1790 5329 1893 5366 un-

321 5424 410 5473 cta
437 5412 558 5468 oleo
584 5408 933 5481 propheticus
958 5406 1215 5477 intellige,
1241 5405 1367 5474 quia
1422 5405 1497 5459 illi
1546 5405 1763 5475 quidem
1810 5408 1898 5462 ni-

322 5509 427 5564 mis
470 5504 778 5577 opulenter,
827 5501 900 5556 illi
940 5508 1121 5555 autem
1170 5499 1270 5554 etsi
1326 5508 1381 5553 et
1437 5498 1536 5568 ipsi
1593 5500 1904 5567 opulenter,

325 5614 430 5655 non
456 5606 638 5654 tamen
672 5604 881 5652 tantum
918 5590 1247 5648 annuntianl
1302 5586 1732 5644 misericordiam
1778 5589 1898 5654 Dei,

395 5759 440 5791 ”
471 5757 614 5813 Psal.
654 5770 801 5811 χιιι.
850 5755 931 5809 H.
1009 5752 1059 5784 ⁷ο
1097 5749 1261 5806 llcbr.
1299 5767 1417 5812 xm,
1445 5750 1533 5804 :‘it.

328 5844 452 5892 xxv,
491 5829 510 5881 l
542 5844 693 5899 seqq.
771 5828 812 5859 ⁷³
837 5825 998 5881 Prov.
1027 5839 1105 5885 ιιι,
1135 5822 1226 5889 ‘28,
1258 5822 1346 5875 εει.

1630 5752 1675 5780 ⁷⁸
1711 5749 1867 5803 Rulli.
1906 5767 1979 5811 Ix,
2017 5748 2095 5802 ιδ.

1426 5823 1496 5855 ⁷⁵⁸
1528 5822 1685 5875 Prov.
1712 5836 1881 5884 xvvn,
1925 5822 1939 5872 Ι
1982 5828 2037 5872 Μ.
2067 5817 2179 5870 .lac.
2213 5832 2285 5879 tv,
2330 5814 2391 5866 ii

1996 4581 2125 4651 quia
2151 4578 2365 4647 Sponso
2393 4581 2624 4629 vocante
2656 4571 2842 4625 venire
2863 4570 2931 4623 ad
2961 4566 3408 4638 nuptias,'oleum
3436 4578 3586 4619 eme-

2001 4686 2059 4727 re
2084 4670 2357 4730 volebant,
2388 4682 2416 4721 a
2447 4665 2651 4735 nuptiis
2670 4663 2904 4718 exclusae
2933 4669 3063 4716 sunt
3090 4657 3157 4724 ⁷⁸,
3213 4656 3349 4712 nihil
3374 4671 3588 4720 eorum,

2001 4772 2121 4827 qum
2148 4755 2216 4809 ad
2247 4755 2474 4809 salutem
2501 4752 2814 4823 proﬁciunt,
2836 4766 2948 4803 non
2977 4748 3385 4811 manducatum,
3422 4746 3476 4799 id
3508 4753 3594 4799 est

2005 4862 2111 4901 non
2141 4854 2427 4916 operatum
2457 4858 2615 4898 mane
2666 4841 3003 4913 intelligibile
3055 4838 3448 4909 relinquamus.
3480 4836 3595 4891 Hoc

2002 4939 2148 4993 enim
2189 4937 2345 4991 nobis
2392 4945 2448 4990 et
2507 4934 2761 4989 Salomon
2808 4933 2863 4986 in
2927 4929 3240 4986 Proverbiis
3268 4929 3441 4984 dicit:
3475 4928 3595 4982 Non

2001 5031 2185 5085 dicas:
2220 5027 2383 5092 Vade,
2419 5039 2467 5082 et
2501 5036 2778 5090 revertere,
2796 5034 2845 5079 et
2860 5041 2978 5077 cras
3011 5022 3146 5077 dabo
3169 5022 3262 5075 tibi
3283 5037 3398 5074 cum
3414 5020 3595 5073 statim

2000 5123 2165 5193 possis
2179 5121 2305 5175 dare
2321 5121 2389 5187 ";
2422 5135 2583 5188 neque
2600 5119 2739 5172 enim
2758 5118 2857 5171 scis
2877 5116 3002 5187 quid
3017 5114 3195 5184 pariat
3217 5118 3594 5181 superuentura

2000 5216 2143 5270 dies:
2168 5231 2230 5269 ne
2261 5215 2412 5283 forte,
2443 5212 2539 5272 ait,
2571 5210 2872 5273 deducat-is,
2913 5207 2999 5261 ubi
3032 5221 3134 5259 non
3170 5215 3334 5273 potes,
3371 5212 3462 5253 nec
3499 5198 3597 5253 mi-

2000 5309 2364 5372 sericordiam,
2394 5322 2486 5358 nec
2511 5303 2673 5357 aliam
2696 5302 2941 5357 virtutem
2969 5296 3178 5367 operari
3208 5293 3252 5324 ⁷⁸
3271 5297 3312 5348 '.

2076 5400 2236 5455 Vens.
2266 5398 2446 5454 16-20.
2474 5417 2491 5448 ι
2518 5396 2575 5451 Si
2612 5405 2760 5460 voto,
2788 5392 2873 5448 vel
2903 5397 3100 5460 sponte
3126 5384 3412 5456 quisquam
3435 5380 3596 5437 obtu-

2014 5494 2139 5549 lerit
2171 5491 2424 5555 hostiam,
2453 5488 2644 5543 eadem
2680 5485 2933 5540 similiter
2959 5481 3155 5534 edetur
3180 5476 3287 5533 die.
3329 5473 3437 5530 Sed
3465 5482 3519 5528 et
3547 5471 3594 5528 si

2013 5583 2142 5655 quid
2161 5582 2213 5636 in
2233 5579 2532 5636 crastinum
2558 5572 2906 5637 remanserit,
2924 5569 3066 5625 vesci
3092 5567 3297 5623 licitum
3314 5575 3417 5622 cst.
3432 5562 3598 5630 Quid-

2850 5732 2893 5764 ”
2926 5729 3065 5786 Psal.
3101 5746 3155 5795 γ,
3178 5727 3230 5783 5.
3335 5724 3380 5757 ⁷*
3403 5721 3591 5778 Matth-

2204 5746 2247 5775 "
2292 5741 2448 5795 Rom.
2480 5754 2599 5802 xm,
2660 5735 2744 5789 12.
