4044 6224
377 339 489 409 863

1563 338 1927 401 HESYCHII
1961 294 2464 429 Pausaniam

3543 316 3652 385 8555

379 462 513 535 quid
547 466 733 515 autem
762 455 963 513 tertius
984 453 1267 512 invenerit
1291 454 1430 521 dies,
1453 454 1595 527 ignis
1620 457 1878 511 absumit.
1900 454 1958 510 Si
1988 460 2034 516 Α
2061 456 2217 523 Quod
2251 466 2545 527 utrumque
2576 453 2635 508 in
2667 449 2925 524 praesenti
2955 446 3157 504 saeculo
3206 441 3501 535 contingit,
3541 455 3652 535 non

378 551 504 622 quis
524 548 592 605 de
610 545 869 602 carnibus
880 544 1116 600 victimae
1134 543 1486 615 paciﬁcorum
1503 542 1592 598 die
1614 542 1776 598 tertio
1788 556 1966 598 come-

381 639 543 704 derit,
559 636 713 691 irrita
739 637 833 692 ﬁet
858 636 1082 701 oblatio,
1110 650 1213 691 nec
1243 633 1757 705 proderitoﬁ'ereuti
1785 649 1798 686 :
1830 635 1964 704 quin

382 731 568 801 potius
580 743 923 798 quascunque
944 728 1126 782 anima
1148 727 1239 782 tali
1259 742 1319 781 se
1338 726 1521 781 edulio
1554 726 1968 781 contaminave—

382 823 475 885 rit,
508 821 976 893 praevaricationis
1007 837 1100 876 rea
1126 821 1248 875 erit.
1285 821 1425 875 Caro
1451 834 1572 889 quae
1602 817 1804 887 aliquid
1839 817 1967 872 teti—

382 914 520 984 gerit
551 895 914 979 immundum,
940 928 1051 966 non
1105 912 1442 976 comedetur,
1468 910 1564 965 sed
1619 910 1970 965 comburetur

383 1005 519 1073 igni,
572 1004 667 1075 qui
714 1004 878 1073 fuerit
919 1003 1258 1068 immundus,
1291 1011 1540 1059 vescetur
1563 1019 1631 1057 ex
1659 1016 1742 1057 ea.
1772 1000 1970 1055 Anima

384 1098 592 1168 polluta
624 1113 746 1166 quae
777 1096 953 1152 ederit
981 1096 1049 1151 de
1074 1096 1333 1150 carnibus
1368 1093 1564 1149 hostiae
1616 1093 1971 1164 paciﬁcorum

387 1202 510 1255 qua:
541 1185 722 1239 oblata
754 1193 840 1241 est
889 1184 1143 1248 Domino,
1178 1184 1377 1254 peribit
1408 1183 1476 1238 de
1528 1181 1742 1253 populis
1777 1183 1911 1236 suis.
1949 1199 1968 1235 ι

464 1277 593 1332 Haec
617 1277 707 1332 lex
739 1278 805 1333 ad
837 1278 1066 1347 primam
1096 1276 1317 1346 quidem
1360 1275 1555 1329 faciem
1586 1274 1859 1330 contraria
1888 1275 1974 1329 vi-

392 1367 553 1422 detur
621 1368 1075 1437 praecedentibus,
1124 1365 1221 1420 sed
1273 1380 1385 1419 non
1436 1365 1511 1419 ita
1557 1375 1641 1420 est
1706 1364 1972 1429 discussa,

395 1459 595 1529 quippe
632 1459 797 1513 nimis
838 1459 1117 1513 invenitur
1145 1458 1225 1513 eis
1268 1473 1392 1513 esse
1429 1456 1790 1512 coucordaus.
1840 1457 1976 1512 Illud

396 1558 577 1603 autem
605 1559 940 1605 scrutantem
976 1548 1273 1620 intelligere
1311 1557 1546 1619 oportet,
1565 1547 1694 1618 quia
1727 1549 1975 1604 umbraut

399 1639 604 1696 habens
669 1640 754 1694 lex
821 1640 1128 1696 futurorum
1174 1641 1462 1707 bonorum,
1515 1650 1663 1695 recte
1702 1640 1888 1694 multis
1924 1648 1981 1695 et

397 1731 781 1787 diﬁ'erentibus
829 1733 1243 1803 qumstionibus,
1285 1734 1353 1788 ad
1409 1732 1690 1804 ﬁgurauda
1735 1747 1800 1788 ea
1859 1747 1981 1803 qua:

397 1820 754 1889 designantur
776 1822 1053 1891 mysteria,
1080 1838 1175 1877 usa
1204 1830 1307 1876 est.

469 1909 526 1965 Si
550 1920 666 1965 voto
711 1913 792 1966 vel
815 1921 998 1982 sponte
1029 1913 1294 1983 quispiam
1329 1913 1572 1967 obtulerit
1603 1913 1848 1975 hostiam,
1888 1928 1981 1966 ea-

400 2003 517 2056 dem
545 2003 789 2057 similiter
813 2005 997 2057 edetur
1018 2006 1122 2058 die.
1162 2004 1266 2058 Sed
1295 2014 1342 2058 et
1364 2006 1410 2058 si
1431 2006 1557 2069 quid
1601 2006 1659 2058 in
1691 2005 1985 2059 crastinum

403 2097 737 2157 remanserit,
763 2098 898 2150 vesci
925 2096 1126 2151 licitum
1173 2108 1243 2151 est
1270 2113 1287 2151 :
1315 2099 1570 2168 quidquid
1592 2110 1770 2152 autent
1802 2099 1987 2153 tertius

403 2188 657 2241 invenerit
697 2189 806 2242 dies
852 2189 989 2258 ignis
1026 2189 1467 2246 absumitdlmue
1506 2192 1724 2262 quidem
1778 2192 1987 2248 sacriﬁ-

405 2279 548 2334 cium
575 2279 923 2349 paciﬁcorum
958 2296 1053 2336 seu
1080 2284 1317 2338 salutare
1333 2293 1694 2353 spontaneum
1721 2292 1824 2351 est,
1844 2286 1988 2340 unde

406 2371 539 2426 illud
561 2372 704 2426 inter
732 2373 874 2428 dona
903 2375 1171 2443 superiori
1215 2383 1370 2445 parte
1415 2375 1537 2429 libri
1584 2376 1784 2446 hujus,
1823 2376 1988 2448 legis-

407 2462 547 2518 lator
577 2463 867 2534 ascripsit;
900 2465 996 2520 sed
1023 2466 1320 2536 gratiarum
1351 2466 1613 2532 actionis,
1667 2466 1780 2522 sive
1812 2467 1993 2522 laudis

410 2555 761 2621 sacriﬁcium,
791 2573 1102 2628 quanquam
1150 2559 1363 2629 species
1406 2560 1477 2615 sit
1528 2560 1820 2616 oblationis
1871 2562 1993 2631 ejus

411 2661 536 2717 qum
567 2662 716 2703 nunc
749 2647 891 2704 dicta
920 2658 1025 2714 est,
1060 2644 1244 2705 tamen
1287 2650 1414 2720 quia
1451 2652 1770 2707 rationabile
1821 2652 1995 2722 quod-

414 2743 540 2798 dam
572 2752 677 2809 est,
707 2753 994 2814 propterea
1020 2747 1073 2797 in
1118 2744 1237 2815 lege
1271 2744 1632 2798 voluntarium
1663 2758 1773 2798 non
1828 2744 1996 2800 habet

417 2838 660 2894 additum
704 2857 718 2893 :
750 2841 874 2910 quia
908 2854 1032 2894 cum
1069 2840 1188 2894 sine
1235 2839 1402 2895 dubio
1440 2840 1733 2897 rationales
1799 2842 1993 2909 simus,

415 2930 659 2987 debitum
687 2932 1086 3003 quodammodo
1106 2933 1440 3003 prmcipuum
1468 2932 1709 2987 Creatori
1735 2934 2000 2990 rationale

423 3024 754 3079 sacriﬁcium
787 3025 1068 3080 debemus.
1101 3024 1398 3094 Propterea
1426 3025 1480 3079 in
1508 3041 1573 3081 eo
1629 3027 1998 3081 voluntarium

2066 549 2120 602 in
2157 549 2362 603 futuro.
2416 546 2572 615 Unde
2619 560 2721 600 nec
2772 543 2885 597 ullo
2933 539 3094 595 modo
3140 536 3284 593 diem
3331 531 3653 603 duplicavit,

2068 656 2231 696 unam
2284 639 2430 695 diem
2481 647 2691 693 tantum
2730 635 2919 691 dicens
2969 633 3024 686 in
3056 626 3322 686 sacriﬁcio
3357 624 3655 697 gratiarum

2068 733 2321 796 actionis,
2355 730 2468 786 sive
2484 730 2679 784 laudis.
2708 727 2815 783 Aut
2846 724 3134 789 fortehinc
3168 718 3518 775 manifestum
3571 720 3657 770 est

2068 822 2195 893 quia
2219 821 2306 876 bis
2342 820 2432 890 qui
2465 818 2786 873 rationalem
2814 816 2979 869 vitam
3025 808 3167 880 apud
3218 822 3279 862 se
3324 804 3659 860 deﬁnierunt

2069 923 2125 969 et
2155 913 2394 969 studium
2429 911 2648 981 quietis,
2700 906 2869 962 veluti
2925 902 3088 959 Maria
3119 915 3238 970 qum
3278 898 3478 952 bonam
3536 907 3661 962 par.

2072 1015 2180 1061 tem
2207 1005 2388 1076 elegit,
2417 1012 2473 1058 et
2495 1003 2562 1057 ad
2608 1000 2775 1071 pedes
2797 996 3009 1051 Domini
3067 993 3195 1048 Jesu
3246 988 3450 1078 Christi
3502 984 3662 1040 sedc-

2070 1095 2182 1161 bat,
2220 1093 2451 1162 simplex
2481 1100 2567 1146 est
2618 1090 2723 1143 vita
2752 1098 2807 1143 et
2833 1086 2991 1141 velox
3035 1093 3196 1153 atque
3243 1081 3312 1135 ad
3362 1077 3654 1132 transitum

2071 1194 2280 1257 parata.
2323 1183 2418 1238 Eis
2445 1198 2575 1237 vero
2609 1179 2700 1250 qui
2761 1177 2993 1233 activam
3046 1174 3347 1243 elegerunt,
3409 1183 3519 1221 non
3562 1167 3661 1231 ita,

2074 1277 2169 1332 sed
2198 1276 2487 1340 laboriosa,
2541 1272 2718 1343 qualis
2767 1277 2885 1325 erat
2917 1266 3138 1322 Marthae
3166 1280 3285 1334 qua:
3336 1260 3665 1316 turbabatur

2075 1385 2203 1439 erga
2232 1368 2386 1437 plura
2414 1367 2483 1421 3°.
2508 1365 2667 1421 Unde
2699 1373 2754 1418 ει
2808 1362 2857 1415 ei
2886 1359 3086 1429 duplex
3144 1366 3379 1423 tempus,
3435 1361 3662 1422 propter

2072 1460 2312 1524 labores,
2360 1463 2747 1527 computatur;
2787 1458 3163 1507 verumtamen
3209 1445 3504 1517 legislator,
3559 1441 3668 1496 etsi

2079 1552 2261 1608 verbis
2309 1549 2541 1604 diversis
2585 1546 2759 1601 utitur
2782 1552 3002 1614 propter
3028 1539 3364 1611 opulentiam
3414 1532 3664 1605 spiritus,

2079 1653 2132 1700 et
2167 1652 2227 1697 ut
2256 1640 2574 1711 multiplicia
2608 1639 2881 1700 redderet,
2916 1636 3059 1689 sicut
3083 1647 3226 1702 smpe
3270 1629 3534 1691 diximus,
3575 1627 3668 1681 iu-

2080 1734 2391 1806 telligentiae
2442 1733 2751 1803 aenigmata,
2793 1745 2824 1784 a
2852 1728 3098 1783 districta
3141 1734 3325 1781 tamen
3360 1720 3670 1777 subtilitate

2012 1813 2055 1873 Β
2083 1843 2191 1881 non
2224 1826 2448 1890 recedit,
2482 1827 2575 1879 sed
2612 1823 2688 1880 ibi
2718 1822 2874 1888 dixit,

2155 1919 2274 1973 Non
2291 1919 2583 1987 relinquent
2609 1923 2672 1970 de
2703 1933 2760 1970 eo
2780 1916 2835 1969 in
2858 1930 3032 1968 mane.
3064 1911 3184 1966 Non
3212 1910 3422 1968 dicens.
3452 1906 3508 1960 in
3550 1920 3674 1960 cra-

2087 2014 2251 2075 stino,
2285 2012 2411 2082 quia
2444 2010 2745 2065 crastinum
2766 2023 2873 2061 non
2910 2004 3180 2076 signiﬁcat
3203 2004 3444 2058 futurum
3491 2014 3674 2054 seacu-

2086 2106 2199 2159 lum
2233 2102 2362 2158 :hic
2406 2111 2590 2155 autem
2630 2098 2895 2170 quidquid
2957 2097 3153 2152 tertius
3212 2092 3482 2148 invenerit
3529 2090 3671 2157 dies,

2089 2192 2231 2268 ignis
2258 2194 2516 2258 absumit,
2542 2207 2641 2264 per
2682 2192 2825 2247 diem
2859 2190 3101 2252 tertium,
3135 2187 3379 2242 futurum
3422 2184 3675 2238 indicans

2091 2289 2351 2345 saeculum
2374 2331 2389 2356 ,
2418 2287 2474 2341 in
2512 2287 2629 2356 ipso
2653 2284 2856 2354 quippe
2891 2281 3160 2353 generalis
3188 2288 3275 2335 εει
3327 2286 3674 2333 mortuorum

2092 2381 2418 2437 resurrectio
2451 2398 2464 2434 :
2507 2393 2665 2447 quam
2698 2376 2946 2446 designat
2991 2373 3135 2429 tertii
3161 2373 3268 2427 diei
3297 2373 3439 2426 facta
3489 2385 3679 2426 resur-

2092 2475 2261 2529 rectio
2292 2471 2502 2529 Domini
2531 2485 2652 2542 quin
2683 2483 2845 2523 mane
2872 2465 3141 2537 provenit.
3181 2464 3412 2533 Propter
3439 2463 3587 2534 quod
3618 2470 3680 2519 et

2092 2583 2254 2624 mane
2278 2565 2536 2621 saeculum
2559 2563 2798 2619 diximus
2819 2560 3128 2633 signiﬁcare
3158 2558 3426 2612 futurum.

2166 2663 2305 2718 Tunc
2326 2678 2446 2733 ergo
2465 2660 2605 2730 quod
2643 2657 2902 2729 reliquum
2925 2666 2999 2711 est
3022 2656 3085 2709 de
3121 2654 3382 2723 sacriﬁcio
3427 2650 3681 2723 paciﬁco-

2096 2773 2214 2810 rum
2237 2771 2325 2809 seu
2365 2753 2687 2807 salutarium
2726 2751 2846 2822 igne
2900 2759 3253 2802 consumetur.
3300 2744 3685 2815 Quodcunque

2098 2850 2246 2903 enim
2284 2846 2664 2917 reliquerimus
2721 2844 2787 2897 ad
2821 2852 3060 2896 nostram
3115 2841 3343 2895 salutem
3377 2840 3682 2908 pertinens,

2100 2942 2441 3010 inoperatum
2477 2950 2581 3002 est,
2639 2946 2821 2991 autem
2877 2934 3226 3004 inoperatum
3283 2940 3339 2987 et
3407 2933 3508 2986 hoc
3530 2928 3686 3002 quod

2102 3035 2240 3089 male
2269 3040 2556 3101 operatum
2580 3037 2686 3092 est,
2721 3037 2777 3083 et
2806 3027 2978 3098 ligna,
3029 3035 3122 3080 aut
3155 3025 3339 3079 fenum
3379 3034 3541 3093 atque
3579 3021 3689 3079 sti-

418 3115 505 3171 lex
544 3116 785 3183 reticuit,
824 3133 936 3173 non
973 3117 1103 3173 illud
1134 3119 1413 3189 excipiens
1442 3135 1472 3173 a
1523 3119 1864 3182 voluntariis,
1896 3135 1997 3174 ne-
2023 3151 2066 3207 ο
2104 3125 2227 3195 pula
2274 3124 2494 3187 factum,
2525 3124 2629 3177 hoc
2650 3122 2770 3193 igne
2802 3130 3178 3184 consumetur,
3212 3133 3310 3173 nos
3348 3127 3534 3171 autem
3587 3116 3690 3171 de-

419 3222 527 3278 que
565 3208 711 3263 enitu
764 3224 866 3278 pro
918 3210 1177 3279 peccatis,
1231 3211 1326 3266 sed
1365 3227 1469 3267 nec
1516 3228 1581 3266 ex
1633 3212 1999 3281 promissione

419 3298 661 3353 oblatum
697 3301 954 3354 ostendit.
988 3301 1218 3355 Tantum
1250 3311 1430 3356 autem
1457 3313 1619 3366 tacet,
1646 3304 2001 3373 quemadmo-

421 3389 551 3445 dum
604 3391 862 3456 diximus,
908 3393 1273 3447 voluntarium
1299 3436 1313 3459 ,
1351 3395 1467 3449 sive
1502 3404 1886 3464 spontaneum,
1943 3404 2003 3449 ut

421 3496 546 3538 Cum
587 3482 780 3537 siletur
801 3483 906 3539 hoc
938 3487 1162 3540 verbum
1187 3485 1278 3555 qui
1334 3486 1624 3541 rationales
1669 3488 1859 3552 simus,
1916 3488 2007 3543 de-

421 3574 554 3629 bere
591 3591 692 3629 nos
726 3575 834 3631 Deo
858 3577 1141 3634 rationalia
1197 3579 1464 3633 sacriﬁcia
1523 3579 1907 3651 intelligamus,
1949 3589 2003 3635 et

422 3666 570 3719 omni
602 3666 651 3720 ei
674 3667 856 3721 studio
877 3668 1276 3726 adhaercamus.
1310 3669 1417 3724 Sed
1467 3669 1722 3739 quoniam
1782 3669 1890 3724 illic
1945 3670 2001 3723 in

421 3770 527 3825 qua
558 3757 645 3811 die
671 3757 918 3822 oﬁ‘ertnr,
955 3761 1277 3820 comeditur.
1311 3761 1403 3825 ait,
1432 3761 1520 3815 hic
1549 3769 1752 3824 autem,
1777 3761 1830 3815 in
1867 3777 2003 3831 qua-

419 3862 634 3919 cunque
658 3847 747 3903 die
774 3850 1021 3913 oﬁ‘ertur,
1054 3858 1107 3904 et
1132 3850 1185 3904 in
1219 3852 1455 3907 crastino
1484 3870 1497 3905 :
1531 3868 1633 3907 nec
1658 3851 1762 3907 hoc
1786 3863 2002 3908 contra-
2028 3865 2035 3871 '

419 3940 562 3994 rium
593 3950 694 4003 est,
726 3943 1066 4011 apertissime
1101 3944 1245 3997 enim
1271 3943 1448 3999 ethoc
1474 3945 1617 4014 quod
1641 3946 1872 4000 dicimus
1892 3962 2005 4001 cra-

420 4032 645 4096 stinum,
694 4033 1070 4088 denuntiatum
1128 4036 1413 4104 praesentis
1472 4039 1653 4091 saeculi
1700 4045 1802 4099 est,
1855 4037 2002 4106 quod

421 4132 651 4178 testatur
671 4124 905 4179 Jacobus
932 4126 1118 4180 dicens
1142 4144 1153 4179 :
1173 4125 1301 4179 Ecce
1323 4143 1458 4179 nunc
1480 4128 1569 4197 qui
1594 4128 1768 4181 dicitis
1789 4144 1808 4181 :
1835 4130 2004 4183 Hodie

421 4221 471 4268 et
495 4215 723 4268 crastino
748 4215 1132 4268 ambulabimus
1178 4217 1233 4268 in
1259 4215 1410 4269 illam
1459 4217 1722 4271 civitatem
1760 4228 1807 4272 et
1854 4236 2005 4290 nego-

423 4306 697 4368 tiabimur,
728 4314 776 4359 et
801 4306 1002 4359 lucrum
1031 4307 1280 4377 faciemus
1306 4308 1372 4362 ⁷⁸.
1401 4307 1470 4361 Ει
1497 4309 1720 4362 omnino
1755 4325 1863 4363 non
1916 4312 2003 4364 in-

421 4396 610 4450 venies
629 4396 937 4467 ubicunque
966 4396 1020 4449 in
1047 4395 1320 4464 Scriptura
1372 4397 1690 4459 crastinum,
1736 4401 2004 4453 assimila-

2106 3218 2421 3272 trimentum
2454 3215 2748 3285 patiemur.
2775 3211 2881 3267 Sed
2909 3212 3039 3282 quid
3075 3212 3157 3265 his
3186 3210 3392 3265 addidit
3419 3211 3443 3264 ?

2172 3306 2232 3362 Si
2252 3309 2368 3377 quis
2390 3307 2453 3361 de
2476 3306 2722 3359 carnibus
2756 3305 2982 3359 victimae
3021 3304 3359 3374 paciﬁcorum
3398 3303 3483 3357 die
3530 3303 3690 3358 tertio

2103 3400 2403 3464 comederit,
2438 3399 2591 3451 irrita
2630 3396 2719 3467 ﬁet
2757 3395 2974 3463 oblatio,
3019 3411 3108 3448 nec
3135 3393 3364 3462 proderit
3401 3393 3632 3463 offerenti
3666 3408 3690 3449 :

2103 3488 2230 3559 quin
2251 3487 2420 3556 potius
2443 3502 2762 3557 qutecuuque
2783 3485 2960 3538 anima
2997 3484 3096 3538 tali
3120 3501 3174 3538 se
3212 3483 3386 3536 edulio
3422 3483 3688 3537 contami-

2105 3582 2322 3644 naverit,
2370 3579 2825 3650 prtevaricationis
2877 3594 2967 3631 rea
2991 3579 3109 3632 erit.
3149 3576 3257 3631 Nec
3305 3576 3424 3631 [nec
3483 3576 3690 3632 frusﬁa

2105 3673 2365 3744 praesenti
2390 3670 2659 3727 sanctioni
2704 3670 2930 3735 addidit,
2964 3670 3058 3725 sed
3103 3668 3229 3740 quia
3283 3669 3503 3738 quidam
3564 3678 3692 3739 post

2104 3764 2266 3818 ﬁnem
2319 3762 2480 3829 huius
2548 3762 2671 3817 vitze
2736 3769 2791 3815 et
2835 3769 3177 3815 mortuorum
3208 3748 3690 3816 resurrectionem

2103 3854 2263 3908 aliam
2299 3852 2456 3907 talem
2485 3852 2671 3913 vitam,
2705 3850 2882 3919 qualis
2900 3866 3047 3904 nunc
3080 3858 3184 3915 est,
3211 3847 3525 3905 describere
3551 3865 3691 3918 prte-

2105 3953 2480 4016 sumpserunt,
2513 3944 2661 3998 mille
2691 3958 2959 3996 annorum
2998 3940 3268 4009 quoddam
3306 3941 3561 3995 sacculum
3600 3940 3685 3993 iu-

2103 4036 2471 4095 troducentes,
2499 4035 2553 4086 in
2578 4035 2707 4103 quo,
2747 4040 2805 4085 ut
2846 4032 3017 4095 aiunt,
3049 4029 3350 4084 Jerusalem
3408 4029 3683 4083 sensibilis

2103 4127 2474 4191 aadiﬁcabitur,
2506 4126 2875 4195 templumque
2916 4123 3053 4191 ejus,
3090 4131 3146 4177 et
3177 4136 3295 4191 quae
3328 4120 3382 4195 in
3407 4137 3468 4176 ea
3504 4137 3685 4190 quon-

2104 4220 2227 4274 dam
2259 4217 2478 4272 l‘uerunt
2509 4216 2705 4270 Sancta
2756 4224 3069 4268 sanctorum
3125 4194 3602 4273 restaurabuntur,
3637 4220 3693 4265 et

2104 4310 2365 4364 sacriﬁcia
2390 4307 2708 4372 oll'erentur,
2727 4304 3058 4374 nuptithue.
3086 4311 3141 4356 et
3172 4301 3403 4356 ﬁliorum
3433 4318 3686 4372 procrea-

2106 4404 2200 4468 tio,
2224 4411 2280 4457 et
2301 4401 2509 4456 deliciae
2536 4400 2783 4470 quaedam
2812 4414 2933 4451 cum
2954 4396 3159 4465 justitia
3194 4395 3462 4460 sensibili,
3485 4404 3542 4448 et
3569 4395 3693 4448 louo

422 4496 536 4542 tum
587 4488 773 4543 futuro
832 4488 1052 4551 saeculo,
1086 4487 1183 4542 sed
1235 4488 1434 4542 dicitur
1480 4490 1699 4558 quidem
1754 4505 1998 4562 przescns
2036 4478 2080 4533 ι’)
2106 4512 2170 4565 ge
2198 4494 2299 4547 alia
2324 4492 2665 4546 conversatio
2695 4498 2900 4554 nostra,
2932 4503 3092 4558 quam
3124 4502 3185 4541 ea
3248 4502 3369 4555 qua:
3431 4504 3579 4541 nunc
3608 4496 3697 4542 cst

422 4577 676 4631 saculum
726 4577 907 4645 hodie,
974 4577 1248 4648 qumnodo
1297 4578 1464 4632 David
1527 4580 1697 4635 dicit:
1746 4578 1917 4635 Hodie
1956 4583 2004 4636 si

421 4682 595 4721 vocem
641 4668 754 4736 ejus
796 4670 1089 4733 audieritis,
1118 4669 1278 4723 nolite
1308 4671 1567 4723 obdurare
1610 4672 1769 4725 corda
1808 4682 2000 4738 vestra,

422 4758 553 4811 sicut
574 4759 628 4810 in
649 4761 1046 4815 exacerbatione
1069 4762 1133 4814 ".
1165 4762 1233 4816 Et
1268 4778 1458 4817 rursus
1483 4762 1681 4818 Paulus
1713 4782 1725 4817 :
1762 4763 1864 4819 Sed
1907 4765 2008 4818 ad-

423 4849 712 4901 hortamini
737 4852 1065 4920 vosmetipsos
1090 4869 1182 4921 per
1226 4854 1457 4924 singulos
1483 4855 1616 4918 dies,
1648 4856 1811 4910 donec
1856 4858 2008 4911 hodie

423 4941 822 5011 cognominatur
844 4943 907 4997 ⁷⁸.
965 4943 1172 4999 Dicitur
1197 4954 1378 5001 autem
1417 4956 1472 5003 et
1515 4963 1659 5015 cras,
1691 4965 1801 5004 non
1825 4959 2007 5003 tamen

422 5033 649 5089 omnino
676 5034 781 5087 ἀνὰ
805 5033 1094 5109 διαστολὴν
1124 5037 1372 5093 hodierni
1398 5056 1411 5092 :
1444 5039 1536 5094 sed
1564 5040 1687 5110 quia
1730 5042 2012 5110 praesentis

422 5124 604 5178 surculi
621 5140 729 5180 non
742 5126 928 5182 eadem
943 5137 1070 5183 sunt
1083 5130 1274 5199 spatia,
1296 5130 1499 5186 sicutin
1517 5129 1824 5187 Proverbiis
1836 5142 2015 5187 osten-

421 5214 519 5283 dit,
569 5216 649 5271 Ne
670 5219 817 5274 dicas
841 5221 1011 5274 amico
1035 5231 1170 5275 tuo:
1221 5219 1383 5283 Vade.
1417 5233 1464 5277 et
1494 5239 1611 5277 cras
1646 5225 1780 5277 veni.
1827 5224 2014 5295 Neque

425 5308 572 5364 enim
601 5311 859 5365 saeculum
918 5311 1179 5368 describit
1201 5311 1466 5381 futurum,
1498 5315 1593 5370 sed
1621 5317 1962 5386 subsequens
1987 5360 2003 5381 .

334 5468 342 5475 ‘
423 5399 708 5466 praesentis
757 5401 882 5457 vitae
945 5411 1175 5472 tempus.
1199 5402 1431 5473 Propter
1454 5406 1601 5474 quod
1622 5407 1794 5462 dixit:
1828 5408 2009 5480 Neque

424 5486 563 5540 enim
587 5489 710 5543 scies
736 5491 861 5562 quid
883 5493 1061 5560 pariat
1088 5507 1466 5562 superuentura
1489 5494 1598 5548 dies
1628 5494 1691 5561 '9,
1728 5496 1780 5550 id
1810 5506 1911 5560 est,
1942 5510 2011 5550 ne

422 5567 565 5628 forte
586 5574 643 5629 in
668 5590 730 5631 ea
756 5580 1025 5648 moriaris,
1055 5591 1149 5638 aut
1176 5582 1245 5637 ab
1267 5581 1441 5653 aliqua
1478 5583 1790 5655 impediaris
1816 5602 2003 5642 causa.

502 5746 679 5805 "Jac.
709 5767 781 5821 Iv,
818 5754 899 5810 15.
979 5758 1021 5789 τ’
1047 5754 1191 5813 Psal.
1220 5774 1361 5826 κείν,
1390 5760 1449 5826 8;
1474 5758 1638 5816 Hebr.
1673 5777 1745 5829 tv,
1766 5764 1817 5817 7.

1894 5763 1939 5795 ⁷⁸
1971 5761 2135 5818 llebr.
2170 5780 2254 5833 tn,
2292 5765 2372 5821 lli.

2107 4585 2398 4652 justorum,
2457 4596 2581 4635 cum
2617 4596 2683 4634 ex
2739 4579 2970 4633 mortuis
3034 4578 3496 4632 rcsurrexcrimus
3535 4577 3689 4632 erit:

2110 4677 2252 4730 hanc
2282 4690 2410 4744 ergo
2441 4672 2917 4742 praesumptionem
2941 4670 3008 4724 dc
3031 4673 3223 4724 animo
3273 4679 3463 4723 nostro
3510 4686 3695 4723 remo-

2110 4782 2238 4820 vere
2272 4766 2498 4834 cupiens
2529 4783 2542 4819 :
2574 4764 2628 4818 Si
2654 4764 2776 4834 quis
2798 4764 2864 4818 de
2886 4763 3162 4828 carnibus,
3189 4762 3283 4826 ait,
3340 4762 3697 4832 paciﬁcorum
3738 4767 3753 4777 ’

2113 4857 2199 4912 die
2228 4857 2388 4911 tertio
2417 4856 2737 4921 comederit,
2773 4854 2826 4909 id
2850 4862 2962 4916 est,
3005 4855 3049 4909 si
3077 4853 3199 4922 quis
3257 4852 3359 4908 sibi
3400 4852 3453 4907 in
3486 4854 3693 4923 cegita-

2114 4947 2259 5002 tione
2295 4954 2582 5018 proponat,
2615 4947 2741 5016 quia
2774 4954 2898 5015 post
2954 4944 3415 4999 resurrectionem
3447 4954 3695 4999 mortuo-

2115 5055 2253 5105 rum,
2286 5039 2539 5109 reliquias
2571 5038 2731 5108 hujus
2759 5038 2883 5093 vita:
2902 5046 3122 5092 acturus
3142 5045 3244 5099 est,
3274 5045 3328 5091 et
3372 5038 3536 5091 modo
3560 5053 3698 5107 quo-

2114 5131 2236 5186 dam
2276 5130 2524 5185 comedat
2557 5129 2812 5200 prtedicta
2873 5129 2925 5183 in
2985 5138 3189 5193 mente,
3219 5138 3378 5183 utens
3424 5145 3523 5199 pro
3572 5130 3697 5183 cibo

2117 5223 2436 5293 phantasia;
2468 5231 2523 5276 ει
2549 5239 2774 5293 sperans
2797 5239 2856 5278 se
2879 5222 3165 5277 comedere
3194 5237 3259 5276 eo
3309 5232 3554 5292 tempore
3588 5239 3697 5291 quo

2122 5314 2409 5369 comedere
2468 5315 2803 5385 impossibile
2855 5321 2959 5374 est.
2994 5313 3047 5368 id
3087 5323 3189 5377 est,
3231 5314 3492 5384 operari:
3535 5314 3700 5383 hujus

2119 5406 2321 5460 oblatio
2347 5423 2454 5461 non
2482 5406 2795 5478 suscipitur,
2825 5423 2925 5462 nec
2949 5407 3288 5478 reputabitur
3320 5405 3392 5460 ei.
3414 5404 3515 5470 Qui
3548 5403 3696 5459 enim

2116 5497 2249 5553 falsa
2270 5499 2336 5553 de
2368 5499 2551 5553 futuro
2574 5500 2772 5554 sreculo
2802 5499 3052 5563 aestimat,
3074 5499 3398 5568 sibimetipsi
3428 5498 3696 5553 damnum

2114 5586 2260 5653 facit,
2293 5588 2713 5644 abominabilem
2767 5598 2822 5643 et
2853 5588 3114 5659 pollutam
3159 5588 3490 5644 oblationem
3541 5601 3698 5642 suam

2451 5766 2498 5798 ⁷⁹
2524 5763 2639 5819 Jac.
2672 5782 2743 5833 tv,
2780 5767 2860 5821 li.
2937 5764 3121 5821 “Luc.
3156 5783 3207 5833 λ,
3247 5766 3331 5831 40,
3358 5766 3449 5821 41.
