  <div class='ocr_page' id='page_1' title='image "/cluster/home/n/w/nwhite01/storage/ocr_20150623/93/mdp.39015078384313/440.png"; bbox 0 0 4030 6240; ppageno 0'>
   <div class='ocr_carea' id='block_1_1' title="bbox 335 373 443 437">
    <p class='ocr_par' dir='ltr' id='par_1_1' title="bbox 335 373 443 437">
     <span class='ocr_line' id='line_1_1' title="bbox 335 373 443 437; baseline -0.019 1"><span class='ocrx_word' id='word_1_1' title='bbox 335 373 443 437; x_wconf 79' lang='lat'><strong>865</strong></span> 
     </span>
    </p>
   </div>
   <div class='ocr_carea' id='block_1_2' title="bbox 1473 344 2458 412">
    <p class='ocr_par' dir='ltr' id='par_1_2' title="bbox 1473 344 2458 412">
     <span class='ocr_line' id='line_1_2' title="bbox 1473 344 2458 412; baseline -0.008 -2"><span class='ocrx_word' id='word_1_2' title='bbox 1473 354 1548 412; x_wconf 59' lang='grc' dir='ltr'><strong>ΙΝ</strong></span> <span class='ocrx_word' id='word_1_3' title='bbox 1600 346 2040 410; x_wconf 80' lang='lat' dir='ltr'><strong>LEVITICUM.</strong></span> <span class='ocrx_word' id='word_1_4' title='bbox 2082 369 2148 380; x_wconf 89' lang='grc'><strong><em>-</em></strong></span> <span class='ocrx_word' id='word_1_5' title='bbox 2188 346 2334 405; x_wconf 87' lang='lat' dir='ltr'><strong>LIB.</strong></span> <span class='ocrx_word' id='word_1_6' title='bbox 2374 344 2458 404; x_wconf 90' lang='lat' dir='ltr'><strong>II.</strong></span> 
     </span>
    </p>
   </div>
   <div class='ocr_carea' id='block_1_3' title="bbox 3491 333 3600 400">
    <p class='ocr_par' dir='ltr' id='par_1_3' title="bbox 3491 333 3600 400">
     <span class='ocr_line' id='line_1_3' title="bbox 3491 333 3600 400; baseline 0.009 -1"><span class='ocrx_word' id='word_1_7' title='bbox 3491 333 3600 400; x_wconf 64' lang='grc' dir='ltr'><strong>εδδ</strong></span> 
     </span>
    </p>
   </div>
   <div class='ocr_carea' id='block_1_4' title="bbox 329 432 3600 538">
    <p class='ocr_par' dir='ltr' id='par_1_4' title="bbox 329 432 3600 538">
     <span class='ocr_line' id='line_1_4' title="bbox 329 432 3600 538; baseline -0.011 -2"><span class='ocrx_word' id='word_1_8' title='bbox 329 432 635 538; x_wconf 75' lang='lat' dir='ltr'><strong>constituit.</strong></span> <span class='ocrx_word' id='word_1_9' title='bbox 671 470 787 527; x_wconf 79' lang='lat' dir='ltr'><strong>Non</strong></span> <span class='ocrx_word' id='word_1_10' title='bbox 816 467 994 524; x_wconf 85' lang='lat' dir='ltr'><strong>solum</strong></span> <span class='ocrx_word' id='word_1_11' title='bbox 1026 471 1207 520; x_wconf 83' lang='lat' dir='ltr'><strong>autem</strong></span> <span class='ocrx_word' id='word_1_12' title='bbox 1239 460 1366 524; x_wconf 88' lang='lat' dir='ltr'><strong>hoc,</strong></span> <span class='ocrx_word' id='word_1_13' title='bbox 1399 459 1492 514; x_wconf 89' lang='lat' dir='ltr'><strong>sed</strong></span> <span class='ocrx_word' id='word_1_14' title='bbox 1517 468 1572 514; x_wconf 92' lang='lat' dir='ltr'><strong>et</strong></span> <span class='ocrx_word' id='word_1_15' title='bbox 1620 464 1903 528; x_wconf 87' lang='lat' dir='ltr'><strong>peccatum</strong></span> <span class='ocrx_word' id='word_1_16' title='bbox 1933 461 1976 518; x_wconf 71' lang='grc' dir='ltr'>Α</span> <span class='ocrx_word' id='word_1_17' title='bbox 2013 451 2295 507; x_wconf 89' lang='lat' dir='ltr'><strong>rationalis</strong></span> <span class='ocrx_word' id='word_1_18' title='bbox 2331 449 2592 505; x_wconf 87' lang='lat' dir='ltr'><strong>hominis.</strong></span> <span class='ocrx_word' id='word_1_19' title='bbox 2627 447 2784 504; x_wconf 89' lang='lat' dir='ltr'><strong>Unde</strong></span> <span class='ocrx_word' id='word_1_20' title='bbox 2805 432 3027 519; x_wconf 82' lang='lat' dir='ltr'><strong>quidem</strong></span> <span class='ocrx_word' id='word_1_21' title='bbox 3061 444 3450 520; x_wconf 73' lang='lat' dir='ltr'><strong>cogitationum</strong></span> <span class='ocrx_word' id='word_1_22' title='bbox 3483 461 3600 500; x_wconf 87' lang='lat' dir='ltr'><strong>ma-</strong></span> 
     </span>
    </p>
   </div>
   <div class='ocr_carea' id='block_1_5' title="bbox 329 552 1516 639">
    <p class='ocr_par' dir='ltr' id='par_1_5' title="bbox 329 552 1516 639">
     <span class='ocr_line' id='line_1_5' title="bbox 329 552 1516 639; baseline -0.024 -9"><span class='ocrx_word' id='word_1_23' title='bbox 329 572 549 631; x_wconf 81' lang='lat' dir='ltr'><strong>sibimet</strong></span> <span class='ocrx_word' id='word_1_24' title='bbox 575 563 849 624; x_wconf 85' lang='lat' dir='ltr'><strong>contrahit</strong></span> <span class='ocrx_word' id='word_1_25' title='bbox 875 579 891 628; x_wconf 89' lang='lat'>;</span> <span class='ocrx_word' id='word_1_26' title='bbox 919 567 1142 639; x_wconf 80' lang='lat' dir='ltr'><strong>propter</strong></span> <span class='ocrx_word' id='word_1_27' title='bbox 1169 555 1312 626; x_wconf 92' lang='lat' dir='ltr'><strong>quod</strong></span> <span class='ocrx_word' id='word_1_28' title='bbox 1336 552 1472 608; x_wconf 72' lang='lat' dir='ltr'><strong>dixit</strong></span> <span class='ocrx_word' id='word_1_29' title='bbox 1499 568 1516 602; x_wconf 89' lang='lat'><strong>:</strong></span> 
     </span>
    </p>
   </div>
   <div class='ocr_carea' id='block_1_6' title="bbox 403 642 1908 728">
    <p class='ocr_par' dir='ltr' id='par_1_6' title="bbox 403 642 1908 728">
     <span class='ocr_line' id='line_1_6' title="bbox 403 642 1908 728; baseline -0.015 -13"><span class='ocrx_word' id='word_1_30' title='bbox 403 661 542 728; x_wconf 77' lang='lat' dir='ltr'><strong>Quin</strong></span> <span class='ocrx_word' id='word_1_31' title='bbox 570 658 744 727; x_wconf 79' lang='lat' dir='ltr'><strong>potius</strong></span> <span class='ocrx_word' id='word_1_32' title='bbox 777 666 1096 724; x_wconf 67' lang='lat' dir='ltr'><strong>quacunque</strong></span> <span class='ocrx_word' id='word_1_33' title='bbox 1117 648 1298 701; x_wconf 84' lang='lat' dir='ltr'><strong>anima</strong></span> <span class='ocrx_word' id='word_1_34' title='bbox 1330 645 1426 698; x_wconf 83' lang='lat' dir='ltr'><strong>tali</strong></span> <span class='ocrx_word' id='word_1_35' title='bbox 1451 661 1506 697; x_wconf 81' lang='lat' dir='ltr'><strong>se</strong></span> <span class='ocrx_word' id='word_1_36' title='bbox 1525 642 1697 697; x_wconf 78' lang='lat' dir='ltr'><strong>edulio</strong></span> <span class='ocrx_word' id='word_1_37' title='bbox 1723 650 1908 695; x_wconf 88' lang='lat' dir='ltr'><strong>conta-</strong></span> 
     </span>
    </p>
   </div>
   <div class='ocr_carea' id='block_1_7' title="bbox 332 737 1910 820">
    <p class='ocr_par' dir='ltr' id='par_1_7' title="bbox 332 737 1910 820">
     <span class='ocr_line' id='line_1_7' title="bbox 332 737 1910 820; baseline -0.013 -9"><span class='ocrx_word' id='word_1_38' title='bbox 332 754 633 816; x_wconf 67' lang='lat' dir='ltr'><strong>minaret-it,</strong></span> <span class='ocrx_word' id='word_1_39' title='bbox 674 747 1125 820; x_wconf 58' lang='lat' dir='ltr'><strong>pra’varicationis</strong></span> <span class='ocrx_word' id='word_1_40' title='bbox 1166 759 1257 796; x_wconf 88' lang='lat' dir='ltr'><strong>rea</strong></span> <span class='ocrx_word' id='word_1_41' title='bbox 1285 741 1401 795; x_wconf 87' lang='lat' dir='ltr'><strong>erit.</strong></span> <span class='ocrx_word' id='word_1_42' title='bbox 1438 737 1744 794; x_wconf 88' lang='lat' dir='ltr'><strong>Ostendens</strong></span> <span class='ocrx_word' id='word_1_43' title='bbox 1784 737 1910 807; x_wconf 89' lang='lat' dir='ltr'><strong>quia</strong></span> 
     </span>
    </p>
   </div>
   <div class='ocr_carea' id='block_1_8' title="bbox 335 830 1912 904">
    <p class='ocr_par' dir='ltr' id='par_1_8' title="bbox 335 830 1912 904">
     <span class='ocr_line' id='line_1_8' title="bbox 335 830 1912 904; baseline -0.013 -1"><span class='ocrx_word' id='word_1_44' title='bbox 335 859 391 904; x_wconf 90' lang='lat' dir='ltr'><strong>et</strong></span> <span class='ocrx_word' id='word_1_45' title='bbox 414 848 468 902; x_wconf 92' lang='lat' dir='ltr'><strong>in</strong></span> <span class='ocrx_word' id='word_1_46' title='bbox 496 847 694 899; x_wconf 90' lang='lat' dir='ltr'><strong>damno</strong></span> <span class='ocrx_word' id='word_1_47' title='bbox 720 843 986 896; x_wconf 91' lang='lat' dir='ltr'><strong>bonorum</strong></span> <span class='ocrx_word' id='word_1_48' title='bbox 1038 836 1188 896; x_wconf 81' lang='lat' dir='ltr'><strong>vivit,</strong></span> <span class='ocrx_word' id='word_1_49' title='bbox 1214 843 1270 888; x_wconf 91' lang='lat' dir='ltr'><strong>et</strong></span> <span class='ocrx_word' id='word_1_50' title='bbox 1298 839 1521 902; x_wconf 89' lang='lat' dir='ltr'><strong>peccato</strong></span> <span class='ocrx_word' id='word_1_51' title='bbox 1557 846 1615 884; x_wconf 90' lang='lat' dir='ltr'><strong>se</strong></span> <span class='ocrx_word' id='word_1_52' title='bbox 1674 830 1912 898; x_wconf 88' lang='lat' dir='ltr'><strong>subjicit,</strong></span> 
     </span>
    </p>
   </div>
   <div class='ocr_carea' id='block_1_9' title="bbox 337 919 1915 1010">
    <p class='ocr_par' dir='ltr' id='par_1_9' title="bbox 337 919 1915 1010">
     <span class='ocr_line' id='line_1_9' title="bbox 337 919 1915 1010; baseline -0.013 -15"><span class='ocrx_word' id='word_1_53' title='bbox 337 942 646 1010; x_wconf 78' lang='lat' dir='ltr'><strong>quicunque</strong></span> <span class='ocrx_word' id='word_1_54' title='bbox 678 951 786 990; x_wconf 90' lang='lat' dir='ltr'><strong>non</strong></span> <span class='ocrx_word' id='word_1_55' title='bbox 829 934 970 988; x_wconf 90' lang='lat' dir='ltr'><strong>bona</strong></span> <span class='ocrx_word' id='word_1_56' title='bbox 997 930 1063 984; x_wconf 94' lang='lat' dir='ltr'><strong>de</strong></span> <span class='ocrx_word' id='word_1_57' title='bbox 1088 925 1444 981; x_wconf 89' lang='lat' dir='ltr'><strong>retributione</strong></span> <span class='ocrx_word' id='word_1_58' title='bbox 1472 921 1706 976; x_wconf 84' lang='lat' dir='ltr'><strong>aestimat</strong></span> <span class='ocrx_word' id='word_1_59' title='bbox 1753 919 1915 976; x_wconf 85' lang='lat' dir='ltr'><strong>Chri-</strong></span> 
     </span>
    </p>
   </div>
   <div class='ocr_carea' id='block_1_10' title="bbox 339 1011 1914 1089">
    <p class='ocr_par' dir='ltr' id='par_1_10' title="bbox 339 1011 1914 1089">
     <span class='ocr_line' id='line_1_10' title="bbox 339 1011 1914 1089; baseline -0.015 -2"><span class='ocrx_word' id='word_1_60' title='bbox 339 1033 408 1087; x_wconf 88' lang='lat' dir='ltr'><strong>sti</strong></span> <span class='ocrx_word' id='word_1_61' title='bbox 443 1049 454 1084; x_wconf 90' lang='lat'><strong>:</strong></span> <span class='ocrx_word' id='word_1_62' title='bbox 485 1046 594 1084; x_wconf 89' lang='lat' dir='ltr'><strong>non</strong></span> <span class='ocrx_word' id='word_1_63' title='bbox 621 1028 765 1082; x_wconf 93' lang='lat' dir='ltr'><strong>enim</strong></span> <span class='ocrx_word' id='word_1_64' title='bbox 798 1035 928 1081; x_wconf 90' lang='lat' dir='ltr'><strong>sunt</strong></span> <span class='ocrx_word' id='word_1_65' title='bbox 959 1019 1340 1089; x_wconf 89' lang='lat' dir='ltr'><strong>corruptibiles</strong></span> <span class='ocrx_word' id='word_1_66' title='bbox 1370 1013 1762 1068; x_wconf 82' lang='lat' dir='ltr'><strong>retributiones</strong></span> <span class='ocrx_word' id='word_1_67' title='bbox 1799 1011 1914 1074; x_wconf 86' lang='lat' dir='ltr'><strong>Dei,</strong></span> 
     </span>
    </p>
   </div>
   <div class='ocr_carea' id='block_1_11' title="bbox 340 1104 1920 1192">
    <p class='ocr_par' dir='ltr' id='par_1_11' title="bbox 340 1104 1920 1192">
     <span class='ocr_line' id='line_1_11' title="bbox 340 1104 1920 1192; baseline -0.015 -12"><span class='ocrx_word' id='word_1_68' title='bbox 340 1141 443 1180; x_wconf 89' lang='lat' dir='ltr'><strong>nec</strong></span> <span class='ocrx_word' id='word_1_69' title='bbox 487 1137 610 1192; x_wconf 69' lang='lat' dir='ltr'><strong>qua:</strong></span> <span class='ocrx_word' id='word_1_70' title='bbox 657 1118 826 1173; x_wconf 88' lang='lat' dir='ltr'><strong>semel</strong></span> <span class='ocrx_word' id='word_1_71' title='bbox 878 1113 1167 1175; x_wconf 78' lang='lat' dir='ltr'><strong>destruxit,</strong></span> <span class='ocrx_word' id='word_1_72' title='bbox 1213 1110 1302 1163; x_wconf 87' lang='lat' dir='ltr'><strong>illa</strong></span> <span class='ocrx_word' id='word_1_73' title='bbox 1355 1120 1544 1161; x_wconf 90' lang='lat' dir='ltr'><strong>rursus</strong></span> <span class='ocrx_word' id='word_1_74' title='bbox 1593 1104 1920 1158; x_wconf 87' lang='lat' dir='ltr'><strong>constituit:</strong></span> 
     </span>
    </p>
   </div>
   <div class='ocr_carea' id='block_1_12' title="bbox 343 1195 1918 1284">
    <p class='ocr_par' dir='ltr' id='par_1_12' title="bbox 343 1195 1918 1284">
     <span class='ocr_line' id='line_1_12' title="bbox 343 1195 1918 1284; baseline -0.012 -17"><span class='ocrx_word' id='word_1_75' title='bbox 343 1223 600 1284; x_wconf 70' lang='lat' dir='ltr'><strong>praeterea</strong></span> <span class='ocrx_word' id='word_1_76' title='bbox 634 1227 741 1265; x_wconf 93' lang='lat' dir='ltr'><strong>non</strong></span> <span class='ocrx_word' id='word_1_77' title='bbox 773 1209 887 1264; x_wconf 88' lang='lat' dir='ltr'><strong>vult</strong></span> <span class='ocrx_word' id='word_1_78' title='bbox 923 1205 1154 1261; x_wconf 75' lang='lat' dir='ltr'><strong>virtutes</strong></span> <span class='ocrx_word' id='word_1_79' title='bbox 1183 1201 1315 1256; x_wconf 84' lang='lat' dir='ltr'><strong>falsa</strong></span> <span class='ocrx_word' id='word_1_80' title='bbox 1368 1198 1672 1253; x_wconf 84' lang='lat' dir='ltr'><strong>intentione</strong></span> <span class='ocrx_word' id='word_1_81' title='bbox 1720 1195 1918 1266; x_wconf 89' lang='lat' dir='ltr'><strong>pollui;</strong></span> 
     </span>
    </p>
   </div>
   <div class='ocr_carea' id='block_1_13' title="bbox 342 1301 781 1359">
    <p class='ocr_par' dir='ltr' id='par_1_13' title="bbox 342 1301 781 1359">
     <span class='ocr_line' id='line_1_13' title="bbox 342 1301 781 1359; baseline -0.011 0"><span class='ocrx_word' id='word_1_82' title='bbox 342 1304 487 1359; x_wconf 91' lang='lat' dir='ltr'><strong>unde</strong></span> <span class='ocrx_word' id='word_1_83' title='bbox 513 1310 570 1356; x_wconf 88' lang='lat' dir='ltr'><strong>et</strong></span> <span class='ocrx_word' id='word_1_84' title='bbox 605 1301 781 1356; x_wconf 79' lang='lat' dir='ltr'><strong>dixit:</strong></span> 
     </span>
    </p>
   </div>
   <div class='ocr_carea' id='block_1_14' title="bbox 411 1382 1924 1462">
    <p class='ocr_par' dir='ltr' id='par_1_14' title="bbox 411 1382 1924 1462">
     <span class='ocr_line' id='line_1_14' title="bbox 411 1382 1924 1462; baseline -0.009 -14"><span class='ocrx_word' id='word_1_85' title='bbox 411 1393 551 1448; x_wconf 88' lang='lat' dir='ltr'><strong>Caro</strong></span> <span class='ocrx_word' id='word_1_86' title='bbox 578 1408 694 1462; x_wconf 78' lang='lat' dir='ltr'><strong>qua:</strong></span> <span class='ocrx_word' id='word_1_87' title='bbox 715 1391 917 1460; x_wconf 87' lang='lat' dir='ltr'><strong>aliquid</strong></span> <span class='ocrx_word' id='word_1_88' title='bbox 947 1389 1175 1459; x_wconf 78' lang='lat' dir='ltr'><strong>tetigerit</strong></span> <span class='ocrx_word' id='word_1_89' title='bbox 1196 1385 1548 1447; x_wconf 84' lang='lat' dir='ltr'><strong>immundum,</strong></span> <span class='ocrx_word' id='word_1_90' title='bbox 1570 1401 1670 1437; x_wconf 85' lang='lat' dir='ltr'><strong>non</strong></span> <span class='ocrx_word' id='word_1_91' title='bbox 1689 1382 1924 1436; x_wconf 86' lang='lat' dir='ltr'><strong>comede-</strong></span> 
     </span>
    </p>
   </div>
   <div class='ocr_carea' id='block_1_15' title="bbox 345 1475 1924 1552">
    <p class='ocr_par' dir='ltr' id='par_1_15' title="bbox 345 1475 1924 1552">
     <span class='ocr_line' id='line_1_15' title="bbox 345 1475 1924 1552; baseline -0.008 -15"><span class='ocrx_word' id='word_1_92' title='bbox 345 1493 448 1548; x_wconf 75' lang='lat' dir='ltr'><strong>tur,</strong></span> <span class='ocrx_word' id='word_1_93' title='bbox 473 1485 560 1536; x_wconf 89' lang='lat' dir='ltr'><strong>sed</strong></span> <span class='ocrx_word' id='word_1_94' title='bbox 583 1485 702 1552; x_wconf 81' lang='lat' dir='ltr'><strong>igne</strong></span> <span class='ocrx_word' id='word_1_95' title='bbox 722 1491 1078 1535; x_wconf 86' lang='lat' dir='ltr'><strong>consumetur.</strong></span> <span class='ocrx_word' id='word_1_96' title='bbox 1101 1479 1308 1534; x_wconf 89' lang='lat' dir='ltr'><strong>Carnes</strong></span> <span class='ocrx_word' id='word_1_97' title='bbox 1337 1477 1525 1532; x_wconf 90' lang='lat' dir='ltr'><strong>dicens</strong></span> <span class='ocrx_word' id='word_1_98' title='bbox 1564 1475 1819 1540; x_wconf 82' lang='lat' dir='ltr'><strong>virtutes,</strong></span> <span class='ocrx_word' id='word_1_99' title='bbox 1859 1487 1924 1526; x_wconf 83' lang='lat' dir='ltr'><strong>ex</strong></span> 
     </span>
    </p>
   </div>
   <div class='ocr_carea' id='block_1_16' title="bbox 344 1564 1922 1644">
    <p class='ocr_par' dir='ltr' id='par_1_16' title="bbox 344 1564 1922 1644">
     <span class='ocr_line' id='line_1_16' title="bbox 344 1564 1922 1644; baseline -0.008 -16"><span class='ocrx_word' id='word_1_100' title='bbox 344 1576 544 1644; x_wconf 84' lang='lat' dir='ltr'><strong>quibus</strong></span> <span class='ocrx_word' id='word_1_101' title='bbox 574 1573 899 1630; x_wconf 88' lang='lat' dir='ltr'><strong>sacriﬁcium</strong></span> <span class='ocrx_word' id='word_1_102' title='bbox 953 1572 1188 1626; x_wconf 88' lang='lat' dir='ltr'><strong>salutare</strong></span> <span class='ocrx_word' id='word_1_103' title='bbox 1240 1576 1500 1623; x_wconf 88' lang='lat' dir='ltr'><strong>constat:</strong></span> <span class='ocrx_word' id='word_1_104' title='bbox 1544 1566 1695 1621; x_wconf 84' lang='lat' dir='ltr'><strong>verbi</strong></span> <span class='ocrx_word' id='word_1_105' title='bbox 1733 1564 1922 1635; x_wconf 89' lang='lat' dir='ltr'><strong>gratia,</strong></span> 
     </span>
    </p>
   </div>
   <div class='ocr_carea' id='block_1_17' title="bbox 345 1655 1928 1735">
    <p class='ocr_par' dir='ltr' id='par_1_17' title="bbox 345 1655 1928 1735">
     <span class='ocr_line' id='line_1_17' title="bbox 345 1655 1928 1735; baseline -0.008 -14"><span class='ocrx_word' id='word_1_106' title='bbox 345 1669 670 1728; x_wconf 79' lang='lat' dir='ltr'><strong>casﬁtatcm,</strong></span> <span class='ocrx_word' id='word_1_107' title='bbox 719 1667 1145 1735; x_wconf 76' lang='lat' dir='ltr'><strong>eleemosynam,</strong></span> <span class='ocrx_word' id='word_1_108' title='bbox 1189 1660 1476 1730; x_wconf 81' lang='lat' dir='ltr'><strong>justitiam.</strong></span> <span class='ocrx_word' id='word_1_109' title='bbox 1533 1658 1658 1713; x_wconf 64' lang='lat' dir='ltr'><strong>llaec</strong></span> <span class='ocrx_word' id='word_1_110' title='bbox 1716 1672 1843 1726; x_wconf 88' lang='lat' dir='ltr'><strong>ergo</strong></span> <span class='ocrx_word' id='word_1_111' title='bbox 1884 1655 1928 1710; x_wconf 90' lang='lat' dir='ltr'><strong>si</strong></span> 
     </span>
    </p>
   </div>
   <div class='ocr_carea' id='block_1_18' title="bbox 344 1745 1934 1830">
    <p class='ocr_par' dir='ltr' id='par_1_18' title="bbox 344 1745 1934 1830">
     <span class='ocr_line' id='line_1_18' title="bbox 344 1745 1934 1830; baseline -0.008 -15"><span class='ocrx_word' id='word_1_112' title='bbox 344 1760 622 1830; x_wconf 77' lang='lat' dir='ltr'><strong>tetigerint</strong></span> <span class='ocrx_word' id='word_1_113' title='bbox 663 1757 1004 1812; x_wconf 89' lang='lat' dir='ltr'><strong>immundum</strong></span> <span class='ocrx_word' id='word_1_114' title='bbox 1037 1745 1340 1824; x_wconf 84' lang='lat' dir='ltr'><strong>quidpiam,</strong></span> <span class='ocrx_word' id='word_1_115' title='bbox 1377 1767 1500 1806; x_wconf 92' lang='lat' dir='ltr'><strong>cum</strong></span> <span class='ocrx_word' id='word_1_116' title='bbox 1542 1750 1680 1804; x_wconf 90' lang='lat' dir='ltr'><strong>forte</strong></span> <span class='ocrx_word' id='word_1_117' title='bbox 1717 1763 1813 1817; x_wconf 87' lang='lat' dir='ltr'><strong>per</strong></span> <span class='ocrx_word' id='word_1_118' title='bbox 1837 1763 1934 1802; x_wconf 82' lang='lat' dir='ltr'><strong>su-</strong></span> 
     </span>
    </p>
   </div>
   <div class='ocr_carea' id='block_1_19' title="bbox 349 1840 1934 1924">
    <p class='ocr_par' dir='ltr' id='par_1_19' title="bbox 349 1840 1934 1924">
     <span class='ocr_line' id='line_1_19' title="bbox 349 1840 1934 1924; baseline -0.011 -16"><span class='ocrx_word' id='word_1_119' title='bbox 349 1853 598 1924; x_wconf 81' lang='lat' dir='ltr'><strong>perbiam</strong></span> <span class='ocrx_word' id='word_1_120' title='bbox 635 1850 847 1916; x_wconf 83' lang='lat' dir='ltr'><strong>justitia</strong></span> <span class='ocrx_word' id='word_1_121' title='bbox 893 1858 948 1903; x_wconf 86' lang='lat' dir='ltr'><strong>et</strong></span> <span class='ocrx_word' id='word_1_122' title='bbox 1002 1847 1223 1900; x_wconf 87' lang='lat' dir='ltr'><strong>castitas</strong></span> <span class='ocrx_word' id='word_1_123' title='bbox 1285 1844 1353 1898; x_wconf 88' lang='lat' dir='ltr'><strong>ad</strong></span> <span class='ocrx_word' id='word_1_124' title='bbox 1389 1858 1581 1898; x_wconf 72' lang='lat' dir='ltr'><strong>vanam</strong></span> <span class='ocrx_word' id='word_1_125' title='bbox 1607 1840 1851 1911; x_wconf 77' lang='lat' dir='ltr'><strong>gloriam,</strong></span> <span class='ocrx_word' id='word_1_126' title='bbox 1879 1847 1934 1893; x_wconf 88' lang='lat' dir='ltr'><strong>et</strong></span> 
     </span>
    </p>
   </div>
   <div class='ocr_carea' id='block_1_20' title="bbox 347 1929 1937 2014">
    <p class='ocr_par' dir='ltr' id='par_1_20' title="bbox 347 1929 1937 2014">
     <span class='ocr_line' id='line_1_20' title="bbox 347 1929 1937 2014; baseline -0.01 -15"><span class='ocrx_word' id='word_1_127' title='bbox 347 1946 685 2014; x_wconf 75' lang='lat' dir='ltr'><strong>elecmosyna</strong></span> <span class='ocrx_word' id='word_1_128' title='bbox 719 1958 787 1997; x_wconf 82' lang='lat' dir='ltr'><strong>ex</strong></span> <span class='ocrx_word' id='word_1_129' title='bbox 822 1938 1082 2009; x_wconf 89' lang='lat' dir='ltr'><strong>injustitia</strong></span> <span class='ocrx_word' id='word_1_130' title='bbox 1109 1937 1186 2000; x_wconf 89' lang='lat' dir='ltr'><strong>ﬁt,</strong></span> <span class='ocrx_word' id='word_1_131' title='bbox 1223 1937 1344 2008; x_wconf 88' lang='lat' dir='ltr'><strong>igne</strong></span> <span class='ocrx_word' id='word_1_132' title='bbox 1372 1934 1731 1990; x_wconf 89' lang='lat' dir='ltr'><strong>incendentur</strong></span> <span class='ocrx_word' id='word_1_133' title='bbox 1747 1929 1937 2000; x_wconf 89' lang='lat' dir='ltr'><strong>judicii</strong></span> 
     </span>
    </p>
   </div>
   <div class='ocr_carea' id='block_1_21' title="bbox 348 2025 1939 2100">
    <p class='ocr_par' dir='ltr' id='par_1_21' title="bbox 348 2025 1939 2100">
     <span class='ocr_line' id='line_1_21' title="bbox 348 2025 1939 2100; baseline -0.008 -10"><span class='ocrx_word' id='word_1_134' title='bbox 348 2035 538 2090; x_wconf 87' lang='lat' dir='ltr'><strong>futuri.</strong></span> <span class='ocrx_word' id='word_1_135' title='bbox 569 2035 724 2100; x_wconf 83' lang='lat' dir='ltr'><strong>Quod</strong></span> <span class='ocrx_word' id='word_1_136' title='bbox 745 2034 1086 2087; x_wconf 84' lang='lat' dir='ltr'><strong>demonstrat</strong></span> <span class='ocrx_word' id='word_1_137' title='bbox 1116 2029 1306 2093; x_wconf 75' lang='lat' dir='ltr'><strong>Isaias,</strong></span> <span class='ocrx_word' id='word_1_138' title='bbox 1331 2029 1523 2082; x_wconf 82' lang='lat' dir='ltr'><strong>dicens</strong></span> <span class='ocrx_word' id='word_1_139' title='bbox 1556 2043 1569 2078; x_wconf 91' lang='lat'>:</span> <span class='ocrx_word' id='word_1_140' title='bbox 1600 2025 1700 2090; x_wconf 84' lang='lat' dir='ltr'><strong>Qui</strong></span> <span class='ocrx_word' id='word_1_141' title='bbox 1752 2026 1939 2078; x_wconf 83' lang='lat' dir='ltr'><strong>immo-</strong></span> 
     </span>
    </p>
   </div>
   <div class='ocr_carea' id='block_1_22' title="bbox 351 2119 1939 2196">
    <p class='ocr_par' dir='ltr' id='par_1_22' title="bbox 351 2119 1939 2196">
     <span class='ocr_line' id='line_1_22' title="bbox 351 2119 1939 2196; baseline -0.008 -16"><span class='ocrx_word' id='word_1_142' title='bbox 351 2125 427 2180; x_wconf 97' lang='lat' dir='ltr'><strong>lat</strong></span> <span class='ocrx_word' id='word_1_143' title='bbox 462 2127 661 2190; x_wconf 85' lang='lat' dir='ltr'><strong>bovem,</strong></span> <span class='ocrx_word' id='word_1_144' title='bbox 686 2124 840 2196; x_wconf 82' lang='lat' dir='ltr'><strong>quasi</strong></span> <span class='ocrx_word' id='word_1_145' title='bbox 861 2123 950 2192; x_wconf 89' lang='lat' dir='ltr'><strong>qui</strong></span> <span class='ocrx_word' id='word_1_146' title='bbox 979 2121 1262 2189; x_wconf 84' lang='lat' dir='ltr'><strong>interﬁciat</strong></span> <span class='ocrx_word' id='word_1_147' title='bbox 1297 2121 1500 2184; x_wconf 81' lang='lat' dir='ltr'><strong>virum;</strong></span> <span class='ocrx_word' id='word_1_148' title='bbox 1529 2119 1618 2189; x_wconf 88' lang='lat' dir='ltr'><strong>qui</strong></span> <span class='ocrx_word' id='word_1_149' title='bbox 1639 2125 1939 2184; x_wconf 87' lang='lat' dir='ltr'><strong>mactatpe-</strong></span> 
     </span>
    </p>
   </div>
   <div class='ocr_carea' id='block_1_23' title="bbox 352 2209 1937 2288">
    <p class='ocr_par' dir='ltr' id='par_1_23' title="bbox 352 2209 1937 2288">
     <span class='ocr_line' id='line_1_23' title="bbox 352 2209 1937 2288; baseline -0.008 -13"><span class='ocrx_word' id='word_1_150' title='bbox 352 2235 462 2284; x_wconf 61' lang='lat' dir='ltr'><strong>cui,</strong></span> <span class='ocrx_word' id='word_1_151' title='bbox 495 2219 648 2288; x_wconf 87' lang='lat' dir='ltr'><strong>quasi</strong></span> <span class='ocrx_word' id='word_1_152' title='bbox 680 2216 770 2286; x_wconf 87' lang='lat' dir='ltr'><strong>qui</strong></span> <span class='ocrx_word' id='word_1_153' title='bbox 798 2213 1095 2269; x_wconf 70' lang='lat' dir='ltr'><strong>excerebrat</strong></span> <span class='ocrx_word' id='word_1_154' title='bbox 1143 2228 1328 2266; x_wconf 89' lang='lat' dir='ltr'><strong>canem</strong></span> <span class='ocrx_word' id='word_1_155' title='bbox 1351 2213 1417 2276; x_wconf 63' lang='lat'><strong>3&#39;,</strong></span> <span class='ocrx_word' id='word_1_156' title='bbox 1449 2219 1505 2266; x_wconf 90' lang='lat' dir='ltr'><strong>et</strong></span> <span class='ocrx_word' id='word_1_157' title='bbox 1531 2210 1759 2278; x_wconf 90' lang='lat' dir='ltr'><strong>reliqua.</strong></span> <span class='ocrx_word' id='word_1_158' title='bbox 1790 2209 1937 2263; x_wconf 72' lang='lat' dir='ltr'><strong>Prte-</strong></span> 
     </span>
    </p>
   </div>
   <div class='ocr_carea' id='block_1_24' title="bbox 352 2300 1939 2370">
    <p class='ocr_par' dir='ltr' id='par_1_24' title="bbox 352 2300 1939 2370">
     <span class='ocr_line' id='line_1_24' title="bbox 352 2300 1939 2370; baseline -0.008 -5"><span class='ocrx_word' id='word_1_159' title='bbox 352 2311 525 2365; x_wconf 82' lang='lat' dir='ltr'><strong>sentis</strong></span> <span class='ocrx_word' id='word_1_160' title='bbox 565 2318 746 2362; x_wconf 86' lang='lat' dir='ltr'><strong>autem</strong></span> <span class='ocrx_word' id='word_1_161' title='bbox 779 2306 1018 2360; x_wconf 89' lang='lat' dir='ltr'><strong>mandati</strong></span> <span class='ocrx_word' id='word_1_162' title='bbox 1056 2313 1202 2360; x_wconf 87' lang='lat' dir='ltr'><strong>recta</strong></span> <span class='ocrx_word' id='word_1_163' title='bbox 1233 2304 1515 2358; x_wconf 77' lang='lat' dir='ltr'><strong>conclusio</strong></span> <span class='ocrx_word' id='word_1_164' title='bbox 1546 2310 1666 2356; x_wconf 88' lang='lat' dir='ltr'><strong>est:</strong></span> <span class='ocrx_word' id='word_1_165' title='bbox 1701 2300 1799 2365; x_wconf 84' lang='lat' dir='ltr'><strong>Qui</strong></span> <span class='ocrx_word' id='word_1_166' title='bbox 1823 2302 1939 2370; x_wconf 76' lang='lat' dir='ltr'><strong>fue-</strong></span> 
     </span>
    </p>
   </div>
   <div class='ocr_carea' id='block_1_25' title="bbox 352 2393 1938 2466">
    <p class='ocr_par' dir='ltr' id='par_1_25' title="bbox 352 2393 1938 2466">
     <span class='ocr_line' id='line_1_25' title="bbox 352 2393 1938 2466; baseline -0.007 -10"><span class='ocrx_word' id='word_1_167' title='bbox 352 2404 422 2458; x_wconf 85' lang='lat' dir='ltr'><strong>rit</strong></span> <span class='ocrx_word' id='word_1_168' title='bbox 473 2403 721 2466; x_wconf 81' lang='lat' dir='ltr'><strong>mttndus,</strong></span> <span class='ocrx_word' id='word_1_169' title='bbox 771 2411 1006 2454; x_wconf 77' lang='lat' dir='ltr'><strong>uescetur</strong></span> <span class='ocrx_word' id='word_1_170' title='bbox 1037 2417 1120 2453; x_wconf 89' lang='lat' dir='ltr'><strong>ea.</strong></span> <span class='ocrx_word' id='word_1_171' title='bbox 1148 2399 1339 2451; x_wconf 81' lang='lat' dir='ltr'><strong>Anima</strong></span> <span class='ocrx_word' id='word_1_172' title='bbox 1379 2396 1582 2462; x_wconf 86' lang='lat' dir='ltr'><strong>polluta</strong></span> <span class='ocrx_word' id='word_1_173' title='bbox 1607 2409 1724 2465; x_wconf 67' lang='lat' dir='ltr'><strong>quae</strong></span> <span class='ocrx_word' id='word_1_174' title='bbox 1776 2393 1938 2446; x_wconf 85' lang='lat' dir='ltr'><strong>ederit</strong></span> 
     </span>
    </p>
   </div>
   <div class='ocr_carea' id='block_1_26' title="bbox 353 2484 1935 2560">
    <p class='ocr_par' dir='ltr' id='par_1_26' title="bbox 353 2484 1935 2560">
     <span class='ocr_line' id='line_1_26' title="bbox 353 2484 1935 2560; baseline -0.008 -14"><span class='ocrx_word' id='word_1_175' title='bbox 353 2494 417 2546; x_wconf 82' lang='lat' dir='ltr'><strong>de</strong></span> <span class='ocrx_word' id='word_1_176' title='bbox 433 2492 679 2546; x_wconf 75' lang='lat' dir='ltr'><strong>carnibus</strong></span> <span class='ocrx_word' id='word_1_177' title='bbox 696 2491 878 2544; x_wconf 73' lang='lat' dir='ltr'><strong>hostia:</strong></span> <span class='ocrx_word' id='word_1_178' title='bbox 897 2489 1238 2560; x_wconf 75' lang='lat' dir='ltr'><strong>paciﬁcorum</strong></span> <span class='ocrx_word' id='word_1_179' title='bbox 1257 2502 1374 2556; x_wconf 73' lang='lat' dir='ltr'><strong>qua?</strong></span> <span class='ocrx_word' id='word_1_180' title='bbox 1397 2485 1573 2539; x_wconf 89' lang='lat' dir='ltr'><strong>oblata</strong></span> <span class='ocrx_word' id='word_1_181' title='bbox 1598 2494 1671 2538; x_wconf 84' lang='lat' dir='ltr'><strong>est</strong></span> <span class='ocrx_word' id='word_1_182' title='bbox 1691 2484 1935 2546; x_wconf 81' lang='lat' dir='ltr'><strong>Domino,</strong></span> 
     </span>
    </p>
   </div>
   <div class='ocr_carea' id='block_1_27' title="bbox 354 2575 1937 2654">
    <p class='ocr_par' dir='ltr' id='par_1_27' title="bbox 354 2575 1937 2654">
     <span class='ocr_line' id='line_1_27' title="bbox 354 2575 1937 2654; baseline -0.007 -15"><span class='ocrx_word' id='word_1_183' title='bbox 354 2584 542 2654; x_wconf 76' lang='lat' dir='ltr'><strong>peribit</strong></span> <span class='ocrx_word' id='word_1_184' title='bbox 574 2587 637 2636; x_wconf 87' lang='lat' dir='ltr'><strong>de</strong></span> <span class='ocrx_word' id='word_1_185' title='bbox 667 2581 873 2652; x_wconf 80' lang='lat' dir='ltr'><strong>populis</strong></span> <span class='ocrx_word' id='word_1_186' title='bbox 903 2581 1033 2634; x_wconf 84' lang='lat' dir='ltr'><strong>suis.</strong></span> <span class='ocrx_word' id='word_1_187' title='bbox 1058 2579 1257 2649; x_wconf 80' lang='lat' dir='ltr'><strong>Aperte</strong></span> <span class='ocrx_word' id='word_1_188' title='bbox 1304 2577 1394 2632; x_wconf 89' lang='lat' dir='ltr'><strong>hic</strong></span> <span class='ocrx_word' id='word_1_189' title='bbox 1420 2577 1650 2630; x_wconf 82' lang='lat' dir='ltr'><strong>ironiam</strong></span> <span class='ocrx_word' id='word_1_190' title='bbox 1689 2575 1937 2636; x_wconf 84' lang='lat' dir='ltr'><strong>destruit,</strong></span> 
     </span>
    </p>
   </div>
   <div class='ocr_carea' id='block_1_28' title="bbox 356 2668 1937 2746">
    <p class='ocr_par' dir='ltr' id='par_1_28' title="bbox 356 2668 1937 2746">
     <span class='ocr_line' id='line_1_28' title="bbox 356 2668 1937 2746; baseline -0.008 -15"><span class='ocrx_word' id='word_1_191' title='bbox 356 2688 411 2731; x_wconf 89' lang='lat' dir='ltr'><strong>et</strong></span> <span class='ocrx_word' id='word_1_192' title='bbox 441 2673 776 2746; x_wconf 88' lang='lat' dir='ltr'><strong>hypocrisin,</strong></span> <span class='ocrx_word' id='word_1_193' title='bbox 806 2673 922 2728; x_wconf 63' lang='lat' dir='ltr'><strong>haec</strong></span> <span class='ocrx_word' id='word_1_194' title='bbox 945 2674 1092 2727; x_wconf 89' lang='lat' dir='ltr'><strong>enim</strong></span> <span class='ocrx_word' id='word_1_195' title='bbox 1147 2678 1276 2726; x_wconf 89' lang='lat' dir='ltr'><strong>sunt</strong></span> <span class='ocrx_word' id='word_1_196' title='bbox 1314 2671 1508 2724; x_wconf 67' lang='lat' dir='ltr'><strong>animai</strong></span> <span class='ocrx_word' id='word_1_197' title='bbox 1560 2668 1937 2732; x_wconf 71' lang='lat' dir='ltr'><strong>immunditite,</strong></span> 
     </span>
    </p>
   </div>
   <div class='ocr_carea' id='block_1_29' title="bbox 356 2762 1940 2832">
    <p class='ocr_par' dir='ltr' id='par_1_29' title="bbox 356 2762 1940 2832">
     <span class='ocr_line' id='line_1_29' title="bbox 356 2762 1940 2832; baseline -0.004 -12"><span class='ocrx_word' id='word_1_198' title='bbox 356 2768 434 2822; x_wconf 87' lang='lat' dir='ltr'><strong>ita</strong></span> <span class='ocrx_word' id='word_1_199' title='bbox 463 2775 524 2820; x_wconf 91' lang='lat' dir='ltr'><strong>ut</strong></span> <span class='ocrx_word' id='word_1_200' title='bbox 555 2769 745 2820; x_wconf 86' lang='lat' dir='ltr'><strong>horum</strong></span> <span class='ocrx_word' id='word_1_201' title='bbox 776 2765 938 2818; x_wconf 91' lang='lat' dir='ltr'><strong>homo</strong></span> <span class='ocrx_word' id='word_1_202' title='bbox 962 2764 1191 2818; x_wconf 89' lang='lat' dir='ltr'><strong>interior</strong></span> <span class='ocrx_word' id='word_1_203' title='bbox 1213 2764 1372 2832; x_wconf 92' lang='lat' dir='ltr'><strong>lupus</strong></span> <span class='ocrx_word' id='word_1_204' title='bbox 1395 2762 1781 2831; x_wconf 83' lang='lat' dir='ltr'><strong>appellaretur,</strong></span> <span class='ocrx_word' id='word_1_205' title='bbox 1815 2775 1940 2814; x_wconf 80' lang='lat' dir='ltr'><strong>cum</strong></span> 
     </span>
    </p>
   </div>
   <div class='ocr_carea' id='block_1_30' title="bbox 357 2852 1942 2923">
    <p class='ocr_par' dir='ltr' id='par_1_30' title="bbox 357 2852 1942 2923">
     <span class='ocr_line' id='line_1_30' title="bbox 357 2852 1942 2923; baseline -0.006 -11"><span class='ocrx_word' id='word_1_206' title='bbox 357 2858 622 2912; x_wconf 87' lang='lat' dir='ltr'><strong>Dominus</strong></span> <span class='ocrx_word' id='word_1_207' title='bbox 649 2855 779 2910; x_wconf 88' lang='lat' dir='ltr'><strong>dicit</strong></span> <span class='ocrx_word' id='word_1_208' title='bbox 807 2873 818 2908; x_wconf 93' lang='lat'><strong>:</strong></span> <span class='ocrx_word' id='word_1_209' title='bbox 846 2855 1117 2908; x_wconf 82' lang='lat' dir='ltr'><strong>Attendite</strong></span> <span class='ocrx_word' id='word_1_210' title='bbox 1140 2855 1205 2907; x_wconf 87' lang='lat' dir='ltr'><strong>ab</strong></span> <span class='ocrx_word' id='word_1_211' title='bbox 1241 2854 1314 2906; x_wconf 84' lang='lat' dir='ltr'><strong>eis</strong></span> <span class='ocrx_word' id='word_1_212' title='bbox 1335 2855 1426 2923; x_wconf 88' lang='lat' dir='ltr'><strong>qui</strong></span> <span class='ocrx_word' id='word_1_213' title='bbox 1448 2854 1660 2908; x_wconf 81' lang='lat' dir='ltr'><strong>veniunt</strong></span> <span class='ocrx_word' id='word_1_214' title='bbox 1685 2853 1755 2904; x_wconf 88' lang='lat' dir='ltr'><strong>ad</strong></span> <span class='ocrx_word' id='word_1_215' title='bbox 1776 2867 1862 2904; x_wconf 82' lang='lat' dir='ltr'><strong>vos</strong></span> <span class='ocrx_word' id='word_1_216' title='bbox 1886 2852 1942 2902; x_wconf 87' lang='lat' dir='ltr'><strong>in</strong></span> 
     </span>
    </p>
   </div>
   <div class='ocr_carea' id='block_1_31' title="bbox 355 2940 1943 3012">
    <p class='ocr_par' dir='ltr' id='par_1_31' title="bbox 355 2940 1943 3012">
     <span class='ocr_line' id='line_1_31' title="bbox 355 2940 1943 3012; baseline -0.003 -11"><span class='ocrx_word' id='word_1_217' title='bbox 355 2948 543 3002; x_wconf 74' lang='lat' dir='ltr'><strong>uestitu</strong></span> <span class='ocrx_word' id='word_1_218' title='bbox 566 2947 759 3011; x_wconf 78' lang='lat' dir='ltr'><strong>ouium,</strong></span> <span class='ocrx_word' id='word_1_219' title='bbox 780 2948 926 2999; x_wconf 81' lang='lat' dir='ltr'><strong>intus</strong></span> <span class='ocrx_word' id='word_1_220' title='bbox 965 2956 1143 2998; x_wconf 88' lang='lat' dir='ltr'><strong>autem</strong></span> <span class='ocrx_word' id='word_1_221' title='bbox 1171 2953 1290 2998; x_wconf 82' lang='lat' dir='ltr'><strong>sunt</strong></span> <span class='ocrx_word' id='word_1_222' title='bbox 1319 2944 1427 3012; x_wconf 86' lang='lat' dir='ltr'><strong>lupi</strong></span> <span class='ocrx_word' id='word_1_223' title='bbox 1455 2959 1674 3011; x_wconf 78' lang='lat' dir='ltr'><strong>rapaces</strong></span> <span class='ocrx_word' id='word_1_224' title='bbox 1695 2944 1761 2995; x_wconf 79' lang='grc'><strong>⁸⁸.</strong></span> <span class='ocrx_word' id='word_1_225' title='bbox 1787 2942 1850 2994; x_wconf 72' lang='lat' dir='ltr'><strong>lli</strong></span> <span class='ocrx_word' id='word_1_226' title='bbox 1874 2940 1943 2996; x_wconf 84' lang='lat' dir='ltr'><strong>de</strong></span> 
     </span>
    </p>
   </div>
   <div class='ocr_carea' id='block_1_32' title="bbox 357 3035 1942 3106">
    <p class='ocr_par' dir='ltr' id='par_1_32' title="bbox 357 3035 1942 3106">
     <span class='ocr_line' id='line_1_32' title="bbox 357 3035 1942 3106; baseline -0.003 -13"><span class='ocrx_word' id='word_1_227' title='bbox 357 3039 618 3093; x_wconf 84' lang='lat' dir='ltr'><strong>carnibus</strong></span> <span class='ocrx_word' id='word_1_228' title='bbox 669 3037 862 3091; x_wconf 67' lang='lat' dir='ltr'><strong>hostiae</strong></span> <span class='ocrx_word' id='word_1_229' title='bbox 911 3036 1264 3106; x_wconf 87' lang='lat' dir='ltr'><strong>paciﬁcorum</strong></span> <span class='ocrx_word' id='word_1_230' title='bbox 1322 3037 1438 3091; x_wconf 87' lang='lat' dir='ltr'><strong>sive</strong></span> <span class='ocrx_word' id='word_1_231' title='bbox 1481 3035 1753 3098; x_wconf 86' lang='lat' dir='ltr'><strong>salutaris,</strong></span> <span class='ocrx_word' id='word_1_232' title='bbox 1821 3048 1942 3103; x_wconf 73' lang='lat' dir='ltr'><strong>qua:</strong></span> 
     </span>
    </p>
   </div>
   <div class='ocr_carea' id='block_1_33' title="bbox 2005 540 3596 607">
    <p class='ocr_par' dir='ltr' id='par_1_33' title="bbox 2005 540 3596 607">
     <span class='ocr_line' id='line_1_33' title="bbox 2005 540 3596 607; baseline -0.009 -3"><span class='ocrx_word' id='word_1_233' title='bbox 2005 549 2185 604; x_wconf 86' lang='lat' dir='ltr'><strong>larum</strong></span> <span class='ocrx_word' id='word_1_234' title='bbox 2221 543 2482 598; x_wconf 90' lang='lat' dir='ltr'><strong>Dominus</strong></span> <span class='ocrx_word' id='word_1_235' title='bbox 2543 542 2878 597; x_wconf 85' lang='lat' dir='ltr'><strong>mentionem</strong></span> <span class='ocrx_word' id='word_1_236' title='bbox 2926 541 3076 607; x_wconf 88' lang='lat' dir='ltr'><strong>fecit,</strong></span> <span class='ocrx_word' id='word_1_237' title='bbox 3114 551 3169 594; x_wconf 75' lang='lat' dir='ltr'><strong>ct</strong></span> <span class='ocrx_word' id='word_1_238' title='bbox 3217 541 3296 595; x_wconf 88' lang='lat' dir='ltr'><strong>sic</strong></span> <span class='ocrx_word' id='word_1_239' title='bbox 3337 540 3550 595; x_wconf 83' lang='lat' dir='ltr'><strong>addidit</strong></span> <span class='ocrx_word' id='word_1_240' title='bbox 3585 554 3596 589; x_wconf 94' lang='lat'>:</span> 
     </span>
    </p>
   </div>
   <div class='ocr_carea' id='block_1_34' title="bbox 2011 632 3600 704">
    <p class='ocr_par' dir='ltr' id='par_1_34' title="bbox 2011 632 3600 704">
     <span class='ocr_line' id='line_1_34' title="bbox 2011 632 3600 704; baseline -0.003 -13"><span class='ocrx_word' id='word_1_241' title='bbox 2011 637 2136 691; x_wconf 75' lang='grc' dir='ltr'><strong>ιιωσ</strong></span> <span class='ocrx_word' id='word_1_242' title='bbox 2190 645 2368 689; x_wconf 89' lang='lat' dir='ltr'><strong>autem</strong></span> <span class='ocrx_word' id='word_1_243' title='bbox 2422 643 2548 688; x_wconf 87' lang='lat' dir='ltr'><strong>sunt</strong></span> <span class='ocrx_word' id='word_1_244' title='bbox 2595 649 2712 704; x_wconf 80' lang='lat' dir='ltr'><strong>qua:</strong></span> <span class='ocrx_word' id='word_1_245' title='bbox 2755 633 2998 703; x_wconf 83' lang='lat' dir='ltr'><strong>polluant</strong></span> <span class='ocrx_word' id='word_1_246' title='bbox 3035 633 3315 686; x_wconf 78' lang='lat' dir='ltr'><strong>hominem.</strong></span> <span class='ocrx_word' id='word_1_247' title='bbox 3341 632 3600 694; x_wconf 67' lang='lat' dir='ltr'><strong>iumenta</strong></span> 
     </span>
    </p>
   </div>
   <div class='ocr_carea' id='block_1_35' title="bbox 2012 724 3604 799">
    <p class='ocr_par' dir='ltr' id='par_1_35' title="bbox 2012 724 3604 799">
     <span class='ocr_line' id='line_1_35' title="bbox 2012 724 3604 799; baseline -0.002 -17"><span class='ocrx_word' id='word_1_248' title='bbox 2012 743 2140 799; x_wconf 83' lang='lat' dir='ltr'><strong>ergo</strong></span> <span class='ocrx_word' id='word_1_249' title='bbox 2154 725 2435 780; x_wconf 88' lang='lat' dir='ltr'><strong>immunda</strong></span> <span class='ocrx_word' id='word_1_250' title='bbox 2449 733 2578 779; x_wconf 91' lang='lat' dir='ltr'><strong>sunt</strong></span> <span class='ocrx_word' id='word_1_251' title='bbox 2595 725 2650 778; x_wconf 91' lang='lat' dir='ltr'><strong>hi</strong></span> <span class='ocrx_word' id='word_1_252' title='bbox 2673 725 2766 794; x_wconf 92' lang='lat' dir='ltr'><strong>qui</strong></span> <span class='ocrx_word' id='word_1_253' title='bbox 2785 724 3084 779; x_wconf 88' lang='lat' dir='ltr'><strong>immundis</strong></span> <span class='ocrx_word' id='word_1_254' title='bbox 3109 734 3165 778; x_wconf 91' lang='lat' dir='ltr'><strong>et</strong></span> <span class='ocrx_word' id='word_1_255' title='bbox 3193 724 3604 788; x_wconf 74' lang='lat' dir='ltr'><strong>terrenisactio-</strong></span> 
     </span>
    </p>
   </div>
   <div class='ocr_carea' id='block_1_36' title="bbox 2012 815 3602 885">
    <p class='ocr_par' dir='ltr' id='par_1_36' title="bbox 2012 815 3602 885">
     <span class='ocr_line' id='line_1_36' title="bbox 2012 815 3602 885; baseline -0.003 -13"><span class='ocrx_word' id='word_1_256' title='bbox 2012 818 2174 872; x_wconf 89' lang='lat' dir='ltr'><strong>nibus</strong></span> <span class='ocrx_word' id='word_1_257' title='bbox 2202 823 2572 885; x_wconf 90' lang='lat' dir='ltr'><strong>occupantur;</strong></span> <span class='ocrx_word' id='word_1_258' title='bbox 2601 815 2664 868; x_wconf 89' lang='lat' dir='ltr'><strong>ad</strong></span> <span class='ocrx_word' id='word_1_259' title='bbox 2685 824 2883 868; x_wconf 89' lang='lat' dir='ltr'><strong>terram</strong></span> <span class='ocrx_word' id='word_1_260' title='bbox 2907 815 3220 880; x_wconf 87' lang='lat' dir='ltr'><strong>intendunt,</strong></span> <span class='ocrx_word' id='word_1_261' title='bbox 3247 817 3602 883; x_wconf 80' lang='lat' dir='ltr'><strong>quemadmo-</strong></span> 
     </span>
    </p>
   </div>
   <div class='ocr_carea' id='block_1_37' title="bbox 2015 905 3605 976">
    <p class='ocr_par' dir='ltr' id='par_1_37' title="bbox 2015 905 3605 976">
     <span class='ocr_line' id='line_1_37' title="bbox 2015 905 3605 976; baseline -0.004 -12"><span class='ocrx_word' id='word_1_262' title='bbox 2015 905 2616 976; x_wconf 89' lang='lat' dir='ltr'><strong>dumjumenta.Unde</strong></span> <span class='ocrx_word' id='word_1_263' title='bbox 2637 917 2693 960; x_wconf 91' lang='lat' dir='ltr'><strong>et</strong></span> <span class='ocrx_word' id='word_1_264' title='bbox 2715 905 3075 962; x_wconf 81' lang='lat' dir='ltr'><strong>fornicatores</strong></span> <span class='ocrx_word' id='word_1_265' title='bbox 3127 909 3246 976; x_wconf 83' lang='lat' dir='ltr'><strong>equi</strong></span> <span class='ocrx_word' id='word_1_266' title='bbox 3299 906 3605 960; x_wconf 80' lang='lat' dir='ltr'><strong>admissarii</strong></span> 
     </span>
    </p>
   </div>
   <div class='ocr_carea' id='block_1_38' title="bbox 2019 999 2470 1070">
    <p class='ocr_par' dir='ltr' id='par_1_38' title="bbox 2019 999 2470 1070">
     <span class='ocr_line' id='line_1_38' title="bbox 2019 999 2470 1070; baseline 0.002 -18"><span class='ocrx_word' id='word_1_267' title='bbox 2019 999 2362 1070; x_wconf 88' lang='lat' dir='ltr'><strong>appellantur</strong></span> <span class='ocrx_word' id='word_1_268' title='bbox 2401 999 2470 1053; x_wconf 70' lang='lat'><strong>&quot;.</strong></span> 
     </span>
    </p>
   </div>
   <div class='ocr_carea' id='block_1_39' title="bbox 2091 1085 3606 1158">
    <p class='ocr_par' dir='ltr' id='par_1_39' title="bbox 2091 1085 3606 1158">
     <span class='ocr_line' id='line_1_39' title="bbox 2091 1085 3606 1158; baseline -0.005 -13"><span class='ocrx_word' id='word_1_269' title='bbox 2091 1089 2212 1145; x_wconf 86' lang='lat' dir='ltr'><strong>Sive</strong></span> <span class='ocrx_word' id='word_1_270' title='bbox 2261 1091 2429 1144; x_wconf 87' lang='lat' dir='ltr'><strong>omnis</strong></span> <span class='ocrx_word' id='word_1_271' title='bbox 2479 1088 2554 1142; x_wconf 88' lang='lat' dir='ltr'><strong>rei</strong></span> <span class='ocrx_word' id='word_1_272' title='bbox 2615 1103 2732 1158; x_wconf 73' lang='lat' dir='ltr'><strong>qua:</strong></span> <span class='ocrx_word' id='word_1_273' title='bbox 2795 1086 3028 1156; x_wconf 80' lang='lat' dir='ltr'><strong>polluere</strong></span> <span class='ocrx_word' id='word_1_274' title='bbox 3099 1096 3290 1155; x_wconf 79' lang='lat' dir='ltr'><strong>potest.</strong></span> <span class='ocrx_word' id='word_1_275' title='bbox 3359 1085 3606 1150; x_wconf 71' lang='lat' dir='ltr'><strong>Qurcun-</strong></span> 
     </span>
    </p>
   </div>
   <div class='ocr_carea' id='block_1_40' title="bbox 2022 1163 3606 1252">
    <p class='ocr_par' dir='ltr' id='par_1_40' title="bbox 2022 1163 3606 1252">
     <span class='ocr_line' id='line_1_40' title="bbox 2022 1163 3606 1252; baseline -0.001 -16"><span class='ocrx_word' id='word_1_276' title='bbox 2022 1199 2128 1252; x_wconf 89' lang='lat' dir='ltr'><strong>que</strong></span> <span class='ocrx_word' id='word_1_277' title='bbox 2183 1185 2364 1237; x_wconf 89' lang='lat' dir='ltr'><strong>omina</strong></span> <span class='ocrx_word' id='word_1_278' title='bbox 2427 1191 2482 1236; x_wconf 93' lang='lat' dir='ltr'><strong>et</strong></span> <span class='ocrx_word' id='word_1_279' title='bbox 2528 1181 2918 1244; x_wconf 84' lang='lat' dir='ltr'><strong>divinationes,</strong></span> <span class='ocrx_word' id='word_1_280' title='bbox 2981 1188 3037 1234; x_wconf 91' lang='lat' dir='ltr'><strong>et</strong></span> <span class='ocrx_word' id='word_1_281' title='bbox 3086 1180 3458 1250; x_wconf 76' lang='lat' dir='ltr'><strong>purgationes,</strong></span> <span class='ocrx_word' id='word_1_282' title='bbox 3521 1163 3606 1234; x_wconf 80' lang='lat' dir='ltr'><strong>vel</strong></span> 
     </span>
    </p>
   </div>
   <div class='ocr_carea' id='block_1_41' title="bbox 2025 1272 3610 1345">
    <p class='ocr_par' dir='ltr' id='par_1_41' title="bbox 2025 1272 3610 1345">
     <span class='ocr_line' id='line_1_41' title="bbox 2025 1272 3610 1345; baseline -0.003 -17"><span class='ocrx_word' id='word_1_283' title='bbox 2025 1275 2162 1338; x_wconf 92' lang='lat' dir='ltr'><strong>dies,</strong></span> <span class='ocrx_word' id='word_1_284' title='bbox 2210 1283 2264 1329; x_wconf 83' lang='lat' dir='ltr'><strong>et</strong></span> <span class='ocrx_word' id='word_1_285' title='bbox 2339 1283 2586 1345; x_wconf 89' lang='lat' dir='ltr'><strong>tempora</strong></span> <span class='ocrx_word' id='word_1_286' title='bbox 2636 1274 2970 1336; x_wconf 86' lang='lat' dir='ltr'><strong>custodiunt,</strong></span> <span class='ocrx_word' id='word_1_287' title='bbox 3033 1272 3204 1326; x_wconf 90' lang='lat' dir='ltr'><strong>multo</strong></span> <span class='ocrx_word' id='word_1_288' title='bbox 3265 1273 3436 1342; x_wconf 81' lang='lat' dir='ltr'><strong>magis</strong></span> <span class='ocrx_word' id='word_1_289' title='bbox 3509 1288 3610 1325; x_wconf 90' lang='lat' dir='ltr'><strong>au-</strong></span> 
     </span>
    </p>
   </div>
   <div class='ocr_carea' id='block_1_42' title="bbox 2029 1362 3609 1434">
    <p class='ocr_par' dir='ltr' id='par_1_42' title="bbox 2029 1362 3609 1434">
     <span class='ocr_line' id='line_1_42' title="bbox 2029 1362 3609 1434; baseline -0.001 -16"><span class='ocrx_word' id='word_1_290' title='bbox 2029 1374 2135 1418; x_wconf 88' lang='lat' dir='ltr'><strong>tem</strong></span> <span class='ocrx_word' id='word_1_291' title='bbox 2184 1364 2324 1434; x_wconf 84' lang='lat' dir='ltr'><strong>magi</strong></span> <span class='ocrx_word' id='word_1_292' title='bbox 2381 1373 2435 1417; x_wconf 88' lang='lat' dir='ltr'><strong>et</strong></span> <span class='ocrx_word' id='word_1_293' title='bbox 2490 1363 2754 1428; x_wconf 84' lang='lat' dir='ltr'><strong>veneﬁci,</strong></span> <span class='ocrx_word' id='word_1_294' title='bbox 2805 1362 3203 1416; x_wconf 86' lang='lat' dir='ltr'><strong>abominabiles</strong></span> <span class='ocrx_word' id='word_1_295' title='bbox 3267 1371 3396 1416; x_wconf 88' lang='lat' dir='ltr'><strong>sunt</strong></span> <span class='ocrx_word' id='word_1_296' title='bbox 3461 1362 3609 1416; x_wconf 90' lang='lat' dir='ltr'><strong>enim</strong></span> 
     </span>
    </p>
   </div>
   <div class='ocr_carea' id='block_1_43' title="bbox 2029 1454 3611 1525">
    <p class='ocr_par' dir='ltr' id='par_1_43' title="bbox 2029 1454 3611 1525">
     <span class='ocr_line' id='line_1_43' title="bbox 2029 1454 3611 1525; baseline -0.001 -15"><span class='ocrx_word' id='word_1_297' title='bbox 2029 1457 2170 1525; x_wconf 90' lang='lat' dir='ltr'><strong>apud</strong></span> <span class='ocrx_word' id='word_1_298' title='bbox 2203 1456 2509 1509; x_wconf 89' lang='lat' dir='ltr'><strong>Dominum.</strong></span> <span class='ocrx_word' id='word_1_299' title='bbox 2539 1454 2729 1509; x_wconf 88' lang='lat' dir='ltr'><strong>Omnis</strong></span> <span class='ocrx_word' id='word_1_300' title='bbox 2756 1455 2846 1524; x_wconf 88' lang='lat' dir='ltr'><strong>qui</strong></span> <span class='ocrx_word' id='word_1_301' title='bbox 2881 1454 3008 1509; x_wconf 82' lang='lat' dir='ltr'><strong>facit</strong></span> <span class='ocrx_word' id='word_1_302' title='bbox 3037 1455 3173 1514; x_wconf 66' lang='lat' dir='ltr'><strong>haec,</strong></span> <span class='ocrx_word' id='word_1_303' title='bbox 3201 1454 3428 1510; x_wconf 82' lang='lat' dir='ltr'><strong>forsitan</strong></span> <span class='ocrx_word' id='word_1_304' title='bbox 3464 1454 3611 1508; x_wconf 80' lang='lat' dir='ltr'><strong>enim</strong></span> 
     </span>
    </p>
   </div>
   <div class='ocr_carea' id='block_1_44' title="bbox 2031 1545 3615 1614">
    <p class='ocr_par' dir='ltr' id='par_1_44' title="bbox 2031 1545 3615 1614">
     <span class='ocr_line' id='line_1_44' title="bbox 2031 1545 3615 1614; baseline -0.003 -12"><span class='ocrx_word' id='word_1_305' title='bbox 2031 1547 2397 1602; x_wconf 81' lang='lat' dir='ltr'><strong>communicat</strong></span> <span class='ocrx_word' id='word_1_306' title='bbox 2429 1547 2551 1614; x_wconf 91' lang='lat' dir='ltr'><strong>quis</strong></span> <span class='ocrx_word' id='word_1_307' title='bbox 2585 1546 2738 1600; x_wconf 88' lang='lat' dir='ltr'><strong>malis</strong></span> <span class='ocrx_word' id='word_1_308' title='bbox 2781 1562 2969 1599; x_wconf 87' lang='lat' dir='ltr'><strong>eorum</strong></span> <span class='ocrx_word' id='word_1_309' title='bbox 3012 1547 3274 1608; x_wconf 89' lang='lat' dir='ltr'><strong>consiliis,</strong></span> <span class='ocrx_word' id='word_1_310' title='bbox 3317 1555 3409 1600; x_wconf 87' lang='lat' dir='ltr'><strong>aut</strong></span> <span class='ocrx_word' id='word_1_311' title='bbox 3447 1545 3615 1598; x_wconf 87' lang='lat' dir='ltr'><strong>actio-</strong></span> 
     </span>
    </p>
   </div>
   <div class='ocr_carea' id='block_1_45' title="bbox 2032 1637 3615 1706">
    <p class='ocr_par' dir='ltr' id='par_1_45' title="bbox 2032 1637 3615 1706">
     <span class='ocr_line' id='line_1_45' title="bbox 2032 1637 3615 1706; baseline -0.001 -15"><span class='ocrx_word' id='word_1_312' title='bbox 2032 1639 2223 1702; x_wconf 85' lang='lat' dir='ltr'><strong>nibus,</strong></span> <span class='ocrx_word' id='word_1_313' title='bbox 2287 1649 2341 1692; x_wconf 92' lang='lat' dir='ltr'><strong>et</strong></span> <span class='ocrx_word' id='word_1_314' title='bbox 2399 1637 2522 1701; x_wconf 89' lang='lat' dir='ltr'><strong>hic,</strong></span> <span class='ocrx_word' id='word_1_315' title='bbox 2579 1644 2766 1704; x_wconf 88' lang='lat' dir='ltr'><strong>utpote</strong></span> <span class='ocrx_word' id='word_1_316' title='bbox 2822 1638 3156 1706; x_wconf 89' lang='lat' dir='ltr'><strong>prohibitam</strong></span> <span class='ocrx_word' id='word_1_317' title='bbox 3215 1637 3615 1692; x_wconf 84' lang='lat' dir='ltr'><strong>immunditiam</strong></span> 
     </span>
    </p>
   </div>
   <div class='ocr_carea' id='block_1_46' title="bbox 2037 1730 3616 1802">
    <p class='ocr_par' dir='ltr' id='par_1_46' title="bbox 2037 1730 3616 1802">
     <span class='ocr_line' id='line_1_46' title="bbox 2037 1730 3616 1802; baseline -0.003 -17"><span class='ocrx_word' id='word_1_318' title='bbox 2037 1742 2284 1802; x_wconf 89' lang='lat' dir='ltr'><strong>tangens,</strong></span> <span class='ocrx_word' id='word_1_319' title='bbox 2323 1747 2428 1784; x_wconf 90' lang='lat' dir='ltr'><strong>non</strong></span> <span class='ocrx_word' id='word_1_320' title='bbox 2464 1739 2644 1801; x_wconf 84' lang='lat' dir='ltr'><strong>potest</strong></span> <span class='ocrx_word' id='word_1_321' title='bbox 2684 1746 2747 1784; x_wconf 90' lang='lat' dir='ltr'><strong>ea</strong></span> <span class='ocrx_word' id='word_1_322' title='bbox 2787 1745 2907 1799; x_wconf 84' lang='lat' dir='ltr'><strong>quae</strong></span> <span class='ocrx_word' id='word_1_323' title='bbox 2949 1731 3016 1784; x_wconf 86' lang='lat' dir='ltr'><strong>ad</strong></span> <span class='ocrx_word' id='word_1_324' title='bbox 3052 1730 3282 1784; x_wconf 87' lang='lat' dir='ltr'><strong>hostiam</strong></span> <span class='ocrx_word' id='word_1_325' title='bbox 3325 1731 3616 1784; x_wconf 88' lang='lat' dir='ltr'><strong>salutarem</strong></span> 
     </span>
    </p>
   </div>
   <div class='ocr_carea' id='block_1_47' title="bbox 2036 1821 3617 1893">
    <p class='ocr_par' dir='ltr' id='par_1_47' title="bbox 2036 1821 3617 1893">
     <span class='ocr_line' id='line_1_47' title="bbox 2036 1821 3617 1893; baseline -0.003 -16"><span class='ocrx_word' id='word_1_326' title='bbox 2036 1823 2120 1877; x_wconf 84' lang='lat' dir='ltr'><strong>vel</strong></span> <span class='ocrx_word' id='word_1_327' title='bbox 2167 1822 2517 1893; x_wconf 88' lang='lat' dir='ltr'><strong>paciﬁcorum</strong></span> <span class='ocrx_word' id='word_1_328' title='bbox 2566 1822 2843 1892; x_wconf 85' lang='lat' dir='ltr'><strong>pertinent</strong></span> <span class='ocrx_word' id='word_1_329' title='bbox 2885 1822 3191 1880; x_wconf 81' lang='lat' dir='ltr'><strong>comedere,</strong></span> <span class='ocrx_word' id='word_1_330' title='bbox 3225 1822 3340 1876; x_wconf 87' lang='lat' dir='ltr'><strong>sive</strong></span> <span class='ocrx_word' id='word_1_331' title='bbox 3380 1821 3617 1888; x_wconf 77' lang='lat' dir='ltr'><strong>Operari.</strong></span> 
     </span>
    </p>
   </div>
   <div class='ocr_carea' id='block_1_48' title="bbox 2037 1910 3618 1980">
    <p class='ocr_par' dir='ltr' id='par_1_48' title="bbox 2037 1910 3618 1980">
     <span class='ocr_line' id='line_1_48' title="bbox 2037 1910 3618 1980; baseline -0.002 -14"><span class='ocrx_word' id='word_1_332' title='bbox 2037 1910 2174 1966; x_wconf 86' lang='lat' dir='ltr'><strong>Cum</strong></span> <span class='ocrx_word' id='word_1_333' title='bbox 2210 1911 2356 1966; x_wconf 91' lang='lat' dir='ltr'><strong>enim</strong></span> <span class='ocrx_word' id='word_1_334' title='bbox 2405 1911 2562 1965; x_wconf 90' lang='lat' dir='ltr'><strong>nisus</strong></span> <span class='ocrx_word' id='word_1_335' title='bbox 2609 1910 2775 1964; x_wconf 85' lang='lat' dir='ltr'><strong>fuerit</strong></span> <span class='ocrx_word' id='word_1_336' title='bbox 2809 1925 2872 1964; x_wconf 89' lang='lat' dir='ltr'><strong>ea</strong></span> <span class='ocrx_word' id='word_1_337' title='bbox 2918 1926 3038 1980; x_wconf 74' lang='lat' dir='ltr'><strong>qua:</strong></span> <span class='ocrx_word' id='word_1_338' title='bbox 3077 1911 3142 1964; x_wconf 89' lang='lat' dir='ltr'><strong>ad</strong></span> <span class='ocrx_word' id='word_1_339' title='bbox 3182 1911 3410 1964; x_wconf 86' lang='lat' dir='ltr'><strong>salutem</strong></span> <span class='ocrx_word' id='word_1_340' title='bbox 3450 1911 3618 1980; x_wconf 88' lang='lat' dir='ltr'><strong>perti-</strong></span> 
     </span>
    </p>
   </div>
   <div class='ocr_carea' id='block_1_49' title="bbox 2039 2004 3623 2077">
    <p class='ocr_par' dir='ltr' id='par_1_49' title="bbox 2039 2004 3623 2077">
     <span class='ocr_line' id='line_1_49' title="bbox 2039 2004 3623 2077; baseline -0.001 -18"><span class='ocrx_word' id='word_1_341' title='bbox 2039 2015 2176 2062; x_wconf 86' lang='lat' dir='ltr'><strong>nent</strong></span> <span class='ocrx_word' id='word_1_342' title='bbox 2221 2021 2403 2077; x_wconf 88' lang='lat' dir='ltr'><strong>agere,</strong></span> <span class='ocrx_word' id='word_1_343' title='bbox 2439 2014 2494 2059; x_wconf 90' lang='lat' dir='ltr'><strong>et</strong></span> <span class='ocrx_word' id='word_1_344' title='bbox 2547 2004 3035 2059; x_wconf 87' lang='lat' dir='ltr'><strong>communicaverit</strong></span> <span class='ocrx_word' id='word_1_345' title='bbox 3079 2005 3432 2074; x_wconf 86' lang='lat' dir='ltr'><strong>operantibus</strong></span> <span class='ocrx_word' id='word_1_346' title='bbox 3481 2004 3623 2058; x_wconf 87' lang='lat' dir='ltr'><strong>mala</strong></span> 
     </span>
    </p>
   </div>
   <div class='ocr_carea' id='block_1_50' title="bbox 2039 2096 3624 2167">
    <p class='ocr_par' dir='ltr' id='par_1_50' title="bbox 2039 2096 3624 2167">
     <span class='ocr_line' id='line_1_50' title="bbox 2039 2096 3624 2167; baseline -0.004 -13"><span class='ocrx_word' id='word_1_347' title='bbox 2039 2109 2096 2154; x_wconf 87' lang='lat' dir='ltr'><strong>et</strong></span> <span class='ocrx_word' id='word_1_348' title='bbox 2123 2113 2244 2167; x_wconf 70' lang='lat' dir='ltr'><strong>qua:</strong></span> <span class='ocrx_word' id='word_1_349' title='bbox 2275 2099 2340 2152; x_wconf 90' lang='lat' dir='ltr'><strong>ad</strong></span> <span class='ocrx_word' id='word_1_350' title='bbox 2373 2097 2735 2167; x_wconf 81' lang='lat' dir='ltr'><strong>perditionem</strong></span> <span class='ocrx_word' id='word_1_351' title='bbox 2771 2096 3064 2166; x_wconf 85' lang='lat' dir='ltr'><strong>pertinent,</strong></span> <span class='ocrx_word' id='word_1_352' title='bbox 3093 2096 3293 2164; x_wconf 80' lang='lat' dir='ltr'><strong>peribit</strong></span> <span class='ocrx_word' id='word_1_353' title='bbox 3327 2096 3393 2149; x_wconf 92' lang='lat' dir='ltr'><strong>de</strong></span> <span class='ocrx_word' id='word_1_354' title='bbox 3424 2096 3624 2165; x_wconf 84' lang='lat' dir='ltr'><strong>populo</strong></span> 
     </span>
    </p>
   </div>
   <div class='ocr_carea' id='block_1_51' title="bbox 2040 2187 3626 2256">
    <p class='ocr_par' dir='ltr' id='par_1_51' title="bbox 2040 2187 3626 2256">
     <span class='ocr_line' id='line_1_51' title="bbox 2040 2187 3626 2256; baseline -0.002 -14"><span class='ocrx_word' id='word_1_355' title='bbox 2040 2204 2163 2253; x_wconf 89' lang='lat' dir='ltr'><strong>suo,</strong></span> <span class='ocrx_word' id='word_1_356' title='bbox 2195 2187 2248 2241; x_wconf 90' lang='lat' dir='ltr'><strong>id</strong></span> <span class='ocrx_word' id='word_1_357' title='bbox 2288 2197 2390 2253; x_wconf 85' lang='lat' dir='ltr'><strong>est,</strong></span> <span class='ocrx_word' id='word_1_358' title='bbox 2419 2187 2487 2241; x_wconf 84' lang='lat' dir='ltr'><strong>de</strong></span> <span class='ocrx_word' id='word_1_359' title='bbox 2533 2187 2620 2241; x_wconf 91' lang='lat' dir='ltr'><strong>his</strong></span> <span class='ocrx_word' id='word_1_360' title='bbox 2667 2187 2760 2256; x_wconf 81' lang='lat' dir='ltr'><strong>qui</strong></span> <span class='ocrx_word' id='word_1_361' title='bbox 2809 2188 3115 2250; x_wconf 86' lang='lat' dir='ltr'><strong>salvantur,</strong></span> <span class='ocrx_word' id='word_1_362' title='bbox 3149 2203 3274 2241; x_wconf 83' lang='lat' dir='ltr'><strong>nam</strong></span> <span class='ocrx_word' id='word_1_363' title='bbox 3327 2198 3382 2242; x_wconf 87' lang='lat' dir='ltr'><strong>et</strong></span> <span class='ocrx_word' id='word_1_364' title='bbox 3430 2188 3626 2242; x_wconf 88' lang='lat' dir='ltr'><strong>alienis</strong></span> 
     </span>
    </p>
   </div>
   <div class='ocr_carea' id='block_1_52' title="bbox 2041 2278 3628 2348">
    <p class='ocr_par' dir='ltr' id='par_1_52' title="bbox 2041 2278 3628 2348">
     <span class='ocr_line' id='line_1_52' title="bbox 2041 2278 3628 2348; baseline -0.003 -13"><span class='ocrx_word' id='word_1_365' title='bbox 2041 2279 2450 2337; x_wconf 79' lang='lat' dir='ltr'><strong>communicare</strong></span> <span class='ocrx_word' id='word_1_366' title='bbox 2495 2279 2768 2348; x_wconf 83' lang='lat' dir='ltr'><strong>peccatis,</strong></span> <span class='ocrx_word' id='word_1_367' title='bbox 2816 2278 3158 2333; x_wconf 83' lang='lat' dir='ltr'><strong>mortiferum</strong></span> <span class='ocrx_word' id='word_1_368' title='bbox 3205 2285 3334 2332; x_wconf 84' lang='lat' dir='ltr'><strong>cst:</strong></span> <span class='ocrx_word' id='word_1_369' title='bbox 3378 2278 3522 2331; x_wconf 87' lang='lat' dir='ltr'><strong>unde</strong></span> <span class='ocrx_word' id='word_1_370' title='bbox 3571 2284 3628 2330; x_wconf 87' lang='lat' dir='ltr'><strong>et</strong></span> 
     </span>
    </p>
   </div>
   <div class='ocr_carea' id='block_1_53' title="bbox 2044 2370 3627 2439">
    <p class='ocr_par' dir='ltr' id='par_1_53' title="bbox 2044 2370 3627 2439">
     <span class='ocr_line' id='line_1_53' title="bbox 2044 2370 3627 2439; baseline -0.001 -16"><span class='ocrx_word' id='word_1_371' title='bbox 2044 2370 2212 2425; x_wconf 84' lang='lat' dir='ltr'><strong>David</strong></span> <span class='ocrx_word' id='word_1_372' title='bbox 2261 2371 2478 2425; x_wconf 81' lang='lat' dir='ltr'><strong>dicebat</strong></span> <span class='ocrx_word' id='word_1_373' title='bbox 2510 2389 2522 2425; x_wconf 87' lang='lat'><strong>:</strong></span> <span class='ocrx_word' id='word_1_374' title='bbox 2557 2371 2626 2425; x_wconf 88' lang='lat' dir='ltr'><strong>Et</strong></span> <span class='ocrx_word' id='word_1_375' title='bbox 2658 2373 2722 2425; x_wconf 88' lang='lat' dir='ltr'><strong>ab</strong></span> <span class='ocrx_word' id='word_1_376' title='bbox 2760 2371 2949 2424; x_wconf 41' lang='lat' dir='ltr'><strong>alienis</strong></span> <span class='ocrx_word' id='word_1_377' title='bbox 2977 2387 3134 2439; x_wconf 88' lang='lat' dir='ltr'><strong>parce</strong></span> <span class='ocrx_word' id='word_1_378' title='bbox 3162 2387 3307 2424; x_wconf 82' lang='lat' dir='ltr'><strong>servo</strong></span> <span class='ocrx_word' id='word_1_379' title='bbox 3335 2379 3423 2423; x_wconf 83' lang='lat' dir='ltr'><strong>tuo</strong></span> <span class='ocrx_word' id='word_1_380' title='bbox 3453 2371 3518 2422; x_wconf 80' lang='grc'><strong>⁸³.</strong></span> <span class='ocrx_word' id='word_1_381' title='bbox 3561 2370 3627 2422; x_wconf 82' lang='lat' dir='ltr'><strong>Et</strong></span> 
     </span>
    </p>
   </div>
   <div class='ocr_carea' id='block_1_54' title="bbox 2042 2462 3626 2535">
    <p class='ocr_par' dir='ltr' id='par_1_54' title="bbox 2042 2462 3626 2535">
     <span class='ocr_line' id='line_1_54' title="bbox 2042 2462 3626 2535; baseline -0.003 -18"><span class='ocrx_word' id='word_1_382' title='bbox 2042 2462 2243 2518; x_wconf 89' lang='lat' dir='ltr'><strong>Paulus</strong></span> <span class='ocrx_word' id='word_1_383' title='bbox 2274 2465 2563 2520; x_wconf 73' lang='lat' dir='ltr'><strong>Timotheo</strong></span> <span class='ocrx_word' id='word_1_384' title='bbox 2590 2465 2848 2535; x_wconf 69' lang='lat' dir='ltr'><strong>praecepit</strong></span> <span class='ocrx_word' id='word_1_385' title='bbox 2879 2483 2890 2518; x_wconf 89' lang='lat'>:</span> <span class='ocrx_word' id='word_1_386' title='bbox 2923 2464 3109 2518; x_wconf 81' lang='lat' dir='ltr'><strong>Manus</strong></span> <span class='ocrx_word' id='word_1_387' title='bbox 3141 2465 3243 2517; x_wconf 80' lang='lat' dir='ltr'><strong>cito</strong></span> <span class='ocrx_word' id='word_1_388' title='bbox 3282 2464 3482 2516; x_wconf 75' lang='lat' dir='ltr'><strong>nctttini</strong></span> <span class='ocrx_word' id='word_1_389' title='bbox 3521 2463 3626 2514; x_wconf 76' lang='lat' dir='ltr'><strong>im-</strong></span> 
     </span>
    </p>
   </div>
   <div class='ocr_carea' id='block_1_55' title="bbox 2040 2555 3623 2626">
    <p class='ocr_par' dir='ltr' id='par_1_55' title="bbox 2040 2555 3623 2626">
     <span class='ocr_line' id='line_1_55' title="bbox 2040 2555 3623 2626; baseline -0.001 -16"><span class='ocrx_word' id='word_1_390' title='bbox 2040 2558 2312 2624; x_wconf 85' lang='lat' dir='ltr'><strong>posueris,</strong></span> <span class='ocrx_word' id='word_1_391' title='bbox 2369 2574 2532 2626; x_wconf 83' lang='lat' dir='ltr'><strong>neque</strong></span> <span class='ocrx_word' id='word_1_392' title='bbox 2585 2559 3056 2610; x_wconf 78' lang='lat' dir='ltr'><strong>communicavcris</strong></span> <span class='ocrx_word' id='word_1_393' title='bbox 3113 2557 3339 2626; x_wconf 75' lang='lat' dir='ltr'><strong>peccatis</strong></span> <span class='ocrx_word' id='word_1_394' title='bbox 3394 2555 3623 2619; x_wconf 82' lang='lat' dir='ltr'><strong>alienis,</strong></span> 
     </span>
    </p>
   </div>
   <div class='ocr_carea' id='block_1_56' title="bbox 2045 2650 2926 2718">
    <p class='ocr_par' dir='ltr' id='par_1_56' title="bbox 2045 2650 2926 2718">
     <span class='ocr_line' id='line_1_56' title="bbox 2045 2650 2926 2718; baseline 0 -17"><span class='ocrx_word' id='word_1_395' title='bbox 2045 2651 2374 2718; x_wconf 86' lang='lat' dir='ltr'><strong>temetipsum</strong></span> <span class='ocrx_word' id='word_1_396' title='bbox 2406 2660 2604 2705; x_wconf 81' lang='lat' dir='ltr'><strong>castum</strong></span> <span class='ocrx_word' id='word_1_397' title='bbox 2635 2651 2835 2704; x_wconf 81' lang='lat' dir='ltr'><strong>custodi</strong></span> <span class='ocrx_word' id='word_1_398' title='bbox 2858 2650 2926 2702; x_wconf 73' lang='grc'><strong>⁸⁸.</strong></span> 
     </span>
    </p>
   </div>
   <div class='ocr_carea' id='block_1_57' title="bbox 2113 2764 3626 2836">
    <p class='ocr_par' dir='ltr' id='par_1_57' title="bbox 2113 2764 3626 2836">
     <span class='ocr_line' id='line_1_57' title="bbox 2113 2764 3626 2836; baseline -0.002 -15"><span class='ocrx_word' id='word_1_399' title='bbox 2113 2767 2280 2822; x_wconf 77' lang='lat' dir='ltr'><strong>Vsus.</strong></span> <span class='ocrx_word' id='word_1_400' title='bbox 2318 2767 2510 2822; x_wconf 68' lang='lat'><strong>95-25.</strong></span> <span class='ocrx_word' id='word_1_401' title='bbox 2547 2787 2565 2818; x_wconf 74' lang='grc' dir='ltr'>ί</span> <span class='ocrx_word' id='word_1_402' title='bbox 2601 2767 2946 2835; x_wconf 88' lang='lat' dir='ltr'><strong>Locutnsque</strong></span> <span class='ocrx_word' id='word_1_403' title='bbox 2973 2774 3060 2820; x_wconf 87' lang='lat' dir='ltr'><strong>est</strong></span> <span class='ocrx_word' id='word_1_404' title='bbox 3088 2765 3353 2819; x_wconf 85' lang='lat' dir='ltr'><strong>Dominus</strong></span> <span class='ocrx_word' id='word_1_405' title='bbox 3383 2765 3449 2820; x_wconf 89' lang='lat' dir='ltr'><strong>ad</strong></span> <span class='ocrx_word' id='word_1_406' title='bbox 3484 2764 3626 2836; x_wconf 82' lang='lat' dir='ltr'><strong>Moy-</strong></span> 
     </span>
    </p>
   </div>
   <div class='ocr_carea' id='block_1_58' title="bbox 2043 2857 3629 2928">
    <p class='ocr_par' dir='ltr' id='par_1_58' title="bbox 2043 2857 3629 2928">
     <span class='ocr_line' id='line_1_58' title="bbox 2043 2857 3629 2928; baseline 0.001 -16"><span class='ocrx_word' id='word_1_407' title='bbox 2043 2874 2140 2913; x_wconf 90' lang='lat' dir='ltr'><strong>sen</strong></span> <span class='ocrx_word' id='word_1_408' title='bbox 2173 2860 2361 2914; x_wconf 86' lang='lat' dir='ltr'><strong>dicens</strong></span> <span class='ocrx_word' id='word_1_409' title='bbox 2395 2876 2408 2910; x_wconf 89' lang='lat'><strong>:</strong></span> <span class='ocrx_word' id='word_1_410' title='bbox 2440 2858 2688 2928; x_wconf 91' lang='lat' dir='ltr'><strong>Loquere</strong></span> <span class='ocrx_word' id='word_1_411' title='bbox 2719 2859 2841 2912; x_wconf 87' lang='lat' dir='ltr'><strong>ﬁliis</strong></span> <span class='ocrx_word' id='word_1_412' title='bbox 2883 2858 3067 2912; x_wconf 83' lang='lat' dir='ltr'><strong>lsrael.</strong></span> <span class='ocrx_word' id='word_1_413' title='bbox 3111 2858 3338 2926; x_wconf 86' lang='lat' dir='ltr'><strong>Adipem</strong></span> <span class='ocrx_word' id='word_1_414' title='bbox 3364 2857 3538 2922; x_wconf 86' lang='lat' dir='ltr'><strong>bovis,</strong></span> <span class='ocrx_word' id='word_1_415' title='bbox 3571 2867 3629 2913; x_wconf 88' lang='lat' dir='ltr'><strong>et</strong></span> 
     </span>
    </p>
   </div>
   <div class='ocr_carea' id='block_1_59' title="bbox 2043 2951 3628 3020">
    <p class='ocr_par' dir='ltr' id='par_1_59' title="bbox 2043 2951 3628 3020">
     <span class='ocr_line' id='line_1_59' title="bbox 2043 2951 3628 3020; baseline 0 -14"><span class='ocrx_word' id='word_1_416' title='bbox 2043 2953 2183 3016; x_wconf 91' lang='lat' dir='ltr'><strong>ovis,</strong></span> <span class='ocrx_word' id='word_1_417' title='bbox 2217 2959 2273 3005; x_wconf 91' lang='lat' dir='ltr'><strong>et</strong></span> <span class='ocrx_word' id='word_1_418' title='bbox 2306 2967 2483 3020; x_wconf 72' lang='lat' dir='ltr'><strong>capra:</strong></span> <span class='ocrx_word' id='word_1_419' title='bbox 2528 2965 2637 3004; x_wconf 91' lang='lat' dir='ltr'><strong>non</strong></span> <span class='ocrx_word' id='word_1_420' title='bbox 2685 2951 2984 3004; x_wconf 78' lang='lat' dir='ltr'><strong>comedetis</strong></span> <span class='ocrx_word' id='word_1_421' title='bbox 3026 2967 3039 3002; x_wconf 92' lang='lat'><strong><em>:</em></strong></span> <span class='ocrx_word' id='word_1_422' title='bbox 3075 2951 3292 3019; x_wconf 84' lang='lat' dir='ltr'><strong>adipem</strong></span> <span class='ocrx_word' id='word_1_423' title='bbox 3346 2952 3628 3006; x_wconf 84' lang='lat' dir='ltr'><strong>cadaveris</strong></span> 
     </span>
    </p>
   </div>
   <div class='ocr_carea' id='block_1_60' title="bbox 2043 3042 3627 3112">
    <p class='ocr_par' dir='ltr' id='par_1_60' title="bbox 2043 3042 3627 3112">
     <span class='ocr_line' id='line_1_60' title="bbox 2043 3042 3627 3112; baseline -0.001 -14"><span class='ocrx_word' id='word_1_424' title='bbox 2043 3043 2346 3109; x_wconf 85' lang='lat' dir='ltr'><strong>morticini,</strong></span> <span class='ocrx_word' id='word_1_425' title='bbox 2379 3051 2435 3097; x_wconf 90' lang='lat' dir='ltr'><strong>et</strong></span> <span class='ocrx_word' id='word_1_426' title='bbox 2478 3043 2597 3111; x_wconf 83' lang='lat' dir='ltr'><strong>ejus</strong></span> <span class='ocrx_word' id='word_1_427' title='bbox 2644 3042 2902 3100; x_wconf 83' lang='lat' dir='ltr'><strong>animale.</strong></span> <span class='ocrx_word' id='word_1_428' title='bbox 2944 3046 3088 3110; x_wconf 90' lang='lat' dir='ltr'><strong>quod</strong></span> <span class='ocrx_word' id='word_1_429' title='bbox 3134 3058 3163 3095; x_wconf 90' lang='lat' dir='ltr'><strong>a</strong></span> <span class='ocrx_word' id='word_1_430' title='bbox 3191 3042 3365 3097; x_wconf 87' lang='lat' dir='ltr'><strong>bestia</strong></span> <span class='ocrx_word' id='word_1_431' title='bbox 3409 3052 3627 3112; x_wconf 88' lang='lat' dir='ltr'><strong>captum</strong></span> 
     </span>
    </p>
   </div>
   <div class='ocr_carea' id='block_1_61' title="bbox 361 3127 1941 3208">
    <p class='ocr_par' dir='ltr' id='par_1_61' title="bbox 361 3127 1941 3198">
     <span class='ocr_line' id='line_1_61' title="bbox 361 3127 1941 3198; baseline -0.004 -12"><span class='ocrx_word' id='word_1_432' title='bbox 361 3129 557 3186; x_wconf 69' lang='lat' dir='ltr'><strong>oblata:</strong></span> <span class='ocrx_word' id='word_1_433' title='bbox 589 3137 718 3183; x_wconf 88' lang='lat' dir='ltr'><strong>sunt</strong></span> <span class='ocrx_word' id='word_1_434' title='bbox 749 3129 999 3193; x_wconf 84' lang='lat' dir='ltr'><strong>Domino,</strong></span> <span class='ocrx_word' id='word_1_435' title='bbox 1027 3129 1398 3195; x_wconf 83' lang='lat' dir='ltr'><strong>comedentes,</strong></span> <span class='ocrx_word' id='word_1_436' title='bbox 1423 3128 1513 3198; x_wconf 91' lang='lat' dir='ltr'><strong>qui</strong></span> <span class='ocrx_word' id='word_1_437' title='bbox 1566 3127 1795 3180; x_wconf 86' lang='lat' dir='ltr'><strong>virtutes</strong></span> <span class='ocrx_word' id='word_1_438' title='bbox 1822 3141 1941 3195; x_wconf 65' lang='lat' dir='ltr'><strong>qua:</strong></span> 
     </span>
    </p>
   </div>
   <div class='ocr_carea' id='block_1_62' title="bbox 2046 3127 3627 3208">
    <p class='ocr_par' dir='ltr' id='par_1_62' title="bbox 2047 3133 3627 3205">
     <span class='ocr_line' id='line_1_62' title="bbox 2047 3133 3627 3205; baseline -0.001 -15"><span class='ocrx_word' id='word_1_439' title='bbox 2047 3146 2152 3199; x_wconf 88' lang='lat' dir='ltr'><strong>est,</strong></span> <span class='ocrx_word' id='word_1_440' title='bbox 2188 3135 2459 3190; x_wconf 85' lang='lat' dir='ltr'><strong>habebitis</strong></span> <span class='ocrx_word' id='word_1_441' title='bbox 2508 3135 2563 3187; x_wconf 94' lang='lat' dir='ltr'><strong>in</strong></span> <span class='ocrx_word' id='word_1_442' title='bbox 2609 3149 2738 3189; x_wconf 91' lang='lat' dir='ltr'><strong>usus</strong></span> <span class='ocrx_word' id='word_1_443' title='bbox 2784 3133 2984 3187; x_wconf 88' lang='lat' dir='ltr'><strong>varios.</strong></span> <span class='ocrx_word' id='word_1_444' title='bbox 3018 3133 3074 3187; x_wconf 90' lang='lat' dir='ltr'><strong>Si</strong></span> <span class='ocrx_word' id='word_1_445' title='bbox 3107 3133 3228 3203; x_wconf 91' lang='lat' dir='ltr'><strong>quis</strong></span> <span class='ocrx_word' id='word_1_446' title='bbox 3267 3134 3503 3204; x_wconf 84' lang='lat' dir='ltr'><strong>adipem,</strong></span> <span class='ocrx_word' id='word_1_447' title='bbox 3534 3137 3627 3205; x_wconf 88' lang='lat' dir='ltr'><strong>qui</strong></span> 
     </span>
    </p>
   </div>
   <div class='ocr_carea' id='block_1_63' title="bbox 361 3217 1944 3290">
    <p class='ocr_par' dir='ltr' id='par_1_63' title="bbox 361 3217 1944 3290">
     <span class='ocr_line' id='line_1_63' title="bbox 361 3217 1944 3290; baseline -0.003 -14"><span class='ocrx_word' id='word_1_448' title='bbox 361 3238 392 3276; x_wconf 85' lang='lat' dir='ltr'><strong>a</strong></span> <span class='ocrx_word' id='word_1_449' title='bbox 445 3221 552 3276; x_wconf 86' lang='lat' dir='ltr'><strong>Deo</strong></span> <span class='ocrx_word' id='word_1_450' title='bbox 608 3220 980 3290; x_wconf 86' lang='lat' dir='ltr'><strong>possidentur,</strong></span> <span class='ocrx_word' id='word_1_451' title='bbox 1021 3236 1130 3275; x_wconf 87' lang='lat' dir='ltr'><strong>non</strong></span> <span class='ocrx_word' id='word_1_452' title='bbox 1189 3221 1406 3275; x_wconf 87' lang='lat' dir='ltr'><strong>virtutis</strong></span> <span class='ocrx_word' id='word_1_453' title='bbox 1466 3218 1791 3282; x_wconf 87' lang='lat' dir='ltr'><strong>intentione,</strong></span> <span class='ocrx_word' id='word_1_454' title='bbox 1847 3217 1944 3272; x_wconf 93' lang='lat' dir='ltr'><strong>sed</strong></span> 
     </span>
    </p>
   </div>
   <div class='ocr_carea' id='block_1_64' title="bbox 363 3309 1946 3382">
    <p class='ocr_par' dir='ltr' id='par_1_64' title="bbox 363 3309 1946 3382">
     <span class='ocr_line' id='line_1_64' title="bbox 363 3309 1946 3382; baseline -0.001 -17"><span class='ocrx_word' id='word_1_455' title='bbox 363 3311 737 3366; x_wconf 82' lang='lat' dir='ltr'><strong>fraudulenter</strong></span> <span class='ocrx_word' id='word_1_456' title='bbox 764 3319 1079 3381; x_wconf 89' lang='lat' dir='ltr'><strong>operantur,</strong></span> <span class='ocrx_word' id='word_1_457' title='bbox 1096 3321 1328 3382; x_wconf 88' lang='lat' dir='ltr'><strong>pereunt</strong></span> <span class='ocrx_word' id='word_1_458' title='bbox 1355 3311 1423 3365; x_wconf 91' lang='lat' dir='ltr'><strong>de</strong></span> <span class='ocrx_word' id='word_1_459' title='bbox 1469 3309 1670 3380; x_wconf 86' lang='lat' dir='ltr'><strong>populo</strong></span> <span class='ocrx_word' id='word_1_460' title='bbox 1701 3324 1824 3373; x_wconf 91' lang='lat' dir='ltr'><strong>suo,</strong></span> <span class='ocrx_word' id='word_1_461' title='bbox 1886 3316 1946 3363; x_wconf 89' lang='lat' dir='ltr'><strong>ut</strong></span> 
     </span>
    </p>
   </div>
   <div class='ocr_carea' id='block_1_65' title="bbox 360 3400 1947 3474">
    <p class='ocr_par' dir='ltr' id='par_1_65' title="bbox 360 3400 1947 3474">
     <span class='ocr_line' id='line_1_65' title="bbox 360 3400 1947 3474; baseline -0.004 -15"><span class='ocrx_word' id='word_1_462' title='bbox 360 3418 472 3460; x_wconf 91' lang='lat' dir='ltr'><strong>non</strong></span> <span class='ocrx_word' id='word_1_463' title='bbox 497 3404 609 3474; x_wconf 87' lang='lat' dir='ltr'><strong>jam</strong></span> <span class='ocrx_word' id='word_1_464' title='bbox 645 3419 797 3467; x_wconf 89' lang='lat' dir='ltr'><strong>oves,</strong></span> <span class='ocrx_word' id='word_1_465' title='bbox 832 3404 925 3459; x_wconf 89' lang='lat' dir='ltr'><strong>sed</strong></span> <span class='ocrx_word' id='word_1_466' title='bbox 965 3403 1079 3474; x_wconf 89' lang='lat' dir='ltr'><strong>lupi</strong></span> <span class='ocrx_word' id='word_1_467' title='bbox 1133 3401 1487 3458; x_wconf 88' lang='lat' dir='ltr'><strong>nominentur</strong></span> <span class='ocrx_word' id='word_1_468' title='bbox 1510 3411 1567 3455; x_wconf 89' lang='lat' dir='ltr'><strong>et</strong></span> <span class='ocrx_word' id='word_1_469' title='bbox 1613 3412 1676 3456; x_wconf 92' lang='lat' dir='ltr'><strong>ut</strong></span> <span class='ocrx_word' id='word_1_470' title='bbox 1713 3400 1947 3456; x_wconf 89' lang='lat' dir='ltr'><strong>manife-</strong></span> 
     </span>
    </p>
   </div>
   <div class='ocr_carea' id='block_1_66' title="bbox 363 3493 1947 3567">
    <p class='ocr_par' dir='ltr' id='par_1_66' title="bbox 363 3493 1947 3567">
     <span class='ocr_line' id='line_1_66' title="bbox 363 3493 1947 3567; baseline -0.003 -16"><span class='ocrx_word' id='word_1_471' title='bbox 363 3507 506 3551; x_wconf 88' lang='lat' dir='ltr'><strong>stum</strong></span> <span class='ocrx_word' id='word_1_472' title='bbox 543 3497 634 3561; x_wconf 88' lang='lat' dir='ltr'><strong>sit,</strong></span> <span class='ocrx_word' id='word_1_473' title='bbox 654 3495 779 3565; x_wconf 88' lang='lat' dir='ltr'><strong>quia</strong></span> <span class='ocrx_word' id='word_1_474' title='bbox 805 3496 872 3550; x_wconf 90' lang='lat' dir='ltr'><strong>de</strong></span> <span class='ocrx_word' id='word_1_475' title='bbox 899 3511 1062 3567; x_wconf 82' lang='lat' dir='ltr'><strong>grege</strong></span> <span class='ocrx_word' id='word_1_476' title='bbox 1085 3495 1293 3565; x_wconf 77' lang='lat' dir='ltr'><strong>expulsi</strong></span> <span class='ocrx_word' id='word_1_477' title='bbox 1320 3504 1468 3549; x_wconf 87' lang='lat' dir='ltr'><strong>sunt.</strong></span> <span class='ocrx_word' id='word_1_478' title='bbox 1497 3493 1820 3563; x_wconf 79' lang='lat' dir='ltr'><strong>Quicunque</strong></span> <span class='ocrx_word' id='word_1_479' title='bbox 1849 3509 1947 3547; x_wconf 81' lang='lat' dir='ltr'><strong>au-</strong></span> 
     </span>
    </p>
   </div>
   <div class='ocr_carea' id='block_1_67' title="bbox 363 3585 1947 3660">
    <p class='ocr_par' dir='ltr' id='par_1_67' title="bbox 363 3585 1947 3660">
     <span class='ocr_line' id='line_1_67' title="bbox 363 3585 1947 3660; baseline -0.003 -16"><span class='ocrx_word' id='word_1_480' title='bbox 363 3598 474 3644; x_wconf 83' lang='lat' dir='ltr'><strong>tent</strong></span> <span class='ocrx_word' id='word_1_481' title='bbox 505 3599 654 3644; x_wconf 82' lang='lat' dir='ltr'><strong>extra</strong></span> <span class='ocrx_word' id='word_1_482' title='bbox 688 3605 903 3660; x_wconf 77' lang='lat' dir='ltr'><strong>gregem</strong></span> <span class='ocrx_word' id='word_1_483' title='bbox 954 3599 1058 3653; x_wconf 83' lang='lat' dir='ltr'><strong>est,</strong></span> <span class='ocrx_word' id='word_1_484' title='bbox 1085 3589 1175 3643; x_wconf 92' lang='lat' dir='ltr'><strong>hic</strong></span> <span class='ocrx_word' id='word_1_485' title='bbox 1209 3588 1260 3641; x_wconf 91' lang='lat' dir='ltr'><strong>in</strong></span> <span class='ocrx_word' id='word_1_486' title='bbox 1292 3595 1445 3657; x_wconf 86' lang='lat' dir='ltr'><strong>parte</strong></span> <span class='ocrx_word' id='word_1_487' title='bbox 1500 3587 1796 3642; x_wconf 88' lang='lat' dir='ltr'><strong>bestiarum</strong></span> <span class='ocrx_word' id='word_1_488' title='bbox 1847 3585 1947 3640; x_wconf 87' lang='lat' dir='ltr'><strong>de-</strong></span> 
     </span>
    </p>
   </div>
   <div class='ocr_carea' id='block_1_68' title="bbox 363 3678 1950 3752">
    <p class='ocr_par' dir='ltr' id='par_1_68' title="bbox 363 3678 1950 3752">
     <span class='ocr_line' id='line_1_68' title="bbox 363 3678 1950 3752; baseline -0.002 -17"><span class='ocrx_word' id='word_1_489' title='bbox 363 3690 626 3751; x_wconf 86' lang='lat' dir='ltr'><strong>putatur:</strong></span> <span class='ocrx_word' id='word_1_490' title='bbox 663 3681 729 3735; x_wconf 84' lang='lat' dir='ltr'><strong>Et</strong></span> <span class='ocrx_word' id='word_1_491' title='bbox 754 3683 844 3752; x_wconf 87' lang='lat' dir='ltr'><strong>qui</strong></span> <span class='ocrx_word' id='word_1_492' title='bbox 889 3683 1115 3752; x_wconf 87' lang='lat' dir='ltr'><strong>tetigerit</strong></span> <span class='ocrx_word' id='word_1_493' title='bbox 1158 3682 1558 3734; x_wconf 81' lang='lat' dir='ltr'><strong>immunditiam</strong></span> <span class='ocrx_word' id='word_1_494' title='bbox 1598 3680 1824 3733; x_wconf 77' lang='lat' dir='ltr'><strong>hominis</strong></span> <span class='ocrx_word' id='word_1_495' title='bbox 1870 3678 1950 3732; x_wconf 84' lang='lat' dir='ltr'><strong>uel</strong></span> 
     </span>
    </p>
   </div>
   <div class='ocr_carea' id='block_1_69' title="bbox 356 3770 1950 3842">
    <p class='ocr_par' dir='ltr' id='par_1_69' title="bbox 356 3770 1950 3842">
     <span class='ocr_line' id='line_1_69' title="bbox 356 3770 1950 3842; baseline 0 -19"><span class='ocrx_word' id='word_1_496' title='bbox 356 3770 608 3838; x_wconf 79' lang='lat' dir='ltr'><strong>jumenti,</strong></span> <span class='ocrx_word' id='word_1_497' title='bbox 641 3772 748 3824; x_wconf 79' lang='lat' dir='ltr'><strong>sive</strong></span> <span class='ocrx_word' id='word_1_498' title='bbox 775 3772 942 3824; x_wconf 83' lang='lat' dir='ltr'><strong>omnis</strong></span> <span class='ocrx_word' id='word_1_499' title='bbox 981 3772 1057 3826; x_wconf 86' lang='lat' dir='ltr'><strong>rei</strong></span> <span class='ocrx_word' id='word_1_500' title='bbox 1078 3787 1194 3842; x_wconf 74' lang='lat' dir='ltr'><strong>qua:</strong></span> <span class='ocrx_word' id='word_1_501' title='bbox 1223 3771 1458 3840; x_wconf 85' lang='lat' dir='ltr'><strong>polluere</strong></span> <span class='ocrx_word' id='word_1_502' title='bbox 1481 3780 1669 3839; x_wconf 82' lang='lat' dir='ltr'><strong>potest,</strong></span> <span class='ocrx_word' id='word_1_503' title='bbox 1697 3780 1746 3824; x_wconf 90' lang='lat' dir='ltr'><strong>et</strong></span> <span class='ocrx_word' id='word_1_504' title='bbox 1779 3787 1950 3823; x_wconf 88' lang='lat' dir='ltr'><strong>come-</strong></span> 
     </span>
    </p>
   </div>
   <div class='ocr_carea' id='block_1_70' title="bbox 361 3861 1949 3930">
    <p class='ocr_par' dir='ltr' id='par_1_70' title="bbox 361 3861 1949 3930">
     <span class='ocr_line' id='line_1_70' title="bbox 361 3861 1949 3930; baseline -0.001 -14"><span class='ocrx_word' id='word_1_505' title='bbox 361 3863 497 3916; x_wconf 79' lang='lat' dir='ltr'><strong>derit</strong></span> <span class='ocrx_word' id='word_1_506' title='bbox 535 3862 598 3914; x_wconf 87' lang='lat' dir='ltr'><strong>de</strong></span> <span class='ocrx_word' id='word_1_507' title='bbox 649 3861 1010 3930; x_wconf 82' lang='lat' dir='ltr'><strong>hujuscemodi</strong></span> <span class='ocrx_word' id='word_1_508' title='bbox 1055 3863 1320 3927; x_wconf 80' lang='lat' dir='ltr'><strong>carnibus,</strong></span> <span class='ocrx_word' id='word_1_509' title='bbox 1361 3862 1595 3915; x_wconf 79' lang='lat' dir='ltr'><strong>interibit</strong></span> <span class='ocrx_word' id='word_1_510' title='bbox 1635 3862 1700 3914; x_wconf 87' lang='lat' dir='ltr'><strong>de</strong></span> <span class='ocrx_word' id='word_1_511' title='bbox 1745 3861 1949 3930; x_wconf 79' lang='lat' dir='ltr'><strong>populis</strong></span> 
     </span>
    </p>
   </div>
   <div class='ocr_carea' id='block_1_71' title="bbox 361 3954 1952 4025">
    <p class='ocr_par' dir='ltr' id='par_1_71' title="bbox 361 3954 1952 4025">
     <span class='ocr_line' id='line_1_71' title="bbox 361 3954 1952 4025; baseline -0.001 -16"><span class='ocrx_word' id='word_1_512' title='bbox 361 3957 490 4010; x_wconf 79' lang='lat' dir='ltr'><strong>suis.</strong></span> <span class='ocrx_word' id='word_1_513' title='bbox 544 3954 667 4009; x_wconf 88' lang='lat' dir='ltr'><strong>Non</strong></span> <span class='ocrx_word' id='word_1_514' title='bbox 711 3970 842 4025; x_wconf 85' lang='lat' dir='ltr'><strong>ergo</strong></span> <span class='ocrx_word' id='word_1_515' title='bbox 894 3955 1196 4024; x_wconf 88' lang='lat' dir='ltr'><strong>quemlibet</strong></span> <span class='ocrx_word' id='word_1_516' title='bbox 1234 3955 1385 4008; x_wconf 90' lang='lat' dir='ltr'><strong>illum</strong></span> <span class='ocrx_word' id='word_1_517' title='bbox 1429 3954 1775 4010; x_wconf 91' lang='lat' dir='ltr'><strong>solummodo</strong></span> <span class='ocrx_word' id='word_1_518' title='bbox 1810 3954 1952 4008; x_wconf 88' lang='lat' dir='ltr'><strong>mala</strong></span> 
     </span>
    </p>
   </div>
   <div class='ocr_carea' id='block_1_72' title="bbox 364 4047 1949 4102">
    <p class='ocr_par' dir='ltr' id='par_1_72' title="bbox 364 4047 1949 4102">
     <span class='ocr_line' id='line_1_72' title="bbox 364 4047 1949 4102; baseline -0.001 0"><span class='ocrx_word' id='word_1_519' title='bbox 364 4047 631 4102; x_wconf 85' lang='lat' dir='ltr'><strong>mundum</strong></span> <span class='ocrx_word' id='word_1_520' title='bbox 683 4062 805 4102; x_wconf 82' lang='lat' dir='ltr'><strong>esse</strong></span> <span class='ocrx_word' id='word_1_521' title='bbox 848 4056 905 4102; x_wconf 90' lang='lat' dir='ltr'><strong>et</strong></span> <span class='ocrx_word' id='word_1_522' title='bbox 951 4063 1140 4102; x_wconf 91' lang='lat' dir='ltr'><strong>carere</strong></span> <span class='ocrx_word' id='word_1_523' title='bbox 1175 4048 1288 4101; x_wconf 90' lang='lat' dir='ltr'><strong>vult</strong></span> <span class='ocrx_word' id='word_1_524' title='bbox 1321 4047 1540 4101; x_wconf 91' lang='lat' dir='ltr'><strong>actione</strong></span> <span class='ocrx_word' id='word_1_525' title='bbox 1569 4047 1612 4102; x_wconf 92' lang='lat' dir='ltr'><strong>si</strong></span> <span class='ocrx_word' id='word_1_526' title='bbox 1657 4047 1949 4100; x_wconf 87' lang='lat' dir='ltr'><strong>salutarem</strong></span> 
     </span>
    </p>
   </div>
   <div class='ocr_carea' id='block_1_73' title="bbox 365 4135 1952 4209">
    <p class='ocr_par' dir='ltr' id='par_1_73' title="bbox 365 4135 1952 4209">
     <span class='ocr_line' id='line_1_73' title="bbox 365 4135 1952 4209; baseline -0.003 -16"><span class='ocrx_word' id='word_1_527' title='bbox 365 4139 480 4193; x_wconf 83' lang='lat' dir='ltr'><strong>sive</strong></span> <span class='ocrx_word' id='word_1_528' title='bbox 507 4138 792 4209; x_wconf 76' lang='lat' dir='ltr'><strong>paciﬁcum</strong></span> <span class='ocrx_word' id='word_1_529' title='bbox 815 4149 1074 4207; x_wconf 86' lang='lat' dir='ltr'><strong>operatur</strong></span> <span class='ocrx_word' id='word_1_530' title='bbox 1104 4136 1362 4200; x_wconf 87' lang='lat' dir='ltr'><strong>hostiam,</strong></span> <span class='ocrx_word' id='word_1_531' title='bbox 1390 4144 1446 4189; x_wconf 87' lang='lat' dir='ltr'><strong>et</strong></span> <span class='ocrx_word' id='word_1_532' title='bbox 1483 4135 1636 4205; x_wconf 92' lang='lat' dir='ltr'><strong>cupit</strong></span> <span class='ocrx_word' id='word_1_533' title='bbox 1665 4136 1784 4204; x_wconf 83' lang='lat' dir='ltr'><strong>ejus</strong></span> <span class='ocrx_word' id='word_1_534' title='bbox 1831 4149 1952 4189; x_wconf 90' lang='lat' dir='ltr'><strong>esse</strong></span> 
     </span>
    </p>
   </div>
   <div class='ocr_carea' id='block_1_74' title="bbox 366 4227 1952 4300">
    <p class='ocr_par' dir='ltr' id='par_1_74' title="bbox 366 4227 1952 4300">
     <span class='ocr_line' id='line_1_74' title="bbox 366 4227 1952 4300; baseline -0.001 -18"><span class='ocrx_word' id='word_1_535' title='bbox 366 4230 664 4300; x_wconf 87' lang='lat' dir='ltr'><strong>particeps,</strong></span> <span class='ocrx_word' id='word_1_536' title='bbox 681 4230 778 4284; x_wconf 89' lang='lat' dir='ltr'><strong>sed</strong></span> <span class='ocrx_word' id='word_1_537' title='bbox 803 4237 863 4284; x_wconf 87' lang='lat' dir='ltr'><strong>ut</strong></span> <span class='ocrx_word' id='word_1_538' title='bbox 886 4229 1050 4284; x_wconf 86' lang='lat' dir='ltr'><strong>etiam</strong></span> <span class='ocrx_word' id='word_1_539' title='bbox 1075 4228 1144 4283; x_wconf 89' lang='lat' dir='ltr'><strong>ab</strong></span> <span class='ocrx_word' id='word_1_540' title='bbox 1169 4227 1395 4282; x_wconf 89' lang='lat' dir='ltr'><strong>alterius</strong></span> <span class='ocrx_word' id='word_1_541' title='bbox 1422 4227 1548 4281; x_wconf 88' lang='lat' dir='ltr'><strong>mali</strong></span> <span class='ocrx_word' id='word_1_542' title='bbox 1566 4227 1952 4296; x_wconf 89' lang='lat' dir='ltr'><strong>conjunctione</strong></span> 
     </span>
    </p>
   </div>
   <div class='ocr_carea' id='block_1_75' title="bbox 367 4317 1950 4391">
    <p class='ocr_par' dir='ltr' id='par_1_75' title="bbox 367 4317 1950 4391">
     <span class='ocr_line' id='line_1_75' title="bbox 367 4317 1950 4391; baseline -0.001 -18"><span class='ocrx_word' id='word_1_543' title='bbox 367 4318 661 4384; x_wconf 86' lang='lat' dir='ltr'><strong>abstineat,</strong></span> <span class='ocrx_word' id='word_1_544' title='bbox 691 4319 806 4374; x_wconf 89' lang='lat' dir='ltr'><strong>sive</strong></span> <span class='ocrx_word' id='word_1_545' title='bbox 844 4319 1204 4391; x_wconf 75' lang='lat' dir='ltr'><strong>cogitationes</strong></span> <span class='ocrx_word' id='word_1_546' title='bbox 1251 4318 1370 4388; x_wconf 93' lang='lat' dir='ltr'><strong>ejus</strong></span> <span class='ocrx_word' id='word_1_547' title='bbox 1423 4319 1537 4373; x_wconf 89' lang='lat' dir='ltr'><strong>sive</strong></span> <span class='ocrx_word' id='word_1_548' title='bbox 1587 4334 1753 4388; x_wconf 88' lang='lat' dir='ltr'><strong>opera</strong></span> <span class='ocrx_word' id='word_1_549' title='bbox 1810 4317 1950 4372; x_wconf 89' lang='lat' dir='ltr'><strong>mala</strong></span> 
     </span>
    </p>
   </div>
   <div class='ocr_carea' id='block_1_76' title="bbox 367 4395 1953 4476">
    <p class='ocr_par' dir='ltr' id='par_1_76' title="bbox 367 4395 1953 4476">
     <span class='ocr_line' id='line_1_76' title="bbox 367 4395 1953 4476; baseline -0.003 -11"><span class='ocrx_word' id='word_1_550' title='bbox 367 4413 497 4465; x_wconf 86' lang='lat' dir='ltr'><strong>sint.</strong></span> <span class='ocrx_word' id='word_1_551' title='bbox 551 4409 689 4476; x_wconf 82' lang='lat' dir='ltr'><strong>Quia</strong></span> <span class='ocrx_word' id='word_1_552' title='bbox 753 4409 899 4464; x_wconf 85' lang='lat' dir='ltr'><strong>enim</strong></span> <span class='ocrx_word' id='word_1_553' title='bbox 972 4408 1254 4463; x_wconf 90' lang='lat' dir='ltr'><strong>rationalis</strong></span> <span class='ocrx_word' id='word_1_554' title='bbox 1303 4417 1359 4462; x_wconf 88' lang='lat' dir='ltr'><strong>et</strong></span> <span class='ocrx_word' id='word_1_555' title='bbox 1423 4395 1808 4462; x_wconf 84' lang='lat' dir='ltr'><strong>intellectualis</strong></span> <span class='ocrx_word' id='word_1_556' title='bbox 1870 4415 1953 4460; x_wconf 85' lang='lat' dir='ltr'><strong>est</strong></span> 
     </span>
    </p>
   </div>
   <div class='ocr_carea' id='block_1_77' title="bbox 2046 3227 3630 3298">
    <p class='ocr_par' dir='ltr' id='par_1_77' title="bbox 2046 3227 3630 3298">
     <span class='ocr_line' id='line_1_77' title="bbox 2046 3227 3630 3298; baseline -0.002 -13"><span class='ocrx_word' id='word_1_557' title='bbox 2046 3230 2230 3285; x_wconf 73' lang='lat' dir='ltr'><strong>offerri</strong></span> <span class='ocrx_word' id='word_1_558' title='bbox 2264 3229 2425 3284; x_wconf 88' lang='lat' dir='ltr'><strong>debet</strong></span> <span class='ocrx_word' id='word_1_559' title='bbox 2461 3228 2513 3281; x_wconf 93' lang='lat' dir='ltr'><strong>in</strong></span> <span class='ocrx_word' id='word_1_560' title='bbox 2547 3228 2828 3282; x_wconf 91' lang='lat' dir='ltr'><strong>incensum</strong></span> <span class='ocrx_word' id='word_1_561' title='bbox 2860 3227 3096 3293; x_wconf 89' lang='lat' dir='ltr'><strong>Domini,</strong></span> <span class='ocrx_word' id='word_1_562' title='bbox 3133 3228 3456 3294; x_wconf 88' lang='lat' dir='ltr'><strong>comederit,</strong></span> <span class='ocrx_word' id='word_1_563' title='bbox 3505 3243 3630 3298; x_wconf 78' lang='lat' dir='ltr'><strong>per-</strong></span> 
     </span>
    </p>
   </div>
   <div class='ocr_carea' id='block_1_78' title="bbox 2048 3321 2668 3391">
    <p class='ocr_par' dir='ltr' id='par_1_78' title="bbox 2048 3321 2668 3391">
     <span class='ocr_line' id='line_1_78' title="bbox 2048 3321 2668 3391; baseline -0.006 -15"><span class='ocrx_word' id='word_1_564' title='bbox 2048 3321 2148 3376; x_wconf 90' lang='lat' dir='ltr'><strong>ibit</strong></span> <span class='ocrx_word' id='word_1_565' title='bbox 2174 3322 2240 3376; x_wconf 90' lang='lat' dir='ltr'><strong>de</strong></span> <span class='ocrx_word' id='word_1_566' title='bbox 2270 3321 2470 3391; x_wconf 87' lang='lat' dir='ltr'><strong>populo</strong></span> <span class='ocrx_word' id='word_1_567' title='bbox 2497 3335 2616 3374; x_wconf 89' lang='lat' dir='ltr'><strong>suo.</strong></span> <span class='ocrx_word' id='word_1_568' title='bbox 2648 3336 2668 3371; x_wconf 71' lang='grc' dir='ltr'><strong><em>ι</em></strong></span> 
     </span>
    </p>
   </div>
   <div class='ocr_carea' id='block_1_79' title="bbox 2120 3409 3634 3483">
    <p class='ocr_par' dir='ltr' id='par_1_79' title="bbox 2120 3409 3634 3483">
     <span class='ocr_line' id='line_1_79' title="bbox 2120 3409 3634 3483; baseline -0.001 -17"><span class='ocrx_word' id='word_1_569' title='bbox 2120 3411 2451 3468; x_wconf 78' lang='lat' dir='ltr'><strong>Admiranda</strong></span> <span class='ocrx_word' id='word_1_570' title='bbox 2491 3419 2576 3466; x_wconf 83' lang='lat' dir='ltr'><strong>est</strong></span> <span class='ocrx_word' id='word_1_571' title='bbox 2609 3410 2939 3483; x_wconf 82' lang='lat' dir='ltr'><strong>legislatoris</strong></span> <span class='ocrx_word' id='word_1_572' title='bbox 2969 3417 3234 3480; x_wconf 79' lang='lat' dir='ltr'><strong>sapientia</strong></span> <span class='ocrx_word' id='word_1_573' title='bbox 3273 3409 3634 3480; x_wconf 78' lang='lat' dir='ltr'><strong>quemadmo-</strong></span> 
     </span>
    </p>
   </div>
   <div class='ocr_carea' id='block_1_80' title="bbox 2049 3501 3634 3574">
    <p class='ocr_par' dir='ltr' id='par_1_80' title="bbox 2049 3501 3634 3574">
     <span class='ocr_line' id='line_1_80' title="bbox 2049 3501 3634 3574; baseline -0.004 -14"><span class='ocrx_word' id='word_1_574' title='bbox 2049 3505 2179 3560; x_wconf 90' lang='lat' dir='ltr'><strong>dum</strong></span> <span class='ocrx_word' id='word_1_575' title='bbox 2205 3519 2303 3574; x_wconf 90' lang='lat' dir='ltr'><strong>per</strong></span> <span class='ocrx_word' id='word_1_576' title='bbox 2323 3503 2611 3574; x_wconf 78' lang='lat' dir='ltr'><strong>:enigmata</strong></span> <span class='ocrx_word' id='word_1_577' title='bbox 2639 3511 2694 3556; x_wconf 89' lang='lat' dir='ltr'><strong>et</strong></span> <span class='ocrx_word' id='word_1_578' title='bbox 2724 3501 3010 3571; x_wconf 80' lang='lat' dir='ltr'><strong>parabolas</strong></span> <span class='ocrx_word' id='word_1_579' title='bbox 3038 3501 3347 3555; x_wconf 88' lang='lat' dir='ltr'><strong>introducat</strong></span> <span class='ocrx_word' id='word_1_580' title='bbox 3369 3501 3634 3570; x_wconf 80' lang='lat' dir='ltr'><strong>subjectis</strong></span> 
     </span>
    </p>
   </div>
   <div class='ocr_carea' id='block_1_81' title="bbox 2050 3593 3631 3662">
    <p class='ocr_par' dir='ltr' id='par_1_81' title="bbox 2050 3593 3631 3662">
     <span class='ocr_line' id='line_1_81' title="bbox 2050 3593 3631 3662; baseline -0.006 -10"><span class='ocrx_word' id='word_1_581' title='bbox 2050 3597 2228 3658; x_wconf 90' lang='lat' dir='ltr'><strong>utilia,</strong></span> <span class='ocrx_word' id='word_1_582' title='bbox 2261 3605 2420 3650; x_wconf 90' lang='lat' dir='ltr'><strong>caute</strong></span> <span class='ocrx_word' id='word_1_583' title='bbox 2465 3593 2706 3648; x_wconf 90' lang='lat' dir='ltr'><strong>mandati</strong></span> <span class='ocrx_word' id='word_1_584' title='bbox 2759 3593 3105 3662; x_wconf 84' lang='lat' dir='ltr'><strong>margaritam</strong></span> <span class='ocrx_word' id='word_1_585' title='bbox 3163 3593 3316 3661; x_wconf 89' lang='lat' dir='ltr'><strong>quasi</strong></span> <span class='ocrx_word' id='word_1_586' title='bbox 3352 3593 3404 3646; x_wconf 91' lang='lat' dir='ltr'><strong>in</strong></span> <span class='ocrx_word' id='word_1_587' title='bbox 3447 3608 3631 3660; x_wconf 87' lang='lat' dir='ltr'><strong>peram</strong></span> 
     </span>
    </p>
   </div>
   <div class='ocr_carea' id='block_1_82' title="bbox 2051 3683 3634 3756">
    <p class='ocr_par' dir='ltr' id='par_1_82' title="bbox 2051 3683 3634 3756">
     <span class='ocr_line' id='line_1_82' title="bbox 2051 3683 3634 3756; baseline -0.003 -15"><span class='ocrx_word' id='word_1_588' title='bbox 2051 3701 2388 3756; x_wconf 87' lang='lat' dir='ltr'><strong>componens</strong></span> <span class='ocrx_word' id='word_1_589' title='bbox 2459 3684 2670 3738; x_wconf 64' lang='lat' dir='ltr'><strong>litterae.</strong></span> <span class='ocrx_word' id='word_1_590' title='bbox 2748 3683 3116 3747; x_wconf 83' lang='lat' dir='ltr'><strong>Quamobrem</strong></span> <span class='ocrx_word' id='word_1_591' title='bbox 3197 3683 3344 3735; x_wconf 90' lang='lat' dir='ltr'><strong>enim</strong></span> <span class='ocrx_word' id='word_1_592' title='bbox 3419 3683 3634 3751; x_wconf 75' lang='lat' dir='ltr'><strong>adipem</strong></span> 
     </span>
    </p>
   </div>
   <div class='ocr_carea' id='block_1_83' title="bbox 2051 3774 3635 3842">
    <p class='ocr_par' dir='ltr' id='par_1_83' title="bbox 2051 3774 3635 3842">
     <span class='ocr_line' id='line_1_83' title="bbox 2051 3774 3635 3842; baseline -0.003 -10"><span class='ocrx_word' id='word_1_593' title='bbox 2051 3779 2238 3842; x_wconf 88' lang='lat' dir='ltr'><strong>boum,</strong></span> <span class='ocrx_word' id='word_1_594' title='bbox 2276 3785 2331 3830; x_wconf 92' lang='lat' dir='ltr'><strong>et</strong></span> <span class='ocrx_word' id='word_1_595' title='bbox 2380 3774 2585 3836; x_wconf 89' lang='lat' dir='ltr'><strong>ovium,</strong></span> <span class='ocrx_word' id='word_1_596' title='bbox 2617 3782 2671 3828; x_wconf 90' lang='lat' dir='ltr'><strong>et</strong></span> <span class='ocrx_word' id='word_1_597' title='bbox 2718 3788 3004 3842; x_wconf 86' lang='lat' dir='ltr'><strong>caprarum</strong></span> <span class='ocrx_word' id='word_1_598' title='bbox 3043 3775 3259 3827; x_wconf 90' lang='lat' dir='ltr'><strong>comedi</strong></span> <span class='ocrx_word' id='word_1_599' title='bbox 3293 3789 3400 3827; x_wconf 93' lang='lat' dir='ltr'><strong>non</strong></span> <span class='ocrx_word' id='word_1_600' title='bbox 3431 3789 3635 3841; x_wconf 81' lang='lat' dir='ltr'><strong>pra-cc—</strong></span> 
     </span>
    </p>
   </div>
   <div class='ocr_carea' id='block_1_84' title="bbox 2051 3863 3634 3939">
    <p class='ocr_par' dir='ltr' id='par_1_84' title="bbox 2051 3863 3634 3939">
     <span class='ocr_line' id='line_1_84' title="bbox 2051 3863 3634 3939; baseline -0.002 -18"><span class='ocrx_word' id='word_1_601' title='bbox 2051 3869 2177 3939; x_wconf 88' lang='lat' dir='ltr'><strong>pit:</strong></span> <span class='ocrx_word' id='word_1_602' title='bbox 2219 3881 2562 3936; x_wconf 90' lang='lat' dir='ltr'><strong>quorumque</strong></span> <span class='ocrx_word' id='word_1_603' title='bbox 2603 3878 2800 3917; x_wconf 88' lang='lat' dir='ltr'><strong>carnes</strong></span> <span class='ocrx_word' id='word_1_604' title='bbox 2852 3863 3085 3917; x_wconf 85' lang='lat' dir='ltr'><strong>mundas</strong></span> <span class='ocrx_word' id='word_1_605' title='bbox 3131 3872 3184 3917; x_wconf 86' lang='lat' dir='ltr'><strong>et</strong></span> <span class='ocrx_word' id='word_1_606' title='bbox 3237 3863 3455 3918; x_wconf 89' lang='lat' dir='ltr'><strong>esibiles</strong></span> <span class='ocrx_word' id='word_1_607' title='bbox 3502 3865 3634 3918; x_wconf 76' lang='lat' dir='ltr'><strong>dixit</strong></span> 
     </span>
    </p>
   </div>
   <div class='ocr_carea' id='block_1_85' title="bbox 2052 3951 3634 4021">
    <p class='ocr_par' dir='ltr' id='par_1_85' title="bbox 2052 3951 3634 4021">
     <span class='ocr_line' id='line_1_85' title="bbox 2052 3951 3634 4021; baseline -0.003 -9"><span class='ocrx_word' id='word_1_608' title='bbox 2052 3971 2245 4012; x_wconf 89' lang='lat' dir='ltr'><strong>eorum</strong></span> <span class='ocrx_word' id='word_1_609' title='bbox 2288 3954 2499 4010; x_wconf 90' lang='lat' dir='ltr'><strong>comedi</strong></span> <span class='ocrx_word' id='word_1_610' title='bbox 2530 3953 2744 4021; x_wconf 87' lang='lat' dir='ltr'><strong>adipem</strong></span> <span class='ocrx_word' id='word_1_611' title='bbox 2786 3952 2976 4014; x_wconf 90' lang='lat' dir='ltr'><strong>vetuit,</strong></span> <span class='ocrx_word' id='word_1_612' title='bbox 3004 3967 3105 4006; x_wconf 82' lang='lat' dir='ltr'><strong>nec</strong></span> <span class='ocrx_word' id='word_1_613' title='bbox 3150 3953 3269 4019; x_wconf 88' lang='lat' dir='ltr'><strong>ejus</strong></span> <span class='ocrx_word' id='word_1_614' title='bbox 3305 3951 3397 4021; x_wconf 90' lang='lat' dir='ltr'><strong>qui</strong></span> <span class='ocrx_word' id='word_1_615' title='bbox 3442 3967 3634 4020; x_wconf 82' lang='lat' dir='ltr'><strong>opera-</strong></span> 
     </span>
    </p>
   </div>
   <div class='ocr_carea' id='block_1_86' title="bbox 2053 4043 3632 4115">
    <p class='ocr_par' dir='ltr' id='par_1_86' title="bbox 2053 4043 3632 4115">
     <span class='ocr_line' id='line_1_86' title="bbox 2053 4043 3632 4115; baseline -0.004 -11"><span class='ocrx_word' id='word_1_616' title='bbox 2053 4059 2145 4105; x_wconf 87' lang='lat' dir='ltr'><strong>tur</strong></span> <span class='ocrx_word' id='word_1_617' title='bbox 2175 4048 2516 4110; x_wconf 87' lang='lat' dir='ltr'><strong>mandatum,</strong></span> <span class='ocrx_word' id='word_1_618' title='bbox 2540 4043 2998 4115; x_wconf 87' lang='lat' dir='ltr'><strong>quemadmodum</strong></span> <span class='ocrx_word' id='word_1_619' title='bbox 3030 4052 3111 4098; x_wconf 88' lang='lat' dir='ltr'><strong>est</strong></span> <span class='ocrx_word' id='word_1_620' title='bbox 3142 4044 3262 4108; x_wconf 83' lang='lat' dir='ltr'><strong>bos,</strong></span> <span class='ocrx_word' id='word_1_621' title='bbox 3293 4059 3395 4097; x_wconf 90' lang='lat' dir='ltr'><strong>nec</strong></span> <span class='ocrx_word' id='word_1_622' title='bbox 3424 4045 3632 4114; x_wconf 85' lang='lat' dir='ltr'><strong>simpli-</strong></span> 
     </span>
    </p>
   </div>
   <div class='ocr_carea' id='block_1_87' title="bbox 2053 4137 3637 4212">
    <p class='ocr_par' dir='ltr' id='par_1_87' title="bbox 2053 4137 3637 4212">
     <span class='ocr_line' id='line_1_87' title="bbox 2053 4137 3637 4212; baseline -0.004 -14"><span class='ocrx_word' id='word_1_623' title='bbox 2053 4145 2153 4208; x_wconf 91' lang='lat' dir='ltr'><strong>cis,</strong></span> <span class='ocrx_word' id='word_1_624' title='bbox 2175 4143 2268 4212; x_wconf 85' lang='lat' dir='ltr'><strong>qui</strong></span> <span class='ocrx_word' id='word_1_625' title='bbox 2300 4152 2381 4196; x_wconf 88' lang='lat' dir='ltr'><strong>est</strong></span> <span class='ocrx_word' id='word_1_626' title='bbox 2403 4141 2543 4206; x_wconf 90' lang='lat' dir='ltr'><strong>ovis,</strong></span> <span class='ocrx_word' id='word_1_627' title='bbox 2581 4154 2684 4194; x_wconf 90' lang='lat' dir='ltr'><strong>nec</strong></span> <span class='ocrx_word' id='word_1_628' title='bbox 2717 4153 2908 4192; x_wconf 91' lang='lat' dir='ltr'><strong>eorum</strong></span> <span class='ocrx_word' id='word_1_629' title='bbox 2939 4137 3030 4208; x_wconf 80' lang='lat' dir='ltr'><strong>qui</strong></span> <span class='ocrx_word' id='word_1_630' title='bbox 3059 4153 3160 4207; x_wconf 89' lang='lat' dir='ltr'><strong>pro</strong></span> <span class='ocrx_word' id='word_1_631' title='bbox 3191 4138 3428 4206; x_wconf 84' lang='lat' dir='ltr'><strong>peccatis</strong></span> <span class='ocrx_word' id='word_1_632' title='bbox 3457 4140 3637 4207; x_wconf 78' lang='lat' dir='ltr'><strong>pumi-</strong></span> 
     </span>
    </p>
   </div>
   <div class='ocr_carea' id='block_1_88' title="bbox 2055 4227 3636 4303">
    <p class='ocr_par' dir='ltr' id='par_1_88' title="bbox 2055 4227 3636 4303">
     <span class='ocr_line' id='line_1_88' title="bbox 2055 4227 3636 4303; baseline -0.004 -13"><span class='ocrx_word' id='word_1_633' title='bbox 2055 4235 2284 4291; x_wconf 89' lang='lat' dir='ltr'><strong>tentiam</strong></span> <span class='ocrx_word' id='word_1_634' title='bbox 2317 4239 2505 4303; x_wconf 84' lang='lat' dir='ltr'><strong>agunt,</strong></span> <span class='ocrx_word' id='word_1_635' title='bbox 2541 4247 2638 4301; x_wconf 88' lang='lat' dir='ltr'><strong>per</strong></span> <span class='ocrx_word' id='word_1_636' title='bbox 2672 4245 2893 4299; x_wconf 84' lang='lat' dir='ltr'><strong>capram</strong></span> <span class='ocrx_word' id='word_1_637' title='bbox 2928 4230 3128 4298; x_wconf 89' lang='lat' dir='ltr'><strong>quippe</strong></span> <span class='ocrx_word' id='word_1_638' title='bbox 3170 4227 3547 4298; x_wconf 83' lang='lat' dir='ltr'><strong>signiﬁcantur</strong></span> <span class='ocrx_word' id='word_1_639' title='bbox 3571 4245 3636 4284; x_wconf 86' lang='lat' dir='ltr'><strong>ea</strong></span> 
     </span>
    </p>
   </div>
   <div class='ocr_carea' id='block_1_89' title="bbox 2054 4321 3635 4398">
    <p class='ocr_par' dir='ltr' id='par_1_89' title="bbox 2054 4321 3635 4398">
     <span class='ocr_line' id='line_1_89' title="bbox 2054 4321 3635 4398; baseline -0.003 -18"><span class='ocrx_word' id='word_1_640' title='bbox 2054 4342 2175 4398; x_wconf 65' lang='lat' dir='ltr'><strong>quae</strong></span> <span class='ocrx_word' id='word_1_641' title='bbox 2202 4341 2299 4396; x_wconf 91' lang='lat' dir='ltr'><strong>pro</strong></span> <span class='ocrx_word' id='word_1_642' title='bbox 2332 4323 2572 4394; x_wconf 82' lang='lat' dir='ltr'><strong>peccatis</strong></span> <span class='ocrx_word' id='word_1_643' title='bbox 2603 4331 2732 4376; x_wconf 85' lang='lat' dir='ltr'><strong>sunt</strong></span> <span class='ocrx_word' id='word_1_644' title='bbox 2761 4321 3048 4384; x_wconf 88' lang='lat' dir='ltr'><strong>sacriﬁcia,</strong></span> <span class='ocrx_word' id='word_1_645' title='bbox 3082 4336 3205 4375; x_wconf 89' lang='lat' dir='ltr'><strong>cum</strong></span> <span class='ocrx_word' id='word_1_646' title='bbox 3239 4335 3457 4389; x_wconf 87' lang='lat' dir='ltr'><strong>capram</strong></span> <span class='ocrx_word' id='word_1_647' title='bbox 3491 4338 3635 4390; x_wconf 82' lang='lat' dir='ltr'><strong>prae-</strong></span> 
     </span>
    </p>
   </div>
   <div class='ocr_carea' id='block_1_90' title="bbox 2056 4412 3634 4490">
    <p class='ocr_par' dir='ltr' id='par_1_90' title="bbox 2056 4412 3634 4490">
     <span class='ocr_line' id='line_1_90' title="bbox 2056 4412 3634 4490; baseline -0.004 -17"><span class='ocrx_word' id='word_1_648' title='bbox 2056 4419 2264 4490; x_wconf 87' lang='lat' dir='ltr'><strong>ceperit</strong></span> <span class='ocrx_word' id='word_1_649' title='bbox 2308 4418 2364 4471; x_wconf 91' lang='lat' dir='ltr'><strong>in</strong></span> <span class='ocrx_word' id='word_1_650' title='bbox 2415 4416 2500 4472; x_wconf 89' lang='lat' dir='ltr'><strong>his</strong></span> <span class='ocrx_word' id='word_1_651' title='bbox 2545 4422 2641 4469; x_wconf 90' lang='lat' dir='ltr'><strong>aut</strong></span> <span class='ocrx_word' id='word_1_652' title='bbox 2687 4413 2903 4466; x_wconf 89' lang='lat' dir='ltr'><strong>hircum</strong></span> <span class='ocrx_word' id='word_1_653' title='bbox 2963 4412 3253 4477; x_wconf 89' lang='lat' dir='ltr'><strong>immolari,</strong></span> <span class='ocrx_word' id='word_1_654' title='bbox 3298 4428 3400 4465; x_wconf 85' lang='lat' dir='ltr'><strong>nec</strong></span> <span class='ocrx_word' id='word_1_655' title='bbox 3439 4414 3634 4467; x_wconf 90' lang='lat' dir='ltr'><strong>horum</strong></span> 
     </span>
    </p>
   </div>
   <div class='ocr_carea' id='block_1_91' title="bbox 369 4490 1941 4582">
    <p class='ocr_par' dir='ltr' id='par_1_91' title="bbox 369 4500 1941 4570">
     <span class='ocr_line' id='line_1_91' title="bbox 369 4500 1941 4570; baseline -0.001 -14"><span class='ocrx_word' id='word_1_656' title='bbox 369 4502 556 4568; x_wconf 90' lang='lat' dir='ltr'><strong>homo,</strong></span> <span class='ocrx_word' id='word_1_657' title='bbox 585 4509 736 4557; x_wconf 86' lang='lat' dir='ltr'><strong>recte</strong></span> <span class='ocrx_word' id='word_1_658' title='bbox 764 4502 1168 4558; x_wconf 88' lang='lat' dir='ltr'><strong>immunditiam</strong></span> <span class='ocrx_word' id='word_1_659' title='bbox 1201 4500 1464 4564; x_wconf 90' lang='lat' dir='ltr'><strong>hominis,</strong></span> <span class='ocrx_word' id='word_1_660' title='bbox 1523 4515 1644 4554; x_wconf 90' lang='lat' dir='ltr'><strong>eam</strong></span> <span class='ocrx_word' id='word_1_661' title='bbox 1700 4515 1823 4570; x_wconf 71' lang='lat' dir='ltr'><strong>quae</strong></span> <span class='ocrx_word' id='word_1_662' title='bbox 1867 4508 1941 4554; x_wconf 87' lang='lat' dir='ltr'><strong>est</strong></span> 
     </span>
    </p>
   </div>
   <div class='ocr_carea' id='block_1_92' title="bbox 2046 4490 3633 4582">
    <p class='ocr_par' dir='ltr' id='par_1_92' title="bbox 2053 4503 3633 4582">
     <span class='ocr_line' id='line_1_92' title="bbox 2053 4503 3633 4582; baseline -0.004 -17"><span class='ocrx_word' id='word_1_663' title='bbox 2053 4526 2183 4582; x_wconf 83' lang='lat' dir='ltr'><strong>ergo</strong></span> <span class='ocrx_word' id='word_1_664' title='bbox 2210 4508 2463 4564; x_wconf 90' lang='lat' dir='ltr'><strong>concedit</strong></span> <span class='ocrx_word' id='word_1_665' title='bbox 2489 4515 2548 4562; x_wconf 89' lang='lat' dir='ltr'><strong>ut</strong></span> <span class='ocrx_word' id='word_1_666' title='bbox 2577 4504 2914 4561; x_wconf 83' lang='lat' dir='ltr'><strong>desiderium</strong></span> <span class='ocrx_word' id='word_1_667' title='bbox 2940 4503 3331 4558; x_wconf 89' lang='lat' dir='ltr'><strong>comedamus?</strong></span> <span class='ocrx_word' id='word_1_668' title='bbox 3353 4503 3434 4557; x_wconf 77' lang='lat' dir='ltr'><strong>Ad</strong></span> <span class='ocrx_word' id='word_1_669' title='bbox 3465 4505 3633 4559; x_wconf 89' lang='lat' dir='ltr'><strong>Deum</strong></span> 
     </span>
    </p>
   </div>
   <div class='ocr_carea' id='block_1_93' title="bbox 367 4592 1952 4664">
    <p class='ocr_par' dir='ltr' id='par_1_93' title="bbox 367 4592 1952 4664">
     <span class='ocr_line' id='line_1_93' title="bbox 367 4592 1952 4664; baseline -0.003 -15"><span class='ocrx_word' id='word_1_670' title='bbox 367 4595 424 4649; x_wconf 87' lang='lat' dir='ltr'><strong>in</strong></span> <span class='ocrx_word' id='word_1_671' title='bbox 480 4594 748 4655; x_wconf 89' lang='lat' dir='ltr'><strong>consiliis,</strong></span> <span class='ocrx_word' id='word_1_672' title='bbox 771 4603 827 4648; x_wconf 87' lang='lat' dir='ltr'><strong>et</strong></span> <span class='ocrx_word' id='word_1_673' title='bbox 863 4594 1306 4664; x_wconf 87' lang='lat' dir='ltr'><strong>cogitationibus,</strong></span> <span class='ocrx_word' id='word_1_674' title='bbox 1343 4593 1606 4648; x_wconf 87' lang='lat' dir='ltr'><strong>malitiam</strong></span> <span class='ocrx_word' id='word_1_675' title='bbox 1667 4592 1952 4656; x_wconf 83' lang='lat' dir='ltr'><strong>intellexit,</strong></span> 
     </span>
    </p>
   </div>
   <div class='ocr_carea' id='block_1_94' title="bbox 368 4687 1958 4758">
    <p class='ocr_par' dir='ltr' id='par_1_94' title="bbox 368 4687 1958 4758">
     <span class='ocr_line' id='line_1_94' title="bbox 368 4687 1958 4758; baseline -0.003 -15"><span class='ocrx_word' id='word_1_676' title='bbox 368 4687 515 4758; x_wconf 72' lang='lat' dir='ltr'><strong>Quod</strong></span> <span class='ocrx_word' id='word_1_677' title='bbox 554 4688 870 4743; x_wconf 87' lang='lat' dir='ltr'><strong>manifestat</strong></span> <span class='ocrx_word' id='word_1_678' title='bbox 904 4698 960 4744; x_wconf 88' lang='lat' dir='ltr'><strong>et</strong></span> <span class='ocrx_word' id='word_1_679' title='bbox 1009 4689 1296 4756; x_wconf 83' lang='lat' dir='ltr'><strong>Dominus,</strong></span> <span class='ocrx_word' id='word_1_680' title='bbox 1346 4689 1538 4744; x_wconf 81' lang='lat' dir='ltr'><strong>dicens</strong></span> <span class='ocrx_word' id='word_1_681' title='bbox 1567 4706 1580 4742; x_wconf 91' lang='lat'>:</span> <span class='ocrx_word' id='word_1_682' title='bbox 1613 4687 1848 4742; x_wconf 82' lang='lat' dir='ltr'><strong>Necdum</strong></span> <span class='ocrx_word' id='word_1_683' title='bbox 1876 4687 1958 4739; x_wconf 88' lang='lat' dir='ltr'><strong>in-</strong></span> 
     </span>
    </p>
   </div>
   <div class='ocr_carea' id='block_1_95' title="bbox 373 4779 1959 4852">
    <p class='ocr_par' dir='ltr' id='par_1_95' title="bbox 373 4779 1959 4852">
     <span class='ocr_line' id='line_1_95' title="bbox 373 4779 1959 4852; baseline -0.002 -17"><span class='ocrx_word' id='word_1_684' title='bbox 373 4781 628 4852; x_wconf 81' lang='lat' dir='ltr'><strong>telligitis,</strong></span> <span class='ocrx_word' id='word_1_685' title='bbox 669 4779 794 4850; x_wconf 89' lang='lat' dir='ltr'><strong>quia</strong></span> <span class='ocrx_word' id='word_1_686' title='bbox 835 4797 988 4834; x_wconf 87' lang='lat' dir='ltr'><strong>omne</strong></span> <span class='ocrx_word' id='word_1_687' title='bbox 1012 4783 1151 4852; x_wconf 89' lang='lat' dir='ltr'><strong>quod</strong></span> <span class='ocrx_word' id='word_1_688' title='bbox 1186 4782 1484 4852; x_wconf 84' lang='lat' dir='ltr'><strong>ingreditur</strong></span> <span class='ocrx_word' id='word_1_689' title='bbox 1507 4782 1564 4834; x_wconf 90' lang='lat' dir='ltr'><strong>in</strong></span> <span class='ocrx_word' id='word_1_690' title='bbox 1594 4797 1701 4845; x_wconf 89' lang='lat' dir='ltr'><strong>ore,</strong></span> <span class='ocrx_word' id='word_1_691' title='bbox 1736 4780 1791 4832; x_wconf 85' lang='lat' dir='ltr'><strong>in</strong></span> <span class='ocrx_word' id='word_1_692' title='bbox 1832 4795 1959 4834; x_wconf 84' lang='lat' dir='ltr'><strong>ven-</strong></span> 
     </span>
    </p>
   </div>
   <div class='ocr_carea' id='block_1_96' title="bbox 325 4859 1961 4938">
    <p class='ocr_par' dir='ltr' id='par_1_96' title="bbox 325 4859 1961 4938">
     <span class='ocr_line' id='line_1_96' title="bbox 325 4859 1961 4938; baseline -0.004 -12"><span class='ocrx_word' id='word_1_693' title='bbox 325 4859 333 4884; x_wconf 41' lang='lat'><strong>&quot;</strong></span> <span class='ocrx_word' id='word_1_694' title='bbox 369 4880 504 4926; x_wconf 87' lang='lat' dir='ltr'><strong>trem</strong></span> <span class='ocrx_word' id='word_1_695' title='bbox 529 4869 703 4934; x_wconf 76' lang='lat' dir='ltr'><strong>vadit,</strong></span> <span class='ocrx_word' id='word_1_696' title='bbox 730 4878 778 4923; x_wconf 86' lang='lat' dir='ltr'><strong>et</strong></span> <span class='ocrx_word' id='word_1_697' title='bbox 802 4869 856 4922; x_wconf 89' lang='lat' dir='ltr'><strong>in</strong></span> <span class='ocrx_word' id='word_1_698' title='bbox 881 4885 1137 4924; x_wconf 75' lang='lat' dir='ltr'><strong>secessum</strong></span> <span class='ocrx_word' id='word_1_699' title='bbox 1159 4870 1461 4924; x_wconf 82' lang='lat' dir='ltr'><strong>emittitur?</strong></span> <span class='ocrx_word' id='word_1_700' title='bbox 1486 4867 1566 4922; x_wconf 82' lang='lat' dir='ltr'><strong>Ea</strong></span> <span class='ocrx_word' id='word_1_701' title='bbox 1614 4876 1792 4924; x_wconf 89' lang='lat' dir='ltr'><strong>autem</strong></span> <span class='ocrx_word' id='word_1_702' title='bbox 1843 4883 1961 4938; x_wconf 71' lang='lat' dir='ltr'><strong>qua:</strong></span> 
     </span>
    </p>
   </div>
   <div class='ocr_carea' id='block_1_97' title="bbox 367 4958 1956 5034">
    <p class='ocr_par' dir='ltr' id='par_1_97' title="bbox 367 4958 1956 5034">
     <span class='ocr_line' id='line_1_97' title="bbox 367 4958 1956 5034; baseline -0.005 -15"><span class='ocrx_word' id='word_1_703' title='bbox 367 4963 710 5034; x_wconf 84' lang='lat' dir='ltr'><strong>egrediuntur</strong></span> <span class='ocrx_word' id='word_1_704' title='bbox 732 4961 796 5015; x_wconf 88' lang='lat' dir='ltr'><strong>de</strong></span> <span class='ocrx_word' id='word_1_705' title='bbox 839 4977 950 5026; x_wconf 88' lang='lat' dir='ltr'><strong>ore,</strong></span> <span class='ocrx_word' id='word_1_706' title='bbox 982 4965 1047 5015; x_wconf 89' lang='lat' dir='ltr'><strong>de</strong></span> <span class='ocrx_word' id='word_1_707' title='bbox 1083 4961 1237 5015; x_wconf 85' lang='lat' dir='ltr'><strong>corde</strong></span> <span class='ocrx_word' id='word_1_708' title='bbox 1267 4969 1474 5022; x_wconf 76' lang='lat' dir='ltr'><strong>exeunt,</strong></span> <span class='ocrx_word' id='word_1_709' title='bbox 1500 4968 1549 5014; x_wconf 90' lang='lat' dir='ltr'><strong>et</strong></span> <span class='ocrx_word' id='word_1_710' title='bbox 1585 4959 1682 5012; x_wconf 90' lang='lat' dir='ltr'><strong>illa</strong></span> <span class='ocrx_word' id='word_1_711' title='bbox 1714 4958 1956 5027; x_wconf 80' lang='lat' dir='ltr'><strong>polluant</strong></span> 
     </span>
    </p>
   </div>
   <div class='ocr_carea' id='block_1_98' title="bbox 367 5048 1953 5120">
    <p class='ocr_par' dir='ltr' id='par_1_98' title="bbox 367 5048 1953 5120">
     <span class='ocr_line' id='line_1_98' title="bbox 367 5048 1953 5120; baseline -0.004 -12"><span class='ocrx_word' id='word_1_712' title='bbox 367 5055 649 5108; x_wconf 69' lang='lat' dir='ltr'><strong>flaminem.</strong></span> <span class='ocrx_word' id='word_1_713' title='bbox 684 5051 760 5106; x_wconf 90' lang='lat' dir='ltr'><strong>De</strong></span> <span class='ocrx_word' id='word_1_714' title='bbox 791 5053 944 5106; x_wconf 90' lang='lat' dir='ltr'><strong>corde</strong></span> <span class='ocrx_word' id='word_1_715' title='bbox 979 5052 1118 5105; x_wconf 87' lang='lat' dir='ltr'><strong>enim</strong></span> <span class='ocrx_word' id='word_1_716' title='bbox 1163 5059 1354 5104; x_wconf 67' lang='lat' dir='ltr'><strong>exeunt</strong></span> <span class='ocrx_word' id='word_1_717' title='bbox 1404 5051 1742 5120; x_wconf 82' lang='lat' dir='ltr'><strong>cogitationes</strong></span> <span class='ocrx_word' id='word_1_718' title='bbox 1778 5048 1953 5113; x_wconf 69' lang='lat' dir='ltr'><strong>mala&#39;,</strong></span> 
     </span>
    </p>
   </div>
   <div class='ocr_carea' id='block_1_99' title="bbox 368 5143 1954 5218">
    <p class='ocr_par' dir='ltr' id='par_1_99' title="bbox 368 5143 1954 5218">
     <span class='ocr_line' id='line_1_99' title="bbox 368 5143 1954 5218; baseline -0.002 -18"><span class='ocrx_word' id='word_1_719' title='bbox 368 5147 672 5211; x_wconf 79' lang='lat' dir='ltr'><strong>homicidia,</strong></span> <span class='ocrx_word' id='word_1_720' title='bbox 697 5149 980 5212; x_wconf 86' lang='lat' dir='ltr'><strong>adulteria,</strong></span> <span class='ocrx_word' id='word_1_721' title='bbox 1013 5149 1180 5218; x_wconf 84' lang='lat' dir='ltr'><strong>furta,</strong></span> <span class='ocrx_word' id='word_1_722' title='bbox 1211 5145 1347 5216; x_wconf 80' lang='lat' dir='ltr'><strong>falsa</strong></span> <span class='ocrx_word' id='word_1_723' title='bbox 1371 5144 1690 5216; x_wconf 80' lang='lat' dir='ltr'><strong>testimonia,</strong></span> <span class='ocrx_word' id='word_1_724' title='bbox 1711 5143 1954 5214; x_wconf 84' lang='lat' dir='ltr'><strong>blasphe-</strong></span> 
     </span>
    </p>
   </div>
   <div class='ocr_carea' id='block_1_100' title="bbox 369 5239 1955 5311">
    <p class='ocr_par' dir='ltr' id='par_1_100' title="bbox 369 5239 1955 5311">
     <span class='ocr_line' id='line_1_100' title="bbox 369 5239 1955 5311; baseline 0 -17"><span class='ocrx_word' id='word_1_725' title='bbox 369 5242 491 5295; x_wconf 77' lang='lat' dir='ltr'><strong>mia:</strong></span> <span class='ocrx_word' id='word_1_726' title='bbox 510 5240 595 5294; x_wconf 70' lang='lat'><strong>“‘2</strong></span> <span class='ocrx_word' id='word_1_727' title='bbox 632 5239 748 5295; x_wconf 85' lang='lat' dir='ltr'><strong>Non</strong></span> <span class='ocrx_word' id='word_1_728' title='bbox 809 5259 871 5297; x_wconf 89' lang='lat' dir='ltr'><strong>ea</strong></span> <span class='ocrx_word' id='word_1_729' title='bbox 933 5259 1053 5311; x_wconf 67' lang='lat' dir='ltr'><strong>quae</strong></span> <span class='ocrx_word' id='word_1_730' title='bbox 1085 5242 1142 5296; x_wconf 90' lang='lat' dir='ltr'><strong>in</strong></span> <span class='ocrx_word' id='word_1_731' title='bbox 1189 5240 1404 5295; x_wconf 90' lang='lat' dir='ltr'><strong>actione</strong></span> <span class='ocrx_word' id='word_1_732' title='bbox 1426 5247 1572 5304; x_wconf 91' lang='lat' dir='ltr'><strong>sunt,</strong></span> <span class='ocrx_word' id='word_1_733' title='bbox 1603 5239 1792 5294; x_wconf 88' lang='lat' dir='ltr'><strong>dicens</strong></span> <span class='ocrx_word' id='word_1_734' title='bbox 1813 5241 1955 5294; x_wconf 89' lang='lat' dir='ltr'><strong>furta</strong></span> 
     </span>
    </p>
   </div>
   <div class='ocr_carea' id='block_1_101' title="bbox 368 5328 1955 5400">
    <p class='ocr_par' dir='ltr' id='par_1_101' title="bbox 368 5328 1955 5400">
     <span class='ocr_line' id='line_1_101' title="bbox 368 5328 1955 5400; baseline 0 -14"><span class='ocrx_word' id='word_1_735' title='bbox 368 5340 464 5386; x_wconf 85' lang='lat' dir='ltr'><strong>aut</strong></span> <span class='ocrx_word' id='word_1_736' title='bbox 494 5331 777 5397; x_wconf 82' lang='lat' dir='ltr'><strong>adulteria,</strong></span> <span class='ocrx_word' id='word_1_737' title='bbox 803 5343 897 5387; x_wconf 89' lang='lat' dir='ltr'><strong>aut</strong></span> <span class='ocrx_word' id='word_1_738' title='bbox 942 5333 1354 5396; x_wconf 87' lang='lat' dir='ltr'><strong>fornicationes,</strong></span> <span class='ocrx_word' id='word_1_739' title='bbox 1383 5345 1508 5384; x_wconf 93' lang='lat' dir='ltr'><strong>nam</strong></span> <span class='ocrx_word' id='word_1_740' title='bbox 1541 5328 1658 5384; x_wconf 65' lang='lat' dir='ltr'><strong>htcc</strong></span> <span class='ocrx_word' id='word_1_741' title='bbox 1681 5332 1955 5400; x_wconf 91' lang='lat' dir='ltr'><strong>quomodo</strong></span> 
     </span>
    </p>
   </div>
   <div class='ocr_carea' id='block_1_102' title="bbox 367 5421 1952 5494">
    <p class='ocr_par' dir='ltr' id='par_1_102' title="bbox 367 5421 1952 5494">
     <span class='ocr_line' id='line_1_102' title="bbox 367 5421 1952 5494; baseline -0.004 -10"><span class='ocrx_word' id='word_1_742' title='bbox 367 5424 439 5484; x_wconf 88' lang='lat' dir='ltr'><strong>de</strong></span> <span class='ocrx_word' id='word_1_743' title='bbox 471 5425 638 5480; x_wconf 91' lang='lat' dir='ltr'><strong>corde</strong></span> <span class='ocrx_word' id='word_1_744' title='bbox 663 5426 897 5479; x_wconf 80' lang='lat' dir='ltr'><strong>exeunt?</strong></span> <span class='ocrx_word' id='word_1_745' title='bbox 927 5427 1022 5480; x_wconf 89' lang='lat' dir='ltr'><strong>sed</strong></span> <span class='ocrx_word' id='word_1_746' title='bbox 1056 5441 1120 5480; x_wconf 91' lang='lat' dir='ltr'><strong>ea</strong></span> <span class='ocrx_word' id='word_1_747' title='bbox 1165 5439 1285 5494; x_wconf 85' lang='lat' dir='ltr'><strong>quae</strong></span> <span class='ocrx_word' id='word_1_748' title='bbox 1317 5424 1372 5477; x_wconf 93' lang='lat' dir='ltr'><strong>in</strong></span> <span class='ocrx_word' id='word_1_749' title='bbox 1428 5421 1847 5492; x_wconf 86' lang='lat' dir='ltr'><strong>cogitationibus</strong></span> <span class='ocrx_word' id='word_1_750' title='bbox 1897 5432 1952 5478; x_wconf 93' lang='lat' dir='ltr'><strong>et</strong></span> 
     </span>
    </p>
   </div>
   <div class='ocr_carea' id='block_1_103' title="bbox 366 5512 1950 5586">
    <p class='ocr_par' dir='ltr' id='par_1_103' title="bbox 366 5512 1950 5586">
     <span class='ocr_line' id='line_1_103' title="bbox 366 5512 1950 5586; baseline -0.001 -15"><span class='ocrx_word' id='word_1_751' title='bbox 366 5515 613 5571; x_wconf 81' lang='lat' dir='ltr'><strong>consiliis</strong></span> <span class='ocrx_word' id='word_1_752' title='bbox 643 5526 790 5581; x_wconf 91' lang='lat' dir='ltr'><strong>sunt,</strong></span> <span class='ocrx_word' id='word_1_753' title='bbox 817 5517 941 5586; x_wconf 87' lang='lat' dir='ltr'><strong>quia</strong></span> <span class='ocrx_word' id='word_1_754' title='bbox 979 5517 1096 5586; x_wconf 83' lang='lat' dir='ltr'><strong>ipsa</strong></span> <span class='ocrx_word' id='word_1_755' title='bbox 1126 5516 1376 5570; x_wconf 69' lang='lat' dir='ltr'><strong>maxima:</strong></span> <span class='ocrx_word' id='word_1_756' title='bbox 1416 5521 1542 5568; x_wconf 91' lang='lat' dir='ltr'><strong>sunt</strong></span> <span class='ocrx_word' id='word_1_757' title='bbox 1589 5512 1950 5570; x_wconf 75' lang='lat' dir='ltr'><strong>immnnditite</strong></span> 
     </span>
    </p>
   </div>
   <div class='ocr_carea' id='block_1_104' title="bbox 2053 4596 3638 4666">
    <p class='ocr_par' dir='ltr' id='par_1_104' title="bbox 2053 4596 3638 4666">
     <span class='ocr_line' id='line_1_104' title="bbox 2053 4596 3638 4666; baseline -0.005 -8"><span class='ocrx_word' id='word_1_758' title='bbox 2053 4603 2201 4659; x_wconf 91' lang='lat' dir='ltr'><strong>enim</strong></span> <span class='ocrx_word' id='word_1_759' title='bbox 2238 4601 2372 4656; x_wconf 91' lang='lat' dir='ltr'><strong>illud</strong></span> <span class='ocrx_word' id='word_1_760' title='bbox 2405 4599 2623 4660; x_wconf 89' lang='lat' dir='ltr'><strong>referri,</strong></span> <span class='ocrx_word' id='word_1_761' title='bbox 2665 4606 2720 4652; x_wconf 93' lang='lat' dir='ltr'><strong>et</strong></span> <span class='ocrx_word' id='word_1_762' title='bbox 2757 4597 2870 4651; x_wconf 88' lang='lat' dir='ltr'><strong>Deo</strong></span> <span class='ocrx_word' id='word_1_763' title='bbox 2913 4596 3096 4650; x_wconf 80' lang='lat' dir='ltr'><strong>ollerri</strong></span> <span class='ocrx_word' id='word_1_764' title='bbox 3141 4596 3320 4666; x_wconf 84' lang='lat' dir='ltr'><strong>jubet,</strong></span> <span class='ocrx_word' id='word_1_765' title='bbox 3364 4606 3638 4666; x_wconf 90' lang='lat' dir='ltr'><strong>quatenus</strong></span> 
     </span>
    </p>
   </div>
   <div class='ocr_carea' id='block_1_105' title="bbox 2053 4686 3638 4753">
    <p class='ocr_par' dir='ltr' id='par_1_105' title="bbox 2053 4686 3638 4753">
     <span class='ocr_line' id='line_1_105' title="bbox 2053 4686 3638 4753; baseline -0.005 -3"><span class='ocrx_word' id='word_1_766' title='bbox 2053 4709 2167 4749; x_wconf 91' lang='lat' dir='ltr'><strong>non</strong></span> <span class='ocrx_word' id='word_1_767' title='bbox 2200 4693 2272 4749; x_wconf 88' lang='lat' dir='ltr'><strong>sit</strong></span> <span class='ocrx_word' id='word_1_768' title='bbox 2312 4691 2617 4747; x_wconf 88' lang='lat' dir='ltr'><strong>secundum</strong></span> <span class='ocrx_word' id='word_1_769' title='bbox 2649 4686 3006 4741; x_wconf 90' lang='lat' dir='ltr'><strong>intentionem</strong></span> <span class='ocrx_word' id='word_1_770' title='bbox 3039 4687 3356 4753; x_wconf 89' lang='lat' dir='ltr'><strong>humanam,</strong></span> <span class='ocrx_word' id='word_1_771' title='bbox 3388 4689 3481 4742; x_wconf 89' lang='lat' dir='ltr'><strong>sed</strong></span> <span class='ocrx_word' id='word_1_772' title='bbox 3528 4690 3638 4743; x_wconf 88' lang='lat' dir='ltr'><strong>Deo</strong></span> 
     </span>
    </p>
   </div>
   <div class='ocr_carea' id='block_1_106' title="bbox 2056 4778 3640 4850">
    <p class='ocr_par' dir='ltr' id='par_1_106' title="bbox 2056 4778 3640 4850">
     <span class='ocr_line' id='line_1_106' title="bbox 2056 4778 3640 4850; baseline -0.003 -10"><span class='ocrx_word' id='word_1_773' title='bbox 2056 4785 2158 4840; x_wconf 88' lang='lat' dir='ltr'><strong>soli</strong></span> <span class='ocrx_word' id='word_1_774' title='bbox 2206 4782 2641 4850; x_wconf 82' lang='lat' dir='ltr'><strong>uniuscujusque</strong></span> <span class='ocrx_word' id='word_1_775' title='bbox 2693 4778 2809 4843; x_wconf 88' lang='lat' dir='ltr'><strong>rei,</strong></span> <span class='ocrx_word' id='word_1_776' title='bbox 2857 4793 3019 4846; x_wconf 82' lang='lat' dir='ltr'><strong>quam</strong></span> <span class='ocrx_word' id='word_1_777' title='bbox 3073 4779 3198 4846; x_wconf 89' lang='lat' dir='ltr'><strong>quis</strong></span> <span class='ocrx_word' id='word_1_778' title='bbox 3245 4793 3311 4832; x_wconf 80' lang='lat' dir='ltr'><strong>ex</strong></span> <span class='ocrx_word' id='word_1_779' title='bbox 3363 4781 3640 4849; x_wconf 65' lang='lat' dir='ltr'><strong>prtedictis</strong></span> 
     </span>
    </p>
   </div>
   <div class='ocr_carea' id='block_1_107' title="bbox 2057 4870 3637 4946">
    <p class='ocr_par' dir='ltr' id='par_1_107' title="bbox 2057 4870 3637 4946">
     <span class='ocr_line' id='line_1_107' title="bbox 2057 4870 3637 4946; baseline -0.004 -14"><span class='ocrx_word' id='word_1_780' title='bbox 2057 4877 2386 4946; x_wconf 90' lang='lat' dir='ltr'><strong>assequitur,</strong></span> <span class='ocrx_word' id='word_1_781' title='bbox 2429 4871 2762 4928; x_wconf 88' lang='lat' dir='ltr'><strong>desiderium</strong></span> <span class='ocrx_word' id='word_1_782' title='bbox 2808 4871 3087 4925; x_wconf 75' lang='lat' dir='ltr'><strong>offeratur.</strong></span> <span class='ocrx_word' id='word_1_783' title='bbox 3127 4870 3392 4926; x_wconf 88' lang='lat' dir='ltr'><strong>Similiter</strong></span> <span class='ocrx_word' id='word_1_784' title='bbox 3440 4889 3637 4941; x_wconf 76' lang='lat' dir='ltr'><strong>pecea-</strong></span> 
     </span>
    </p>
   </div>
   <div class='ocr_carea' id='block_1_108' title="bbox 2062 4963 3638 5033">
    <p class='ocr_par' dir='ltr' id='par_1_108' title="bbox 2062 4963 3638 5033">
     <span class='ocr_line' id='line_1_108' title="bbox 2062 4963 3638 5033; baseline -0.003 -11"><span class='ocrx_word' id='word_1_785' title='bbox 2062 4977 2242 5023; x_wconf 89' lang='lat' dir='ltr'><strong>torum</strong></span> <span class='ocrx_word' id='word_1_786' title='bbox 2269 4965 2626 5026; x_wconf 87' lang='lat' dir='ltr'><strong>desiderium,</strong></span> <span class='ocrx_word' id='word_1_787' title='bbox 2658 4963 2803 5033; x_wconf 93' lang='lat' dir='ltr'><strong>quod</strong></span> <span class='ocrx_word' id='word_1_788' title='bbox 2835 4977 2931 5033; x_wconf 90' lang='lat' dir='ltr'><strong>per</strong></span> <span class='ocrx_word' id='word_1_789' title='bbox 2965 4963 3248 5017; x_wconf 88' lang='lat' dir='ltr'><strong>morticina</strong></span> <span class='ocrx_word' id='word_1_790' title='bbox 3301 4972 3354 5018; x_wconf 93' lang='lat' dir='ltr'><strong>et</strong></span> <span class='ocrx_word' id='word_1_791' title='bbox 3383 4979 3412 5018; x_wconf 93' lang='lat' dir='ltr'><strong>a</strong></span> <span class='ocrx_word' id='word_1_792' title='bbox 3445 4964 3638 5018; x_wconf 76' lang='lat' dir='ltr'><strong>bestiis</strong></span> 
     </span>
    </p>
   </div>
   <div class='ocr_carea' id='block_1_109' title="bbox 2060 5055 3637 5128">
    <p class='ocr_par' dir='ltr' id='par_1_109' title="bbox 2060 5055 3637 5128">
     <span class='ocr_line' id='line_1_109' title="bbox 2060 5055 3637 5128; baseline -0.004 -14"><span class='ocrx_word' id='word_1_793' title='bbox 2060 5067 2221 5128; x_wconf 89' lang='lat' dir='ltr'><strong>capta</strong></span> <span class='ocrx_word' id='word_1_794' title='bbox 2274 5056 2611 5127; x_wconf 87' lang='lat' dir='ltr'><strong>signiﬁcatur</strong></span> <span class='ocrx_word' id='word_1_795' title='bbox 2647 5072 2660 5108; x_wconf 93' lang='lat'><strong>:</strong></span> <span class='ocrx_word' id='word_1_796' title='bbox 2701 5070 2801 5124; x_wconf 91' lang='lat' dir='ltr'><strong>per</strong></span> <span class='ocrx_word' id='word_1_797' title='bbox 2844 5055 3130 5108; x_wconf 88' lang='lat' dir='ltr'><strong>morticina</strong></span> <span class='ocrx_word' id='word_1_798' title='bbox 3179 5055 3396 5122; x_wconf 85' lang='lat' dir='ltr'><strong>quidem</strong></span> <span class='ocrx_word' id='word_1_799' title='bbox 3449 5064 3637 5123; x_wconf 87' lang='lat' dir='ltr'><strong>utpote</strong></span> 
     </span>
    </p>
   </div>
   <div class='ocr_carea' id='block_1_110' title="bbox 2059 5147 3638 5221">
    <p class='ocr_par' dir='ltr' id='par_1_110' title="bbox 2059 5147 3638 5221">
     <span class='ocr_line' id='line_1_110' title="bbox 2059 5147 3638 5221; baseline -0.004 -16"><span class='ocrx_word' id='word_1_800' title='bbox 2059 5152 2154 5221; x_wconf 90' lang='lat' dir='ltr'><strong>qui</strong></span> <span class='ocrx_word' id='word_1_801' title='bbox 2189 5151 2468 5221; x_wconf 86' lang='lat' dir='ltr'><strong>elegerunt</strong></span> <span class='ocrx_word' id='word_1_802' title='bbox 2507 5165 2606 5219; x_wconf 89' lang='lat' dir='ltr'><strong>per</strong></span> <span class='ocrx_word' id='word_1_803' title='bbox 2643 5148 2903 5218; x_wconf 89' lang='lat' dir='ltr'><strong>quasdam</strong></span> <span class='ocrx_word' id='word_1_804' title='bbox 2939 5147 3305 5216; x_wconf 82' lang='lat' dir='ltr'><strong>iniputlicitias</strong></span> <span class='ocrx_word' id='word_1_805' title='bbox 3337 5155 3391 5200; x_wconf 84' lang='lat' dir='ltr'><strong>et</strong></span> <span class='ocrx_word' id='word_1_806' title='bbox 3421 5162 3518 5214; x_wconf 87' lang='lat' dir='ltr'><strong>per</strong></span> <span class='ocrx_word' id='word_1_807' title='bbox 3548 5161 3638 5198; x_wconf 88' lang='lat' dir='ltr'><strong>su-</strong></span> 
     </span>
    </p>
   </div>
   <div class='ocr_carea' id='block_1_111' title="bbox 2060 5236 3638 5313">
    <p class='ocr_par' dir='ltr' id='par_1_111' title="bbox 2060 5236 3638 5313">
     <span class='ocr_line' id='line_1_111' title="bbox 2060 5236 3638 5313; baseline -0.004 -16"><span class='ocrx_word' id='word_1_808' title='bbox 2060 5242 2307 5313; x_wconf 90' lang='lat' dir='ltr'><strong>perbiam</strong></span> <span class='ocrx_word' id='word_1_809' title='bbox 2346 5241 2556 5310; x_wconf 87' lang='lat' dir='ltr'><strong>peccati</strong></span> <span class='ocrx_word' id='word_1_810' title='bbox 2598 5251 2851 5295; x_wconf 88' lang='lat' dir='ltr'><strong>mortem.</strong></span> <span class='ocrx_word' id='word_1_811' title='bbox 2892 5239 3044 5305; x_wconf 86' lang='lat' dir='ltr'><strong>Quod</strong></span> <span class='ocrx_word' id='word_1_812' title='bbox 3092 5239 3284 5308; x_wconf 89' lang='lat' dir='ltr'><strong>prohat</strong></span> <span class='ocrx_word' id='word_1_813' title='bbox 3323 5236 3522 5290; x_wconf 82' lang='lat' dir='ltr'><strong>Paulus</strong></span> <span class='ocrx_word' id='word_1_814' title='bbox 3568 5237 3638 5291; x_wconf 90' lang='lat' dir='ltr'><strong>de</strong></span> 
     </span>
    </p>
   </div>
   <div class='ocr_carea' id='block_1_112' title="bbox 2059 5330 3635 5398">
    <p class='ocr_par' dir='ltr' id='par_1_112' title="bbox 2059 5330 3635 5398">
     <span class='ocr_line' id='line_1_112' title="bbox 2059 5330 3635 5398; baseline -0.004 -11"><span class='ocrx_word' id='word_1_815' title='bbox 2059 5335 2240 5390; x_wconf 85' lang='lat' dir='ltr'><strong>viduis</strong></span> <span class='ocrx_word' id='word_1_816' title='bbox 2269 5334 2349 5389; x_wconf 91' lang='lat' dir='ltr'><strong>sic</strong></span> <span class='ocrx_word' id='word_1_817' title='bbox 2377 5335 2565 5389; x_wconf 87' lang='lat' dir='ltr'><strong>dicens</strong></span> <span class='ocrx_word' id='word_1_818' title='bbox 2607 5351 2619 5386; x_wconf 86' lang='lat'><strong>:</strong></span> <span class='ocrx_word' id='word_1_819' title='bbox 2653 5332 2782 5398; x_wconf 71' lang='lat' dir='ltr'><strong>Quae</strong></span> <span class='ocrx_word' id='word_1_820' title='bbox 2825 5333 2962 5386; x_wconf 90' lang='lat' dir='ltr'><strong>enim</strong></span> <span class='ocrx_word' id='word_1_821' title='bbox 3006 5333 3060 5384; x_wconf 88' lang='lat' dir='ltr'><strong>in</strong></span> <span class='ocrx_word' id='word_1_822' title='bbox 3108 5331 3306 5383; x_wconf 83' lang='lat' dir='ltr'><strong>deliciis</strong></span> <span class='ocrx_word' id='word_1_823' title='bbox 3341 5338 3414 5382; x_wconf 82' lang='lat' dir='ltr'><strong>est</strong></span> <span class='ocrx_word' id='word_1_824' title='bbox 3452 5330 3635 5395; x_wconf 80' lang='lat' dir='ltr'><strong>vidua,</strong></span> 
     </span>
    </p>
   </div>
   <div class='ocr_carea' id='block_1_113' title="bbox 2059 5421 3638 5491">
    <p class='ocr_par' dir='ltr' id='par_1_113' title="bbox 2059 5421 3638 5491">
     <span class='ocr_line' id='line_1_113' title="bbox 2059 5421 3638 5491; baseline -0.004 -10"><span class='ocrx_word' id='word_1_825' title='bbox 2059 5429 2234 5482; x_wconf 79' lang='lat' dir='ltr'><strong>vivens</strong></span> <span class='ocrx_word' id='word_1_826' title='bbox 2281 5436 2497 5491; x_wconf 40' lang='lat' dir='ltr'><strong>mortua,</strong></span> <span class='ocrx_word' id='word_1_827' title='bbox 2533 5436 2609 5480; x_wconf 88' lang='lat' dir='ltr'><strong>est</strong></span> <span class='ocrx_word' id='word_1_828' title='bbox 2639 5427 2704 5479; x_wconf 73' lang='grc' dir='ltr'><strong>δ’.</strong></span> <span class='ocrx_word' id='word_1_829' title='bbox 2739 5424 2842 5478; x_wconf 90' lang='lat' dir='ltr'><strong>Per</strong></span> <span class='ocrx_word' id='word_1_830' title='bbox 2888 5440 2949 5479; x_wconf 88' lang='lat' dir='ltr'><strong>ea</strong></span> <span class='ocrx_word' id='word_1_831' title='bbox 2997 5434 3177 5476; x_wconf 88' lang='lat' dir='ltr'><strong>autem</strong></span> <span class='ocrx_word' id='word_1_832' title='bbox 3219 5436 3339 5491; x_wconf 75' lang='lat' dir='ltr'><strong>quae</strong></span> <span class='ocrx_word' id='word_1_833' title='bbox 3379 5437 3408 5474; x_wconf 92' lang='lat' dir='ltr'><strong>a</strong></span> <span class='ocrx_word' id='word_1_834' title='bbox 3449 5421 3638 5475; x_wconf 80' lang='lat' dir='ltr'><strong>bestiis</strong></span> 
     </span>
    </p>
   </div>
   <div class='ocr_carea' id='block_1_114' title="bbox 2057 5513 3643 5591">
    <p class='ocr_par' dir='ltr' id='par_1_114' title="bbox 2057 5513 3643 5591">
     <span class='ocr_line' id='line_1_114' title="bbox 2057 5513 3643 5591; baseline -0.004 -17"><span class='ocrx_word' id='word_1_835' title='bbox 2057 5527 2217 5589; x_wconf 89' lang='lat' dir='ltr'><strong>capta</strong></span> <span class='ocrx_word' id='word_1_836' title='bbox 2259 5528 2427 5586; x_wconf 88' lang='lat' dir='ltr'><strong>sunt,</strong></span> <span class='ocrx_word' id='word_1_837' title='bbox 2480 5519 2862 5591; x_wconf 87' lang='lat' dir='ltr'><strong>intelliguntur</strong></span> <span class='ocrx_word' id='word_1_838' title='bbox 2920 5516 2974 5571; x_wconf 91' lang='lat' dir='ltr'><strong>hi</strong></span> <span class='ocrx_word' id='word_1_839' title='bbox 3028 5515 3141 5585; x_wconf 88' lang='lat' dir='ltr'><strong>qui,</strong></span> <span class='ocrx_word' id='word_1_840' title='bbox 3177 5515 3304 5570; x_wconf 89' lang='lat' dir='ltr'><strong>dum</strong></span> <span class='ocrx_word' id='word_1_841' title='bbox 3357 5513 3643 5585; x_wconf 73' lang='lat' dir='ltr'><strong>negligunt</strong></span> 
     </span>
    </p>
   </div>
   <div class='ocr_carea' id='block_1_115' title="bbox 435 5699 3639 5810">
    <p class='ocr_par' dir='ltr' id='par_1_115' title="bbox 435 5699 3639 5810">
     <span class='ocr_line' id='line_1_115' title="bbox 435 5699 3639 5810; baseline 0.001 -18"><span class='ocrx_word' id='word_1_842' title='bbox 435 5735 612 5810; x_wconf 58' lang='lat' dir='ltr'><strong>1f&#39;_lsa.</strong></span> <span class='ocrx_word' id='word_1_843' title='bbox 639 5735 857 5810; x_wconf 39' lang='lat' dir='ltr'><strong>LXVI)?»</strong></span> <span class='ocrx_word' id='word_1_844' title='bbox 921 5735 1337 5810; x_wconf 57' lang='lat' dir='ltr'><strong>__&quot;_l_latth.vvi,</strong></span> <span class='ocrx_word' id='word_1_845' title='bbox 1547 5742 1593 5774; x_wconf 66' lang='grc'><strong>⁸³</strong></span> <span class='ocrx_word' id='word_1_846' title='bbox 1645 5699 1862 5796; x_wconf 42' lang='lat' dir='ltr'><strong>Matth:</strong></span> <span class='ocrx_word' id='word_1_847' title='bbox 1908 5761 2018 5810; x_wconf 79' lang='lat' dir='ltr'><strong>xv,</strong></span> <span class='ocrx_word' id='word_1_848' title='bbox 2076 5745 2260 5801; x_wconf 74' lang='lat'><strong>17-19.</strong></span> <span class='ocrx_word' id='word_1_849' title='bbox 2336 5744 2578 5800; x_wconf 70' lang='lat' dir='ltr'><strong>8&quot;Eccli.</strong></span> <span class='ocrx_word' id='word_1_850' title='bbox 2652 5757 2813 5798; x_wconf 75' lang='lat' dir='ltr'><strong>xxxiii</strong></span> <span class='ocrx_word' id='word_1_851' title='bbox 2849 5781 2864 5807; x_wconf 92' lang='lat'><strong>,</strong></span> <span class='ocrx_word' id='word_1_852' title='bbox 2919 5739 2970 5793; x_wconf 83' lang='lat'><strong>6.</strong></span> <span class='ocrx_word' id='word_1_853' title='bbox 3049 5739 3092 5771; x_wconf 80' lang='grc'><strong>⁸⁸</strong></span> <span class='ocrx_word' id='word_1_854' title='bbox 3142 5737 3281 5793; x_wconf 83' lang='lat' dir='ltr'><strong>Psal.</strong></span> <span class='ocrx_word' id='word_1_855' title='bbox 3318 5753 3449 5793; x_wconf 79' lang='lat' dir='ltr'><strong>xvm</strong></span> <span class='ocrx_word' id='word_1_856' title='bbox 3480 5778 3496 5805; x_wconf 96' lang='lat'><strong>,</strong></span> <span class='ocrx_word' id='word_1_857' title='bbox 3554 5736 3639 5796; x_wconf 76' lang='grc' dir='ltr'><strong>Η.</strong></span> 
     </span>
    </p>
   </div>
   <div class='ocr_carea' id='block_1_116' title="bbox 367 5802 1344 5871">
    <p class='ocr_par' dir='ltr' id='par_1_116' title="bbox 367 5802 1344 5871">
     <span class='ocr_line' id='line_1_116' title="bbox 367 5802 1344 5871; baseline 0.002 -11"><span class='ocrx_word' id='word_1_858' title='bbox 367 5802 460 5860; x_wconf 75' lang='grc'><strong>⁸⁸1</strong></span> <span class='ocrx_word' id='word_1_859' title='bbox 493 5805 632 5862; x_wconf 85' lang='lat' dir='ltr'><strong>Tim.</strong></span> <span class='ocrx_word' id='word_1_860' title='bbox 668 5822 719 5870; x_wconf 79' lang='grc' dir='ltr'><strong>γ,</strong></span> <span class='ocrx_word' id='word_1_861' title='bbox 751 5807 841 5859; x_wconf 68' lang='lat'><strong>2‘2.</strong></span> <span class='ocrx_word' id='word_1_862' title='bbox 919 5806 960 5837; x_wconf 84' lang='grc'><strong>⁸⁷</strong></span> <span class='ocrx_word' id='word_1_863' title='bbox 997 5806 1178 5859; x_wconf 81' lang='grc' dir='ltr'><strong>1Ἰ’ίιη.</strong></span> <span class='ocrx_word' id='word_1_864' title='bbox 1211 5825 1262 5871; x_wconf 80' lang='lat' dir='ltr'><strong>v,</strong></span> <span class='ocrx_word' id='word_1_865' title='bbox 1292 5812 1344 5862; x_wconf 83' lang='grc' dir='ltr'><strong>ϋ.</strong></span> 
     </span>
    </p>
   </div>
  </div>
