4044 6224
438 350 547 420 867

1644 346 2004 408 HESYCHII
2040 345 2516 407 PRESBITERI

3596 344 3702 408 868

439 465 707 524 cautelam
756 474 912 516 suam
956 467 1012 515 et
1078 456 1405 525 custodiam,
1460 457 1712 529 captivati
1764 466 1913 522 sunt,
1952 457 2022 513 ab
2049 464 2094 521 Α
2123 471 2248 529 pem
2286 460 2501 524 hostiae,
2541 468 2596 514 et
2627 459 3025 531 pcctusculum.
3055 458 3301 529 Cumque
3332 455 3495 512 ambo
3525 456 3704 512 oblata

438 553 872 626 intelligibilibus
916 552 1112 607 bestiis
1157 550 1538 621 comprehensi
1589 568 1600 602 :
1636 553 1780 619 quod
1817 560 1874 605 ut
1906 564 2021 605 non

437 650 724 713 faciamus,
756 662 951 702 rursus
979 645 1176 701 Petrus
1207 646 1284 700 ait
1316 663 1330 699 :
1364 644 1539 701 Sobrii
1575 653 1754 707 estote,
1782 643 2019 715 vigilate,

435 738 773 792 adversarius
817 737 957 790 enim
1005 746 1174 791 vester
1211 735 1472 798 diabolus,
1511 734 1646 788 sicut
1690 733 1769 787 leo
1811 735 2023 804 rugiens

437 831 648 893 circuit,
680 844 920 899 quarens
947 844 1102 897 quem
1144 829 1351 880 devoret
1374 826 1439 880 ⁸⁸.
1472 824 1715 890 Quorum
1743 840 1855 878 non
1889 841 2021 880 con-

438 921 814 990 ceditadipem
837 920 1050 974 comedi
1074 937 1089 974 ;
1115 920 1338 974 noxium
1365 919 1508 973 enim
1534 928 1620 974 est
1641 919 1799 973 nobis
1824 918 2021 974 horum

436 1013 728 1069 desideriis
759 1013 858 1067 uti.
887 1013 994 1066 Sed
1030 1027 1132 1066 nec
1166 1012 1277 1066 Deo
1310 1028 1373 1065 ea
1399 1013 1555 1080 jubet
1579 1010 1786 1073 oﬁerri,
1819 1011 2023 1064 deside-

437 1107 577 1161 rium
606 1106 744 1159 enim
772 1112 1106 1173 peccatorum
1129 1103 1318 1172 peribit
1341 1103 1406 1155 3°.
1432 1102 1536 1156 Sed
1577 1101 1704 1171 quid
1729 1099 2023 1171 princepit?

512 1196 787 1250 llabebitis
816 1196 872 1248 in
896 1212 1020 1248 usus
1049 1196 1243 1247 varios.
1279 1192 1615 1248 Transferre
1640 1209 1769 1263 ergo
1789 1192 1921 1246 illud
1954 1192 2022 1247 ad

439 1287 698 1340 virtutem
743 1285 1029 1350 debemus,
1065 1295 1125 1338 ut
1170 1284 1239 1337 ad
1285 1284 1619 1348 castitatem,
1657 1290 1752 1337 aut
1779 1282 1845 1337 ad
1875 1282 2022 1337 elec-

440 1393 740 1447 mosynam,
786 1385 880 1430 aut
925 1375 992 1429 ad
1041 1375 1331 1445 justitiam,
1383 1383 1477 1428 aut
1525 1374 1592 1427 ad
1641 1387 2022 1443 quamcunque

441 1470 681 1539 speciem
720 1469 877 1523 bona:
913 1466 1246 1536 operationis
1288 1467 1483 1520 horum
1529 1465 1859 1519 desiderium
1894 1479 2025 1518 cou-

442 1569 740 1625 vertamus,
788 1559 1127 1613 resolventes
1177 1558 1331 1621 illud,
1378 1569 1434 1612 ct
1482 1557 1538 1610 in
1587 1558 1755 1610 alium
1799 1555 2022 1610 modum

442 1652 776 1707 derivantes.
825 1650 938 1705 lloc
976 1650 1122 1705 enim
1160 1657 1265 1715 est,
1297 1649 1549 1703 habebitis
1584 1649 1639 1702 in
1669 1665 1793 1702 usus
1823 1650 2020 1702 varios.

442 1741 578 1807 Quia
617 1750 673 1796 et
703 1741 889 1811 adeps,
923 1741 966 1795 si
1016 1741 1083 1795 ad
1126 1740 1360 1810 aliquam
1402 1739 1693 1792 utilitatem
1734 1737 2025 1806 cujuslibet

439 1833 765 1888 conficiendi
794 1833 979 1903 operis
1007 1831 1352 1886 necessarius
1386 1839 1490 1895 est,
1518 1830 1827 1884 subtiliatur
1861 1838 2023 1899 atque

441 1924 753 1978 resolvitur.

512 2013 571 2067 Si
601 2015 717 2081 quis
751 2014 959 2082 adipem
1005 2012 1095 2082 qui
1133 2012 1308 2081 o/ferri
1340 2012 1486 2065 debet
1527 2013 1581 2064 in
1620 2012 1886 2065 incensum
1919 2010 2028 2064 Do-

441 2106 573 2159 mini
609 2107 908 2171 comederit,
946 2105 1135 2174 peribit
1184 2105 1248 2157 de
1289 2102 1481 2173 pcpulo
1513 2120 1628 2157 suo.
1662 2102 1828 2157 Recte
1862 2102 2025 2173 perit,

441 2181 700 2251 videlicet
744 2210 967 2266 cogens,
1015 2203 1111 2248 aut
1155 2194 1263 2247 alio
1318 2194 1479 2247 modo
1530 2193 1767 2247 suadens
1806 2193 1893 2268 .ci,
1932 2193 2025 2261 qui

441 2293 796 2360 semetipsum
829 2290 1026 2344 obtulit
1055 2288 1189 2352 Deo,
1220 2303 1329 2342 non
1361 2286 1430 2341 ad
1464 2303 1765 2356 supernum
1808 2287 2027 2341 oculum

441 2384 783 2438 desiderium
812 2382 1034 2445 habere,
1067 2381 1164 2436 sed
1198 2381 1266 2436 ad
1301 2380 1624 2449 placendum
1654 2378 1780 2433 sibi.

513 2473 676 2528 Vens.
711 2473 802 2537 26,
833 2474 924 2527 ‘27.
973 2492 992 2524 ι
1038 2472 1375 2542 Sanguinem
1423 2485 1639 2542 quoque
1691 2468 1870 2524 omnis
1912 2469 2031 2522 ani-

443 2564 604 2618 malis
632 2579 743 2618 non
774 2564 1004 2618 sumetis
1032 2562 1085 2615 in
1115 2564 1262 2626 cibo,
1294 2574 1400 2617 tam
1432 2564 1500 2618 dc
1529 2563 1743 2627 avibus,
1769 2576 1930 2630 quam
1962 2562 2029 2615 de

444 2655 760 2725 pecoribus.
821 2655 1014 2708 Omnis
1065 2655 1248 2708 anima
1302 2671 1422 2724 qua:
1452 2655 1627 2709 ederit
1687 2653 2025 2724 sanguinem,

447 2747 651 2818 peribit
680 2747 747 2800 de
779 2746 995 2816 populis
1025 2744 1162 2799 suis.
1194 2763 1213 2796 ι

518 2838 658 2906 Quia
698 2837 1020 2908 sanguinem
1062 2836 1298 2893 animam
1330 2836 1447 2890 vult
1476 2835 1727 2905 intelligi,
1759 2834 2033 2891 suliicien-

447 2937 531 2987 ter
558 2930 810 3000 superius
835 2930 1272 2985 demonstratum
1311 2937 1412 2982 est.
1458 2927 1579 2982 Vult
1609 2944 1741 2999 ergo
1773 2928 2030 2981 virtutem

436 3006 551 3073 nos
576 3019 793 3088 assequi
824 3017 1049 3073 alterna:
1072 3017 1381 3072 dilectionis
1412 3035 1425 3071 :
1451 3027 1508 3071 et
1534 3032 1710 3087 neque
1735 3018 2028 3087 justorum,

447 3123 679 3177 quorum
729 3108 832 3162 hoc
860 3108 1003 3173 loco,
1053 3115 1277 3178 pr0pter
1317 3107 1568 3162 altiorem
1612 3110 1871 3175 volatum,
1904 3124 2032 3164 con—

448 3200 818 3257 versationem
850 3199 1196 3271 signiﬁcavit,
1226 3216 1409 3270 neque
1437 3210 1807 3271 peccatorum,
1835 3201 2034 3270 quibus

449 3305 714 3362 pecorum
736 3290 1050 3359 appellatio,
1076 3305 1175 3360 pro
1203 3305 1268 3344 eo
1295 3293 1438 3359 quod
1469 3292 1533 3345 ad
1561 3291 1820 3346 inferiora
1852 3290 2039 3344 inten-

449 3382 611 3445 dunt,
640 3382 900 3437 convenit
941 3382 1233 3436 comedere
1286 3382 1631 3452 sanguinem,
1676 3382 1728 3437 id
1773 3389 1858 3436 est
1901 3382 2039 3435 nihil

448 3472 520 3529 ad
571 3487 761 3528 eorum
817 3473 1033 3541 Operari
1097 3482 1349 3526 mortem.
1411 3473 1567 3539 Quod
1639 3482 1845 3538 autem,
1899 3473 2040 3528 sicut

450 3562 625 3621 edunt
669 3561 834 3630 LXX,
883 3565 989 3619 hoc
1038 3580 1151 3620 non
1209 3564 1327 3619 ﬁeri
1385 3564 1440 3619 in
1496 3565 1642 3619 omni
1700 3566 2041 3619 habitatione

452 3654 736 3725 praecepit,
780 3671 879 3724 per
933 3654 1322 3719 habitationes,
1376 3654 1697 3710 diﬁ'erentes
1744 3671 2040 3711 conversa-

456 3747 633 3803 tiones
677 3747 880 3801 innuit.
917 3746 1147 3817 Propter
1176 3749 1322 3818 quod
1368 3757 1584 3817 Oportet
1610 3765 1638 3802 a
1671 3749 1875 3803 malitia
1905 3764 2044 3805 con~

455 3846 539 3894 tra
589 3840 922 3909 proximum,
977 3849 1088 3893 tam
1139 3839 1446 3895 sublimiter
1504 3840 1829 3909 sapientem,
1878 3856 2039 3909 quam

453 3927 824 3994 mediocriter,
856 3928 940 3984 vel
973 3930 1184 3984 nullum
1230 3929 1518 3998 sapientiae
1553 3930 1790 3985 studium
1833 3930 2043 3985 haben-

456 4028 586 4088 tem,
619 4030 674 4076 et
704 4030 765 4076 ut
792 4022 1004 4078 dicatur
1048 4022 1307 4088 breviter,
1348 4031 1404 4077 et
1440 4024 1649 4094 justum
1695 4023 1764 4077 ab
1807 4038 1892 4089 ea,
1922 4040 2043 4092 quae

456 4120 541 4166 est
574 4120 762 4167 contra
809 4121 1174 4182 peccatorem,
1214 4123 1268 4168 ct
1319 4123 1663 4183 peecatorem
1709 4114 1778 4168 ab
1819 4129 1882 4168 ea
1921 4131 2041 4185 quae

457 4218 581 4259 csse
636 4213 814 4273 potest
862 4214 1052 4259 contra
1111 4206 1342 4274 justum,
1376 4206 1656 4261 abstinere
1707 4207 1933 4273 malitia,
1984 4217 2044 4262 ut

459 4296 637 4349 nullas
679 4297 755 4349 illi
792 4297 1048 4350 moliatur
1092 4296 1338 4359 insidias,
1388 4298 1589 4360 sciens.
1632 4298 1758 4368 quia
1817 4301 1872 4353 in
1914 4314 2041 4355 san-

459 4387 677 4458 guinem
731 4398 939 4457 peccat,
975 4398 1031 4443 et
1075 4391 1395 4459 sanguinem
1452 4390 1743 4446 comedere
1788 4406 1913 4446 eum
1960 4391 2041 4446 le-

2123 549 2354 605 Domino
2391 550 2813 614 consecraverit,
2849 550 3027 605 tradet
3056 548 3348 613 sacerdoti,
3385 546 3481 617 qui
3515 546 3705 601 adole—

2122 641 2203 698 bit
2241 642 2458 712 adipem
2511 658 2677 713 super
2722 642 2934 698 altare:
2964 640 3343 712 pcctusculum
3385 648 3568 693 autem
3599 638 3706 697 erit

2121 734 2327 801 Aaron,
2362 742 2417 789 et
2461 733 2695 789 ﬁliorum
2745 734 2885 805 ejus,
2926 747 3111 788 armus
3156 746 3374 803 quoque
3412 730 3604 786 dexter
3636 729 3705 783 de

2122 826 2474 897 paciﬁcorum
2525 826 2720 882 hostiis
2764 827 2908 883 cadit
2959 826 3014 880 in
3065 824 3324 895 primitiis
3379 820 3701 878 sacerdotis.

2124 918 2226 985 Qui
2257 918 2517 974 obtulerit
2555 919 2877 990 sanguinem
2920 926 2975 972 et
3013 917 3228 986 adipem
3255 915 3492 970 ﬁliorum
3522 914 3703 967 Aaron

2124 1009 2241 1079 ipse
2277 1008 2501 1063 habebit
2544 1016 2598 1063 ct
2642 1022 2855 1062 armum
2891 1007 3142 1062 dextrum
3175 1005 3230 1059 in
3263 1004 3513 1076 portione
3556 1016 3654 1056 sua
3687 1018 3702 1055 :

2123 1099 2498 1170 pcctusculum
2527 1101 2674 1153 enim
2703 1098 2976 1164 elationis,
3013 1105 3066 1153 et
3095 1112 3305 1151 armum
3345 1093 3706 1166 separationis

2125 1193 2222 1246 tuli
2272 1208 2302 1246 a
2348 1191 2475 1247 ﬁliis
2520 1191 2709 1255 lsrael,
2759 1206 2823 1245 ex
2874 1188 3071 1245 hostiis
3108 1203 3299 1245 eorum
3349 1186 3611 1258 paciﬁcis,
3653 1193 3707 1243 et

2122 1287 2247 1344 dedi
2278 1286 2459 1341 Aaron
2500 1284 2787 1349 sacerdoti,
2827 1299 2892 1339 ac
2932 1283 3057 1339 ﬁliis
3098 1283 3218 1354 ejus
3266 1281 3384 1352 lege
3419 1287 3703 1351 perpetua,

2124 1382 2193 1437 ab
2221 1379 2370 1434 omni
2402 1379 2604 1449 pepulo
2636 1376 2824 1432 lsrael.
2865 1394 2885 1428 ι

2194 1471 2335 1527 Vere
2382 1471 2475 1541 qui
2532 1471 2705 1541 legem
2760 1468 2856 1524 Dei
2909 1466 3205 1524 meditatur
3262 1473 3425 1520 nocte
3480 1470 3538 1517 et
3592 1462 3702 1529 die,

2125 1564 2330 1635 lignum
2360 1571 2446 1618 est
2478 1562 2779 1634 plantatum
2826 1574 2985 1615 secus
3025 1559 3290 1614 decursus
3322 1570 3607 1626 aquarum,
3643 1561 3706 1608 ut

2125 1653 2211 1709 det
2249 1652 2485 1708 fructum
2528 1652 2582 1706 in
2616 1660 2861 1721 tempore
2890 1664 2990 1705 suo
3024 1648 3377 1703 meditatione
3418 1644 3703 1717 irrigatum

2125 1744 2291 1816 legis,
2333 1759 2456 1813 quae
2504 1751 2563 1799 ut
2615 1758 2725 1797 non
2776 1741 2941 1795 faciat
2985 1738 3294 1802 fastidium,
3339 1752 3441 1791 nec
3491 1734 3709 1790 deﬁciat

2125 1837 2333 1907 legens,
2387 1836 2562 1890 variat
2615 1834 2974 1897 sanctionem,
3019 1830 3342 1886 diﬁ'erenter
3396 1829 3464 1884 de
3513 1827 3707 1882 iisdem

2127 1925 2457 1997 pra-cipiens
2485 1918 2554 1979 “.
2607 1924 2722 1979 Hoc
2772 1932 2952 1978 autem
3008 1922 3209 1977 divina:
3262 1930 3348 1975 est
3401 1918 3718 1989 sapientiaa-

2127 2031 2248 2086 qure
2295 2015 2349 2069 in
2397 2015 2543 2069 omni
2588 2014 2752 2069 etiam
2793 2014 3079 2084 disciplina
3114 2013 3218 2067 hoc
3248 2020 3526 2082 Operatur.
3571 2009 3708 2065 Nam

2129 2121 2255 2164 ecce
2285 2115 2340 2162 et
2373 2106 2704 2161 medicinam
2738 2106 2987 2160 invenies
3023 2104 3199 2158 morbi
3234 2113 3499 2173 tempore,
3537 2100 3707 2155 multa

2126 2198 2511 2271 praeferentem
2551 2197 2969 2260 medicamenta,
3004 2196 3177 2251 multo
3217 2196 3388 2266 magis
3422 2203 3474 2248 et
3509 2192 3563 2246 in
3605 2192 3711 2247 hoc

2128 2292 2272 2362 quod
2296 2292 2496 2345 anima:
2524 2289 2827 2359 profectum
2850 2299 2905 2343 et
2930 2288 3217 2343 sanitatem
3237 2294 3477 2357 pra-stat.
3504 2283 3708 2351 Quam-

2128 2385 2319 2439 obrem
2347 2384 2606 2437 virtutem
2640 2381 2803 2451 hujus
2833 2380 3179 2434 intendamus
3213 2378 3532 2433 sanetionis.

2200 2477 2428 2530 Locutus
2476 2485 2549 2529 est
2593 2474 2851 2529 Dominus
2894 2473 2963 2525 ad
2996 2472 3204 2541 Moysen
3231 2472 3408 2524 dicens
3429 2485 3448 2524 :
3481 2469 3711 2537 Loquere

2129 2566 2255 2637 [iliis
2289 2566 2479 2621 Israel.
2523 2564 2579 2619 In
2616 2581 2725 2635 quo
2767 2565 2886 2619 loco
2933 2562 3076 2617 LXX
3114 2563 3402 2617 ed:derunt
3437 2578 3451 2613 :
3487 2560 3556 2614 Et
3585 2559 3711 2629 ﬁliis

2133 2658 2305 2713 Israel
2353 2659 2600 2731 loqueris,
2629 2658 2825 2711 dicens.
2856 2656 2977 2711 Non
3027 2671 3157 2727 ergo
3206 2654 3409 2709 frustra
3458 2653 3710 2723 superius

2118 2752 2385 2815 diximus,
2421 2751 2546 2821 quia
2592 2751 2660 2805 ad
2706 2749 2966 2820 populum
3018 2748 3260 2818 gentium
3322 2761 3387 2801 ea
3424 2760 3545 2815 quae
3579 2753 3712 2799 tunc

2132 2838 2278 2892 dicta
2325 2848 2453 2893 sunt
2502 2839 2736 2892 maxime
2789 2837 3173 2907 pertinebant,
3221 2836 3385 2905 hujus
3435 2834 3578 2889 enim
3631 2831 3712 2888 rei

2133 2929 2411 2999 lcgisiator
2454 2944 2684 2993 memor,
2719 2944 2829 2983 non
2868 2929 3008 2983 dixit
3051 2943 3199 2982 nunc
3239 2928 3539 2983 secundum
3574 2924 3712 2982 LXX

2133 3020 2429 3075 editionem
2464 3039 2476 3074 :
2502 3018 2740 3090 Loquere
2764 3020 2891 3089 ﬁliis
2912 3019 3114 3082 Israel;
3139 3018 3256 3083 sed,
3284 3030 3330 3073 et
3360 3018 3481 3072 ﬁliis
3503 3016 3714 3073 Israel:

2137 3112 2241 3167 hoc
2267 3111 2583 3177 ostendens,
2615 3111 2742 3181 quia
2782 3126 2891 3166 non
2926 3110 3102 3165 solum
3143 3111 3243 3176 eis,
3286 3109 3383 3165 sed
3415 3116 3471 3163 et
3501 3108 3604 3163 illis
3632 3107 3717 3161 lo-

2137 3212 2356 3273 quatur,
2385 3204 2478 3272 qui
2526 3212 2656 3257 sunt
2697 3218 2761 3256 ex
2809 3203 3079 3273 gentibus,
3115 3201 3421 3256 communis
3457 3200 3600 3255 enim
3637 3197 3720 3253 eis

2141 3298 2254 3351 luce
2291 3304 2376 3349 est
2406 3296 2708 3350 secundum
2744 3294 2997 3365 spiritum
3025 3295 3131 3349 lex.
3156 3292 3296 3359 Quid
3324 3301 3505 3347 autem
3534 3290 3650 3345 ait?

2210 3385 2310 3450 Qui
2342 3385 2516 3456 offeret
2558 3386 2827 3440 victimam
2872 3385 3209 3454 paci/iceram
3246 3383 3490 3448 Domino,
3536 3382 3722 3453 oﬂ‘erat

2138 3476 2299 3529 simul
2346 3486 2395 3529 et
2441 3475 2781 3545 sacriﬁcium,
2806 3476 2861 3528 id
2900 3484 2995 3538 est,
3032 3485 3082 3528 et
3118 3473 3409 3529 libamenta
3436 3472 3572 3543 ejus.
3618 3470 3722 3525 Se-

2139 3568 2378 3622 cundum
2418 3564 2557 3621 LXX
2588 3576 2772 3621 autem
2817 3584 2830 3620 :
2862 3565 3089 3636 Oﬂ'erens
3131 3565 3446 3637 sacri/icium
3486 3562 3726 3617 salutare

2142 3659 2398 3724 Domino,
2445 3660 2622 3729 offeret
2671 3675 2859 3712 uulnus
2903 3675 3060 3713 suum
3112 3657 3336 3713 Domino
3366 3657 3430 3711 de
3461 3655 3726 3725 sacriﬁcio

2139 3751 2369 3805 salutari
2392 3753 2527 3822 ejus.
2552 3751 2615 3806 Et
2634 3767 2795 3822 quam
2820 3751 2926 3813 hoc
2954 3752 3468 3823 interpretationem
3500 3749 3726 3809 habeat,

2141 3845 2458 3899 manifestat
2486 3845 2646 3915 plane
2674 3847 2819 3915 quod
2848 3846 3115 3915 sequitur.

2213 3935 2420 3989 Tenebit
2462 3937 2705 3990 manibus
2747 3937 2956 4007 adipem
2995 3937 3198 3990 hostia'.
3231 3935 3327 3990 Vel
3356 3936 3498 3990 sicut
3534 3933 3675 3988 LXX
3711 3951 3726 3989 :

2142 4024 2329 4079 Manus
2351 4023 2467 4091 ejus
2486 4025 2699 4095 'oﬂ'erent
2714 4034 2836 4079 exta
2860 4025 3104 4091 Domino,
3131 4026 3185 4080 id
3204 4034 3309 4088 est,
3337 4025 3517 4095 ipsum
3533 4038 3731 4095 quern-

2142 4115 2287 4184 piam
2318 4124 2537 4185 oportet
2569 4131 2633 4170 ea
2667 4131 2789 4186 qua:
2826 4117 2895 4172 ad
2932 4116 3179 4187 paciﬁca,
3212 4116 3299 4171 vel
3333 4116 3563 4169 salutem
3594 4129 3729 4184 per-

2145 4205 2320 4258 tinent
2365 4206 2603 4276 operari,
2648 4216 2836 4278 utpote
2888 4208 2983 4277 qui
3040 4206 3266 4262 alterius
3320 4206 3522 4270 studio,
3561 4205 3727 4259 amici

2141 4295 2320 4363 forte,
2361 4308 2457 4354 aut
2493 4300 2745 4372 cognati,
2794 4300 2989 4356 salvari
3043 4315 3153 4356 non
3204 4306 3407 4371 potest.
3448 4298 3728 4364 Quemad-

2143 4388 2366 4443 modum
2400 4389 2519 4446 haec
2552 4392 2813 4462 iniquitas
2842 4393 3018 4463 iniqui
3052 4406 3219 4462 super
3250 4407 3377 4447 eum
3405 4391 3530 4459 erit,
3566 4391 3646 4446 sic
3670 4402 3728 4446 et

460 4480 684 4551 gislator
714 4481 942 4550 judicat,
973 4490 1029 4536 et
1072 4482 1274 4552 peribit
1326 4482 1505 4537 anima
1553 4482 1670 4538 haec
1711 4482 1779 4538 de
1826 4483 2041 4554 pepulis
2072 4524 2117 4583 υ
2138 4480 2346 4550 justitia
2370 4482 2504 4552 justi
2531 4498 2700 4553 super
2724 4499 2850 4539 eum
2876 4484 2999 4540 erit.
3026 4481 3313 4548 Quomodo
3350 4491 3479 4537 ante
3504 4489 3722 4552 oportet

461 4572 610 4638 suis,
659 4589 760 4644 pro
813 4590 881 4630 eo
929 4575 1075 4643 quod
1129 4576 1492 4632 intentionem
1544 4576 1737 4632 habuit
1780 4577 2039 4648 perdendi

462 4664 715 4735 proximi.
766 4664 998 4736 insuper
1039 4677 1097 4721 et
1141 4667 1246 4722 hoc
1289 4667 1536 4736 intende,
1580 4668 1673 4738 qui
1715 4684 1780 4724 ea
1820 4686 1942 4739 quae
1976 4671 2046 4728 de

2144 4572 2377 4627 hostiam
2414 4573 2720 4629 celebrari?

2213 4663 2423 4719 Tenebit
2472 4666 2715 4720 manibus
2762 4667 2972 4735 adipem
3018 4666 3200 4721 hostiae
3241 4674 3292 4719 et
3344 4663 3719 4733 pcctusculum.

465 4755 754 4825 prohibitis
789 4758 925 4813 cibis
952 4767 1056 4821 est,
1090 4766 1146 4814 et
1178 4768 1324 4815 tactu
1352 4760 1783 4823 immundorum,
1811 4761 2047 4818 sanctio-
2141 4753 2239 4811 Vel
2284 4757 2587 4812 secundum
2626 4755 2768 4811 LXX
2798 4773 2812 4810 :
2842 4756 3032 4827 Oﬁeret
3077 4758 3289 4826 adipem
3323 4757 3414 4826 qui
3454 4765 3529 4809 est
3569 4770 3726 4823 super

463 4860 592 4901 nem
635 4845 920 4901 insinuans
961 4849 1178 4914 animm,
1218 4849 1675 4911 lexJnentionem
1711 4849 1841 4905 facit
1876 4868 1888 4904 :
1919 4851 2046 4920 quia
2141 4849 2519 4917 pcctusculum,
2554 4857 2603 4903 et
2637 4851 2853 4918 pinnam
2881 4849 3098 4919 jecoris,
3128 4859 3175 4903 et
3207 4846 3387 4919 oﬂ‘eret
3414 4865 3498 4913 ea,
3535 4858 3593 4901 ut
3628 4849 3731 4900 int-

464 4935 704 4992 maxime
749 4951 816 4990 ex
860 4938 1114 5008 gentibus
1155 4938 1383 5009 populo,
1414 4940 1573 5009 cujus
1609 4955 1732 4994 esse
1773 4940 2047 5010 signiﬁca-
2144 4948 2372 5009 ponatur
2406 4941 2461 4993 in
2493 4951 2770 5011 conspectu
2804 4941 3040 4996 Domini.
3075 4939 3457 4996 Pectuscuium
3494 4937 3733 5009 appellat

466 5031 674 5089 tionem
720 5031 1012 5088 animalem
1065 5031 1340 5087 hominem
1390 5032 1886 5095 manifestavimus,
1932 5048 2051 5087 mos
2147 5030 2311 5087 ﬁdem
2355 5041 2411 5087 et
2453 5032 2862 5099 conﬁdentiam,
2899 5034 3027 5103 quia
3071 5033 3189 5088 haec
3235 5031 3541 5087 fortitudini
3596 5044 3734 5084 con-

465 5133 552 5180 cst
587 5122 842 5179 oumibus
880 5121 1064 5178 vetitis
1103 5122 1270 5193 pollui
1318 5122 1652 5188 actionibus,
1686 5138 1717 5176 a
1756 5121 1956 5193 quibus
1990 5120 2055 5174 il-
2147 5123 2336 5193 juncta
2384 5134 2530 5180 sunt.
2571 5124 2859 5182 Fortitudo
2908 5134 3090 5180 autem
3145 5124 3418 5188 animalis,
3459 5121 3734 5193 perfectos

466 5214 580 5272 ium
612 5216 870 5269 recedere
899 5211 1178 5281 prmcepit.
2151 5215 2440 5287 designare
2483 5218 2641 5282 solet,
2674 5233 2799 5273 nam
2834 5227 2889 5272 et
2929 5217 3196 5272 Dominus
3224 5217 3291 5271 ad
3324 5215 3428 5270 Job
3454 5215 3526 5269 ita
3559 5214 3737 5284 loqui-

545 5324 705 5383 Vsus.
736 5325 927 5382 28-34.
974 5343 993 5376 ι
1026 5323 1266 5379 Locutus
1298 5333 1384 5379 est
1418 5323 1685 5380 Dominus
1730 5324 1796 5379 ad
1838 5322 2031 5395 Moyse]

2157 5317 2266 5362 tur.
2308 5308 2562 5381 Nunquid
2606 5309 2858 5381 prabebis
2902 5325 3031 5380 equo
3072 5308 3457 5380 fortitudinem,
3492 5315 3588 5359 aut
3630 5306 3739 5358 cir-

468 5420 657 5478 dieens
686 5435 700 5473 :
733 5417 981 5489 Loquere
1010 5416 1136 5473 ﬁliis
1172 5415 1332 5473 Israel
1363 5435 1378 5472 :
1408 5416 1513 5484 Qui
1540 5418 1736 5473 oﬂ’eret
1767 5392 2031 5473 victimau

2156 5401 2428 5455 cumdabis
2482 5402 2615 5456 collo
2671 5402 2785 5473 ejus
2826 5402 3089 5456 hinnitum
3117 5400 3185 5453 θ’.
3240 5397 3553 5453 Secundum
3591 5392 3741 5450 LXX

469 5509 820 5580 paciﬁcum.“
867 5507 1121 5575 Domino,
1154 5508 1348 5564 οσεηι
1391 5510 1556 5564 simul
1606 5518 1662 5565 ει
1699 5507 2048 5575 sacriﬁcium,
2160 5503 2339 5549 autem
2378 5493 2575 5548 addit:
2610 5493 3043 5565 Circumposuisti
3084 5502 3263 5546 autem
3291 5491 3339 5544 ei
3367 5504 3519 5543 0mm
3553 5501 3744 5580 arma:

472 5576 527 5655 id
566 5607 651 5653 est
677 5604 733 5653 et
764 5597 1056 5652 libamenta
1100 5598 1239 5669 ejus,
1278 5600 1594 5670 tenebitque
1636 5599 1891 5653 manibus
1932 5595 2053 5651 adi-
2162 5608 2277 5645 rum
2304 5606 2482 5662 genus,
2514 5590 2682 5660 gloria
2713 5599 2890 5643 autem
2918 5587 3139 5648 aectoris
3166 5585 3280 5656 ejus
3303 5583 3554 5638 ααάαοία-
3578 5576 3746 5646 Ωῑιοά

542 5795 591 5834 ⁸⁸
619 5797 637 5854 ι
666 5799 811 5857 l‘etr.
857 5820 910 5873 v,
950 5804 1002 5858 8.
1078 5802 1121 5834 "'
1150 5801 1294 5858 l‘sal.
1333 5817 1437 5872 cst,
1498 5799 1585 5857 l0.
1659 5799 1705 5832 '°
1728 5797 1868 5857 Psal.
1902 5797 1943 5868 l,
1997 5796 2052 5851 5.
2127 5795 2170 5828 "
2212 5794 2313 5850 Job
2336 5809 2521 5862 xxxix,
2550 5792 2637 5848 19.
