4030 6240
369 375 473 440 869

1518 379 1599 439 IN
1644 379 2084 442 LEVITICUM.
2125 405 2192 417 ——
2228 382 2376 444 LIB.
2396 368 2494 443 'II.

3528 382 3636 446 870

365 485 515 541 enim
548 483 827 554 praesumit
877 493 932 539 et
980 484 1165 549 audet,
1200 499 1267 539 ex
1316 484 1636 542 fortitudine
1680 498 1736 543 et
1781 488 1950 543 conﬁ-
1988 511 2026 565 Α
2125 488 2194 543 Et
2229 491 2348 544 dedi
2375 492 2553 544 Aaron
2599 462 2863 547 sacerdoti
2889 500 2939 546 et
2967 491 3093 562 ﬁliis
3121 490 3256 561 eius.
3318 481 3633 548 secundum

367 577 555 632 dentia
596 576 694 642 ﬁt;
748 577 875 645 quia
922 586 1106 632 autem
1154 593 1277 633 cum
1313 578 1381 633 de
1420 578 1688 634 sacriﬁcio
1728 580 1951 635 salutari

365 669 799 739 praeciperetur,
871 670 1111 734 ventris,
1162 679 1217 725 et
1263 686 1489 737 renum,
1532 679 1587 725 et
1638 672 1840 736 lumbi,
1897 681 1953 727 et

369 760 893 831 pinna},ethepatis,
940 770 996 816 et
1028 764 1221 833 adipis,
1248 773 1304 817 et
1336 764 1599 818 ternorum
1634 765 1951 819 memoriam

367 852 516 916 fecit,
545 853 732 908 omisit
778 863 960 909 autem
1006 855 1406 924 pectusculum,
1445 856 1540 910 sed
1585 864 1640 910 et
1686 873 1898 911 armum
1935 875 1948 911 :

364 945 578 1000 variare
626 935 904 1012 videlicet,
956 948 1099 1002 sicut
1149 947 1355 1002 dictum
1406 959 1507 1010 est,
1554 949 1952 1019 legislationem

370 1036 582 1102 volens,
624 1045 679 1091 et
741 1047 955 1107 tempus
1010 1038 1114 1091 sibi
1169 1054 1392 1094 servare
1442 1042 1508 1094 de
1557 1041 1760 1095 eisdem
1818 1041 1954 1112 ipsis

367 1124 688 1195 frequenter
743 1136 1011 1197 praacepta
1064 1128 1250 1183 dandi.
1303 1129 1439 1185 Ecce
1486 1131 1634 1184 enim
1672 1146 1821 1185 nunc
1865 1146 1950 1196 ea,

365 1234 486 1288 quae
518 1220 672 1288 prius
701 1235 809 1274 non
838 1221 996 1284 dixit,
1028 1223 1302 1291 exposuit.

439 1312 648 1366 Tenebit
696 1313 937 1366 manibus
984 1315 1194 1382 adipem
1240 1315 1446 1378 liostia',
1477 1322 1525 1367 et
1574 1315 1950 1382 pectusculum.

364 1400 464 1457 Ἶρι
487 1405 629 1457 sicut
664 1404 805 1457 LXX
841 1422 855 1459 :
891 1406 1115 1475 Adipem
1144 1422 1302 1474 super
1329 1406 1710 1474 pectusculum,
1747 1416 1802 1461 et
1834 1407 1954 1476 pin-

365 1511 492 1549 nam
548 1496 766 1565 hepatis
823 1497 1146 1566 przecipiens
1197 1496 1408 1551 oﬁ'erri.
1462 1494 1568 1551 Per
1618 1497 1865 1566 pinnam,
1903 1504 1957 1551 et

365 1602 549 1653 renes,
579 1590 741 1643 etiam
770 1590 835 1644 ad
875 1590 1106 1643 aliorum
1135 1606 1257 1660 quae
1281 1592 1392 1661 jam
1428 1591 1572 1646 dicta
1603 1600 1752 1653 sunt,
1785 1593 1954 1646 semel

369 1681 690 1734 memoriam
732 1696 834 1735 nos
881 1681 1171 1736 reducens.
1204 1681 1308 1753 Per
1340 1684 1715 1752 pectusculum
1747 1691 1950 1744 autem,

364 1770 525 1825 ﬁdem
555 1772 848 1842 designans
878 1782 934 1827 et
965 1771 1376 1837 conﬁdentiam,
1417 1791 1581 1846 quam
1615 1776 1805 1829 oﬁ‘erri
1843 1773 1953 1828 Do—

2054 581 2309 649 superius
2334 582 2588 638 videlicet
2614 584 2816 638 dictam
2846 584 3187 640 divisionem.
3223 585 3416 641 Totius
3445 601 3632 640 autem

2054 671 2221 742 hujus
2251 674 2492 728 mandati
2522 674 2869 730 conﬁrmatio
2898 677 3171 745 sequitur.
3601 691 3607 697 ‘

2125 764 2258 834 Lege
2292 774 2541 833 perpetua
2564 775 2638 818 est
2657 782 2687 818 a
2712 765 2837 835 [iliis
2861 766 3051 821 Israel.
3076 764 3196 823 Non
3219 777 3303 824 est
3324 767 3470 824 enim
3499 776 3635 822 tem-

2052 871 2175 924 pus,
2216 872 2326 924 quo
2374 871 2484 910 non
2537 858 2661 912 ﬁdei
2722 872 2778 913 et
2828 859 3059 914 actionis
3121 860 3450 915 oblationem
3505 873 3634 928 spe-

2051 946 2265 1002 cialiter
2293 947 2435 1002 Deus
2461 948 2529 1004 ab
2558 949 2642 1005 his
2678 949 2768 1020 qui
2794 949 3091 1013 salvantur,
3128 951 3387 1020 accipiat.
3435 949 3633 1006 Paulus

2052 1038 2258 1108 quippe
2310 1039 2388 1093 ait
2428 1055 2618 1094 omnes
2644 1042 2736 1109 qui
2789 1041 3085 1096 virtutibus
3122 1042 3417 1111 pollebant,
3466 1040 3633 1096 veluti

2053 1129 2210 1193 Abel,
2236 1129 2419 1183 Enoch
2448 1137 2505 1183 et
2526 1129 2640 1184 Noe
2662 1170 2676 1195 ,
2714 1139 2769 1184 et
2800 1146 3156 1200 quoscunque
3186 1147 3310 1186 cum
3342 1132 3446 1185 illis
3491 1145 3629 1188 con-

2054 1222 2387 1284 numeravit,
2415 1223 2597 1291 perﬁci
2627 1239 2725 1293 per
2754 1223 2914 1278 ﬁdem
2945 1224 3014 1277 ”.
3094 1262 3108 1277 ι

2131 1330 2151 1362 ‹
2207 1312 2337 1367 llaec
2363 1322 2445 1367 est
2468 1314 2653 1367 unctio
2683 1315 2865 1369 Aaron
2888 1326 2943 1369 et
2969 1315 3201 1369 ﬁliorum
3233 1314 3352 1383 eius
3384 1314 3435 1367 in
3464 1327 3632 1369 caere—

2056 1403 2253 1456 moniis
2294 1404 2530 1467 Domini,
2565 1405 2653 1459 die
2677 1421 2782 1474 qua
2805 1406 3005 1461 obtulit
3037 1421 3130 1461 eos
3157 1405 3365 1475 Moyses
3420 1412 3478 1457 ut
3544 1420 3632 1458 sa-

2053 1491 2295 1547 cerdotio
2318 1492 2692 1564 iungerentur,
2714 1504 2770 1548 et
2801 1511 2921 1564 quae
2952 1496 3211 1565 praecepit
3250 1495 3365 1549 dari
3393 1493 3471 1549 eis
3527 1493 3632 1549 Do-

2056 1581 2238 1636 minus
2260 1598 2291 1636 a
2320 1581 2444 1638 ﬁliis
2470 1585 2628 1639 Israel
2655 1585 2916 1655 religione
2951 1594 3214 1656 perpetua
3234 1587 3287 1639 in
3325 1587 3635 1656 generatio-

2054 1671 2218 1725 nibus
2245 1670 2379 1726 suis.
2415 1690 2433 1722 ι

2124 1760 2199 1813 Ea
2225 1775 2345 1829 quae
2403 1761 2546 1816 dicta
2586 1771 2735 1824 sunt,
2787 1762 3041 1817 videntur
3103 1764 3507 1833 quodammodo
3560 1766 3632 1820 ad

366 1861 518 1915 ιηίηο
550 1863 685 1928 vult,
724 1864 793 1917 ab
835 1878 903 1918 eo
947 1864 1039 1933 qui
1084 1866 1280 1920 salvari
1331 1869 1627 1934 desiderat,
1665 1868 1791 1937 quia
1836 1869 1948 1921 δεηε
1982 1850 2019 1904 Β
2052 1849 2366 1906 unctionem
2424 1853 2767 1906 sacerdotum
2797 1854 3091 1923 pertinere,
3119 1855 3215 1909 sed
3245 1854 3436 1908 nonin
3489 1870 3629 1923 pra:-

365 1950 467 2018 ﬁde
499 1952 820 2021 impossibile
851 1963 924 2008 est
956 1971 1047 2008 nos
1079 1955 1289 2025 placere
1316 1957 1427 2011 Deo
1455 1959 1523 2013 θ’.

436 2039 580 2106 Quid
609 2051 792 2096 autem
829 2044 913 2097 bis
953 2043 1195 2100 addidit?

440 2130 631 2183 Tradet
681 2133 962 2197 sacerdoti,
1030 2135 1121 2204 qui
1158 2136 1386 2190 adolcbit
1431 2140 1641 2207 adipem
1675 2155 1830 2208 super
1860 2140 1945 2193 al-

365 2229 512 2274 tare.
540 2220 708 2276 ltecte
746 2222 984 2280 diximus
1023 2227 1193 2290 enim,
1222 2227 1351 2296 quia
1385 2244 1547 2285 omne
1576 2239 1821 2285 nostrum
1853 2233 1945 2287 dc-

365 2313 627 2368 siderlum
660 2314 1039 2372 holocaustum
1077 2316 1191 2373 ﬁeri
1221 2319 1358 2374 vult.

438 2404 807 2460 Pectusculum
855 2418 1034 2463 autem
1079 2411 1176 2463 erit
1220 2411 1400 2465 Aaron
1450 2422 1498 2467 et
1546 2414 1776 2482 ﬁliorum
1808 2417 1941 2485 ejus.

363 2500 559 2552 Armus
599 2514 801 2567 quoque
839 2501 1022 2553 dexter
1076 2502 1138 2555 de
1195 2504 1534 2571 paci/iceram
1583 2506 1764 2561 ltostiis
1802 2510 1944 2561 cadit

364 2585 420 2638 in
447 2587 698 2655 primitiis
727 2590 1035 2643 sacerdotis.
1066 2590 1265 2646 Armus
1299 2597 1488 2648 dexter
1518 2596 1759 2650 actiones
1788 2598 1945 2652 bona;

365 2684 514 2731 sunt.
565 2677 705 2748 Ergo
759 2686 814 2734 et
864 2679 1046 2745 ﬁdem,
1082 2691 1136 2736 et
1189 2684 1433 2739 actiones
1482 2687 1678 2741 oﬁ‘erre
1728 2698 1945 2758 Oportet

364 2783 511 2833 eum,
545 2770 638 2837 qui
684 2770 881 2824 salvari
929 2774 1066 2827 vult.
1113 2772 1218 2828 Sed
1258 2776 1381 2845 quia
1413 2780 1786 2847 pectusculum
1818 2779 1943 2836 ﬁliis

366 2861 548 2914 Aaron
600 2861 898 2930 deputavit,
937 2864 1028 2934 qui
1079 2866 1341 2920 sublimes
1386 2868 1493 2923 vita
1542 2878 1689 2933 sunt,
1729 2886 1940 2925 armum

364 2959 547 3004 autem
604 2951 851 3006 dextrum
908 2955 1198 3019 sacerdoti,
1248 2959 1339 3025 qui
1396 2959 1686 3029 imaginem
1736 2959 1942 3016 Christi

365 3048 537 3104 tenet,
569 3050 788 3111 propter
821 3044 967 3112 quod
1004 3045 1153 3099 solus
1197 3048 1450 3102 sacerdos
1481 3049 1583 3103 hoc
1615 3051 1939 3107 sacriﬁcium

365 3132 629 3202 perﬁcere
674 3142 870 3203 potest,
903 3136 1087 3191 oﬁ‘erri
1135 3149 1320 3207 aperte
1354 3140 1629 3210 legislator
1655 3144 1892 3198 ostendit
1924 3162 1937 3198 :
1967 3177 2010 3234 ο

364 3221 493 3291 quia
525 3223 749 3278 credere
776 3225 1020 3294 quidem,
1056 3236 1109 3282 et
1154 3244 1457 3299 proponere
1495 3231 1657 3295 bona,
1687 3243 1939 3288 nostrum

362 3321 465 3375 est,
501 3310 615 3364 sive
649 3312 888 3381 incipere
931 3328 992 3367 ea
1019 3332 1033 3381 ;
1065 3316 1324 3384 operibus
1350 3325 1533 3372 autem
1556 3319 1857 3387 perﬁcere,
1888 3327 1943 3374 et

361 3402 431 3456 ad
460 3402 621 3456 ﬁnem
652 3404 952 3473 perducere
977 3421 1040 3460 ea
1078 3423 1198 3475 «tuae
1228 3419 1404 3479 coepta
1434 3419 1583 3475 sunt,
1612 3411 1717 3465 hoc
1744 3413 1942 3468 divina:

360 3505 447 3550 est
472 3498 681 3568 gratia}.
717 3497 950 3568 Propter
985 3502 1129 3571 quod
1165 3503 1306 3557 dixit
1334 3504 1535 3559 Paulus
1564 3524 1575 3559 :
1611 3504 1734 3560 Non
1760 3507 1940 3561 volen-

361 3587 449 3653 tis,
483 3605 652 3659 neque
689 3594 967 3657 currentis,
999 3593 1089 3646 sed
1116 3594 1409 3649 miserentis
1438 3605 1514 3649 est
1541 3595 1639 3650 Dci
1659 3598 1725 3650 ’³.
1756 3597 1941 3652 Solius

358 3677 504 3730 enim
553 3679 672 3747 ejus
718 3687 802 3733 est
844 3680 1078 3750 dirigere
1121 3682 1388 3735 actiones.
1437 3682 1665 3751 Propter
1706 3683 1850 3753 quod
1885 3692 1941 3738 et

358 3767 645 3823 brachium
690 3770 807 3839 ipse
851 3769 946 3824 Dei
996 3772 1336 3837 nominatur,
1389 3774 1466 3828 ait
1517 3774 1661 3828 enim
1717 3774 1880 3829 Isaias
1922 3790 1937 3829 :

364 3857 606 3924 Domine,
638 3859 754 3930 quis
805 3862 1026 3915 credidit
1077 3864 1285 3916 auditui
1334 3875 1532 3927 nostro,
1572 3874 1620 3917 et
1667 3865 1936 3918 brachium

360 3952 575 4005 Domini
619 3952 703 4004 cui
756 3952 1046 4006 revelatum
1075 3962 1148 4007 est
1178 3952 1256 4006 "7
1298 3953 1369 4009 Ut
1411 3954 1504 4024 qui
1548 3970 1676 4025 ergo
1709 3955 1827 4026 ipse
1855 3963 1938 4010 est

358 4057 548 4097 verum
597 4042 908 4104 brachium.
954 4050 1100 4097 recte
1144 4053 1393 4099 nostrum
1438 4060 1670 4111 armum,
1713 4060 1830 4109 seu,
1879 4052 1939 4100 ut

359 4132 503 4189 LXX
530 4135 743 4199 dicunt,
774 4135 1058 4190 brachium
1091 4136 1317 4206 accepit.
1345 4136 1549 4193 Deinde
1580 4138 1935 4193 intentionem

357 4234 602 4279 nostram
633 4226 871 4280 dilatans
903 4225 1189 4297 legislator
1219 4228 1461 4284 subdidit
1496 4244 1510 4284 :
1553 4227 1655 4293 Qui
1692 4229 1936 4284 obtulerit

356 4316 664 4384 sanguinem
702 4325 750 4369 et
793 4316 1005 4385 adipem
1047 4316 1281 4387 filiorum
1332 4318 1531 4384 Aaron,
1572 4319 1680 4388 ipse
1728 4320 1933 4375 habebit

358 4416 564 4457 armum
596 4404 838 4459 dextrum
864 4406 919 4458 in
948 4407 1187 4474 portione
1218 4423 1336 4460 sua.
1367 4407 1618 4462 Christus
1646 4417 1730 4463 est
1759 4409 1929 4473 enim,

2051 1942 2192 1995 senti
2246 1943 2314 1997 de
2375 1943 2479 1998 hac
2537 1944 2807 1999 disserere
2859 1945 3133 2017 lcgislator
3192 1953 3553 2016 proposuerat
3612 1962 3627 1998 :

2045 2049 2209 2102 quam
2270 2035 2415 2089 enim
2451 2051 2575 2093 cum
2617 2038 2873 2092 unctione
2919 2040 3262 2093 sacerdotum
3313 2039 3627 2093 societatem

2046 2125 2249 2180 habent
2284 2141 2347 2180 ea
2384 2143 2504 2196 quae
2536 2127 2790 2197 praedicta
2844 2138 2991 2192 sunt,
3023 2129 3326 2183 sacriﬁcia?
3367 2130 3475 2185 Sed
3536 2141 3628 2183 so-

2046 2219 2323 2272 lummodo
2356 2234 2547 2273 eorum
2597 2234 2720 2288 quae
2762 2220 3013 2288 superius
3060 2220 3128 2273 ab
3160 2235 3226 2275 eo
3279 2220 3425 2275 dicta
3474 2228 3625 2283 sunt,

2044 2313 2163 2367 vult
2186 2315 2475 2367 ostendere
2508 2314 2845 2384 dignitatem,
2875 2322 2929 2368 et
2961 2323 3123 2381 quem
3152 2314 3459 2384 profectum
3487 2329 3629 2384 prae-

2043 2413 2189 2457 stent
2222 2404 2304 2457 his
2358 2404 2449 2472 qui
2489 2419 2550 2457 ea
2593 2405 2925 2459 custodiunt.
2961 2404 3116 2470 Quod
3168 2406 3314 2459 enim
3350 2405 3462 2459 ait:
3503 2404 3629 2460 [hee

2044 2502 2124 2546 est
2160 2496 2334 2545 unctio
2372 2493 2548 2565 Aaron
2584 2501 2633 2545 et
2669 2492 2897 2561 ﬁliorum
2929 2496 3043 2564 ejus
3067 2495 3121 2547 in
3158 2496 3480 2548 caeremoniis
3516 2495 3627 2549 Do-

2044 2583 2195 2635 mini.
2226 2583 2305 2637 Ad
2329 2566 2605 2652 superiora
2640 2584 2740 2636 hoc
2780 2585 3030 2645 reddidit.
3057 2594 3115 2637 ut
3148 2595 3203 2637 tu
3245 2599 3625 2653 cognosceres.

2043 2672 2171 2732 quia
2205 2672 2517 2726 custodiens
2566 2686 2906 2739 quaecunque
2949 2672 3035 2725 lex
3067 2672 3316 2742 superius
3367 2672 3520 2733 dixit.
3560 2672 3627 2727 ad

2041 2762 2341 2816 sacerdotis
2370 2763 2582 2832 proﬁcit
2602 2764 2937 2834 dignitatem,
2981 2771 3034 2816 et
3058 2762 3327 2817 studendo
3356 2778 3419 2818 ea
3448 2762 3629 2820 valcas

2041 2853 2223 2923 regale
2247 2855 2633 2920 sacerdotium,
2658 2870 2790 2926 gens
2844 2863 3030 2910 sancta
3073 2854 3216 2909 dici:
3251 2853 3405 2909 aliter
3442 2864 3625 2909 autem

2044 2958 2417 3013 nequaquam.

2118 3033 2244 3088 Παῖς
2270 3024 2353 3089 est‘
2377 3036 2516 3090 enim
2544 3037 2719 3089 unctio
2749 3036 2804 3089 in
2837 3036 3159 3089 cteremoniis
3191 3035 3426 3089 Domini.
3456 3034 3618 3091 Vide-

2041 3126 2173 3180 licet
2241 3142 2306 3181 ex
2363 3127 2857 3191 observationibus,
2906 3142 3030 3196 qua:
3072 3126 3126 3180 in
3167 3126 3444 3197 praedictis
3497 3136 3630 3182 sunt

2042 3217 2335 3287 descriptae
2361 3216 2659 3272 sacriﬁciis.
2681 3217 2904 3285 Propter
2932 3216 3075 3286 quod
3102 3217 3309 3272 addidit
3334 3236 3346 3270 :

2111 3308 2174 3363 In
2195 3310 2279 3363 die
2302 3325 2406 3378 qua
2435 3308 2619 3361 obtulit
2651 3323 2737 3361 eos
2771 3307 2988 3376 Moyses,
3021 3315 3079 3360 ut
3113 3308 3410 3361 sacerdotio
3441 3310 3627 3379 funge-

2039 3414 2223 3459 rentur
2283 3412 2332 3457 et
2379 3419 2496 3473 qua:
2539 3402 2784 3472 prwcepit
2840 3402 2961 3455 dari
3009 3403 3082 3455 eis
3135 3402 3448 3455 Dominusa
3497 3401 3627 3470 ﬁliis

2038 3496 2226 3552 Israel.
2258 3495 2398 3565 Ergo
2422 3495 2482 3549 in
2510 3494 2594 3549 bis
2625 3494 2786 3549 nobis
2806 3493 3121 3547 unctionem
3147 3493 3320 3560 dedit,
3345 3502 3399 3547 et
3428 3493 3484 3548 in
3508 3493 3626 3548 istis

2038 3604 2138 3642 nos
2165 3587 2371 3641 vocavit
2413 3586 2574 3651 Deus,
2598 3586 2686 3640 die
2717 3600 2822 3655 qua
2854 3584 3054 3639 obtulit
3100 3599 3217 3639 eos.
3249 3583 3481 3650 Quando
3522 3599 3625 3639 au-

2040 3687 2147 3733 tem
2172 3677 2455 3742 boc?Qua
2484 3677 2571 3732 die
2611 3677 2767 3731 unxit
2799 3690 2915 3740 eos,
2950 3686 3009 3728 ut
3059 3676 3364 3731 sacerdotio
3423 3674 3619 3745 funge-

2009 3778 2247 3833 rentur,
2281 3768 2335 3822 id
2366 3776 2447 3823 est
2500 3783 2605 3837 qua
2650 3767 2740 3823 die
2786 3769 2907 3823 illos
2937 3783 3004 3822 ex
3063 3768 3192 3821 ﬁliis
3239 3766 3406 3821 lsrael
3441 3768 3620 3832 unxit,

2036 3875 2137 3930 per
2176 3859 2488 3913 unctionem
2553 3858 2761 3914 scilicet
2814 3874 2936 3928 quae
2982 3874 3131 3912 nunc
3173 3859 3319 3913 dicta
3371 3866 3477 3914 est.
3515 3858 3620 3923 Qui

2036 3952 2185 4007 enim
2249 3951 2536 4007 sublimius
2585 3951 2799 4015 vivunt,
2832 3964 2933 4004 seu
2991 3956 3410 4013 conversantur,
3476 3957 3627 4004 recte

2037 4044 2186 4099 omni
2217 4042 2632 4098 excellentiores
2665 4048 2795 4095 sunt
2825 4041 3047 4110 populo.
3071 4038 3226 4095 Unde
3254 4048 3309 4095 et
3331 4040 3495 4093 nimis
3526 4054 3625 4110 op-

2035 4143 2273 4207 portune
2323 4132 2598 4204 legislator
2644 4131 2925 4187 subdidit:
2961 4130 3230 4202 Religione
3278 4140 3528 4201 perpetua
3564 4133 3622 4184 in

2035 4226 2458 4299 generationibus
2475 4226 2673 4279 vestris.
2688 4222 2968 4291 Quatenus
2987 4233 3041 4278 tu
3056 4223 3246 4284 scires,
3273 4225 3399 4293 quia
3423 4225 3622 4277 incon-

2034 4335 2194 4374 cussa
2214 4319 2328 4373 haec
2344 4318 2489 4388 apud
2505 4318 2674 4373 Deum
2691 4316 2883 4387 religio
2910 4325 3013 4379 est,
3034 4324 3094 4370 ut
3118 4330 3297 4384 neque
3330 4315 3615 4385 dignitate,

2033 4425 2211 4480 neque
2227 4409 2515 4479 sapientia,
2544 4424 2721 4478 neque
2749 4407 3071 4479 cognatione
3108 4408 3403 4476 iustorum,
3440 4422 3621 4476 neque

357 4494 752 4566 intelligibilem
801 4499 1120 4568 sanguinem
1172 4498 1545 4568 paciﬁcorum,
1589 4507 1643 4555 et
1694 4500 1929 4569 adipem,
1962 4508 2008 4564 1)
2038 4500 2139 4554 alia
2168 4500 2331 4553 simili
2355 4516 2423 4553 ex
2450 4515 2509 4555 re
2530 4499 2755 4569 populo,
2779 4499 2865 4551 vel
2895 4497 3139 4568 plurimis
3155 4497 3423 4551 excellere
3448 4497 3622 4566 possit

359 4587 613 4641 videlicet
653 4576 883 4657 animas,
920 4596 976 4642 et
1007 4590 1275 4644 desideria
1301 4591 1622 4646 salutarium
1656 4592 1927 4657 oﬂ‘erens;

356 4677 450 4747 qui
481 4686 565 4731 est
600 4679 820 4747 quidem
848 4680 916 4734 de
948 4680 1075 4736 ﬁliis
1103 4681 1306 4751 Aaron,
1337 4699 1447 4738 non
1486 4692 1708 4755 propter
1733 4699 1933 4756 cogna-

359 4771 588 4831 tionem,
623 4770 719 4824 sed
750 4779 974 4841 propter
1008 4774 1282 4843 propriam
1326 4777 1643 4848 dignitatem
1682 4779 1934 4833 sacerdos

355 4859 672 4928 singularis,
704 4868 758 4915 et
788 4861 842 4914 in
876 4863 1131 4918 omnibus
1160 4867 1470 4935 praecipuus
1499 4885 1513 4923 :
1547 4867 1600 4920 in
1650 4869 1768 4937 ejus
1809 4883 1934 4938 por-

356 4954 563 5009 tionem
591 4970 776 5010 armus
801 4957 1007 5022 dexter,
1037 4972 1134 5012 seu
1162 4959 1445 5016 brachium
1476 4962 1744 5027 dextrum,
1770 4962 1823 5017 id
1849 4972 1932 5017 est

354 5045 535 5100 omnis
566 5047 711 5102 bona
757 5048 899 5103 actio
927 5056 985 5102 et
1015 5050 1197 5116 operis
1227 5050 1457 5107 eﬁ‘ectus
1500 5054 1716 5109 transit.
1759 5055 1922 5111 Reca-

353 5134 592 5205 pitulans
615 5150 795 5193 autem
823 5154 943 5208 qua:
969 5140 1112 5195 dicta
1143 5149 1289 5208 sunt,
1316 5143 1523 5199 addidit
1561 5160 1576 5197 :

425 5222 792 5281 Pectusculum
822 5229 961 5283 enim
988 5229 1233 5284 elationis
1268 5236 1392 5302 (seu
1419 5232 1719 5287 secundum
1763 5233 1925 5300 LXX,

352 5315 755 5384 propositionis)
804 5327 854 5370 et
906 5334 1115 5372 armum
1178 5321 1531 5389 separationis
1580 5321 1678 5374 tuli
1707 5339 1741 5375 α
1801 5322 1929 5391 ﬁliis

350 5402 543 5468 Israel,
575 5404 640 5457 de
682 5404 862 5459 hostiis
913 5422 1093 5465 eorum
1154 5409 1409 5477 paciﬁcis.
1456 5409 1593 5476 Quia
1641 5411 1820 5477 ﬁdem,
1871 5424 1926 5467 et

330 5494 646 5575 actionem,
681 5496 1010 5556 oblationem
1062 5501 1354 5569 specialem
1407 5503 1476 5556 de
1525 5504 1767 5573 paciﬁcis
1825 5519 1922 5559 seu

350 5584 677 5642 salutaribus
715 5588 993 5646 sacriﬁciis
1030 5592 1164 5646 vult.
1196 5592 1423 5664 Propter
1445 5596 1589 5664 quod
1606 5594 1777 5650 dixit:

421 5778 466 5810 "
494 5776 660 5837 Hebr.
694 5796 766 5850 Sl,
799 5781 852 5838 6.
928 5784 974 5816 ”
1002 5782 1159 5842 Rom.
1193 5802 1266 5855 Ix,
1324 5787 1411 5842 16.
1489 5788 1533 5823 “
1580 5786 1682 5846 lsa.
1710 5805 1861 5859 sun,
1895 5789 1946 5843 l.

2031 4594 2173 4663 quis,
2190 4593 2289 4648 nisi
2307 4609 2369 4649 ea
2386 4592 2864 4659 assecutusi‘uerit,
2889 4608 3007 4663 quae
3031 4593 3083 4647 in
3105 4592 3621 4662 superioribussunt

2032 4695 2321 4756 praecepta.
2354 4684 2444 4741 Sic
2470 4686 2614 4740 enim
2640 4685 2906 4755 quispiam
2942 4691 2997 4739 et
3037 4683 3293 4738 sacerdos
3330 4682 3392 4737 ﬁt
3420 4698 3620 4737 secun-

2032 4774 2160 4828 dum
2194 4775 2576 4846 cognationem
2611 4774 2813 4829 Chriin
2867 4774 2980 4829 veri
3016 4774 3334 4838 sacerdotis,
3366 4774 3460 4844 qui
3517 4774 3619 4828 im-

2030 4865 2354 4920 maculatam
2387 4873 2441 4919 et
2482 4864 2782 4935 perfectam
2832 4863 3227 4919 demonstravit
3263 4864 3448 4918 vitam.
3503 4863 3616 4918 Sed

2031 4956 2157 5026 quia
2197 4957 2513 5012 unctionem
2562 4972 2660 5027 per
2692 4971 2755 5012 ea
2784 4972 2904 5026 qure
2942 4956 3193 5026 superius
3244 4957 3406 5026 plane
3468 4956 3615 5011 dicta

2030 5055 2179 5111 sunt,
2202 5047 2491 5111 intellexit,
2523 5063 2644 5117 qua:
2673 5048 3084 5117 subsequuntur
3104 5047 3432 5117 approbant.

2102 5137 2265 5194 Vens.
2299 5140 2389 5203 57,
2412 5140 2500 5195 58.
2541 5158 2560 5191 ι
2590 5139 2667 5194 ita
2702 5148 2785 5194 est
2821 5140 2906 5193 lex
2960 5137 3259 5194 holocausti
3316 5146 3371 5191 et
3407 5135 3614 5191 sacriﬁ-

2029 5229 2099 5284 cii
2134 5243 2233 5297 pro
2257 5237 2481 5298 peccato
2501 5238 2666 5299 atque
2704 5229 2925 5295 delicto,
2958 5236 3015 5285 et
3034 5224 3611 5298 protconsecratione,

2028 5328 2086 5374 et
2116 5319 2467 5389 paciﬁeorum
2521 5320 2778 5387 victimis,
2805 5335 2940 5391 quas
3000 5321 3284 5377 constituit
3338 5318 3609 5377 Dominus

2026 5409 2195 5483 Moysi
2226 5411 2282 5466 in
2303 5421 2488 5467 monte
2518 5412 2691 5480 Sinai,
2720 5412 2940 5482 quando
2963 5411 3239 5466 mandavit
3266 5409 3389 5465 ﬁliis
3418 5411 3607 5477 Israel,

2030 5512 2090 5559 ut
2121 5502 2386 5561 oﬁ‘errent
2409 5505 2713 5563 oblationes
2763 5522 2891 5564 suas
2937 5505 3163 5560 Domino
3210 5503 3263 5558 in
3287 5503 3503 5559 deserto
3523 5499 3610 5559 Si-

2032 5611 2142 5650 nat.
2182 5616 2199 5648 ι

2044 5789 2091 5821 ’⁸
2122 5789 2289 5848 llebr.
2332 5807 2410 5860 at,
2469 5792 2496 5846 1
2546 5806 2698 5864 seqq.
