2015 3120
195 165 247 198 873

196 278 263 297 nitus
278 266 440 296 tabernaculi
454 264 605 294 testimonii,
619 263 662 290 hic
680 263 731 290 ait:
750 261 906 289 Convocavit
923 269 985 288 con-

195 315 385 352 gregationem,
399 320 453 339 non
468 312 500 338 ad
512 311 620 346 ianuas,
637 309 683 337 sed
714 310 749 336 ad
762 309 878 344 jauuam
896 308 987 337 taber-

196 361 287 388 naculi
302 359 446 386 testimonii
460 366 469 384 :
483 358 636 384 admonens
653 362 735 382 aures
748 358 857 382 nostras
872 353 986 381 eviden—

196 406 327 441 ter,quod
350 405 535 440 apostnlornm
558 402 702 433 doctrinae,
714 408 782 436 quas
809 408 870 428 esse
889 400 988 435 januas

197 451 364 480 tabernaculi
386 448 536 477 testintonii
565 448 724 483 praecedens
743 452 834 474 sermo
850 446 985 480 exposuit,

200 503 225 526 et
242 497 343 524 Christi
361 495 494 527 doctrina,
516 499 580 521 sunt
591 494 678 529 ipsius
704 493 804 529 lingua:
824 492 933 524 infusae,
960 497 988 519 et

196 552 229 571 ex
245 543 288 570 his
306 550 339 569 ex
353 541 454 576 quibus
468 541 525 575 ipse
546 539 650 566 docuit.
671 538 908 572 Quemadmodum
924 545 988 572 ergo

197 590 268 616 inter
279 587 378 615 multas
389 587 497 620 ianuas,
511 589 539 612 et
550 593 631 612 uuam
652 585 775 620 ianuam,
793 584 850 611 sola
865 583 923 610 haec
936 583 988 610 dif-

197 633 312 661 ferentia
324 637 377 665 est,
390 632 453 667 quia
462 632 513 658 illa:
523 631 632 665 quidem
642 631 734 658 multae
743 634 816 661 sunt.
828 629 886 656 haec
896 633 988 655 autem

196 687 249 706 una
275 682 329 710 est,
381 677 420 705 sic
448 676 634 711 apostolorum
666 682 808 702 sermones
835 678 864 701 et
885 673 989 701 doctri-

195 732 238 752 na
259 723 331 751 nihil
359 731 375 750 a
402 722 504 750 Christi
529 721 652 749 det-trina
675 720 900 752 diﬂ‘eruntaliutl,
935 719 988 746 nisi

195 771 258 806 quia
278 778 363 797 unum
380 769 552 796 Dominicum
581 768 694 796 verbum
718 772 770 799 est,
787 767 822 794 de
842 773 898 801 quo
914 765 988 792 Pau-

196 817 239 844 lus
249 816 308 844 ait:
326 816 403 843 Vivus
418 820 456 842 est
492 815 562 841 enim
591 814 639 841 Dei
660 821 755 844 sermo,
782 817 807 839 et
835 812 936 847 enicas,
966 815 991 837 et

196 862 301 889 acutior
315 862 387 889 omni
412 861 501 896 gladio
526 861 637 895 ancipiti
652 861 671 886 ¹.
699 860 733 887 Et
748 859 844 886 Petrtts
861 864 922 885 cum
937 864 991 884 cte-

771 157 810 189 IN
829 156 1045 189 LE‘v'i'l'lCUM.
1067 170 1099 174 ’-
1118 154 1191 188 LIB.
1212 157 1251 187 li.

195 223 315 251 cundum
334 218 414 252 LXX,
435 218 561 254 superius
583 215 696 244 dixisset
714 224 720 241 :
748 216 868 243 (lautiora
884 216 920 242 ad
939 215 986 249 λα-
1002 234 1023 258 Α

1776 161 1828 194 874

1040 222 1098 240 eum
1111 214 1224 246 baltheo,
1242 219 1265 241 et
1282 215 1392 242 indutus
1408 215 1509 243 tunica.
1537 216 1614 251 Quod
1628 217 1698 246 LXX
1711 224 1832 248 transtu-

1040 260 1147 302 lerunt:
1170 259 1202 287 Et
1218 261 1303 288 induit
1322 269 1381 289 eum
1396 263 1525 296 tunicam,
1541 268 1565 291 et
1578 266 1714 299 pra'ciurit
1725 274 1831 300 sonant,

1037 311 1062 332 et
1075 307 1176 333 vestivit
1192 306 1268 333 illum
1283 308 1437 342 hypodytin.
1455 308 1506 337 Hic
1519 310 1665 339 manifeste
1693 311 1834 349 Unigeniti

1038 353 1435 387 exsequiturincarnationem,
1450 356 1497 391 qui
1526 357 1589 392 quia
1607 362 1693 386 totum
1705 364 1833 389 nostrum

1039 398 1248 426 incarnatusest
1264 398 1415 432 hominem,
1436 401 1555 429 tunicam
1593 403 1668 431 indui
1693 409 1721 431 et
1747 406 1834 441 hypo-

1038 444 1112 479 dytin
1119 444 1227 472 dicitur.
1238 444 1340 479 Duplex
1350 450 1391 472 est
1398 447 1471 474 enim
1480 452 1572 474 nostra
1583 449 1704 477 conditio
1712 460 1718 477 τ
1726 456 1753 478 et
1763 460 1836 480 unus

1038 490 1148 524 quidem
1157 491 1184 518 in
1194 491 1274 518 nobis
1286 496 1328 518 est
1336 492 1370 519 de
1386 492 1498 526 pulvere
1512 500 1518 519 :
1536 494 1604 521 alter
1619 496 1755 531 caelestis;
1784 499 1834 526 sed

1039 538 1129 564 tamen
1146 543 1218 563 unus
1234 541 1360 571 uterque.
1377 536 1423 564 Ait
1441 538 1515 565 enitn
1547 539 1651 574 Moyses
1666 550 1673 567 :
1698 541 1834 571 Formauit

1042 581 1110 608 Deus
1122 582 1251 608 hominem
1263 582 1294 609 de
1302 581 1365 609 limo
1379 587 1474 615 teme;
1500 584 1545 612 hic
1560 589 1602 612 est
1615 593 1680 621 ergo
1698 590 1833 617 terrenus.

1041 623 1074 651 Et
1086 625 1228 660 insuﬁiavit
1240 627 1373 662 infaeiem
1385 627 1443 662 ejus
1466 628 1589 663 spiritum
1622 630 1718 665 vita”;
1751 641 1834 669 aper-

1040 671 1145 698 tissime
1169 672 1213 699 hic
1225 672 1345 700 cteleslis
1353 678 1405 700 est.
1424 674 1458 701 Et
1472 675 1557 710 factus
1577 682 1615 703 est
1635 677 1712 705 homo
1732 679 1759 707 in
1772 681 1834 708 ani—

1042 726 1113 745 mam
1125 719 1212 746 vivam
1223 720 1233 735 '
1247 726 1255 745 ;
1277 727 1361 746 unum
1377 720 1449 748 enim
1463 720 1566 749 animal
1589 726 1714 759 uterque.
1729 725 1781 758 Qui
1811 728 1835 755 si

1041 764 1151 799 quidem
1165 772 1194 792 se
1210 766 1242 792 ad
1259 772 1402 801 corporea,
1415 771 1444 794 et
1455 767 1609 803 voluptates
1623 775 1765 799 convertat
1772 778 1835 801 car-

1042 810 1119 837 nales
1144 819 1151 837 :
1182 815 1256 838 totus
1267 812 1351 839 homo
1374 816 1512 847 terrenus,
1538 815 1615 850 quasi
1645 817 1780 846 exstincto
1807 824 1836 847 et

1042 856 1173 884 cont-lusu
1182 857 1288 885 caelesti
1301 859 1519 893 nuncupabitur;
1550 860 1571 888 si
1587 866 1678 889 autem
1691 863 1763 891 circa
1778 865 1836 894 sola

197 909 264 936 teris
277 908 407 944 apostolis
421 908 480 934 ait:
509 899 569 933 Non
599 910 636 932 est
652 914 756 940 aequum
772 905 922 940 relinquere
947 909 991 931 eos
1009 900 1030 929 Β
1044 907 1188 930 versemur
1204 903 1304 931 anima:
1331 904 1512 939 proﬁcientia,
1545 908 1782 944 concedamusque
1804 911 1835 939 ei

195 955 304 982 uerbum
316 954 373 986 Dei,
389 959 413 981 et
433 953 588 980 ministrare
606 952 702 979 mensis
716 953 736 979 '.
752 951 780 978 in
795 951 896 979 multas
913 949 988 977 enim

196 1001 301 1037 linguas
325 1000 523 1028 etditi‘erentes
546 999 663 1026 divisum
696 1004 748 1026 est.
769 998 835 1031 ρυω
861 1004 923 1024 cum
949 995 990 1030 ja-

195 1055 258 1074 ntne
281 1051 393 1081 propter
412 1045 615 1073 multitudinem
625 1044 689 1075 sint,
698 1045 732 1071 ad
752 1051 837 1071 tlnum
847 1043 987 1070 introitum

196 1094 270 1124 vitae.
288 1093 314 1120 id
330 1098 372 1120 est
382 1092 481 1119 Christi
507 1092 630 1126 ianuam,
663 1091 801 1118 deducunt
824 1090 986 1118 auditorem.

231 1139 450 1175 Congregataque
462 1139 533 1164 omni
550 1137 626 1164 turba
643 1143 704 1164 ante
717 1138 785 1172 {ores
800 1137 837 1163 uit
851 1144 858 1163 :
871 1136 921 1162 Hic
950 1140 988 1162 est

195 1193 291 1216 sermo,
308 1192 384 1219 quem
395 1183 476 1217 jussit
494 1182 622 1209 Dominus
644 1182 713 1215 ﬁeri.
727 1181 795 1214 Quis
805 1187 897 1207 sermo
924 1178 987 1210 ille,

195 1230 295 1264 dequo
308 1229 414 1256 scilicet
434 1227 518 1254 David
534 1227 642 1254 dicebat
658 1235 664 1253 :
697 1227 825 1253 Dominus
840 1226 913 1253 dabit
930 1233 988 1253 ver-

196 1276 259 1302 burn
276 1274 515 1309 wangelizantibus
540 1273 662 1300 virtutem
688 1274 800 1300 multam
817 1273 848 1299 '?
880 1272 933 1299 Sed
961 1276 989 1299 et

197 1320 295 1348 Petrus
311 1320 418 1355 planius
429 1320 468 1346 ait
488 1328 495 1345 :
515 1318 573 1345 Hoc
588 1323 625 1345 est
639 1318 745 1345 verbum
761 1318 831 1353 quod
840 1318 987 1345 annuntia-

198 1372 254 1394 tum
268 1371 306 1393 est
322 1366 403 1393 vobis.
419 1366 599 1401 Evangelicus
619 1364 752 1398 siquidem
770 1372 890 1399 praesens
898 1371 989 1392 sermo

197 1417 249 1445 est,
265 1413 328 1447 quia
341 1417 366 1439 et
384 1411 545 1447 Evangelica
561 1415 626 1438 sunt
640 1411 674 1438 ab
698 1418 732 1438 eo
748 1411 912 1438 annuntiata
928 1418 987 1446 my-

196 1459 291 1490 steria,
302 1458 401 1493 quibus
416 1462 443 1485 et
453 1457 537 1492 gratia
550 1457 621 1484 inest
633 1457 813 1492 baptismatis.
837 1456 989 1484 Consuevit

196 1505 270 1533 enim
286 1505 423 1540 legislator
433 1504 541 1539 quoties
562 1503 809 1531 ecclesiasticarum
838 1503 988 1539 mysterio-

197 1559 258 1579 rum
273 1551 402 1579 describit
425 1551 579 1586 aenigmata,
603 1551 702 1578 talibus
731 1550 770 1577 uti
802 1549 986 1577 sermonibus.

1043 949 1226 985 principatum
1238 958 1342 987 gerere,
1357 956 1385 979 et
1397 951 1532 981 dominari
1559 955 1678 990 corpori,
1694 961 1768 985 recte
1780 965 1836 986 cce-

1043 996 1118 1024 lestis
1142 997 1252 1030 dicitur,
1282 1002 1377 1033 utpote
1410 1003 1520 1027 terreno
1556 1000 1691 1036 neglecto.
1720 1002 1836 1036 Quando

1042 1042 1128 1069 Adam
1143 1050 1192 1078 per
1206 1042 1417 1072 inobedieutiam
1432 1045 1542 1078 cecidit,
1562 1046 1657 1082 prccul
1672 1047 1756 1076 dubio
1782 1052 1837 1076 ter-

1043 1087 1248 1117 renuseﬂ‘ectus
1268 1094 1320 1123 est,
1339 1094 1367 1118 et
1388 1095 1533 1126 propterea
1561 1092 1674 1121 audivit.
1699 1091 1778 1122 Terra
1796 1104 1834 1130 es,

1043 1140 1067 1163 et
1083 1136 1110 1163 in
1126 1141 1225 1164 terram
1243 1136 1292 1165 ibis
1303 1138 1313 1155 ’
1324 1140 1349 1172 ”;
1364 1138 1390 1166 id
1414 1144 1456 1167 est
1466 1138 1584 1167 dilexisti
1599 1140 1721 1175 corporis
1740 1149 1836 1169 corru-

1043 1182 1177 1217 ptioncm,
1194 1183 1279 1211 halies
1297 1191 1406 1220 poenam
1426 1190 1538 1220 peccato
1550 1188 1597 1214 tuo
1610 1185 1737 1214 similem.
1755 1187 1835 1215 Chri-

1043 1232 1103 1255 stus
1114 1233 1206 1257 autem
1220 1230 1345 1258 induitur
1359 1231 1469 1266 quidem
1481 1236 1632 1264 terrenum,
1644 1231 1670 1260 id
1694 1237 1736 1260 t-st
1758 1233 1836 1263 illum

1043 1274 1088 1308 qui
1099 1274 1133 1302 de
1144 1279 1215 1302 terra
1230 1280 1271 1303 est
1284 1281 1404 1304 veterem
1417 1277 1567 1306 hominem.
1582 1286 1663 1312 quem
1678 1279 1760 1305 etiam
1795 1280 1835 1307 si-

1043 1319 1100 1346 mul
1115 1319 1200 1347 aiﬂxit
1209 1321 1294 1353 cruci,
1311 1321 1348 1348 ait
1361 1321 1461 1357 quippe
1476 1322 1591 1349 Paulus:
1616 1322 1684 1355 Quia
1697 1329 1769 1350 actus
1789 1326 1836 1351 Ιιο-

1043 1372 1086 1391 mo
1100 1370 1188 1393 noster
1197 1366 1277 1393 simul
1291 1367 1431 1402 Cruci/ints
1459 1372 1507 1398 est,
1525 1372 1553 1394 ut
1570 1368 1723 1396 destruatur
1743 1378 1835 1405 corpus

1042 1412 1144 1446 peccati
1158 1411 1188 1438 '°.
1211 1412 1325 1440 ludutus
1353 1418 1394 1440 est
1408 1417 1511 1455 autem
1527 1418 1555 1442 et
1574 1415 1725 1449 cmiestcm,
1754 1424 1836 1452 quem

1043 1458 1102 1493 ipse
1119 1458 1276 1485 insuillavit.
1292 1458 1345 1486 Sed
1360 1459 1423 1494 quia
1440 1459 1508 1486 nihil
1536 1461 1592 1496 egit
1615 1464 1755 1489 terrenum
1778 1463 1834 1495 hic,

1043 1511 1094 1531 nec
1103 1503 1272 1539 corruptioui
1303 1505 1468 1540 proximum,
1489 1506 1584 1540 procul
1606 1506 1690 1534 dubio
1714 1508 1835 1537 caelestis

1043 1548 1155 1581 dicitur;
1171 1549 1222 1576 hoc
1235 1548 1333 1576 Paulus
1346 1557 1486 1585 exponens
1511 1550 1578 1578 dicit
1595 1558 1603 1578 ε
1630 1551 1736 1580 Primus
1758 1554 1837 1581 homo

196 1597 264 1625 Nam
275 1602 303 1625 et
321 1605 384 1625 cum
396 1598 429 1625 de
438 1581 536 1624 manna
548 1597 691 1629 scriberet,
707 1597 781 1632 quod
791 1597 862 1632 gerit
876 1596 989 1632 ﬁgurant
1003 1581 1025 1610 ϐ
1043 1595 1075 1621 de
1089 1599 1160 1621 terra
1171 1599 1300 1629 terrenus,
1312 1581 1441 1623 secundus
1452 1597 1484 1623 de
1500 1597 1564 1623 ctelo
1589 1598 1699 1625 cwleslia
1716 1599 1747 1631 ",
1761 1601 1836 1635 quod

197 1644 286 1679 panis,
306 1644 352 1678 qui
366 1643 400 1670 de
414 1644 483 1670 caelo
496 1643 647 1675 descendit,
674 1643 789 1671 verbum
805 1642 889 1670 etiam
906 1642 940 1668 de
957 1648 991 1668 eo

196 1689 285 1716 simile
300 1688 480 1723 przescntibus
493 1688 571 1723 ponit
590 1688 707 1716 :dicens
735 1688 808 1715 enim
839 1696 845 1713 ε
872 1687 921 1714 Hic
948 1690 986 1712 est

195 1734 272 1769 panis
283 1742 361 1769 quem
375 1734 447 1761 dedit
462 1733 533 1761 vobis
565 1734 691 1761 Dominus
719 1734 853 1761 comedere
866 1733 887 1765 ⁵,
917 1732 992 1761 illico

195 1781 314 1808 subdidit
326 1789 333 1808 :
345 1780 400 1807 Hoc
407 1785 445 1808 est
457 1781 561 1807 uerbum
576 1781 644 1816 quod
656 1781 757 1807 locutus
769 1784 807 1807 est
831 1780 957 1807 Dominus
968 1779 989 1804 ⁸.

196 1826 249 1854 Sed
256 1827 320 1862 quiti
328 1831 369 1854 est
375 1827 455 1854 etiam
465 1826 536 1861 quod
542 1834 615 1853 nunc
621 1827 732 1861 exponit
740 1827 823 1854 Deum
833 1825 991 1861 pmcipere.

231 1872 379 1906 Statimque
393 1872 487 1899 obtulit
503 1872 594 1899 Aaron
605 1877 629 1899 et
644 1873 713 1906 filios
729 1872 799 1904 eius,
830 1880 940 1907 cumque
950 1871 992 1898 la-

195 1920 272 1947 cisset
283 1927 336 1946 eos.
351 1918 507 1952 Quandois,
519 1919 565 1954 qui
577 1926 642 1946 vere
655 1923 698 1946 est
710 1918 850 1949 sacerdos,
864 1917 992 1945 Christus

195 1965 312 1993 oli'ertur
325 1964 401 1992 Patri
419 1972 425 1990 :
440 1964 589 1992 oblationis
600 1965 673 1992 enim
701 1964 761 1999 ejus
784 1964 867 1991 etiam
897 1963 992 1990 Daniel

196 2011 332 2043 meminit,
348 2018 411 2038 cum
427 2010 493 2038 dicit
509 2019 516 2037 :
537 2010 571 2037 Et
587 2018 645 2037 ecce
657 2015 685 2037 ut
701 2009 788 2037 Filius
802 2010 915 2037 hominis
930 2017 990 2035 cum

196 2057 307 2085 nubibus
317 2057 384 2088 acti,
397 2061 421 2084 et
434 2063 516 2091 usque
540 2056 575 2083 ad
592 2055 725 2082 Vetustum
742 2055 845 2082 dierum
860 2055 988 2090 peruenit,

196 2106 221 2129 et
232 2102 335 2129 oblatus
352 2107 389 2128 est
403 2102 431 2128 in
447 2105 586 2136 conspectu
597 2101 654 2136 ejus
670 2101 690 2134 ‘,
707 2100 793 2128 nostri
805 2100 899 2135 utique
908 2108 989 2128 causa

197 2152 225 2176 et
237 2148 391 2180 nobiscum,
408 2151 436 2175 et
450 2151 563 2182 propter
577 2154 630 2174 nos
657 2147 783 2174 oﬂ‘ertur.
800 2145 948 2181 Propterea
962 2150 990 2173 et

196 2201 270 2221 nunc
288 2201 350 2220 eum
365 2201 427 2220 cum
441 2193 505 2221 ﬁliis
515 2193 573 2221 suis
598 2193 666 2220 dicit
691 2193 824 2225 oblatum,
851 2200 914 2220 cum
946 2192 990 2219 bis

196 2242 332 2273 videlicet,
357 2242 402 2276 qui
417 2241 578 2269 sublimiora
602 2241 721 2277 sapiunt,
737 2244 765 2268 et
780 2241 827 2276 qui
844 2240 987 2268 imitantur
1003 2256 1025 2284 υ

196 2296 271 2318 eum,
285 2294 416 2322 quantum
433 2288 473 2314 fas
488 2291 530 2315 est
546 2287 714 2317 hominibus,
735 2286 806 2314 sicut
820 2286 922 2313 Paulus
929 2285 984 2313 ait:

198 2334 348 2361 lmitatores
377 2333 428 2359 mei
459 2338 550 2365 estote,
575 2334 641 2360 sicut
661 2337 686 2360 et
707 2341 754 2368 ego
772 2332 868 2360 Christi
878 2333 898 2361 '.
932 2332 987 2360 Sed

198 2379 298 2407 oblatio
316 2379 373 2414 ipsa
391 2386 439 2414 per
451 2379 617 2414 baptismum
635 2379 800 2412 celebratur,
829 2379 901 2414 quod
926 2379 986 2406 ait:

231 2425 351 2461 Cumque
365 2425 472 2452 lauisset
483 2433 536 2453 eos.
551 2425 648 2453 Certus
658 2433 687 2453 es
702 2430 805 2457 autem,
821 2426 894 2461 quod
906 2425 987 2453 Chri-

196 2478 254 2500 stus
267 2471 301 2499 ad
318 2471 465 2498 sacrandus
476 2478 561 2506 aquas
582 2471 756 2506 baptismatis
770 2471 869 2505 nostri,
887 2471 913 2499 in
924 2471 986 2499 Jor-

196 2519 264 2545 ilaue
282 2522 325 2545 est
349 2517 431 2545 ﬂuvio
446 2517 607 2552 baptizatus.
625 2516 679 2545 Sed
704 2518 763 2545 haec
776 2518 886 2553 quidem
910 2525 987 2546 com—

196 2564 288 2591 munia
299 2568 362 2590 sunt
377 2564 467 2590 Aaron
483 2571 546 2590 cum
562 2563 703 2599 ﬁliisejus.
725 2563 835 2591 Christo
860 2563 987 2592 videlicet

195 2608 354 2641 nobiscum;
370 2609 514 2643 sequentia
548 2617 616 2636 vero
640 2617 826 2645 nequaquam.
843 2608 987 2637 Excedunt

195 2654 296 2689 quippe
311 2662 371 2686 nos,
384 2659 466 2689 atque
480 2655 640 2682 sublimiora
671 2655 752 2683 nobis
777 2660 852 2687 sunt,
879 2655 985 2691 solique

194 2700 284 2737 primo
294 2707 325 2727 ac
337 2708 401 2727 vero
415 2702 548 2729 sacerdoti
561 2702 754 2737 competentia.

231 2745 389 2781 Vestsuitqus
407 2746 557 2781 pontiﬁcem
588 2747 715 2775 subucula
740 2748 821 2780 linea,
845 2748 985 2783 accingam

229 2835 237 2851 ¹
253 2836 334 2865 ιιι-επ.
362 2845 400 2871 tv,
426 2836 469 2865 η.
526 2840 535 2854 ¹
550 2839 609 2867 Act.
629 2849 666 2871 vt.
680 2841 707 2868 9.

293 2919 432 2959 Parion.
450 2920 508 2950 Gn.
527 2921 639 2959 XCIII.

766 2841 776 2857 ³
791 2841 860 2869 Psal.
875 2849 960 2875 uvn,
991 2842 1035 2869 η.

192 2871 460 2908 Ῥιιιιῑνμιιμίτ.
495 2874 588 2902 “Gen.
604 2883 634 2903 u.
650 2877 674 2903 7.
710 2877 804 2903 ’ibid.
843 2871 1006 2909 “ausim,
1028 2878 1066 2905 ιθ.

1043 1640 1151 1668 duobus
1172 1641 1259 1668 modis
1270 1640 1356 1677 accipi
1375 1646 1493 1677 oportet.
1522 1641 1629 1671 Primus
1648 1644 1721 1672 enim
1754 1646 1836 1674 homo

1043 1691 1146 1719 noster,
1173 1687 1200 1714 id
1220 1692 1263 1714 est
1279 1694 1390 1722 corpus,
1402 1695 1435 1715 ex
1455 1693 1527 1715 terra
1539 1688 1671 1718 formatus
1690 1697 1742 1724 est,
1770 1700 1835 1728 pro-

1043 1736 1104 1767 pter
1118 1732 1190 1767 quod
1213 1736 1340 1760 terrenus
1373 1733 1462 1760 dictus
1481 1740 1546 1761 est:
1582 1735 1672 1763 anima
1704 1744 1771 1764 vero
1801 1739 1836 1766 de

1042 1778 1122 1809 ctelo,
1132 1778 1179 1806 Dei
1194 1782 1237 1805 est
1251 1778 1324 1805 enim
1340 1777 1499 1807 insuﬂlatio.
1515 1779 1622 1809 Rursus
1634 1782 1740 1817 primus
1752 1783 1836 1811 homo

1043 1824 1206 1852 inohediens
1220 1824 1307 1852 Adam
1318 1832 1351 1852 ex
1369 1828 1440 1852 terra
1461 1830 1599 1859 terrenus,
1616 1828 1680 1862 quia
1705 1830 1836 1863 operibus

1043 1869 1162 1903 pulveris
1171 1869 1349 1905 semetipsum
1364 1870 1516 1905 deputavit,
1534 1873 1672 1900 secundus
1685 1873 1767 1900 homo
1782 1883 1834 1902 no-

1041 1923 1102 1947 vus,
1118 1920 1161 1943 est
1172 1915 1307 1948 Christus,
1324 1916 1370 1950 qui
1385 1916 1419 1944 de
1433 1917 1503 1944 cmlo
1516 1922 1568 1950 est,
1585 1925 1639 1945 non
1666 1919 1754 1946 solum
1772 1921 1836 1955 quia

1041 1962 1076 1989 de
1090 1962 1161 1989 caelo
1172 1961 1325 1995 descendit,
1340 1962 1389 1989 sed
1412 1963 1476 1996 quia
1491 1968 1520 1990 et
1531 1963 1691 1999 dignitatem
1715 1967 1836 1994 cuilestis

1042 2008 1174 2039 servavit.
1187 2008 1252 2037 dum
1268 2016 1320 2036 nec
1332 2012 1472 2036 terrenum
1504 2009 1606 2044 aliquid
1626 2016 1756 2045 operatus
1780 2019 1833 2044 est,

1042 2062 1093 2081 nec
1106 2054 1275 2089 corruptionl
1296 2055 1463 2090 proximum.
1477 2055 1547 2091 Ergo
1556 2057 1675 2084 tunicam
1692 2058 1736 2085 hic
1746 2062 1835 2086 terre-

1041 2109 1106 2128 num
1122 2101 1258 2135 appellat;
1271 2102 1305 2129 de
1321 2101 1377 2128 lino
1398 2102 1484 2134 enim,
1500 2103 1573 2137 quod
1585 2107 1628 2131 est
1643 2111 1677 2131 ex
1695 2110 1778 2136 terra,
1790 2109 1834 2133 tu-

1040 2146 1100 2174 nica
1116 2145 1186 2173 facta
1201 2150 1259 2180 est;
1274 2146 1313 2174 ait
1325 2147 1399 2174 enim
1416 2156 1423 2174 :
1439 2147 1473 2175 Et
1488 2149 1548 2184 fecit
1570 2148 1606 2176 eis
1617 2149 1720 2183 tunicas
1730 2151 1833 2185 lineas;

1042 2193 1198 2228 hypodytim
1212 2197 1303 2221 autem
1319 2193 1470 2227 ctelestem,
1485 2195 1549 2230 quia
1566 2195 1710 2232 hypodytis
1725 2197 1834 2232 poderis

1041 2242 1094 2271 est,
1112 2239 1194 2267 simul
1211 2244 1302 2268 autem
1317 2244 1346 2268 et
1372 2241 1567 2276 hyacinthinus
1588 2247 1640 2270 est.
1671 2242 1721 2271 Hic
1742 2248 1834 2271 autem

1042 2284 1118 2312 color
1134 2285 1194 2313 coeli
1208 2290 1261 2318 est,
1275 2287 1348 2321 quod
1367 2293 1434 2314 vero
1450 2291 1493 2315 est
1522 2288 1597 2315 color
1622 2289 1694 2322 εαξη,
1721 2290 1773 2318 hoc
1792 2296 1835 2319 est

1042 2331 1113 2359 actio
1127 2331 1258 2363 ccelestis.
1279 2332 1385 2359 scilicet
1399 2336 1427 2360 et
1442 2332 1629 2365 subsistentia,
1640 2339 1754 2369 pr0pler
1761 2336 1835 2370 quod

1042 2383 1069 2405 et
1083 2377 1204 2406 caelestis
1213 2378 1325 2406 dicitur.
1349 2377 1433 2406 Multa
1447 2385 1538 2406 autem
1566 2384 1594 2407 et
1613 2380 1666 2408 alia
1689 2382 1835 2418 hypodytis

1042 2423 1124 2452 habet
1136 2424 1270 2459 signantia
1284 2424 1423 2452 cmlestem
1451 2425 1601 2458 hominem,
1629 2434 1689 2462 qua:
1718 2428 1745 2455 in
1764 2434 1834 2455 con-

1041 2471 1193 2498 structione
1205 2470 1383 2503 tabernaculi,
1400 2476 1461 2498 eum
1478 2472 1662 2506 pontiﬁcalem
1674 2474 1770 2501 stolam
1785 2482 1833 2502 cx-

1041 2517 1174 2552 planaret.
1194 2517 1331 2552 logislator
1353 2520 1487 2553 exposuit.
1520 2519 1558 2546 De
1583 2520 1682 2555 quibus
1711 2520 1834 2549 dicemus

1040 2571 1103 2590 cum
1128 2563 1200 2590 Deus
1213 2563 1353 2595 annuerit,
1366 2568 1395 2590 ut
1423 2571 1482 2591 eam
1517 2565 1600 2592 etiam
1628 2572 1689 2601 quae
1712 2565 1769 2593 illic
1790 2570 1834 2594 est

1040 2609 1272 2645 dispensationem
1289 2610 1490 2645 contingamus.
1501 2609 1579 2638 Nunc
1596 2615 1686 2638 autem
1700 2618 1833 2646 quascun.

1039 2662 1093 2690 que
1107 2655 1141 2682 ad
1158 2655 1210 2683 hoc
1219 2655 1293 2689 quod
1310 2655 1390 2683 estin
1414 2655 1553 2685 manibus,
1569 2655 1724 2683 necessaria
1735 2656 1833 2684 viden-

1040 2707 1094 2734 tur,
1110 2701 1385 2736 comprehensasth
1395 2706 1425 2729 ut
1436 2702 1596 2737 probaretur
1609 2703 1672 2737 quia
1688 2707 1834 2737 utrumque

1041 2752 1164 2776 nostrum
1178 2747 1304 2775 Christus
1318 2748 1442 2783 sust-epit
1450 2747 1601 2780 hominem,
1618 2753 1646 2775 et
1654 2748 1834 2779 manifestum

1089 2842 1099 2858 ⁸
1115 2842 1198 2870 l-‘xnd.
1214 2849 1269 2873 xvi,
1294 2842 1338 2869 lli.
1393 2838 1478 2876 'ibid.
1498 2839 1541 2868 ιθ.
1599 2841 1609 2857 ⁸
1627 2841 1695 2870 Dan.
1717 2850 1766 2876 vn,
1789 2841 1838 2873 l5;

1110 2879 1131 2893 "
1153 2878 1230 2904 Itoni.
1249 2885 1285 2910 νι,
1301 2876 1327 2904 ϐ.
1368 2877 1388 2893 ’⁸
1403 2877 1412 2902 l
1425 2875 1489 2904 Cor.
1508 2885 1552 2911 sv,
1568 2877 1611 2905 47.

1653 2922 1691 2954 28
