4044 6224
427 251 579 329 ."875

1659 257 2023 323 HESYCHII
2053 262 2526 332 PRESBYTER!
2629 254 2633 259 ’

3631 273 3732 338 876

471 379 528 425 et
561 367 857 433 occultum,
893 375 945 421 et
976 375 1255 422 terrenum
1282 376 1335 421 et
1365 365 1667 435 caelestem,
1693 367 1747 424 id
1799 378 1884 426 est
1933 387 2058 428 cor-

2164 379 2296 438 dicit
2325 383 2471 438 enim
2492 387 2547 437 in
2575 383 2910 440 tabernaculi
2971 383 3380 440 constructione
3413 397 3426 437 :
3465 378 3530 440 Et
3577 387 3734 456 {acies

474 481 578 536 pus
598 461 926 535 perfectum,
964 468 1018 513 ct
1039 459 1277 516 animam
1330 459 1653 532 perfectam,
1684 468 1739 514 ct
1793 463 1848 517 in
1879 463 2057 518 omni-

474 559 576 613 bus
603 555 868 624 integram
907 565 920 604 :
966 560 1258 622 utrumque
1317 553 1485 619 enim,
1543 562 1737 624 utpote
1772 555 2058 625 utriusque

473 657 688 703 creator
729 645 977 699 salvavit.
1011 643 1145 698 Illud
1189 644 1354 699 etiam
1399 645 1646 712 intende,
1699 647 2059 715 quemadmo-

472 741 601 796 dum
625 737 944 810 hvpodytin,
981 737 1126 809 quod
1167 737 1405 792 diximus
1427 752 1548 792 esse
1576 738 1853 794 caelestem
1887 739 2060 794 homi-

473 848 621 898 nem,
680 829 974 902 epandytin
1022 829 1114 884 alii
1166 828 1494 900 interpretes
1556 829 1889 885 ediderunt:
1931 831 2059 901 quia

474 924 590 995 ipse
631 931 713 977 est
759 933 866 992 quo
903 922 1279 978 desideramus
1309 923 1610 977 secundum
1641 923 1787 993 quod
1814 924 1888 978 ait
1914 921 2058 978 Pau-

459 1019 581 1080 lus,
607 1013 927 1086 superinduti
959 1032 975 1082 ;
1011 1014 1350 1069 dicit-autem
1381 1015 1459 1068 sic
1489 1032 1500 1067 :
1539 1013 1787 1078 Quandiu
1819 1016 1954 1070 enim
1977 1032 2063 1070 su-

473 1127 592 1165 mus
624 1111 680 1163 in
729 1107 1209 1174 hoctabernaculo,
1277 1107 1663 1178 ingemiscimns
1720 1110 1948 1178 gravati,
2001 1124 2060 1161 eo

474 1205 613 1276 quod
643 1203 886 1257 nolumus
915 1202 1166 1273 spoliare,
1191 1201 1282 1255 sed
1305 1202 1664 1271 supervestiri,
1695 1213 1748 1255 ut
1785 1199 2062 1254 absorbea-

467 1309 564 1350 tur
583 1297 720 1365 quod
751 1294 974 1349 mortale
1002 1302 1078 1348 est
1109 1309 1140 1346 a
1163 1293 1270 1346 vita
1305 1293 1369 1348 “.
1391 1292 1526 1358 Quia
1552 1305 1736 1346 autem
1771 1292 2058 1362 antiquum

471 1392 585 1445 hoc
649 1397 852 1442 nostrae
932 1384 1264 1442 conditionis
1324 1383 1429 1440 fuit
1485 1385 2058 1455 superindumentum,

476 1491 533 1536 et
561 1495 712 1538 nunc
759 1477 914 1544 illud,
955 1483 1146 1548 utpote
1182 1474 1328 1547 quod
1395 1477 1564 1530 semel
1608 1475 1919 1542 habuimus,
1970 1491 2060 1530 re-

477 1573 688 1646 cepturi
721 1586 936 1638 sumus,
975 1569 1032 1624 in
1061 1569 1525 1638 subsequentibus
1561 1569 1889 1639 explanavit.
1957 1567 2060 1636 Qui

477 1675 661 1722 autem
683 1662 847 1719 allicit
871 1675 974 1716 nos
1006 1661 1060 1715 in
1089 1661 1194 1715 hoc
1228 1662 1426 1731 ipsum,
1463 1661 1626 1727 Deus,
1649 1662 1742 1732 qui
1771 1660 1924 1717 dedi;
1954 1676 2056 1716 ηο-

2157 474 2380 543 cydarin
2409 476 2698 545 byssinum,
2730 486 2779 530 et
2799 493 3010 540 zonam,
3035 491 3164 544 opus
3195 477 3420 532 varium.
3438 474 3576 542 Quia
3593 478 3735 534 enim

2159 566 2374 638 eydaris
2399 567 2788 626 indumentum
2815 569 3010 640 capitis
3070 577 3174 635 est,
3226 584 3365 638 opus
3403 577 3585 624 autem
3617 571 3732 625 cin-

2159 656 2272 726 guli
2305 658 2421 712 sive
2473 674 2644 722 zonae,
2687 657 3000 715 confortare
3047 658 3452 728 quodammodo
3501 668 3561 714 et
3606 676 3732 716 con-

2161 747 2431 818 stringere
2461 757 2546 804 est
2571 764 2698 804 eum
2731 749 2821 819 qui
2857 747 3096 820 cingitur
3132 765 3146 800 :
3179 750 3285 804 hoc
3332 750 3621 806 ostendere
3661 752 3737 808 le-

2160 839 2388 911 gislator
2438 841 2744 912 proposuit,
2781 841 2907 911 quia
2957 839 3209 895 Christus
3236 840 3398 896 simul
3429 850 3736 904 creaturam

2163 945 2382 1004 omnem
2409 932 2797 1002 recapitulans,
2835 933 2951 988 sive
3019 941 3356 998 restaurans,
3386 934 3547 988 simul
3575 932 3736 990 etiam

2163 1027 2482 1085 confortans
2511 1038 2755 1084 nostram
2788 1043 3044 1094 massam,
3108 1029 3266 1098 cujus
3292 1027 3557 1098 primitias
3595 1043 3740 1082 sum-

2163 1119 2272 1189 psit
2301 1119 2697 1192 incarnationjs
2727 1119 3052 1190 dispensare
3103 1120 3446 1190 mysterium.
3505 1119 3583 1174 De
3631 1133 3740 1188 quo

2161 1207 2237 1262 ait
2270 1207 2512 1264 Paulus:
2548 1209 2650 1275 Qui
2681 1219 2861 1264 notum
2891 1209 3036 1264 nobis
3064 1211 3184 1280 fecit
3217 1211 3523 1281 mysterium
3561 1211 3745 1265 uolun-

2164 1300 2290 1354 tatis
2319 1316 2449 1366 sua',
2477 1301 2548 1355 ad
2584 1302 3028 1370 dispensationem
3081 1301 3428 1369 plenitudinis,
3455 1311 3744 1372 temporum

2162 1400 2467 1447 restaurare
2487 1394 2665 1448 omnia
2691 1394 2748 1448 in
2777 1393 3004 1459 Christo,
3032 1408 3150 1464 qua:
3195 1394 3252 1447 in
3281 1395 3444 1461 ctelis,
3469 1404 3519 1449 et
3543 1413 3663 1467 quae
3693 1400 3746 1452 in

2165 1491 2309 1538 terra
2327 1492 2449 1538 sunt
2476 1485 2542 1541 “.
2575 1482 2633 1538 In
2665 1485 2786 1554 ipso
2817 1495 2872 1540 et
2905 1484 3075 1539 David
3106 1503 3120 1539 :
3175 1484 3436 1542 Dominus
3487 1490 3745 1560 regnauit,

2164 1572 2402 1636 decorem
2429 1574 2602 1628 induit
2642 1573 2900 1629 Dominus
2953 1576 3339 1647 fortitudinem,
3363 1586 3416 1631 et
3469 1581 3746 1648 νηπίω-ξι

2163 1681 2218 1719 se
2243 1666 2303 1720 ".
2333 1665 2643 1722 Manifestat
2663 1667 2827 1723 etiam
2857 1668 2997 1738 ipse,
3025 1669 3482 1739 quemadmodum
3495 1672 3752 1729 Christus

477 1759 563 1814 bis
594 1759 797 1829 pignus
817 1753 1092 1824 spiritum.
1135 1751 1440 1824 Hypodytin
1463 1761 1646 1806 autem
1678 1751 1834 1808 illum
1898 1750 2061 1819 LXX.
2095 1756 2139 1816 Β
2166 1756 2759 1814 coniortavitnostram
2794 1775 3051 1828 massam,
3099 1761 3270 1817 verbo
3324 1761 3750 1832 dispensationis

477 1853 629 1909 velut
658 1850 751 1920 qui
787 1857 870 1904 est
898 1845 1148 1921 interius,
1185 1846 1268 1900 vel
1331 1843 1655 1912 absconsus,
1689 1845 1900 1901 dicunt.
1955 1842 2064 1900 Sed

480 1956 664 2001 tamen
696 1941 824 2013 quia
849 1939 1124 1995 secundus
1147 1936 1204 1991 in
1235 1937 1427 1992 ordine
1465 1937 1761 1993 creationis
1794 1937 2062 1993 deductus

478 2029 586 2104 est,
616 2053 740 2094 cum
759 2034 935 2106 prima
966 2033 1038 2088 sit
1058 2032 1264 2096 tunica,
1301 2047 1421 2101 qua:
1467 2031 1535 2086 de
1572 2040 1720 2086 terra
1751 2040 1858 2096 est,
1915 2031 2064 2086 hunc

480 2130 784 2190 secundum
815 2126 1124 2183 nominant.
1154 2124 1316 2194 Atqui
1383 2123 1672 2196 bypodytis
1691 2124 1925 2181 interius
1969 2140 2065 2180 ve-

480 2224 803 2281 stimentum
841 2229 948 2285 est,
979 2219 1074 2275 sed
1090 2233 1159 2272 ex
1176 2232 1241 2272 eo
1276 2216 1422 2286 quod
1468 2217 1704 2286 primum
1771 2232 1897 2274 eum
1951 2233 2064 2274 non

481 2317 670 2391 posuit
697 2312 995 2371 creationis
1028 2311 1276 2367 ordinem
1303 2308 1558 2365 servavit.
1631 2307 1692 2362 In
1721 2309 1828 2364 hoc
1873 2317 2061 2365 autem

480 2407 625 2476 quod
654 2403 948 2476 hypodytin
980 2401 1136 2466 dixit,
1200 2399 1586 2470 ostenditquia
1610 2399 1728 2470 ipse
1760 2408 1844 2455 est
1899 2399 2065 2456 homo

482 2509 673 2553 noster
696 2496 945 2550 interior.
987 2491 1080 2547 llis
1117 2492 1392 2562 lcgislator
1421 2490 1630 2547 addidit
1660 2509 1674 2547 :

557 2612 620 2666 Et
673 2612 895 2679 desuper
933 2607 1204 2661 humerale
1262 2608 1533 2675 imposuit,
1576 2608 1713 2676 quod
1769 2607 2066 2679 astringens

428 2745 430 2747 .
482 2700 693 2772 cingulo
723 2699 927 2768 aptavit
982 2695 1256 2750 rationali.
1299 2694 1441 2748 LXX
1483 2705 1666 2749 autem
1723 2695 2063 2752 ediderunt:

482 2795 551 2848 Et
573 2793 745 2864 posuit
767 2806 924 2860 super
949 2787 1100 2842 illum
1132 2787 1445 2855 epomidem,
1482 2795 1530 2839 et
1573 2787 1736 2840 cinxit
1784 2787 1936 2841 illum
1979 2804 2066 2848 se-

483 2888 713 2942 cundant
750 2884 956 2938 aditum
1017 2879 1295 2949 epomidis,
1365 2887 1414 2932 et
1455 2879 1767 2932 constrinxit
1795 2877 1950 2932 illum
1998 2880 2068 2932 ad

484 2996 626 3034 earn.
661 2973 1124 3048 Superbumerale
1176 2987 1343 3027 suave
1385 2969 1590 3026 Christi
1641 2971 1831 3042 iugum
1861 2977 1966 3036 est,
2012 2971 2068 3027 id

2166 1849 2607 1923 circumcingens
2634 1851 2928 1922 primitias,
2955 1868 3118 1924 quam
3169 1863 3228 1908 et
3265 1856 3558 1926 appellavit
3586 1858 3748 1928 forti-

2167 1943 2420 2009 tudinem,
2451 1943 2581 2013 quia
2613 1958 2712 2014 per
2744 1944 2918 2015 ipsam
2944 1955 3000 2000 et
3039 1961 3142 2002 nos
3171 1945 3340 2002 fortes
3365 1947 3493 2003 facti
3531 1963 3748 2005 sumus.

2165 2033 2301 2101 Quis
2325 2044 2510 2090 autem
2545 2035 2616 2092 sit
2649 2035 3077 2108 dispensationis
3116 2038 3335 2107 modus,
3365 2039 3607 2095 Joannes
3635 2042 3746 2096 ait:

2169 2127 2390 2184 Verbum
2419 2145 2544 2184 caro
2565 2131 2765 2201 factum
2796 2139 2870 2194 est
2900 2130 2983 2196 4°.
3008 2131 3247 2202 Ideoque
3279 2133 3520 2204 cydarim
3567 2143 3623 2188 et
3656 2151 3749 2188 zo-

2166 2236 2293 2276 nam
2321 2221 2398 2276 ait
2424 2219 2633 2295 Moyses
2664 2222 2938 2294 byssinam
2965 2238 3090 2278 esse
3118 2239 3258 2294 opus
3285 2225 3588 2290 variatum;
3625 2227 3750 2298 hys-

2167 2328 2261 2371 sus
2290 2315 2438 2370 enim
2467 2315 2537 2370 de
2567 2322 2713 2371 terra
2735 2330 2860 2371 cum
2879 2315 2971 2377 sit.
3005 2330 3228 2371 carnem
3251 2315 3607 2381 demonstrat,
3625 2333 3750 2386 qute

2165 2421 2234 2462 ex
2269 2417 2410 2463 terra
2442 2418 2629 2464 nostra
2683 2417 2806 2474 est;
2843 2423 2983 2478 opus
3033 2407 3306 2478 plumarii,
3339 2407 3554 2462 Domini
3612 2409 3747 2464 Ver-

2166 2501 2322 2567 bum,
2367 2500 2460 2570 qui
2521 2499 2716 2555 artifex
2775 2510 2832 2556 et
2882 2502 3122 2555 variatur
3159 2500 3326 2555 totius
3354 2508 3440 2555 est
3462 2511 3748 2556 creaturae.

2167 2585 2290 2658 lpsc
2319 2588 2424 2648 sibi
2453 2603 2675 2644 carnem
2707 2605 2739 2643 n
2772 2589 2931 2644 nobis
2986 2597 3256 2658 sumptam
3313 2598 3570 2660 operatus
3617 2601 3744 2646 est:

2119 2717 2122 2726 ι
2168 2678 2390 2734 varians
2416 2677 2472 2737 in
2499 2693 2563 2734 ea
2598 2679 2856 2748 mysteria
2905 2679 3327 2749 quodammodo,
3358 2689 3414 2735 et
3455 2680 3751 2736 creationis

2123 2820 2127 2824 ,
2170 2771 2458 2827 miracula.
2501 2771 2627 2827 Post
2656 2772 2761 2826 hoc
2782 2771 3025 2827 subdidit
3083 2772 3388 2828 secundum
3438 2772 3617 2829 LXX:
3682 2775 3750 2828 Et

2169 2863 2343 2933 posuit
2371 2879 2530 2932 super
2566 2879 2628 2917 ea
2679 2861 2962 2916 rationale.
3000 2862 3068 2917 Et
3115 2863 3433 2932 quomodo:
3492 2863 3750 2930 Qun-dam

2167 2954 2482 3026 ἀντίγραφα
2521 2955 2746 3017 habent,
2785 2971 2943 3021 super
3015 2970 3178 3018 eum,
3235 2955 3336 3009 sed
3390 2964 3619 3024 utraque
3683 2956 3750 3012 ad

483 3081 572 3128 est
597 3045 909 3142 evangelica
941 3068 1070 3133 vita,
1099 3080 1262 3136 quam
1312 3072 1498 3135 utpote
1518 3063 1635 3133 ipse
1655 3063 2061 3130 demonstrans,

2171 3046 2318 3103 idem
2373 3045 2675 3118 rcSpiciunt
2708 3066 2723 3101 :

486 3174 634 3220 recte
673 3179 836 3232 super
857 3162 1115 3217 humeros
1148 3158 1424 3229 portabat,
1485 3157 1554 3213 de
1583 3173 1690 3227 qua
1717 3157 1794 3213 ait
1825 3175 1840 3214 :
1880 3157 2065 3212 Tollite

479 3259 671 3328 jugum
707 3273 878 3310 meum
907 3269 1064 3322 super
1114 3269 1222 3316 uos,
1269 3261 1319 3306 et
1363 3251 1545 3305 discite
1574 3267 1606 3304 a
1637 3266 1738 3316 me,
1770 3251 1895 3320 quia
1925 3250 2067 3303 mitis

486 3365 628 3413 sum,
665 3356 713 3400 et
753 3345 966 3399 humilis
999 3344 1174 3402 corde,
1209 3351 1257 3395 et
1305 3341 1578 3396 invenietis
1601 3342 1830 3410 requiem
1855 3341 2067 3394 anima-

487 3444 581 3496 bus
606 3440 808 3500 vestris,
829 3439 1020 3507 jugum
1042 3435 1181 3488 enim
1211 3449 1380 3488 meum
1412 3432 1518 3486 leve
1539 3442 1637 3500 est,
1663 3441 1713 3485 et
1740 3447 1870 3485 onus
1894 3447 2068 3485 meum

485 3548 646 3588 suave
670 3531 733 3583 ⁸³.
762 3527 916 3584 Unde
973 3536 1032 3582 et
1077 3527 1166 3582 lex
1192 3524 1248 3578 in
1281 3523 1470 3579 Exodo
1504 3523 1573 3578 de
1630 3522 2066 3592 superhumerali

485 3622 565 3676 sic
581 3621 712 3676 dicit
743 3635 759 3672 :
794 3618 860 3672 Et
883 3619 1044 3690 facies
1073 3615 1510 3686 superhumerale
1540 3615 1604 3668 de
1653 3630 1788 3668 auro
1834 3623 1882 3668 et
1935 3615 2068 3683 hya-

485 3713 682 3776 cintho,
715 3721 766 3766 et
795 3727 944 3764 roceo
967 3709 1044 3763 bis
1067 3710 1252 3773 tincto,
1285 3716 1332 3762 et
1376 3707 1524 3776 bysso
1545 3715 1762 3770 retorta,
1791 3721 1946 3775 opere
1970 3721 2068 3774 po-

487 3807 672 3877 lymita
701 3804 766 3858 “'.
794 3803 924 3870 Vel,
955 3802 1099 3858 sicut
1127 3799 1292 3865 LXX,
1347 3814 1476 3868 opus
1507 3798 1777 3852 variatum
1795 3797 2068 3868 epomida-

486 3915 593 3962 sco,
625 3899 878 3952 luerentes
899 3896 1128 3950 alteram
1154 3894 1226 3952 ad
1247 3893 1496 3958 alterum,
1558 3889 1853 3960 aliquando
1904 3903 2069 3944 unam

487 3990 820 4062 epomidem,
849 3986 1143 4056 aliquando
1173 3985 1310 4042 duas
1356 3983 1658 4054 appellans,
1694 3981 1820 4051 quia
1871 3988 1928 4036 et
1960 3977 2069 4034 Do-

489 4083 673 4138 minus
704 4082 819 4152 jugi
841 4090 898 4136 et
934 4079 1120 4134 oneris
1146 4077 1468 4132 memoriam
1534 4074 1684 4136 fecit,
1737 4074 1794 4126 in
1853 4072 2070 4128 duobus

489 4189 659 4229 unum
717 4171 986 4236 dividens,
1055 4179 1313 4237 tanquam
1391 4165 1661 4225 divideret
1724 4163 2061 4234 epomidem,

488 4262 634 4333 quod
668 4275 778 4315 non
809 4259 1032 4321 frustra,
1077 4257 1173 4312 sed
1235 4256 1361 4324 quia
1427 4262 1648 4323 oportet
1691 4252 2071 4324 evangelicum

493 4354 798 4417 hominem,
825 4349 962 4422 legis
1011 4347 1336 4416 mandatum
1357 4346 1505 4416 quod
1535 4345 1676 4402 dixit
1706 4363 1720 4400 :
1761 4343 1884 4398 Non
1928 4344 2068 4398 occi-

487 4448 608 4513 das,
655 4460 759 4500 non
797 4441 1062 4498 adulteres
1095 4442 1162 4507 ”,
1223 4450 1280 4496 et
1308 4440 1356 4494 si
1386 4438 1527 4510 quod
1557 4447 1644 4495 est
1665 4438 1835 4506 aliud,
1865 4452 2072 4508 nequa-

489 4555 652 4610 quam
683 4537 989 4608 praaterire,
1016 4533 1401 4606 duplicemque
1451 4531 1510 4586 in
1539 4531 1646 4589 hoc
1688 4531 1739 4587 ei
1795 4530 2074 4602 operatio-

489 4645 617 4686 nem
648 4629 930 4694 exhibere,
957 4628 1010 4682 id
1041 4636 1148 4690 est,
1177 4636 1372 4681 utnon
1425 4624 1600 4687 solum
1631 4623 1701 4678 ab
1757 4622 2071 4689 homicidio,

462 4707 466 4717 ’
491 4722 586 4777 sed
617 4729 672 4774 et
702 4721 801 4786 ira,
829 4734 952 4789 quae
970 4718 1101 4773 facit
1131 4716 1510 4782 homicidium,
1534 4714 1874 4777 abstineatur
1889 4714 2073 4782 simul,

491 4829 604 4870 non
637 4819 848 4867 tantum
883 4811 952 4867 ab
985 4811 1278 4876 adulterio,
1306 4809 1404 4865 sed
1437 4823 1469 4863 a
1524 4808 1802 4870 desiderio
1855 4824 1925 4865 ex
1964 4825 2075 4879 quo

443 4901 822 4982 ‘jadulterium
845 4905 1080 4976 paritur.
1107 4903 1198 4960 Sic
1221 4919 1332 4960 una
1360 4902 1573 4974 epomis
1611 4901 1844 4973 duaeque
1897 4903 2074 4958 colue-

489 5008 701 5064 rentes,
739 4998 843 5054 alia
869 4995 1027 5052 alteri
1082 4993 1379 5062 invenitur,
1415 4993 1542 5063 quia
1577 5008 1689 5049 non
1727 4992 1890 5056 irasci
1921 4993 2076 5050 cohi-

487 5093 602 5158 bet,
631 5100 685 5147 et
711 5098 930 5146 cautum
956 5087 1132 5163 reddit
1151 5087 1223 5142 ad
1238 5103 1348 5143 non
1373 5085 1687 5144 faciendum
1700 5085 2074 5143 homicidium.

449 5241 458 5246 ,
488 5181 807 5240 Necessaria
839 5189 1022 5235 autem
1042 5178 1298 5250 hypodyti
1346 5177 1634 5245 conjunxit
1655 5177 1931 5247 epomida,
1985 5193 2074 5234 so-

487 5271 595 5330 lius
626 5274 773 5328 enim
803 5273 1046 5330 cmlcstis
1089 5273 1330 5328 hominis
1383 5273 1573 5343 iugum
1623 5274 1906 5345 suscipere
1963 5282 2070 5340 est,

455 5405 460 5410 .
487 5365 633 5436 quod
653 5367 904 5422 Christus
938 5367 1098 5422 dixit.
1130 5365 1290 5432 Quod
1320 5375 1407 5420 est
1433 5374 1618 5420 autem
1640 5365 1942 5438 cingulum,
1961 5383 2073 5438 quo

493 5459 730 5514 tunicam
755 5469 811 5514 et
843 5458 1139 5531 hypodytin
1163 5457 1373 5512 cinxit?
1395 5455 1575 5527 Ipsum
1605 5472 1746 5530 opus
1775 5457 1948 5526 disce,
1985 5459 2072 5515 dci-

2243 3161 2394 3228 Quod
2411 3163 2705 3234 astringens
2745 3161 2974 3231 cingulo,
3032 3163 3235 3231 aptavit
3270 3163 3521 3216 rationali
3551 3167 3608 3217 in
3648 3180 3751 3234 quo

2171 3265 2286 3310 erat
2314 3256 2556 3310 doctrina
2587 3263 2636 3309 et
2663 3255 2880 3308 veritas.
2904 3252 3044 3307 LXX
3083 3262 3267 3308 autem
3293 3254 3582 3309 ediderunt
3607 3273 3620 3308 :
3684 3256 3750 3309 Et

2171 3349 2421 3419 imposuit
2447 3347 2802 3418 superlogiunt
2828 3347 3182 3401 ostensionem
3231 3355 3277 3400 et
3294 3347 3590 3400 veritatem.
3635 3347 3752 3402 Hoc

2171 3447 2354 3494 autem
2393 3439 2519 3493 alibi
2552 3438 2939 3494 sacerdotalem
2991 3451 3272 3506 exponens
3324 3436 3541 3499 stolam,
3581 3439 3750 3490 ratio-

2172 3531 2348 3586 nalem
2372 3532 2567 3602 judicii
2590 3530 2886 3600 appellavit
2920 3549 2934 3585 :
2979 3529 3286 3584 secundum
3310 3528 3576 3582 rationale
3601 3529 3750 3582 enim

2169 3623 2399 3688 Christi,
2442 3623 2498 3678 id
2520 3631 2604 3678 est
2663 3621 2992 3684 doctrinam,
3050 3619 3370 3690 praedicatio
3420 3619 3609 3688 iudicii
3676 3618 3755 3673 fu.

2173 3717 2279 3772 turi
2334 3715 2560 3787 regitur.
2605 3714 2986 3770 Ostensionem
3041 3727 3192 3784 ergo,
3229 3713 3282 3767 id
3309 3721 3394 3767 est
3433 3711 3755 3766 manifesta-

2174 3809 2400 3874 tionem,
2437 3817 2638 3862 etcum
2667 3822 2730 3861 ea
2773 3806 3057 3862 veritatem
3084 3805 3268 3868 habet,
3302 3812 3492 3873 utpote
3517 3804 3754 3857 manife-

2172 3904 2348 3951 stante
2399 3893 2712 3950 hominibus
2739 3893 2974 3964 ignotam
3018 3891 3400 3964 mysteriorum
3441 3891 3750 3947 veritatem.

2173 3989 2418 4056 Quatuor
2445 3997 2627 4042 autem
2655 4001 2911 4041 versuum
2968 3985 3020 4040 ei
3090 3985 3384 4049 rationale,
3446 3983 3502 4038 id
3547 3992 3637 4038 est
3687 3998 3752 4036 es

2171 4093 2410 4152 quatuor
2431 4080 2777 4151 generalibus
2809 4077 3127 4144 virtutibus,
3173 4085 3230 4132 et
3259 4092 3328 4132 ex
3347 4075 3641 4132 duodecim
3675 4075 3752 4127 la-

2174 4171 2394 4243 pidibus
2421 4170 2741 4241 partialibus
2762 4167 3165 4238 quodammodo
3191 4176 3248 4221 et
3285 4165 3620 4237 specialibus
3640 4164 3753 4218 ﬁeri

2171 4262 2455 4334 praecepit.
2481 4261 2614 4328 Quae
2633 4270 2962 4316 suntautem
3016 4259 3177 4315 haec?
3208 4258 3406 4328 Utique
3455 4258 3524 4312 de
3554 4258 3754 4326 quibus

2173 4355 2447 4410 scribebat
2476 4353 2678 4408 Paulus
2713 4353 2967 4424 :0portet
3001 4353 3139 4408 enim
3177 4352 3473 4421 episcopum
3529 4350 3757 4419 irreprc-

2102 4439 2149 4494 Ι)
2176 4447 2483 4520 hensibilem
2513 4462 2643 4511 esse,
2665 4446 2797 4500 sicut
2823 4446 2922 4499 Dei
2950 4446 3365 4514 dispensatorem
3394 4443 3458 4496 ¹⁹.
3494 4442 3604 4496 Sed
3620 4455 3756 4511 quo-

2181 4535 2345 4591 modo
2365 4523 2883 4606 irreprehensibilis,
2917 4534 2970 4590 id
2999 4544 3084 4588 est
3113 4531 3462 4587 accusatione
3491 4530 3754 4591 mundus.

2179 4637 2237 4684 et
2275 4643 2306 4682 a
2327 4627 2551 4698 querela
2569 4627 2717 4682 omni
2744 4627 2880 4681 liber
2909 4625 3001 4688 sit,
3039 4625 3124 4680 his
3145 4639 3267 4694 quae
3303 4632 3494 4693 postea
3512 4636 3758 4692 sequun-

2137 4771 2142 4776 .
2179 4729 2269 4776 tur
2291 4720 2533 4776 ostendit
2567 4735 2583 4773 :
2611 4719 2732 4773 Non
2759 4719 3063 4787 superbum,
3111 4733 3212 4771 non
3253 4716 3594 4779 iracundum,
3661 4729 3762 4768 non

2176 4813 2523 4880 vinolentum,
2555 4829 2658 4866 non
2682 4827 3059 4882 percussorem,
3096 4825 3201 4864 non
3249 4809 3418 4876 turpis
3448 4807 3584 4860 lucri
3613 4805 3764 4874 cupi-
3859 4831 3870 4844 -

2178 4906 2305 4960 dum
2333 4921 2352 4960 :
2377 4905 2481 4970 sed
2514 4903 2850 4974 hospitalem,
2897 4903 3198 4973 benignum,
3255 4910 3477 4965 castum,
3525 4898 3762 4968 justum,

2142 5037 2144 5039 ›
2179 5007 2448 5061 sanctum,
2479 4997 2850 5058 continentem,
2883 4994 3284 5064 amplectentcm
3300 5009 3420 5047 eum
3452 4992 3542 5062 qui
3572 5007 3763 5045 secuno

2183 5091 2311 5146 dum
2347 5089 2646 5144 doctrinam
2675 5095 2774 5150 est.
2803 5085 3010 5156 ﬁdelem
3031 5101 3326 5140 sermonem
3352 5085 3421 5136 ".
3455 5082 3581 5137 Haec
3609 5082 3762 5136 enim

2185 5181 2481 5251 unicuique
2505 5179 2723 5249 quidem
2746 5178 3004 5234 convenit
3030 5177 3273 5248 assequi,
3313 5177 3551 5231 maxime
3580 5184 3762 5226 tamen

2183 5273 2486 5332 sacerdoti.
2518 5272 2786 5344 siquidem
2814 5271 3041 5341 ﬁgurant
3077 5271 3217 5342 gerit
3245 5267 3468 5326 Christi.
3506 5266 3762 5336 quiprar-

2183 5365 2358 5421 dictos
2386 5365 2675 5420 duodecim
2725 5364 2955 5434 lapides,
3004 5377 3172 5432 super
3224 5368 3419 5432 pectus
3479 5357 3762 5428 proprium

2175 5458 2440 5528 portavit.
2469 5455 2667 5527 Cydari
2699 5472 2904 5527 quoque
2925 5456 3053 5509 texit
3078 5463 3256 5524 caput.
3289 5449 3439 5516 Sive,
3459 5445 3763 5504 secundum

565 5626 834 5704 "_ll_Cor.
865 5648 915 5688 v.
941 5632 993 5704 _4.
1074 5632 1117 5704 Ψ
1141 5631 1343 5704 .‘llatth.
1367 5648 1443 5694 ιι.
1473 5632 1564 5700 29,
1597 5634 1686 5689 30.
1765 5635 1807 5666 “
1834 5634 2008 5690 Exod.

2164 5652 2256 5702 1111,
2280 5637 2335 5692 6.
2406 5591 2452 5668 "'l
2482 5636 2652 5692 Exod.
2702 5653 2788 5703 xx,
2841 5634 2929 5700 15,
2968 5635 3054 5690 Η.
3137 5631 3410 5704 "pr88.
3467 5628 3514 5698 Ι,
3566 5627 3619 5696 9,
3668 5623 3763 5682 10.

521 5696 542 5732 τ
592 5696 739 5753 Psal.
772 5714 902 5767 seu,
938 5702 963 5755 1
1073 5703 1115 5733 ⁸⁸
1148 5702 1302 5759 loan.
1331 5703 1370 5769 Ι,
1405 5704 1492 5761 14.

1574 5706 1615 5738 ¹⁹
1642 5705 1661 5760 l
1693 5705 1936 5761 Timoth.
1960 5705 2122 5773 111,2.
2197 5707 2243 5739 '°
2273 5707 2404 5764 ibid.
2429 5707 2482 5773 5,
2519 5709 2573 5762 4.
