4044 6224
462 338 567 406 371
1605 322 1687 395 IN‘
1720 320 2156 393 LEVITICUM.
2200 356 2267 371 -—
2303 331 2450 394 LIB.
2489 334 2569 394 ιι.
3560 292 3565 299 ’
3611 331 3720 395 878
3775 291 3778 294 ’

463 446 643 515 LXX;
674 447 742 504 Et
758 447 950 517 posuit,
976 443 1172 511 inquit,
1191 454 1347 514 super
1381 442 1538 514 caput
1607 441 1722 511 ejus
1785 440 2025 494 mitram.
2058 441 2102 500 Α
2130 448 2236 509 que
2272 439 2617 497 sanetilicans
2661 436 2985 510 aspersisset
3026 435 3194 493 altare
3237 444 3447 511 septem
3484 434 3712 504 vieibtn.

461 537 726 610 Sedquia
755 545 811 593 et
843 536 1031 593 'mitra:
1058 536 1175 593 sive
1225 534 1440 606 cydaris
1492 531 1866 602 operationem
1919 545 2032 585 non
2135 529 2291 586 unxit
2322 529 2475 594 illud,
2515 539 2572 587 et
2596 530 2779 585 omnia
2830 545 2957 584 vasa
3008 530 3148 602 ejus.
3205 529 3444 590 Labrum
3500 547 3718 606 quoque

463 629 798 703 ignoramus,
832 636 889 684 et
913 627 1119 684 Christi
1148 636 1314 698 caput
1333 640 1456 683 esse
1486 623 1700 680 Patrem
1720 620 2031 689 didicimus,
2136 623 2260 679 cum
2282 622 2401 678 basi
2432 637 2531 679 sua
2576 622 2936 677 sanctilicavit
2961 622 3100 677 oleo.
3145 641 3164 673 ι
3237 662 3241 667 .

461 722 752 777 audiamus
796 721 943 792 quod
969 719 1237 790 sequitur.
2207 713 2319 785 Ego
2349 715 2568 769 visiones
2617 714 2987 784 multiplicavi,
3021 725 3069 769 et
3118 716 3173 769 in
3225 717 3467 773 manibus
3492 720 3716 788 prophe-

536 829 602 885 Et
619 846 777 900 super
806 846 925 884 eam
953 836 1137 883 contra
1169 829 1393 899 frontem
1424 827 1595 897 posuit
1634 818 1892 881 laminam
1937 835 2037 879 au-

2155 815 2315 859 turum
2342 805 2668 899 assimilatas
2696 823 2813 861 sum
2834 806 2900 871 ’⁸,
2928 814 3214 877 propterea
3252 819 3379 864 ante
3414 810 3628 866 locutus
3661 811 3719 866 in

467 938 632 986 ream,
651 929 1009 975 consecratam
1038 921 1095 973 in
1135 918 1633 988 sanctiﬁcationem,
1678 916 1814 971 sicut
1850 931 2041 986 prcece-

2155 898 2420 969 umphetis
2441 898 2677 963 dicebat,
2706 906 2767 953 ut
2788 906 3147 968 cognosceret
3169 898 3237 964 is,
3253 900 3345 970 qui
3365 901 3484 971 ejus
3502 902 3719 959 volebat

462 1020 614 1084 perat
640 1012 688 1066 ei
711 1010 990 1067 Dominus.
1027 1008 1148 1066 Non
1176 1011 1379 1066 frustra
1414 1022 1604 1067 eorum
1632 1023 1753 1079 quae
1784 1008 2042 1080 praecepit

2155 988 2279 1043 scire
2314 990 2591 1059 mysteria,
2616 988 2761 1063 quod
2791 1003 2903 1045 non
2939 1004 3034 1059 per
3062 1004 3224 1071 unam
3259 990 3577 1063 imaginem,
3616 1008 3720 1048 nec

469 1103 734 1158 Dominus
787 1101 977 1174 Moysi,
1016 1101 1335 1157 memoriam
1397 1100 1546 1167 facit,
1582 1099 1675 1155 sed
1706 1113 2039 1154 commemo-

2155 1093 2239 1147 per
2258 1095 2431 1135 unum
2468 1078 2741 1151 quoddam
2791 1079 3031 1151 signum,
3088 1079 3185 1135 sed
3236 1097 3335 1152 per
3368 1082 3558 1151 multa,
3590 1085 3719 1156 quia

468 1212 591 1251 rare
617 1212 720 1251 nos
748 1211 832 1259 ea,
855 1170 977 1264 qua:
1017 1195 1087 1250 de
1113 1194 1316 1250 lamina
1346 1194 1401 1248 in
1425 1192 1763 1249 tabernaculi
1788 1200 2042 1247 constru-
2142 1179 2199 1264 εξ
2217 1170 2384 1225 mima
2417 1178 2696 1264 Ppemwl"
2724 1171 2959 1264 ωξδῖῖπὶθ
2984 1186 3083 1241 Per
3108 1186 3326 1264 “mem
3348 1174 3719 1244 dispensata!“

468 1288 651 1343 ctione
685 1288 827 1343 dicta
848 1259 994 1351 sunt,
1027 1287 1218 1342 volens
1252 1302 1265 1339 :
1323 1285 1435 1341 illic
1495 1285 1643 1340 enim
1684 1294 1871 1356 aperte
1923 1287 2044 1355 ejus

2155 1259 2212 1316 ab
2240 1276 2328 1327 eo,
2359 1261 2589 1316 salutem
2651 1260 2936 1315 hominum
2982 1260 3429 1330 comprehensuri
3480 1280 3720 1322 eramus.

467 1379 700 1445 minus,
732 1388 787 1434 ει
819 1350 993 1434 νὴ,ωᾷ
1014 1378 1189 1448 posita
1220 1386 1306 1433 es,
1330 1393 1453 1433 cum
1482 1375 1615 1433 dicit
1643 1393 1658 1431 ε
1719 1350 1736 1356 “
1953 1350 1970 1355 ⁷
2143 1351 2211 1406 Et
2240 1352 2382 1448 sicut
2402 1368 2507 1448 non
2532 1350 2706 1448 solum
2735 1359 2937 1423 pastor,
2965 1351 3059 1448 sed
3079 1362 3149 1448 ‘et
3178 1354 3316 1416 ovis,
3348 1364 3404 1409 et
3444 1358 3719 1422 sacerdos,

2145 1452 2201 1498 et
2222 1443 2423 1499 ostium
2448 1442 2652 1499 dicitur
2689 1460 2704 1497 :
2747 1453 2933 1515 pastor
2965 1443 3206 1515 quidem,
3242 1454 3301 1499 ut
3322 1445 3412 1516 qui
3444 1446 3722 1503 hominem

2146 1535 2418 1591 convertit
2472 1536 2589 1591 sive
2638 1535 2855 1591 reduxit
2899 1546 3220 1603 errantem;
3253 1537 3376 1597 ovis
3421 1547 3627 1606 autem,
3663 1547 3725 1594 ut

2146 1627 2239 1698 qui
2267 1642 2368 1701 pro
2402 1628 2559 1684 nobis
2580 1627 2909 1683 sacrificium
2938 1627 3116 1684 factus
3135 1636 3219 1687 est
3243 1646 3259 1695 ;
3292 1632 3549 1686 sacerdos
3572 1646 3722 1695 vero,

2151 1726 2213 1775 ut
2240 1718 2334 1789 qui
2378 1718 2732 1789 semetipsum
2761 1719 2977 1785 obtulit,
3027 1720 3227 1785 ostium
3280 1729 3486 1787 autem,
3529 1729 3590 1777 ut
3626 1723 3723 1792 qui

2151 1809 2291 1864 viam
2310 1806 2466 1864 nobis
2484 1808 2721 1864 ostendit
2735 1809 2978 1864 scientias
2996 1826 3013 1879 ;
3037 1808 3114 1863 sic
3132 1807 3254 1879 ejus
3276 1809 3555 1883 prophetae
3570 1814 3726 1867 multi

3754 642 3765 673 ἑ

3756 672 3773 699 ἦ)

542 1485 730 1541 Facies
749 1494 799 1541 et
834 1485 1037 1540 lamina
1066 1486 1129 1540 de
1146 1501 1279 1540 auro
1311 1484 1611 1556 purissimo,
1637 1484 1693 1538 in
1721 1500 1827 1555 qua
1855 1476 2059 1554 sculptis

466 1592 625 1647 opere
677 1575 944 1631 calatoris
992 1584 1236 1631 sanctum
1270 1574 1522 1631 Domino.
1554 1574 1651 1631 Vel
1680 1574 1824 1631 sicut
1864 1574 2043 1633 LXX:

468 1669 537 1725 Et
564 1669 724 1742 [acies
747 1668 1005 1727 laminam
1034 1684 1255 1723 auream
1271 1685 1459 1738 puram
1491 1708 1506 1731 ,
1539 1676 1588 1723 et
1616 1668 1870 1739 formabis
1901 1668 1956 1723 in
1986 1684 2048 1722 ea

467 1761 838 1832 formationem
860 1759 1015 1831 signi,
1048 1760 1380 1817 sanctitatem
1403 1754 1640 1815 Domini.
1664 1759 1836 1825 Quam
1866 1768 2046 1818 autem
2079 1789 2120 1845 Β

470 1851 874 1917 formationem,
905 1852 989 1908 vel
1018 1852 1161 1922 quod
1187 1851 1424 1923 signum,
1450 1852 1560 1923 jam
1589 1866 1701 1907 non
1723 1850 1855 1908 dicit
1878 1868 1893 1919 ;
1917 1851 2049 1908 dicit

471 1954 656 2001 autem
698 1953 754 2000 et
783 1946 838 2000 in
865 1944 971 2000 alio
1004 1945 1145 2001 loco.
1192 1945 1447 2000 Fecerunt
1491 1954 1547 2001 et
1587 1944 1845 2000 laminam
1881 1958 2050 2000 sacrit

471 2040 822 2094 uenerationis
880 2039 943 2093 de
978 2056 1113 2097 auro
1164 2039 1466 2110 purissimo,
1541 2038 1959 2108 scripseruntque
1994 2037 2050 2091 in

472 2146 536 2186 ea
588 2146 742 2200 opere
767 2131 1058 2201 gemmario
1098 2140 1340 2185 sanctum
1372 2129 1583 2184 Domini
1613 2132 1681 2183 ²¹.
1732 2128 2047 2185 Secundum

472 2220 610 2276 LXX
655 2229 838 2276 autem
863 2239 876 2275 :
900 2221 967 2275 Et
994 2221 1115 2293 fecit
1145 2221 1396 2276 laminam
1423 2237 1664 2284 auream,
1688 2222 2051 2279 deductione»:

468 2314 595 2368 auri
621 2314 764 2383 puri,
796 2304 1201 2383 redemptionem
1235 2315 1425 2378 sancti,
1457 2322 1505 2367 et
1535 2313 1804 2384 insculpsit
1850 2314 2052 2371 litteras

471 2407 798 2477 deformatos
826 2406 1010 2477 signis,
1054 2404 1391 2459 sanctitatem
1441 2403 1684 2460 Domino.
1736 2403 1843 2461 Sed
1870 2414 2050 2463 tamen

473 2511 586 2552 non
617 2496 751 2553 dicit
782 2510 904 2567 quat
937 2504 1096 2552 erant
1131 2496 1262 2566 ipsa:
1292 2495 1507 2563 litterae,
1560 2511 1664 2551 nec
1716 2497 1899 2552 videre
1950 2511 2053 2553 nec

472 2588 664 2644 audire
694 2604 1005 2659 possumus.
1042 2588 1191 2642 illam
1232 2602 1362 2657 ergo
1387 2598 1571 2643 notam
1594 2586 1863 2658 signiﬁcat
1888 2587 2052 2644 etiam

475 2679 751 2746 formatio,
780 2680 851 2735 de
883 2696 988 2751 qua
1018 2679 1219 2735 Paulus
1243 2679 1376 2735 dicit
1413 2678 1549 2747 :Qui
1578 2697 1697 2735 eum
1720 2681 1788 2735 sit
1812 2680 2055 2752 splendor

473 2771 657 2844 gloria
674 2780 724 2825 et
751 2772 927 2845 ﬁgura
957 2772 1267 2827 substantia:
1298 2774 1415 2843 ejus
1436 2772 1504 2826 ".
1533 2769 1673 2840 Quia
1701 2773 1849 2828 enim
1885 2773 2054 2828 multa

476 2864 547 2920 de
588 2864 964 2920 incarnatione
995 2862 1277 2936 Unigeniti
1329 2863 1383 2917 in
1415 2863 1518 2919 hac
1573 2863 1857 2919 sanctione
1910 2863 2053 2919 dicta

476 2962 628 3019 sunt,
655 2964 718 3010 ut
743 2971 854 3010 non
881 2955 1064 3010 omnia
1094 2955 1320 3011 humilia
1345 2956 1412 3011 de
1437 2970 1504 3012 eo
1527 2962 1809 3026 putentur,
1840 2955 1907 3010 ad
1930 2956 2056 3011 sub-

478 3046 729 3102 stantiam
755 3046 1018 3100 incarnati
1038 3045 1199 3101 Verbi
1225 3044 1576 3116 principium,
1598 3045 1665 3100 de
1685 3060 1797 3115 quo
1820 3042 2056 3100 Joannes

475 3139 696 3195 dicebat
726 3156 738 3193 :
770 3137 833 3193 In
862 3139 1122 3210 principio
1151 3147 1265 3193 erat
1323 3137 1545 3192 Verbum
1565 3178 1581 3203 ,
1615 3147 1664 3192 et
1692 3137 1911 3193 Verbum
1941 3146 2057 3193 erat

476 3230 624 3299 apud
661 3229 846 3293 Deum,
878 3238 926 3284 et
959 3228 1100 3283 Deus
1119 3237 1235 3283 erat
1263 3226 1487 3283 Verbum
1514 3228 1584 3292 ",
1627 3226 1912 3283 sublevare
1956 3241 2059 3283 nos

482 3320 754 3390 legislator
786 3318 992 3383 volens,
1024 3318 1262 3381 mitram,
1282 3315 1397 3370 sive
1422 3314 1659 3387 cydarim
1687 3328 1853 3385 super
1871 3322 2053 3385 caput,

484 3420 705 3481 propter
734 3419 943 3480 patrem
970 3406 1309 3464 memoravit.
1363 3405 1465 3461 Per
1494 3404 1751 3459 laminam
1806 3410 1864 3459 et
1916 3404 2058 3460 scul-

484 3512 723 3572 pturam,
753 3516 852 3556 seu
892 3498 1271 3554 formationem
1308 3494 1753 3555 sanctificationis
1791 3493 2057 3551 incarnati

487 3593 582 3649 Dei
608 3592 793 3657 Verbi,
828 3591 922 3662 qui
961 3599 1018 3645 et
1055 3589 1308 3646 sacerdos
1333 3597 1519 3644 noster
1542 3585 1717 3642 factus
1748 3594 1852 3651 est,
1885 3585 2060 3657 digni~

446 3693 647 3745 .tatcm
690 3685 745 3739 in
791 3683 1076 3755 principio,
1131 3696 1293 3751 quam
1344 3678 1506 3733 simul
1536 3694 1660 3734 cum
1705 3678 1863 3734 Patre
1895 3679 2060 3734 habet

483 3774 836 3833 manifestum
875 3785 985 3842 est,
1024 3774 1160 3843 quia
1183 3770 1453 3841 exposuit.
1490 3770 1717 3840 Propter
1742 3770 1886 3839 quod
1914 3770 2057 3825 illuni

478 3877 539 3924 et
569 3883 729 3939 super
741 3868 980 3939 cydarim
1007 3882 1102 3921 seu
1122 3867 1337 3919 mitram
1357 3873 1413 3919 et
1435 3873 1625 3918 contra
1653 3860 1846 3915 faciem
1887 3861 2060 3917 mittar

480 3958 600 4014 sive
628 3958 839 4029 cydaris
868 3956 1118 4028 imponit,
1143 3954 1277 4012 dicit
1305 3964 1488 4009 autem
1524 3971 1535 4005 :

558 4050 869 4121 Ligabisque
894 4066 1010 4105 eam
1038 4049 1167 4103 vitta
1201 4047 1561 4118 hyacinthina.
1593 4045 1719 4102 Sive
1758 4044 2060 4101 secundum

486 4141 632 4199 LXX
665 4161 678 4195 :
705 4140 773 4195 Et
810 4142 1199 4211 superimpones
1231 4140 1511 4210 hyacinth
1544 4148 1740 4194 retorto
1768 4157 1782 4194 :
1836 4138 2061 4209 hyacin-

488 4235 642 4289 tbnm
686 4243 979 4299 retortum,
1042 4233 1433 4287 humanitatem
1481 4230 1687 4285 Christi
1742 4230 2058 4301 intelligens

491 4343 590 4396 pro
630 4342 696 4381 eo
741 4326 886 4396 quod
944 4325 1380 4397 inseparabiliter
1413 4323 1703 4392 conjuncta
1731 4331 1815 4378 est
1861 4321 2058 4378 divini-

486 4420 608 4475 tati.

564 4531 631 4585 Et
659 4533 759 4589 erit
787 4548 947 4603 super
990 4530 1190 4585 tiaram
1232 4529 1511 4585 imminens
1564 4528 1724 4600 fronti
1778 4526 2061 4597 pontiﬁcis.

490 4626 585 4680 Vel
611 4625 755 4681 sicut
773 4624 955 4680 LXX:
990 4623 1061 4678 Et
1089 4624 1188 4677 erit
1219 4638 1375 4691 super
1405 4622 1617 4681 mitram
1644 4627 1826 4677 contra
1875 4619 2065 4690 faciem

488 4719 682 4775 mitra.
724 4716 843 4772 Erit
882 4730 1053 4789 super
1085 4714 1342 4778 mitram,
1392 4713 1487 4784 qui
1516 4713 1679 4770 Pater
1718 4712 1774 4768 in
1819 4711 1978 4778 Filio,
2008 4718 2068 4767 et

488 4809 665 4867 Filius
691 4811 746 4866 in
793 4808 971 4865 Patre.
1011 4806 1076 4863 Et
1120 4813 1248 4862 ante
1294 4805 1488 4863 faciem
1532 4804 1729 4863 mitra.
1765 4803 1869 4870 Qui
1917 4802 2065 4859 enim

487 4902 639 4958 videt
664 4901 883 4964 Filium,
916 4900 1002 4955 hic
1028 4899 1212 4954 videre
1235 4906 1291 4952 et
1321 4896 1531 4951 Patrem
1585 4895 1785 4951 dicitur
1812 4913 1830 4950 ς
1871 4909 2067 4965 quem-

485 4991 783 5050 admodum
837 4988 1089 5058 Philippo
1119 4986 1189 5044 de
1227 4986 1387 5041 Patre
1423 4983 1764 5055 percontanti
1806 4982 2062 5039 Christus

486 5081 632 5153 apud
684 5080 949 5136 Joannem
981 5079 1028 5110 ”
1081 5076 1394 5146 respondet.
1456 5074 1595 5145 Ergo
1674 5072 1854 5128 omnis
1908 5087 2062 5128 nunc

487 5173 701 5233 salictio
738 5171 1026 5233 evidenter
1058 5171 1112 5225 in
1141 5168 1414 5241 Unigeniti
1432 5167 1720 5238 explanata
1746 5172 1832 5221 est
1856 5172 2066 5237 myste-

488 5265 655 5323 rium.

558 5374 722 5431 Vens.
759 5371 939 5429 ill-il.
978 5389 998 5423 ι
1020 5370 1171 5426 Tulit
1190 5378 1251 5424 et
1282 5368 1461 5425 oleum
1492 5366 1783 5433 unaionis,
1804 5381 1914 5436 quo
1938 5364 2065 5422 lini-

488 5467 575 5524 vit
601 5464 1012 5523 tabernaculum
1043 5477 1171 5517 cum
1203 5460 1353 5517 omni
1385 5459 1720 5530 supellectile
1742 5474 1860 5514 sus.
1896 5458 2062 5515 Cum-

555 5692 598 5722 "
629 5687 800 5742 Exod.
830 5702 1016 5749 xxxix,
1045 5684 1136 5739 ‘29.
1212 5684 1256 5714 “
1279 5681 1445 5736 Hebr.
1475 5696 1513 5739 ι.
1555 5678 1607 5733 3.
1670 5676 1734 5749 4⁸³
1756 5677 1915 5733 Joan.
1963 5691 2003 5749 ι,
2037 5674 2088 5730 i.

485 5763 535 5796 ³⁷
575 5760 678 5815 lsa.
708 5774 820 5824 ut,
854 5757 906 5810 i.

2150 1901 2560 1958 similitudinem
2590 1902 2850 1967 alterunt,
2886 1911 2943 1959 et
2980 1902 3280 1974 unicuique
3316 1903 3566 1972 quaedam
3602 1920 3729 1961 cre-

2150 1994 2262 2049 dita
2294 2000 2442 2061 sunt,
2475 2002 2535 2049 ut
2564 2002 2765 2049 nostra:
2790 1994 3212 2066 dispensationis
3236 1995 3564 2065 signiﬁcaret
3593 2012 3729 2067 ope-

2151 2085 2441 2141 rationem.
2476 2084 2612 2142 Hinc
2636 2085 2761 2156 quia
2788 2085 2904 2156 ipse
2932 2094 3052 2141 erat
3079 2083 3170 2155 qui
3199 2086 3436 2159 tingebat
3467 2101 3584 2152 eos,
3613 2087 3731 2159 ipse

2151 2180 2242 2249 qui
2273 2181 2597 2252 angebatur,
2630 2192 2842 2252 angens
2878 2177 3053 2233 verbo
3073 2178 3394 2244 divinitatis,
3426 2180 3727 2237 secundum

2151 2282 2314 2342 quam
2340 2270 2392 2326 ei
2417 2270 2602 2326 omnia
2620 2268 2932 2326 communia
2954 2285 3080 2326 cum
3109 2270 3265 2325 Patre
3289 2280 3343 2325 et
3370 2270 3575 2341 Spiritu
3601 2281 3733 2327 sunt

2152 2376 2182 2417 a
2209 2376 2319 2432 quo
2362 2361 2491 2432 ungi
2538 2361 2740 2416 dicitur
2770 2359 2927 2431 (nam
2965 2357 3131 2417 David
3191 2371 3401 2432 patrem
3435 2372 3730 2434 angentem

2154 2450 2304 2515 dixit,
2329 2458 2453 2506 cum
2480 2450 2555 2505 ait
2583 2467 2594 2502 :
2624 2449 2907 2520 Propterea
2927 2452 3075 2504 unxit
3104 2458 3153 2504 te
3168 2449 3331 2520 Deus,
3362 2451 3500 2506 Deus
3529 2463 3646 2509 tuus
3664 2454 3730 2518 '°;

2155 2541 2320 2595 lsaias
2347 2550 2530 2597 antem
2571 2540 2884 2597 unctionem
2917 2541 3037 2595 Filii
3082 2542 3150 2595 ad
3211 2538 3472 2615 Spiritum
3524 2546 3731 2609 retulit,

2153 2633 2381 2689 dicens:
2417 2632 2649 2705 Spiritus
2705 2632 2915 2686 Domini
2962 2650 3119 2703 super
3173 2651 3281 2701 me,
3329 2651 3391 2688 eo
3416 2638 3554 2706 quod
3582 2639 3734 2691 una-it

2158 2743 2238 2779 me
2264 2727 2333 2781 ".
2363 2724 2496 2793 Quae
2521 2735 2702 2781 autem
2735 2725 2971 2779 Pateret
3017 2723 3280 2796 Spiritus,
3314 2727 3430 2781 hac
3458 2728 3647 2783 eadem
3680 2738 3735 2784 et

2157 2819 2324 2874 Filius
2352 2813 2529 2885 facit);
2547 2833 2678 2889 ergo
2699 2817 2910 2872 ratione
2930 2814 3230 2874 divinitatis
3276 2818 3392 2890 ipse
3418 2827 3505 2875 est
3532 2832 3734 2876 scun~t~

2157 2913 2333 2980 ipsum
2390 2922 2620 2980 ungens,
2644 2916 2700 2964 et
2725 2908 2841 2979 ipse
2861 2917 2947 2964 est
2967 2908 3058 2980 qui
3090 2908 3310 2980 ungitur
3328 2909 3736 2980 dispensatione

2159 3000 2537 3057 humanitatis.
2585 2998 2851 3056 Similiter
2908 2999 3071 3056 oﬂ'ert
3102 3010 3157 3055 et
3202 2998 3432 3057 oﬂ‘ertur
3456 3018 3475 3056 τ
3501 3002 3646 3061 unde
3680 3012 3738 3059 et

2086 3124 2130 3184 ο
2161 3093 2350 3149 Daniel
2377 3089 2621 3150 oblatum
2645 3093 2795 3148 illum
2817 3093 3035 3164 quidem
3059 3092 3225 3160 videt,
3251 3109 3359 3149 non
3395 3094 3527 3150 vidit
3548 3104 3734 3150 autem

2159 3187 2250 3258 qui
2286 3202 2412 3242 eum
2441 3186 2662 3253 obtulit,
2721 3185 2848 3257 quia
2906 3186 3021 3258 ipse
3072 3193 3209 3252 erat,
3237 3186 3329 3257 qui
3379 3186 3734 3257 semetipsum

2159 3276 2441 3333 oﬂ‘erebat.
2477 3278 2614 3348 Ergo
2645 3287 2700 3331 ut
2727 3275 2968 3331 salvetur
2988 3273 3287 3346 ﬁgurarum
3331 3268 3551 3342 veritas,
3584 3277 3737 3348 ungit

2157 3369 2375 3439 quidem
2405 3376 2461 3423 et
2488 3367 2649 3422 oﬂ‘ert
2684 3365 2916 3439 Moyses,
2940 3364 3235 3437 imaginem
3265 3374 3322 3420 et
3371 3365 3489 3437 ipse
3531 3365 3735 3422 Christi

2158 3478 2375 3534 gerens,
2408 3461 2475 3516 de
2522 3477 2633 3532 quo
2661 3459 2866 3517 Iudaeis
2909 3460 3163 3515 dicebat:
3222 3457 3541 3530 Prophetam
3592 3462 3734 3516 vobis

2157 3552 2432 3608 suscitabit
2472 3550 2723 3606 Dominus
2757 3551 2822 3605 de
2868 3549 3128 3622 fratribus
3163 3550 3346 3604 vestris
3375 3551 3509 3603 sicut
3558 3568 3639 3605 me
3664 3552 3730 3605 ".

2158 3642 2316 3711 Quod
2345 3644 2614 3699 Dominus
2660 3641 2727 3697 ad
2760 3643 3119 3712 semetipsum
3174 3639 3419 3697 referens
3477 3641 3732 3697 dicebat:

2159 3734 2219 3791 Si
2240 3737 2521 3792 crederetis
2555 3735 2742 3807 Moysi,
2771 3734 3049 3789 credmtis
3082 3735 3259 3803 utique
3290 3742 3339 3787 et
3370 3733 3518 3798 mihi,
3563 3735 3626 3788 de
3657 3749 3738 3789 me

2161 3830 2299 3882 enim
2330 3827 2419 3881 ille
2446 3828 2656 3897 scripsit
2692 3826 2760 3882 ".
2787 3825 2967 3881 Aaron
3000 3831 3182 3879 autem
3212 3824 3431 3890 iterum,
3480 3835 3539 3878 ut
3567 3824 3737 3895 figura

2160 3920 2275 3974 veri
2311 3919 2629 3983 sacerdotis,
2666 3917 2906 3989 ungitur,
2949 3925 3003 3972 et
3027 3925 3216 3989 aperta
3251 3924 3335 3972 est
3362 3915 3508 3972 illius
3562 3916 3738 3988 imago

2163 4009 2427 4081 mysterii.
2470 4007 2724 4080 Aspergit
2745 4022 2874 4079 ergo
2904 4005 3115 4077 Moyses
3141 4005 3337 4069 altare,
3368 4020 3570 4077 corpus
3586 4006 3740 4060 vide—

2160 4102 2289 4158 licet
2310 4099 2673 4165 Dominlcum,
2707 4096 2907 4169 septies
2936 4115 2951 4151 :
2980 4097 3108 4169 quia
3137 4095 3348 4151 Domini
3383 4096 3591 4163 unctio,
3628 4105 3739 4152 tota

2162 4203 2242 4247 est
2277 4184 2845 4262 Spiritus'pleuitudo,
2870 4188 2961 4259 qui
2997 4187 3051 4242 in
3079 4195 3288 4258 septem
3327 4178 3740 4258 operationibus

2163 4283 2500 4356 designatur,
2565 4279 3026 4353 quemadmodum
3077 4277 3249 4334 lsaias
3278 4277 3414 4335 dixit
3445 4279 3510 4332 ³⁰.
3574 4277 3742 4351 Ungit

2163 4381 2346 4433 autem
2380 4383 2437 4432 et
2481 4373 2667 4431 omnia
2693 4389 2820 4431 vasa
2873 4375 3013 4445 ejus,
3065 4382 3176 4429 tam
3225 4373 3524 4444 apostolos,
3575 4388 3740 4442 quam

2093 4479 2137 4542 Β
2164 4485 2260 4525 eos
2291 4468 2382 4541 qui
2428 4468 2513 4523 eis
2561 4467 2616 4522 in
2649 4475 2858 4522 tantum
2886 4466 3135 4523 similiter
3175 4465 3390 4533 vivunt,
3441 4472 3501 4521 ut
3545 4465 3741 4519 domus

2165 4560 2388 4628 Christi,
2420 4570 2476 4617 et
2509 4577 2635 4618 vasa
2686 4569 2835 4616 recte
2869 4558 3239 4616 nominentur.
3277 4558 3366 4615 Sic
3393 4567 3448 4613 ct
3477 4558 3741 4613 Dominus

2164 4651 2393 4708 Paulum
2442 4652 2668 4721 eligens,
2723 4649 2949 4705 Ananiae
3010 4648 3193 4704 dixit:
3263 4649 3422 4717 Vade,
3468 4650 3595 4720 quia
3651 4665 3744 4703 vas

2168 4744 2431 4800 electionis
2455 4744 2581 4798 mihi
2609 4751 2685 4799 est
2712 4742 2834 4800 iste.
2865 4751 2925 4795 ut
2953 4750 3122 4813 portet
3146 4758 3332 4796 nomen
3361 4760 3533 4796 meum
3560 4756 3742 4796 coram

2167 4834 2425 4905 gentibus,
2459 4841 2508 4887 et
2532 4832 2763 4904 regibus,
2804 4839 2855 4886 et
2880 4829 3009 4902 [iliis
3041 4830 3218 4886 Israel
3248 4832 3314 4888 ⁸¹.
3337 4831 3654 4887 Sanctificat
3677 4841 3735 4886 et

2168 4923 2424 4988 luterem,
2448 4923 2563 4979 sive
2585 4923 2820 4989 labrum,
2864 4921 3137 4994 baptisma
3173 4920 3429 4979 videlicet
3461 4938 3586 4978 eum
3622 4920 3742 4979 basi

2168 5027 2287 5080 sua,
2321 5028 2420 5084 per
2438 5026 2602 5084 quam
2638 5011 2989 5085 intelligimus
3015 5012 3414 5085 pcenitentiam.
3443 5011 3745 5085 Supposita

2168 5115 2256 5162 est
2288 5113 2470 5161 autem
2501 5106 2618 5161 haec
2641 5104 2975 5176 baptismati,
3010 5107 3134 5176 quia
3177 5106 3402 5179 gratiam
3432 5105 3552 5173 ejus
3580 5119 3745 5175 quam

2167 5212 2316 5270 saepe
2351 5206 2538 5254 nostro
2568 5198 2799 5254 facimus
2825 5199 3061 5263 titubare
3107 5196 3410 5261 mendacio,
3444 5211 3542 5266 per
3570 5196 3746 5266 pumi-

2116 5342 2119 5347 ,
2172 5289 2400 5346 tentiam
2424 5289 2767 5362 corrigimus,
2797 5290 3146 5345 etfuleimus.

2235 5382 2305 5438 Et
2329 5382 2724 5437 tabernaculum
2755 5398 2875 5435 cum
2903 5381 3047 5434 omni
3080 5378 3399 5448 supellectile
3425 5396 3521 5434 sua
3546 5382 3750 5434 sancti-

2167 5474 2364 5544 ﬁcavit.
2403 5472 2842 5529 Sanctificatione
2867 5472 3013 5526 enim
3035 5479 3243 5538 nostra,
3272 5486 3508 5543 superna
3530 5484 3750 5541 quoque

2166 5674 2214 5706 “
2242 5674 2399 5732 Joan.
2435 5649 2546 5735 m’,
2583 5671 2638 5727 9.
2707 5674 2753 5707 ’⁸
2782 5666 2927 5727 Osee
2963 5685 3058 5737 χιι,
3095 5671 3181 5728 ιο.
3261 5670 3307 5702 ’⁸
3341 5666 3489 5729 Psal.
3512 5685 3663 5740 κων,
3685 5669 3744 5726 8.

980 5740 1026 5786 ’δ
1061 5755 1220 5809 Dent.
1242 5767 1398 5817 xvtu,
1432 5751 1515 5805 l3.
1593 5750 1639 5782 ⁸⁵
1661 5747 1821 5803 Joan.
1846 5763 1898 5813 γ,
1925 5746 2013 5802 46.

2164 5744 2269 5803 lsa.
2294 5761 2372 5811 ιι,
2410 5746 2460 5810 l,
2493 5744 2544 5798 Ξ.
2619 5744 2663 5776 ³⁸
2692 5745 2814 5799 Act.
2844 5757 2917 5810 Ix,
2943 5740 3031 5797 15.
