4044 6224
407 258 543 322 ῖετς)

1627 254 1992 320 HESYCHII
2028 259 2499 324 PRESBYTERI

3575 263 3677 326 830

371 440 379 465 ὅ
422 372 685 423 creatura
715 361 1033 434 participata
1062 370 1164 427 est,
1190 377 1311 432 quae
1336 370 1524 419 saneta
1553 365 1773 436 quidem
1822 366 1926 422 fuit
1961 375 2017 424 et
2044 387 2091 444 Α
2117 372 2357 445 guinem,
2396 382 2451 428 et
2500 371 2673 428 tincto
2698 368 2887 443 digito,
2925 367 3099 441 tetigit
3130 381 3336 424 cornua
3371 365 3556 424 altaris
3581 384 3680 441 per

436 466 617 521 antea,
660 455 753 509 sed
784 453 1045 522 majorem
1073 451 1560 511 sanctiﬁcationem
1583 456 1775 528 adepta
1806 468 1890 514 est
1916 474 2014 529 per

437 561 659 603 carnem
691 543 1053 612 Dominicam,
1108 560 1270 614 quam
1302 547 1536 619 sumpsit
1581 563 1648 604 ex
1677 549 1857 606 nobis.
1895 549 2015 606 Non

363 676 371 684 ι
434 647 621 693 autem
673 635 965 691 ridiculum
1021 635 1271 692 videatur
1319 639 1467 708 quod
1524 638 1742 709 dicitur,
1776 640 1903 710 quia
1951 654 2016 695 ea

378 720 395 729 ”
435 743 558 797 qute
590 727 647 780 in
676 726 836 780 nobis
858 725 996 781 facta
1014 733 1120 794 est,
1153 727 1585 785 sanctiﬁcatione
1613 744 2018 803 superna,par-

410 821 656 891 'ticipata
689 830 776 875 est
802 829 1074 885 creatura,
1105 831 1392 892 postquam
1423 838 1740 880 concessam
1769 824 1930 883 nobis
1960 824 2017 880 in

407 912 656 968 "Christo
697 912 1017 983 participata
1060 922 1167 977 est,
1222 914 1474 980 scientia,
1509 916 1654 988 quod
1699 917 2015 973 manifestat

418 1005 637 1063 'Paulus
666 1005 854 1061 dicens
885 1023 898 1060 :
926 1003 1003 1060 'Ut
1034 1007 1758 1083 notumﬁeretprincipibus,
1798 1019 2018 1080 θερσιε-

436 1096 660 1151 statibus
713 1097 769 1150 in
833 1096 1121 1152 caelestibus
1155 1114 1267 1166 per
1329 1097 1622 1153 Ecclesiam
1683 1099 2018 1173 multiformis

437 1187 711 1256 sapientia:
748 1185 860 1252 Dei,
916 1189 1203 1241 secundum
1250 1186 1641 1256 dispositionem
1683 1190 2015 1256 saeculorum,

428 1296 599 1352 quam
634 1280 755 1351 fecit
791 1279 847 1331 in
877 1277 1085 1334 Christo
1113 1276 1238 1332 Iesu
1279 1276 1503 1332 Domino
1561 1290 1739 1333 nostra
1770 1281 1836 1336 ⁸⁸.
1878 1281 2020 1352 Ergo

424 1387 538 1444 per
609 1370 909 1426 Ecclesiam
982 1371 1230 1442 superior
1291 1380 1540 1427 creatura
1596 1373 1821 1444 majoris
1884 1388 2021 1444 .par-

428 1462 844 1534 ‘ticeps'eﬁ‘ecta
895 1471 981 1517 cst
1024 1462 1289 1531 scientiae,
1346 1462 1614 1534 siquidem
1668 1465 1789 1537 ejus
1818 1466 2021 1522 sancti-

438 1556 623 1613 ﬁcatio
643 1560 789 1626 justa
812 1555 956 1610 dicta
980 1562 1083 1610 est.

517 1644 673 1701 Vens.
710 1646 796 1699 12.
830 1663 854 1697 ι
883 1644 984 1710 Qui
1011 1642 1245 1701 fundens
1269 1659 1435 1716 super
1455 1655 1626 1717 caput
1648 1644 1831 1703 ~tiianon
1863 1646 2021 1702 unxit

439 1742 670 1802 eum,‘et
689 1737 1051 1803 consecravit,
1076 1736 1190 1792 sive
1217 1736 1597 1794 sanctiﬁcavit.
1636 1758 1658 1793 ι

506 1827 621 1885 Etsi
693 1827 896 1885 Christi
948 1838 1131 1900 caput,
1185 1829 1488 1886 secundum
1537 1830 1688 1888 Pauli
1748 1832 1974 1888 verbum
2000 1874 2016 1899 ,

451 1918 708 1975 divinitas
747 1917 1087 1991 intelligitur,
1119 1933 1229 1975 non
1275 1918 1476 1975 frustra
1507 1929 1712 1990 tamen,
1741 1937 1846 1981 nec
1868 1933 2020 1978 extra

440 2011 711 2078 ordinem,
765 2011 822 2065 in
880 2010 987 2067 hoc
1039 2013 1296 2083 mysterio
1349 2014 1647 2072 sacerdotis
1707 2016 1836 2088 ungi
1873 2030 2021 2071 nunc

440 2111 606 2173 caput
658 2101 935 2174 legislator
986 2101 1252 2172 scripsit:
1311 2111 1372 2158 ut
1426 2120 1841 2177 cognoscamus,
1886 2121 2021 2178 quo-

439 2194 620 2262 niam,
672 2195 1126 2266 quemadmodum
1157 2206 1321 2266 caput
1352 2212 1382 2251 a
1416 2199 1647 2269 pedibus
1698 2198 1865 2255 dividi
1910 2216 2020 2255 non

430 2297 639 2358 potest,
671 2288 752 2344 sic
784 2303 961 2359 neque
988 2285 1191 2342 Christi
1223 2288 1484 2346 divinitas
1554 2300 1695 2363 post.
1718 2293 2020 2350 unitionem

439 2380 508 2435 ab
566 2380 905 2435 humanitate
969 2380 1250 2437 dividitur.
1285 2381 1395 2439 Sed
1449 2384 1565 2439 sive
1611 2384 1739 2457 ungi
1787 2384 2018 2451 dicatur,

439 2474 554 2529 sive
583 2475 852 2546 generari,
884 2474 1003 2529 sive
1021 2476 1155 2546 pati,
1191 2476 1308 2532 sive
1342 2491 1648 2548 resurgere,
1677 2477 1792 2534 sive
1818 2474 2021 2532 assumi
2054 2504 2065 2513 ι

441 2567 692 2631 dicimus,
722 2567 824 2621 hoc
868 2568 1211 2623 incarnatum
1245 2568 1486 2625 Verbum
1534 2585 1646 2624 non
1688 2569 2019 2634 dividentes,

425 2666 498 2713 -et
526 2658 773 2715 dicentes
800 2659 1077 2726 hominem
1110 2660 1329 2731 quidem
1366 2668 1612 2725 unctum,
1644 2661 1812 2716 Deum
1837 2670 2021 2716 autem

430 2765 551 2804 non
580 2759 825 2812 unctum,
850 2751 946 2805 sed
987 2752 1153 2804 Deum
1181 2751 1431 2805 eumdem
1457 2751 1617 2805 simul
1640 2752 2019 2808 ethominem.

436 2837 557 2895 ‘l‘loc
582 2840 731 2894 enim
760 2850 814 2896 et
850 2842 1015 2896 David
1038 2842 1166 2899 sine
1195 2842 1377 2912 aliqua
1408 2841 1690 2901 dubietate
1738 2843 2019 2912 approbat,

441 2949 567 2988 cum
597 2933 730 2988 dicit
762 2952 775 2987 :
808 2932 911 2989 Sed
937 2942 1052 2998 tua,
1079 2934 1243 3000 Deus,
1272 2934 1329 2986 in
1356 2932 1611 2988 statutum
1637 2933 1837 2996 saeculi,
1874 2935 2021 3004 virga

370 3026 373 3027 ⁷
433 3034 583 3080 recta
613 3035 708 3091 est,
740 3027 888 3096 virga
916 3027 1060 3096 regni
1086 3026 1183 3080 tui.
1218 3025 1464 3080 Dilexistt'
1479 3014 1755 3102 justitiam
1788 3035 1837 3080 et
1865 3024 2023 3080 odisti

436 3117 777 3189 iniquitatem
806 3134 821 3172 :
862 3126 1138 3188 propterea
1169 3118 1314 3186 unxit
1347 3127 1395 3172 te
1438 3118 1597 3183 Deus,
1640 3116 1781 3172 Deus
1812 3129 1930 3172 tuus
1957 3118 2019 3169 ⁸³.

443 3210 639 3265 Cernis
667 3209 835 3265 Deum
865 3210 968 3265 dici
999 3211 1092 3281 qui
1116 3220 1316 3265 unctus
1345 3218 1448 3273 est,
1471 3210 1599 3281 quia
1627 3211 1811 3265 omnia
1848 3211 2026 3264 carnis

444 3316 559 3357 sua:
581 3301 928 3358 manifestum
954 3313 1037 3357 est
1074 3303 1218 3373 quod
1239 3303 1474 3358 sibimeti
1484 3303 1564 3373 psi
1586 3302 1679 3373 qui
1703 3302 2023 3357 incarnatus

443 3401 549 3458 est,
583 3394 846 3450 vindicat.
887 3394 1020 3460 Quae
1067 3395 1214 3450 enim
1261 3404 1317 3451 et
1348 3397 1469 3465 ejus
1506 3404 1623 3450 erat
1675 3395 1880 3457 unctio,
1922 3394 2027 3451 nisi

444 3483 670 3539 omnino
701 3486 816 3555 ipsa
851 3485 1204 3541 incarnatio?
1254 3484 1568 3540 Secundum
1611 3487 1760 3542 hunc
1798 3488 2024 3540 modum

448 3584 615 3647 caput
685 3576 1042 3647 intelligibilis
1101 3575 1400 3632 sacerdotis
1464 3575 1772 3647 ungebatur
1817 3584 1872 3630 et
1912 3576 2027 3645 ipse

444 3668 908 3724 sanctiﬁcabatur.

517 3759 680 3815 Vens.
717 3760 805 3815 15.
847 3779 865 3812 ι
888 3760 1054 3815 Filios
1076 3773 1295 3831 quoque
1316 3759 1435 3830 ejus
1456 3759 1666 3815 oblatos
1693 3758 1909 3814 vestivit
1950 3767 2027 3812 tu-

445 3851 582 3906 nicis
611 3852 770 3907 lineis
790 3861 845 3906 et
870 3851 1040 3906 cinxit
1067 3851 1307 3919 balthco,
1338 3851 1703 3923 imposuitque
1729 3852 1936 3916 mitras,
1969 3858 2029 3904 ut

440 3942 679 4013 jusserat
717 3942 998 3997 Dominus.
1032 3961 1052 3994 ι

518 4034 743 4089 Tunicae
773 4034 897 4089 ﬁliis
923 4036 1127 4102 Aaron,
1155 4034 1364 4092 similes
1389 4034 1591 4103 Aaron,
1631 4044 1687 4091 et
1721 4050 1894 4101 zonae,
1930 4050 2028 4090 seu

445 4126 647 4183 balthei
678 4127 903 4192 similes,
933 4138 987 4183 ct
1015 4128 1239 4200 cydares
1267 4128 1381 4185 sive
1410 4129 1586 4184 mitra:
1646 4128 2026 4199 imponuntur.

446 4217 629 4288 Ipsum
659 4218 807 4273 enim
831 4218 1085 4281 induunt,
1116 4220 1233 4289 ipso
1261 4219 1575 4290 cinguntur,
1598 4219 1775 4289 ipsum
1810 4226 2030 4289 portant

446 4311 501 4365 iu
531 4310 726 4380 capite,
760 4309 904 4364 unde
925 4319 980 4365 et
1011 4309 1210 4364 Paulus
1235 4310 1405 4365 dicit:
1438 4307 1584 4365 State
1610 4311 2031 4381 prazcinctilum-

2115 480 2325 537 gyrum.
2360 464 2482 530 Quo
2508 465 2729 535 expiato
2758 471 2816 518 et
2860 461 3215 527 sanctiﬁcata,
3256 459 3397 516 fudit
3418 458 3679 530 reliquum

2115 554 2437 625 sanguinem
2492 554 2561 611 ad
2608 554 2962 610 fundamenta
2991 553 3132 624 ejus.
3190 551 3422 622 Adipem
3471 566 3682 622 quoque

2115 646 2211 717 qui
2240 652 2359 701 erat
2390 660 2554 716 super
2602 645 2807 712 vitalia,
2837 645 3239 714 reticulumque
3275 641 3495 713 iecoris,
3520 641 3682 696 duos-

2117 754 2225 810 que
2270 727 2621 803 renunculos,
2646 752 2769 793 cum
2801 737 3078 793 arvenulis
3114 735 3232 790 suis
3257 732 3496 788 adolevit
3524 746 3685 803 super

2117 830 2308 898 altare,
2330 829 2560 886 vitulum
2578 844 2702 884 cum
2725 828 2886 900 pelle,
2918 837 2974 883 et
2988 841 3174 894 carne,
3205 836 3260 881 et
3288 824 3417 879 ﬁmo
3439 836 3687 879 cremans

2118 932 2270 979 extra
2297 930 2495 988 castra,
2531 921 2675 977 sicut
2700 928 3035 992 praeceperat
3062 916 3345 974 Dominus.
3383 934 3405 968 ι

2188 1014 2319 1081 Quae
2343 1011 2613 1084 praedictae
2651 1011 2949 1067 sanctionis
2982 1011 3054 1066 sit
3084 1010 3278 1075 virtus,
3332 1015 3389 1062 et
3419 1004 3690 1077 quomodo

2120 1105 2545 1176 unumquodque
2594 1104 2717 1177 ejus
2765 1101 3064 1175 capitulum
3093 1101 3152 1156 in
3201 1099 3476 1171 Unigeniti
3528 1097 3692 1152 sacri-

2122 1197 2309 1252 ﬁcium
2344 1197 2664 1269 accipiatur,
2703 1195 3029 1266 praecedens
3079 1194 3323 1250 continet
3359 1205 3561 1246 sermo.
3593 1187 3689 1244 Vi-

2110 1292 2273 1347 ‘tulus
2314 1305 2415 1361 pro
2464 1297 2692 1361 peccato
2748 1285 3068 1352 sacerdotis,
3128 1284 3224 1350 sed
3267 1292 3325 1337 et
3361 1297 3462 1353 pro
3506 1278 3691 1352 populi

2120 1382 2541 1454 congregatione
2589 1376 2839 1434 oﬁertur.
2893 1375 3026 1443 Quae
3087 1373 3476 1444 intelligentes,
3528 1377 3587 1424 et
3629 1382 3720 1447 ea_

2123 1492 2245 1548 quas
2279 1489 2430 1530 nunc
2478 1472 2624 1528 dicta
2682 1477 2830 1537 sunt,
2879 1469 3044 1540 plene
3092 1461 3424 1521 intellecturi
3480 1475 3691 1516 sumus.

2118 1568 2252 1626 Haec
2294 1572 2476 1624 autem
2508 1575 2662 1621 nunc
2712 1562 2965 1627 dicimus,
2993 1573 3115 1631 qua:
3169 1556 3281 1612 sola
3316 1556 3384 1611 de
3413 1551 3695 1609 sanctione

2122 1661 2407 1717 immutata
2441 1665 2570 1715 sunt
2594 1674 2616 1711 ξ
2647 1654 2721 1711 ibi
2751 1654 2898 1711 enim
2931 1652 3115 1708 Aaron
3176 1649 3460 1719 imponere
3498 1658 3695 1700 manus

2050 1727 2092 1785 ⁸
2122 1753 2315 1816 vitulo,
2361 1750 2452 1807 hic
2502 1757 2682 1805 autem
2710 1755 2766 1802 et
2808 1744 2951 1801 ﬁlios
3000 1744 3121 1814 ejus
3178 1756 3293 1796 non
3341 1737 3554 1794 frustra
3590 1735 3695 1791 hoc
3762 1768 3767 1773 -

2119 1845 2458 1908 custodiens,
2487 1841 2583 1899 sed
2597 1840 2763 1897 etiam
2785 1849 2980 1893 unetos
2994 1834 3231 1905 scripsit.
3254 1828 3492 1899 Quando
3511 1837 3695 1883 autem

2120 1944 2177 1994 et
2206 1950 2309 1990 nos
2337 1932 2610 2004 ungimur,
2646 1938 2702 1985 et
2731 1926 3012 1983 oﬁ‘erimur
3046 1919 3380 1993 baptismati,
3415 1917 3551 1974 socii
3590 1914 3698 1970 Do-

2120 2025 2335 2083 minicm
2382 2022 2647 2078 cﬂicimur
2696 2016 2990 2090 passionis,
3038 2014 3196 2085 cujus
3227 2011 3365 2084 gerit
3405 2010 3698 2080 imaginem

2120 2121 2412 2192 baptisma,
2447 2114 2594 2186 quod
2640 2113 2806 2168 etiam
2852 2110 3053 2165 docent
3110 2106 3227 2160 huic
3279 2101 3435 2157 Pauli
3486 2099 3694 2192 verba:

2121 2189 2425 2279 Quicunque
2473 2204 2613 2259 enim
2664 2203 2722 2256 in
2788 2197 2995 2255 Christo
3042 2193 3298 2263 baptizati
3369 2206 3578 2255 sumus,
3640 2189 3696 2242 in

2121 2309 2288 2359 morte
2314 2298 2480 2370 ipsius
2502 2292 2759 2364 baptizuti
2781 2305 2981 2353 sumus,
3041 2282 3328 2353 consrpulti
3364 2296 3486 2351 ergo
3533 2280 3585 2332 ei
3609 2295 3699 2348 per

2121 2395 2442 2467 baptismum
2468 2391 2525 2444 in
2551 2395 2773 2443 mortem
2803 2399 2917 2453 ejus
2940 2381 3006 2434 ".
3038 2375 3361 2433 Necessarie
3393 2372 3489 2427 ﬁlii
3515 2371 3697 2426 Aaron

2122 2465 2388 2545 sacriﬁcio
2440 2496 2634 2538 manus
2679 2491 2806 2535 cum
2839 2475 2952 2531 sint
2979 2473 3031 2528 ei
3069 2466 3564 2531 communicantes,
3586 2465 3691 2519 im-

2122 2586 2350 2652 ponunt.

2193 2672 2357 2727 Vens.
2382 2667 2569 2724 18-21.
2606 2683 2625 2715 ι
2654 2660 2863 2719 Obtulit
2887 2667 2942 2715 et
2962 2658 3188 2714 arietem
3205 2655 3262 2710 in
3298 2652 3699 2711 holocaustum,

2124 2780 2289 2836 super
2335 2763 2492 2832 cujus
2518 2765 2684 2828 caput
2711 2768 2835 2811 cum
2879 2749 3271 2821 imposuissent
3297 2746 3478 2836 Aaron
3507 2751 3570 2797 et
3605 2740 3696 2795 ﬁlii

2126 2860 2247 2929 ejus
2304 2868 2501 2910 manus
2551 2864 2699 2915 suas,
2751 2843 3052 2901 immolavit
3079 2856 3226 2903 eum,
3275 2844 3331 2893 et
3377 2835 3521 2890 fudit
3570 2848 3698 2929 san-

2126 2925 2344 3023 guinem
2371 2945 2492 3016 ejus
2518 2958 2616 3014 per
2648 2938 2833 2995 altaris
2861 2934 3169 2998 circuitum,
3213 2931 3503 3000 ipsumque
3555 2925 3697 2979 arie-

2128 3022 2235 3098 tem
2271 3054 2366 3112 per
2391 3037 2562 3092 frusta
2617 3031 2929 3094 concidens,
2974 3033 3137 3096 caput
3188 3022 3326 3093 ejus,
3350 3030 3406 3075 et
3432 3025 3608 3082 artus,
3644 3022 3699 3069 et

2129 3136 2344 3207 adipem
2382 3128 2622 3189 adolevit
2652 3126 2783 3198 igni,
2825 3124 2950 3178 lotis
2995 3120 3148 3192 prius
3184 3113 3482 3207 intestinis,
3509 3120 3701 3207 etpe-

2125 3203 2286 3282 dihus
2315 3230 2598 3291 totumque
2628 3214 2790 3273 simul
2809 3214 3032 3268 arietem
3069 3206 3315 3263 incendit
3344 3218 3508 3276 super
3535 3203 3703 3256 altare

2126 3334 2192 3374 eo
2221 3316 2365 3388 quod
2399 3322 2545 3369 esset
2590 3309 2965 3366 holocaustum
3014 3297 3323 3356 suavissimi
3357 3294 3547 3352 odoris
3597 3292 3700 3348 Do-

2129 3409 2280 3474 mini,
2310 3408 2452 3463 sicut
2481 3405 2817 3476 praeceperat
2840 3396 3122 3451 Dominus.
3157 3409 3177 3444 ι

2196 3501 2316 3556 Νοη
2353 3511 2522 3553 unum
2546 3494 2707 3550 nobis
2736 3498 2946 3545 tantum
2978 3491 3281 3556 peccatum,
3309 3479 3403 3535 sed
3436 3476 3609 3533 multa
3639 3490 3702 3531 ex

2126 3586 2403 3661 Unigcniti
2432 3582 2701 3641 sacriﬁcio
2725 3588 2855 3635 sunt
2882 3581 3102 3639 donata,
3135 3573 3190 3628 id
3215 3579 3304 3626 est
3334 3569 3501 3625 totius
3535 3581 3704 3640 gene-

2126 3683 2203 3737 ris
2232 3660 2456 3736 humani
2490 3673 2742 3730 remissio
2770 3690 2783 3726 :
2813 3671 2920 3727 vita
2954 3668 3007 3723 in
3052 3663 3397 3738 philosophia
3434 3660 3702 3731 perfecta,

2127 3783 2179 3829 ct
2232 3769 2522 3843 singularis
2550 3763 2936 3839 mysteriorum
2966 3760 3095 3814 novi
3154 3753 3468 3812 testamenti
3523 3753 3705 3807 intro-

2127 3842 2337 3931 ductio,
2363 3861 2430 3916 ad
2461 3873 2691 3930 quorum
2717 3852 3049 3923 exemplaria
3082 3857 3136 3904 et
3167 3847 3366 3919 ﬁguras
3413 3842 3702 3907 sacriﬁcia,

2124 3969 2248 4028 qua:
2296 3965 2541 4024 persona:
2577 3949 2921 4019 assignantur
2967 3940 3257 4014 pontiﬁcis,
3314 3936 3704 4028 offerebantur,

2127 4026 2363 4104 maxime
2392 4043 2638 4098 umbram
2686 4036 3009 4099 cmleslium,
3043 4048 3142 4103 per
3189 4046 3252 4085 ea
3281 4045 3402 4100 quae
3455 4027 3510 4082 in
3548 4026 3704 4083 terris

2127 4140 2451 4209 agebantur,
2476 4131 2840 4193 ostendentia.
2873 4126 3028 4194 Quod
3054 4123 3366 4180 manifestat
3396 4121 3602 4176 Paulus
3629 4119 3707 4174 sic

2129 4233 2197 4289 de
2228 4230 2455 4286 Domino
2487 4227 2675 4282 dicens
2705 4240 2719 4277 :
2756 4220 2814 4276 Si
2844 4222 2982 4275 enim
3011 4225 3140 4273 esset
3170 4231 3327 4285 super
3356 4223 3580 4276 terram,
3617 4225 3706 4265 nec

2128 4331 2258 4379 esset
2305 4317 2570 4383 sacerdos,
2599 4330 2717 4369 cum
2766 4318 2933 4366 essent
2986 4308 3075 4381 qui
3128 4306 3368 4377 offerrent
3415 4302 3704 4358 secundum

450 4405 538 4455 bos
574 4411 771 4456 uestros
814 4401 869 4453 in
909 4400 1150 4463 veritate,
1180 4399 1383 4455 veritas
1416 4408 1599 4459 autem
1633 4399 1885 4456 Christus
1914 4419 1926 4456 :
1957 4401 2027 4456 Et
2060 4418 2105 4476 ι)
2132 4418 2293 4488 legem
2330 4426 2549 4467 munera
2599 4408 2686 4479 qui
2734 4403 3023 4474 exemplari
3065 4409 3115 4455 et
3162 4399 3362 4453 umbra
3405 4397 3704 4451 deserviunt

450 4492 623 4546 induti
679 4492 842 4546 lorica
876 4491 1105 4562 justitite
1131 4490 1200 4560 “,
1252 4490 1428 4562 ipsum
1463 4499 1646 4547 autem
1700 4492 1792 4562 qui
1852 4492 2030 4551 factus

451 4593 536 4639 est
560 4584 716 4640 nobis
751 4601 780 4639 a
818 4584 928 4639 Deo
959 4583 1227 4655 sapientia
1253 4592 1308 4638 et
1341 4582 1574 4654 justitia.
1607 4582 1717 4639 Sed
1768 4593 1825 4640 et
1880 4584 2030 4656 galea

451 4688 554 4729 nos
587 4674 777 4729 salutis
810 4672 1014 4730 Paulus
1054 4675 1206 4731 indui
1239 4674 1497 4745 praecepit
1529 4694 1543 4729 :
1589 4673 1843 4730 Christus
1882 4677 2029 4731 enim

450 4762 687 4821 salutare
739 4773 844 4832 est,
903 4764 1045 4819 sicut
1076 4764 1307 4838 Symeon
1338 4764 1662 4820 testiﬁcatus
1701 4773 1827 4820 est:
1879 4765 2033 4820 Nunc

449 4855 675 4912 dimittis
732 4872 939 4909 servum
973 4866 1142 4923 tuum,
1201 4854 1766 4922 Domine,’secundum
1822 4856 2032 4911 verbum

452 4956 603 5001 tuum
656 4947 713 5002 in
766 4962 916 5016 pace,
958 4948 1083 5019 quia
1139 4948 1382 5002 viderunt
1437 4946 1577 5002 oculi
1635 4947 1738 5003 mei
1794 4945 2034 5002 salutare

451 5048 620 5094 tuum.
651 5037 975 5110 Quicunque
995 5039 1141 5094 enim
1184 5039 1405 5097 Christo
1432 5039 1758 5105 induuntur,
1789 5055 1886 5112 per
1906 5056 2032 5096 eum

450 5140 503 5188 et
529 5131 745 5188 Patrem
766 5132 1087 5189 induuntur.

521 5222 688 5279 Vens.
722 5223 911 5283 14-17.
957 5244 976 5279 t
1003 5221 1214 5297 Obtulit
1243 5232 1302 5282 et
1352 5223 1587 5281 vitulum
1636 5194 2028 5296 pro'peccato,

374 5395 379 5401 .
454 5331 691 5387 cumque
721 5332 888 5390 super
916 5326 1082 5390 caput
1110 5318 1231 5390 ejus
1271 5318 1585 5391 posuissent
1621 5318 1907 5373 Aaron.-et
1936 5316 2030 5371 ﬁlii
2060 5364 2063 5367 .

453 5407 574 5475 ejus
612 5424 807 5466 manus
839 5425 986 5479 suas,
1046 5410 1352 5479 immolavit
1402 5424 1551 5478 eum,
1583 5409 1844 5466 hauriens
1907 5420 2032 5466 san-

2132 4486 2414 4564 caelestium
2443 4502 2511 4554 ³⁷.
2587 4497 2730 4552 Dicit
2748 4505 2931 4551 autem
2957 4507 3072 4557 eos,
3100 4489 3194 4561 qui
3224 4489 3278 4545 in
3311 4486 3516 4557 templo
3546 4486 3706 4542 Jeru-

2130 4596 2298 4651 salem
2328 4601 2462 4647 tunc
2495 4586 2870 4644 immolabant.
2909 4581 3047 4648 Quia
3074 4595 3206 4635 vero
3235 4577 3484 4649 depinxit
3535 4591 3706 4632 unum

2130 4696 2186 4742 et
2205 4684 2457 4741 eumdem
2486 4680 2786 4742 hominem,
2817 4675 3116 4738 sedentem,
3146 4680 3482 4735 currentem,
3509 4677 3563 4725 et
3585 4684 3710 4724 rur-

2133 4794 2228 4836 sus
2273 4783 2548 4833 stantem:
2581 4771 2898 4828 differentes
2947 4766 3112 4821 etiam
3140 4763 3488 4835 operationes
3518 4761 3708 4817 volens

2133 4883 2426 4942 exponere,
2452 4865 2628 4921 varias
2658 4863 2858 4934 ﬁguras
2886 4859 2953 4914 ad
2971 4855 3398 4927 unumquodque
3424 4853 3544 4925 ejus
3561 4864 3710 4922 opus

2135 4965 2380 5021 dividere
2423 4968 2573 5015 recte
2629 4953 2997 5025 compellitur.
3036 4952 3334 5016 Propterea
3385 4947 3468 5003 lex
3524 4956 3709 5002 sacer—

2137 5056 2341 5121 dotem,
2371 5054 2429 5107 in
2456 5038 2642 5106 multis
2672 5047 2962 5117 imaginem
2993 5043 3257 5098 ferentem
3300 5037 3534 5104 Domini,
3562 5051 3713 5091 nunc

2139 5148 2370 5205 vitulum
2400 5157 2504 5217 pro
2558 5138 2796 5214 peccatis
2827 5137 3130 5201 immolare,
3174 5141 3231 5189 et
3263 5143 3416 5189 extra
3449 5132 3710 5188 taberna-

2140 5241 2322 5296 culum
2378 5235 2672 5292 incendere
2718 5229 3018 5303 praecepit:
3073 5227 3153 5283 sic
3191 5225 3339 5282 enim
3389 5234 3444 5282 et
3496 5223 3709 5280 Domini

2140 5331 2489 5396 sacriﬁcium,
2520 5328 2587 5384 ad
2639 5325 2973 5382 ablutionem
3022 5331 3237 5378 naturae
3262 5329 3466 5376 nostra
3513 5331 3709 5389 pecca-

2141 5422 2579 5484 torumtactum
2623 5427 2727 5475 est.
2773 5416 2930 5473 Nunc
2975 5423 3161 5472 autem
3197 5415 3395 5470 iterum
3438 5412 3492 5469 ei
3538 5408 3712 5466 sacri-

532 5608 925 5684 '_'_,l_’iphes.xrn,
953 5617 1007 5684 9,
1042 5617 1128 5672 l0.
1236 5614 1449 5672 "Psal.
1472 5630 1620 5683 xetv,
1654 5616 1706 5684 ἵ,
1729 5616 1785 5673 8.
1899 5615 1944 5645 "
1966 5610 2167 5684 Ephes.
2206 5625 2281 5674 vi,
2323 5608 2404 5662 i4.
2520 5603 2562 5637 ³⁸
2598 5602 2729 5658 Luc.
2762 5616 2824 5669 ιι,
2855 5600 2948 5667 29,
2992 5600 3083 5657 30.
3186 5600 3231 5633 ³⁸
3260 5597 3417 5655 Rom.
3461 5613 3531 5663 vn,
3564 5596 3621 5663 3,
3654 5594 3710 5655 ι.

459 5676 502 5708 ⁸¹
537 5675 839 5769 Ηεδῆνῆξῖῗ
856 5684 907 5739 4.
