4044 6224
393 412 496 484 881

1544 411 1628 475 IN
1662 371 2104 475 LEVITICUM.
2137 433 2203 445 -—
2240 411 2386 470 LlB.
2429 410 2513 493 ιι.

3548 407 3683 472 882“

337 568 345 577 ο
397 534 580 591 ﬁcium
607 530 754 588 aliud
801 529 857 588 in
902 530 1219 589 holocausta
1277 531 1468 588 arietis
1526 529 1787 602 pracepit
1820 527 1964 584 ﬁeri.
1994 531 2044 590 Α
2137 526 2339 597 Aperte
2365 525 2484 580 hac
2502 523 2715 579 sanctio
2749 539 2939 579 eorum
2974 539 3094 594 quae
3123 522 3269 578 circa
3291 539 3391 579 nos
3418 532 3653 595 aguntur

397 624 703 682 Cruciﬁxus
743 623 889 679 enim
907 624 1145 680 mundus
1170 632 1226 678 et
1252 623 1576 680 renuntians
1601 621 1808 677 mundo
1831 634 1967 675 con‘

400 718 654 782 versatio,
700 731 823 787 quae
864 714 949 771 eSt
993 718 1393 783 holocaustum,
1457 716 1734 773 Christum
1795 714 1964 770 habet

399 806 686 880 primitias,
708 807 1092 878 ductoremque
1121 816 1181 865 ct
1211 807 1539 878 exemplum,
1578 815 1799 877 propter
1827 803 1972 875 quod

401 898 568 955 dixit:
608 895 711 963 Qui
746 913 853 951 non
888 898 1081 967 accipit
1133 915 1358 962 crucem,
1390 907 1438 952 et
1467 897 1704 968 sequitur
1734 912 1835 961 me,
1871 911 1975 949 non

401 1000 479 1046 est
505 1006 587 1044 me
614 990 803 1060 dignus
823 988 867 1021 ⁸⁸
894 1007 913 1056 ;
941 989 993 1044 id
1025 997 1129 1052 est,
1165 989 1357 1060 quisic
1377 1005 1487 1045 non
1510 989 1791 1044 renuntiat
1814 1002 1974 1041 mun-

402 1082 493 1147 do,
525 1081 663 1136 sicut
684 1096 714 1134 a
742 1097 830 1135 me
859 1082 908 1136 ei
956 1081 1213 1135 traditum
1258 1089 1361 1146 est,
1414 1081 1519 1135 hoc
1553 1088 1640 1136 est
1675 1079 1820 1135 enim
1844 1092 1973 1133 eum
2012 1102 2015 1107 ε

404 1170 583 1241 sequi,
613 1184 722 1225 non
747 1178 830 1225 est
854 1186 940 1225 me
968 1170 1184 1243 dignus.
1215 1167 1322 1225 Sed
1348 1170 1506 1241 cujus
1524 1169 1601 1226 rei
1633 1170 1805 1242 gratia
1834 1168 1975 1223 divi-

403 1257 553 1312 ditur
578 1257 955 1312 holocaustum
982 1258 1007 1311 ?

475 1348 643 1403 Pedes
695 1357 871 1403 autem
918 1349 1032 1419 ejus
1084 1361 1132 1406 et
1171 1351 1442 1419 intestina,
1505 1352 1620 1408 sive
1675 1351 1977 1408 secundum

405 1437 569 1504 LXX,
610 1448 804 1505 uenter,
839 1439 1105 1496 (arantur.
1152 1443 1534 1514 lnterpretatio
1567 1443 1978 1499 holocautoma-

407 1530 496 1598 tis,
533 1547 654 1601 qua:
691 1532 746 1586 in
773 1532 933 1588 initio
961 1532 1085 1589 libri
1109 1533 1248 1589 facta
1277 1543 1381 1600 est,
1431 1534 1766 1591 suﬁicienter
1794 1532 1978 1605 exple-

336 1626 345 1631 ’
405 1623 525 1677 vit:
571 1624 717 1692 quod
770 1631 952 1679 autem
984 1624 1245 1681 immutat.
1289 1626 1358 1681 de
1407 1626 1694 1694 sacriﬁcio,
1735 1626 1841 1680 hoc
1877 1640 1977 1681 ne-

403 1714 643 1769 cessarie
676 1713 896 1780 dicitur,
930 1716 1058 1785 quia
1091 1716 1164 1772 ibi
1211 1718 1428 1788 quidem
1457 1728 1638 1788 partes
1674 1717 1792 1773 ﬁeri
1820 1717 1977 1772 obla-

404 1805 614 1860 tionum
647 1805 799 1873 dixit,
823 1822 1022 1877 corpus
1047 1824 1144 1878 per
1169 1809 1273 1865 hoc
1299 1809 1612 1881 signiﬁcans
1642 1817 1697 1864 et
1740 1809 1978 1864 animam

404 1895 605 1951 debere
630 1896 835 1960 oﬁ‘erri,
860 1898 915 1952 in
942 1899 1099 1954 nobis
1127 1908 1308 1954 autem
1347 1898 1431 1954 hac
1452 1900 1770 1965 divisiones,
1792 1907 1980 1971 utpote

403 2001 528 2055 qua:
576 1986 678 2041 sibi
711 1987 944 2043 invicem
971 1998 1099 2045 sunt
1126 1992 1437 2057 contrariae,
1482 1992 1787 2047 secundum
1830 1992 1979 2063 quod

404 2075 606 2132 Paulus
634 2076 728 2143 ait,
757 2079 1111 2134 nominantur
1138 2079 1219 2148 ³⁹;
1252 2080 1309 2135 in
1366 2080 1588 2138 Christo
1645 2092 1831 2140 autem
1870 2100 1979 2140 non

406 2176 536 2222 sunt
554 2168 868 2235 divisiones,
897 2169 1173 2225 hominem
1200 2173 1403 2249 quippe
1416 2174 1676 2229 mundum
1705 2191 1735 2230 a
1758 2186 1982 2248 peccato

408 2258 728 2314 incarnatus
758 2267 860 2325 est,
890 2259 982 2330 qui
1011 2274 1120 2314 non
1142 2269 1226 2316 est
1254 2262 1461 2319 divisus
1497 2264 1552 2318 in
1578 2266 1834 2337 operibus
1864 2283 1985 2322 car—

408 2347 518 2410 nis,
553 2345 751 2416 quibus
782 2347 1101 2403 adversatur
1132 2350 1377 2420 spiritus,
1414 2361 1639 2423 propter
1686 2355 1831 2424 quod
1881 2372 1984 2414 nec

408 2437 737 2493 divisionum
760 2437 816 2492 in
846 2453 912 2494 eo
978 2439 1244 2495 sacriﬁcio
1296 2441 1385 2496 lex
1455 2444 1773 2499 memoriam
1829 2445 1980 2503 fecit.

409 2528 517 2585 Pro
550 2545 616 2586 eo
644 2540 823 2586 autem
874 2532 1018 2602 quod
1073 2531 1303 2588 vitulum
1346 2533 1572 2604 quidem
1627 2535 1681 2590 in
1735 2546 1981 2607 peccato,

409 2619 636 2674 arietem
662 2630 843 2675 autem
877 2622 934 2676 in
963 2622 1341 2679 holocaustum
1366 2625 1619 2681 sacerdos
1640 2626 1854 2696 oﬁ‘eret,
1880 2629 1984 2685 hoc

411 2709 661 2767 absolute
688 2711 775 2767 lex
800 2713 1085 2785 signiﬁcat,
1120 2724 1179 2770 ut
1200 2716 1330 2787 quia
1367 2718 1710 2774 conversatio
1736 2720 1983 2790 perfecta

412 2816 512 2872 per
548 2802 999 2860 holocautomatis
1057 2807 1395 2865 oblationem
1435 2812 1801 2883 cognoscitur,
1834 2814 1982 2870 aries

412 2897 721 2950 necessario
744 2895 799 2951 in
826 2896 1155 2954 sacriﬁcium
1197 2899 1457 2959 olleratur
1487 2920 1519 2970 ς,
1540 2903 1629 2959 hic
1655 2905 1855 2979 quippe
1885 2905 1987 2961 du-

412 2989 596 3035 catum
635 2983 878 3052 praebere
923 2984 1116 3042 ovibus
1145 2988 1408 3045 euntibus
1466 2990 1522 3045 in
1556 3008 1776 3063 pascua,
1828 3003 1883 3050 et
1919 2995 1986 3050 ad

413 3086 691 3142 egressum
725 3072 1136 3145 ingressumque
1162 3093 1191 3131 a
1224 3080 1414 3145 caulis,
1448 3091 1502 3137 et
1541 3082 1593 3136 in
1622 3085 1805 3140 caulas
1826 3086 1997 3153 solet,

414 3161 553 3215 sicut
579 3172 634 3218 et
657 3163 907 3220 Christus
938 3167 1049 3221 dux
1075 3168 1328 3238 perfecta:
1354 3177 1787 3232 conversationis
1820 3187 1925 3244 est,
1955 3194 1986 3233 a

412 3266 522 3323 quo
546 3253 794 3310 videlicet
813 3257 1047 3328 sumpsit
1071 3259 1375 3328 exordium,
1408 3274 1571 3336 atque
1614 3265 1738 3323 ideo
1778 3267 1987 3347 intrare

418 3357 517 3412 per
535 3359 617 3409 se,
643 3352 699 3400 et
727 3346 876 3402 exire
906 3348 1097 3405 ovibus
1124 3351 1492 3422 praecipiebat.

487 3433 646 3491 Vens.
677 3438 867 3494 22-29.
900 3437 1111 3497 Obtulit
1158 3452 1213 3498 et
1264 3444 1491 3501 arietem
1542 3450 1866 3519 secundum,
1931 3454 1987 3509 in

414 3531 884 3621 consecrationem
941 3536 1284 3591 sacerdotum
1310 3579 1325 3605 ,
1373 3555 1781 3618 posueruutque
1824 3564 1989 3621 super

413 3626 577 3687 caput
597 3619 714 3688 ejus
733 3620 934 3687 Aaron,
956 3631 1011 3677 et
1032 3621 1124 3678 ﬁlii
1143 3625 1262 3695 ejus
1279 3641 1473 3685 manus
1492 3645 1638 3689 suas.
1663 3634 1836 3701 Quem
1863 3619 1985 3695 cum

414 3708 748 3766 immolasset
800 3711 1032 3785 Moyses,
1071 3732 1295 3773 sumens
1324 3718 1391 3774 de
1459 3725 1744 3799 sanguine,
1814 3731 1987 3802 tetigit

414 3808 719 3856 extremum
756 3804 1015 3860 auriculze
1038 3807 1242 3864 dextrae
1273 3810 1455 3865 Aaron
1493 3822 1547 3869 et
1586 3817 1833 3890 pollicem
1871 3837 1987 3876 ma-

413 3906 519 3945 nus
552 3893 670 3962 ejus
697 3894 920 3958 dextrae.
951 3898 1202 3955 similiter
1232 3908 1287 3955 et
1309 3903 1471 3971 pedis.
1489 3904 1688 3973 dextri,
1720 3910 1988 3968 obtulitet

413 3980 552 4037 ﬁlios
579 3983 775 4040 Aaron.
809 3987 1054 4060 Cumque
1075 3991 1142 4046 de
1172 3992 1438 4062 sanguine
1482 3996 1672 4054 arietis
1721 3999 1985 4059 immolati

412 4074 677 4145 tetigisset
721 4085 1025 4134 extremum
1075 4082 1333 4145 auriculae
1389 4086 1725 4159 singulorum
1756 4093 1983 4164 dextrae,
2029 4140 2035 4145 .

410 4170 465 4217 et
501 4164 721 4233 pollices
745 4184 936 4226 manus
967 4186 1034 4227 ac
1087 4173 1241 4243 pedis
1278 4175 1477 4245 dextri,
1549 4180 1818 4252 reliquum
1845 4184 1986 4244 fudit

411 4267 578 4325 super
602 4256 770 4314 altare
796 4259 852 4315 in
895 4262 1147 4322 circuitu.
1179 4268 1410 4339 Adipem
1442 4286 1572 4329 vero
1619 4284 1677 4329 et
1730 4278 1981 4346 caudam,

409 4357 738 4419 omnemque
758 4352 1141 4424 pinguedinem
1166 4373 1289 4428 qua:
1320 4361 1498 4432 operit
1534 4363 1812 4435 intestina,
1854 4370 1986 4432 reti-

409 4436 923 4514 culumquejecoris,
949 4456 1002 4501 et
1017 4447 1155 4507 duos
1174 4466 1334 4508 renes
1354 4468 1476 4510 eum
1491 4455 1742 4528 adipibus
1761 4461 1911 4532 suis,
1929 4469 1986 4519 et

2071 618 2455 690 mysteriorum
2511 616 2735 687 exponit
2773 614 3148 681 traditionem,
3199 624 3254 670 et
3284 615 3484 686 pascha
3537 632 3654 686 my-

2071 709 2288 773 sticum,
2327 706 2472 778 quod
2494 706 2746 762 Christus
2789 721 2913 761 cum
2941 705 3224 776 discipulis
3254 706 3368 760 suis
3391 706 3650 768 comedit,

2073 799 2338 871 signiﬁcat
2363 799 2507 869 quod
2527 800 2719 854 docent
2742 814 2804 854 ea
2827 813 2946 869 quae
2968 813 3064 869 per
3091 809 3273 868 partes
3304 798 3359 852 in
3388 797 3655 853 sacriﬁcio

2073 891 2255 964 peragi
2281 892 2700 963 prmcipiuntur.

2143 982 2341 1038 Obtulit
2368 993 2419 1038 et
2452 985 2671 1039 arietem
2697 985 2981 1038 secundant
3019 986 3071 1037 in
3107 983 3549 1037 consecrationem
3567 998 3656 1035 sa-

2077 1073 2523 1130 cerdotum.LXX
2541 1084 2721 1129 autem
2753 1074 2922 1130 edunt
2947 1090 2959 1126 :
2991 1073 3191 1130 Obtulit
3213 1073 3410 1144 Moyses
3433 1073 3654 1126 arietem

2075 1164 2367 1219 secundum
2387 1164 2774 1235 explicationis.
2815 1165 2985 1219 Recte
3032 1179 3226 1219 eorum
3270 1164 3418 1234 quod
3468 1163 3523 1217 in
3555 1177 3657 1217 nos

2077 1256 2405 1311 celebratum
2439 1266 2522 1311 est
2548 1256 2884 1328 mysterium,
2921 1255 3249 1311 sacriﬁcium
3274 1255 3657 1325 explicationis

2079 1348 2421 1419 appellatur;
2472 1349 2650 1418 ipsum
2688 1347 2834 1402 enim
2892 1362 2994 1402 nos
3055 1345 3285 1417 perfecit
3333 1361 3458 1401 cum
3507 1345 3658 1415 prius

2081 1440 2369 1495 fuissemus
2385 1438 2582 1494 inﬁrmi
2602 1456 2617 1506 ;
2639 1447 2691 1493 et
2713 1439 2783 1493 ab
2811 1437 3130 1509 imperfecta
3153 1437 3310 1493 lactis
3327 1435 3652 1491 educatione

2080 1531 2354 1602 produxit,
2380 1530 2433 1585 id
2461 1539 2546 1586 est
2582 1530 2651 1585 ab
2673 1546 2737 1585 ea
2768 1546 2890 1600 quae
2932 1530 2987 1583 in
3010 1530 3128 1601 lege
3155 1538 3257 1595 est,
3287 1530 3355 1584 de
3380 1544 3484 1598 qua
3513 1527 3658 1581 Pau-

2080 1623 2166 1676 lus
2191 1621 2319 1677 dicit
2344 1641 2357 1676 :
2390 1621 2570 1677 Omnis
2595 1623 2732 1675 enim
2761 1620 2851 1691 qui
2881 1619 3032 1675 lactis
3062 1628 3138 1674 est
3169 1621 3452 1690 particeps,
3476 1634 3658 1688 expers

2082 1724 2156 1768 est
2177 1716 2431 1769 sermonis
2462 1715 2702 1779 justitiw,
2736 1712 2988 1784 parvulus
3007 1714 3142 1766 enim
3161 1720 3235 1765 est
3255 1712 3321 1764 ‘°.
3344 1711 3410 1767 Et
3434 1724 3655 1766 rursus:

2082 1804 2233 1858 Nihil
2252 1814 2427 1859 autem
2450 1806 2520 1859 ad
2537 1807 2824 1877 perfectura
2857 1804 3083 1858 adduxit
3114 1802 3216 1868 lex,
3246 1801 3660 1856 subintroductio

2083 1902 2258 1949 autem
2306 1895 2527 1965 majoris
2573 1896 2682 1966 spei
2738 1911 2853 1966 qua:
2890 1895 3018 1948 data
3069 1902 3165 1959 est,
3200 1894 3254 1947 in
3303 1893 3404 1947 hac
3452 1908 3542 1947 nos
3571 1908 3683 1962 spe

2084 1987 2351 2041 constituit
2385 1986 2453 2039 ιι.
2512 1986 2898 2042 Verumtamen
2947 1984 3274 2041 sacriﬁcium
3333 1983 3436 2039 hoc
3487 1999 3651 2047 cam,

2083 2092 2201 2147 quae
2232 2076 2375 2132 dicta
2413 2086 2497 2133 est
2527 2077 2700 2148 major
2726 2093 2872 2148 spes,
2921 2092 3018 2147 per
3049 2090 3211 2147 quam
3265 2090 3482 2145 semper
3531 2090 3655 2144 pro-

2084 2169 2410 2241 pinquamus
2430 2170 2498 2225 ad
2529 2169 2874 2226 serviendum
2907 2169 3037 2234 Deo,
3070 2167 3266 2223 innuit.
3306 2168 3419 2222 Cur
3474 2174 3659 2221 autem

2084 2262 2247 2329 aries,
2273 2264 2546 2318 secundus
2587 2263 2678 2320 hic
2732 2277 2880 2318 nunc
2922 2263 3065 2321 aries
3105 2261 3468 2317 nominatur?
3524 2259 3660 2327 Quia

2084 2354 2332 2410 videlicet
2355 2355 2509 2425 prius
2536 2354 2822 2427 ﬁguratam
2844 2368 3039 2421 ovem,
3069 2368 3194 2407 eum
3248 2351 3511 2422 apostolis
3549 2366 3660 2406 coe-

2084 2462 2224 2503 nans
2260 2446 2523 2503 Dominus
2553 2455 2741 2518 postea
2784 2461 2943 2501 suum
2982 2445 3182 2501 obtulit
3231 2442 3580 2503 sacriﬁcium,
3606 2450 3669 2496 et

2086 2537 2329 2593 secundo
2361 2538 2502 2593 sicut
2549 2552 2706 2593 ovem
2738 2536 2855 2607 ipse
2882 2534 3240 2605 semetipsum
3271 2532 3493 2599 occidit,
3516 2531 3660 2602 quod

2085 2626 2461 2681 demonstrant
2488 2625 2793 2696 sequentia.

2160 2714 2557 2787 Posueruntque
2582 2715 2764 2769 Aaron
2782 2723 2829 2770 et
2858 2714 2958 2785 ﬁlii
2981 2731 3095 2784 ejus
3111 2730 3300 2769 manus
3337 2715 3485 2767 suas‘
3507 2728 3695 2783 super

2089 2816 2244 2879 caput
2258 2808 2391 2878 ejus.
2424 2805 2586 2872 Quem
2606 2823 2725 2861 cum
2744 2805 3064 2860 immolasset
3086 2804 3311 2876 Moyses.
3335 2802 3691 2860 Necessarias—

2088 2898 2249 2954 simul
2282 2912 2404 2953 cum
2430 2898 2612 2953 Aaron
2641 2906 2697 2953 et
2748 2897 2843 2952 ﬁlii
2872 2895 2992 2968 ejus
3042 2911 3207 2967 super
3264 2904 3455 2965 caput‘
3476 2895 3664 2949 arietis

2090 3004 2284 3045 manus
2317 2990 2625 3061 imponunt,
2679 2989 2805 3060 quia
2854 3002 3204 3045 communem
3260 3001 3471 3043 caenam
3505 2984 3664 3040 testi-

2088 3081 2270 3136 vitatis
2298 3078 2577 3135 Paschalis
2623 3094 2747 3135 cum
2793 3079 2906 3134 suis
2937 3077 3187 3133 Christus
3213 3076 3492 3146 discipulis
3515 3075 3663 3131 cele-

2089 3172 2285 3230 hravit.
2310 3170 2448 3228 Cum
2488 3173 2637 3227 enim
2680 3171 2943 3243 quosdam
2985 3169 3373 3239 discipulorum
3421 3169 3488 3223 ad
3520 3183 3661 3238 prte-

2089 3262 2426 3334 parationem
2463 3262 2679 3328 domus,
2708 3262 2763 3317 in
2787 3276 2893 3335 qua
2926 3259 3133 3315 Pascha
3154 3259 3528 3315 celebraturus
3545 3265 3667 3313 erat

2093 3352 2369 3423 dirigeret,
2403 3352 2482 3408 sic
2516 3352 2636 3408 ait:
2700 3352 2864 3407 Dicite
2905 3349 3289 3423 patrifamilias
3354 3351 3479 3421 quia
3529 3365 3665 3403 νησο-

2087 3444 2252 3515 gister
2297 3444 2468 3498 dicit:
2506 3441 2603 3498 Ubi
2650 3452 2723 3497 est
2764 3443 3110 3497 diversorium
3168 3440 3256 3495 ubi
3294 3440 3491 3511 pascha
3546 3455 3684 3493 cum.

2087 3533 2361 3604 discipulis
2415 3534 2545 3588 meis
2595 3534 2905 3588 manducem
2931 3532 3020 3587 “‘2
3073 3532 3181 3587 Sed
3227 3531 3435 3602 Moyses
3489 3528 3664 3585 sacri-

2088 3603 2269 3682 ﬁcium
2305 3627 2409 3681 hoc
2436 3625 2694 3688 celebrat,
2725 3625 2850 3696 quia
2884 3603 3143 3696 magis.ab
3175 3624 3294 3679 aliis
3318 3624 3432 3693 ipse
3457 3622 3663 3677 Christi
3711 3633 3722 3647 ·

2086 3716 2310 3787 ﬁguram
2336 3716 2492 3787 gerit.
2525 3714 2680 3770 Tunc
2695 3723 2876 3769 autem
2893 3716 3132 3769 maxime
3155 3713 3480 3769 sacriﬁcium
3500 3726 3662 3766 suum

2085 3805 2334 3861 Christus
2364 3805 2677 3872 celebravit,
2708 3806 2851 3860 unde
2874 3814 2927 3860 et
2960 3805 3091 3861 illud
3120 3804 3337 3875 incipit;
3364 3802 3488 3859 vide
3515 3802 3661 3857 enim

2086 3897 2392 3967 sequentia.

2157 3986 2322 4051 Quem
2352 4003 2470 4041 cum
2508 3986 2833 4041 immolasset
2879 3985 3100 4057 Moyses,
3151 4000 3366 4040 sumens
3419 3988 3482 4039 de
3532 4000 3663 4039 san-

2084 4079 2258 4151 guine,
2314 4079 2484 4150 tetigit
2513 4088 2802 4134 extremum
2845 4076 3099 4131 auricqu
3137 4077 3335 4131 dextris
3388 4075 3568 4130 Aaron
3612 4085 3682 4131 etv

2083 4166 2323 4238 pollicem
2351 4184 2540 4223 manus
2564 4168 2677 4239 ejus
2700 4167 2898 4222 dextris
2930 4166 3171 4222 similiter
3210 4177 3258 4222 et
3284 4167 3430 4236 pedis
3466 4167 3685 4230 dextris.

2085 4260 2270 4316 obtulit
2293 4270 2344 4316 et
2388 4261 2525 4332 ﬁlios
2573 4260 2771 4316 Aaron.
2816 4259 3048 4330 Cumque
3091 4267 3155 4315 de
3181 4261 3443 4331 sanguine
3479 4261 3663 4314 arietis

2083 4349 2343 4406 immolati
2393 4352 2639 4424 tetigisset
2691 4359 2978 4406 extremum
3035 4351 3293 4406 auricula:
3339 4351 3697 4421 singulorum'

2083 4440 2281 4496 dextrae
2300 4450 2347 4495 et
2364 4440 2576 4510 pollices
2600 4458 2788 4497 manus
2806 4458 2868 4495 ac
2881 4442 3028 4511 pedis
3046 4442 3237 4506 dextri,
3252 4441 3508 4511 reliquum
3527 4442 3667 4510 fudit
3686 4464 3696 4479 ο

406 4542 561 4583 armo
585 4531 775 4588 dextro
830 4540 1121 4607 separavit,
1162 4540 1380 4600 Τοιιθηε
1428 4556 1612 4603 autem
1640 4551 1709 4606 de
1742 4529 2060 4617 €31,“ij
2087 4545 2245 4598 super
2272 4529 2446 4584 altare
2490 4546 2584 4601 per
2611 4531 2910 4585 circuitum.
2961 4529 3094 4595 Quis
3115 4530 3185 4585 sit
3210 4530 3470 4585 sacriﬁcii
3499 4532 3663 4601 hujus

407 4629 903 4725 azymorum,un
928 4636 1043 4683 erat
1070 4646 1252 4687 coram
1280 4633 1528 4705 Domino,
1554 4655 1749 4710 panem
1779 4645 2001 4725 absque.

408 4708 680 4770 fermento
708 4724 763 4807 et
788 4717 1103 4790 collyridam
1128 4738 1478 4796 conspersam
1526 4708 1667 4799 oleo,
1696 4708 1985 4807 laganum-

406 4816 535 4892 que,
576 4805 758 4873 posuit
785 4816 951 4878 super
971 4813 1178 4886 adipes,
1222 4824 1278 4872 et
1309 4833 1521 4875 armum
1561 4805 1837 4891 dextrum,
1873 4837 1985 4892 tm;-

406 4891 543 4986 dens
571 4893 733 4948 simul
756 4900 940 4954 omnia
961 4900 1142 4958 Aaron
1166 4914 1219 4967 ct
1248 4906 1374 4963 ﬁliis
1387 4908 1528 4979 ejus.
1557 4910 1658 4978 Qui
1687 4925 1991 4986 postquam,

406 4982 725 5040 levaverunt
746 5002 807 5042 ea
833 5004 1014 5046 coram
1069 4994 1315 5064 Domino,
1375 5016 1590 5056 rursum
1625 4982 1877 5076 suscepta
1909 5008 1978 5066 de

405 5075 661 5132 manibus
683 5093 895 5146 eorum,
933 5083 1169 5142 adolevit
1219 5103 1385 5160 super
1434 5093 1605 5149 altare
1647 5075 1974 5163 holocausti,

404 5180 472 5222 eo
517 5171 660 5238 quod
703 5177 1135 5238 consecrationis
1174 5192 1317 5238 esset
1367 5185 1589 5249 oblatio,
1641 5188 1693 5242 in
1747 5190 1974 5248 odorem

405 5262 688 5318 suavitatis
741 5267 989 5329 sacriﬁcii
1015 5271 1250 5329 Domini.
1300 5275 1446 5331 Tulit
1472 5288 1526 5332 et
1567 5285 1972 5349 pectusculum,

403 5349 624 5407 elevans
653 5354 781 5411 illud
810 5373 992 5416 coram
1049 5363 1295 5430 Domino,
1335 5366 1401 5421 de
1461 5370 1634 5426 ariete
1679 5390 1973 5434 consecra-

405 5442 574 5499 tionis
622 5446 678 5502 in
710 5462 919 5519 partem
944 5451 1125 5523 suam,
1175 5457 1318 5513 sicut
1374 5463 1633 5532 praecepit
1686 5464 1745 5520 ei.
1789 5466 1974 5530 Demi-

403 5551 531 5591 nus.
568 5555 588 5590 ι

2087 4620 2332 4687 eﬁectus,
2366 4622 2553 4677 unctio
2580 4621 2794 4676 aurium
2827 4631 2882 4678 et
2909 4636 3193 4687 manuum,
3225 4623 3536 4693 pedumque
3563 4623 3663 4678 de-

2086 4720 2353 4768 monstrat
2378 4730 2394 4768 :
2432 4729 2535 4784 pro
2549 4713 2854 4769 obedientia
2873 4714 3073 4784 quippe
3089 4717 3296 4777 nostra,
3319 4716 3464 4770 actio
3490 4716 3656 4783 bona,

2082 4813 2244 4874 atque
2279 4805 2621 4861 conversatio
2642 4805 2969 4861 celebratur.
3005 4806 3161 4863 Unde
3182 4815 3243 4861 et
3265 4822 3425 4863 aures
3455 4816 3683 4863 nostrae

2083 4904 2380 4966 unguntur,
2453 4905 2513 4951 ut
2567 4896 2933 4953 inobedientia
3010 4897 3179 4953 Adam
3214 4896 3480 4954 carentes
3522 4897 3659 4955 Uni-

2084 4972 2249 5056 geniii
2281 4987 2647 5044 obedientiam
2704 5000 3128 5059 consequantur.
3164 4988 3292 5044 Post
3334 4990 3451 5045 haec
3473 4997 3658 5043 extre-

2083 5094 2170 5134 ma
2198 5095 2457 5135 manuum
2505 5089 2780 5153 unguntur
2807 5090 2861 5136 et
2898 5083 3118 5150 pedum,
3166 5082 3291 5152 quia
3322 5097 3432 5135 non
3481 5080 3707 5153 solum}

2082 5160 2300 5234 manus,
2332 5169 2428 5226 sed
2454 5179 2509 5225 et
2531 5171 2697 5241 pedes
2730 5187 2833 5239 pro
2862 5173 3077 5227 actione
3120 5171 3484 5240 accipiuntur,
3511 5152 3709 5239 quod,“

2082 5262 2343 5329 probatur
2388 5278 2456 5318 ex
2485 5278 2552 5318 eo
2599 5264 2745 5334 quod
2779 5263 2944 5318 David
2984 5264 3155 5318 dicite:
3187 5247 3472 5316 RcU’meus
3514 5262 3657 5317 stetit

2080 5354 2135 5407 in
2183 5356 2268 5408 via
2326 5365 2467 5409 recta
2492 5356 2555 5408 ⁶³ι
2596 5353 2661 5411 Et
2711 5370 2900 5411 rursus
2925 5372 2945 5410 :
2976 5354 3187 5409 Statuit
3226 5370 3389 5426 supra
3449 5361 3657 5423 petram

2084 5448 2238 5521 pedes
2268 5458 2409 5497 meos
2428 5442 2495 5498 ⁸⁵.
2529 5443 2666 5509 Quia
2698 5453 2880 5499 autem
2909 5443 3157 5498 actiones
3185 5444 3448 5514 quasdam
3482 5442 3661 5497 bonas

2079 5536 2339 5606 quasdam
2358 5543 2540 5590 autem
2568 5536 2735 5591 malas
2766 5535 3048 5598 habemus,
3075 5543 3131 5589 et
3148 5533 3372 5607 ﬁguram
3391 5534 3687 5589 malorum“

464 5712 511 5808 ῗ
542 5717 933 5808 Ἦιτδοὲοηδδτ
1008 5725 1053 5757 ³⁸
1089 5724 1366 5808 “om-3"»
1402 5729 1609 5804 ίέείιίι.
1712 5736 1756 5768 ιο
1789 5737 1951 5794 Hebr.

2084 5739 2154 5797 ιδ.
2226 5738 2269 5772 ’⁵⁸
2297 5738 2461 5795 Hebr.
2494 5757 2584 5807 vn,
2621 5740 2710 5798 i9:
2822 5740 2866 5773 ⁸³
2904 5741 3035 5796 Lue.
3072 5756 3204 5808 χχιι,
3241 5739 3327 5798 ll.
3433 5739 3653 5799 "-Psal.

402 5801 527 5854 xxv,
572 5787 659 5845 12.
734 5790 781 5823 ιδ
810 5791 951 5852 Psal.
998 5811 1180 5863 xxxix,
1231 5797 1284 5853 5.
