4030 6240
323 321 432 386 883
1533 344 1861 410 HESYCHI
1868 352 1895 411 Ι
1930 353 2316 423 PRESBYTE
2325 365 2405 424 RI

323 436 543 544 sinistra
593 444 749 512 gerit,
781 454 931 505 recte
982 445 1173 503 dextra
1221 451 1461 522 ungitur.
1512 455 1909 517 Confortantur
1937 472 1980 528 Α
2010 485 2163 540 aqua!
2203 473 2318 542 ejus
2365 476 2545 543 ﬁdeles
2597 487 2740 542 sunt,
2789 495 2961 549 regem
3006 480 3060 535 in
3087 483 3269 538 decore
3311 500 3407 540 suo
3447 491 3605 543 sidc-

326 534 476 587 enim
489 548 549 588 ea
576 550 694 603 qua:
712 546 1078 607 unguntdr,et
1102 541 1482 612 destruuntur,
1510 554 1675 619 atque
1696 551 1910 622 disperd-

326 625 529 679 duntur
565 641 628 681 ea
680 643 801 697 quae
827 645 937 684 non
966 643 1267 704 unguntur,
1296 638 1442 706 quod
1473 649 1660 708 aperte
1679 643 1910 699 demon-

323 728 460 773 strat
490 719 810 789 diSperdens
840 720 1131 796 Egyptum
1161 730 1408 800 angelus,
1431 731 1558 801 quia
1601 734 1689 789 ubi
1726 738 1911 795 unctio

322 811 585 868 immolati
638 815 1038 885 inveniebatur,
1100 834 1212 875 non
1270 824 1629 892 percutiehat.
1669 826 1778 883 Sed
1832 842 1911 885 ta-

324 920 450 960 men
492 908 703 979 primus
755 913 1011 969 sacerdos
1051 917 1314 987 sanguine
1342 926 1398 972 et
1459 928 1580 990 post
1628 938 1755 977 eum
1811 925 1908 981 ﬁlii

323 999 443 1067 ejus
491 1004 794 1058 secundum
853 1005 1031 1078 legem
1084 1010 1463 1081 nngebantnr:
1519 1015 1649 1085 quia
1689 1027 1743 1072 et
1794 1019 1910 1089 ipse

324 1092 589 1149 Dominus
649 1095 859 1165 primus
917 1097 974 1154 in
1031 1115 1186 1156 cmna
1246 1102 1456 1159 mistica
1518 1105 1907 1180 iutelligibilem

324 1187 539 1256 accepit
572 1190 913 1258 sanguinem,
957 1200 1121 1262 atque
1158 1192 1355 1250 deinde
1384 1196 1608 1252 calicem
1647 1202 1911 1269 apostolis

326 1276 495 1332 dedit.
528 1278 633 1334 Sed
673 1296 801 1336 ecce
830 1272 1108 1352 legislator
1130 1285 1217 1341 hic
1241 1298 1366 1357 post
1386 1288 1701 1347 unctionem
1725 1291 1908 1351 Aaron

327 1376 383 1423 et
421 1369 676 1436 ﬁliorum,
702 1371 943 1428 subdidit
967 1393 980 1428 :

398 1461 476 1516 De
494 1465 752 1533 sanguine
788 1463 1045 1537 reliquum
1070 1469 1204 1538 fudit
1227 1487 1385 1540 super
1405 1472 1578 1530 altare
1605 1476 1904 1534 circuitum.

396 1555 551 1622 Quod
611 1566 664 1611 et
727 1557 1004 1614 Christum
1054 1561 1246 1617 fecisse
1312 1565 1665 1638 invenimus;
1712 1571 1909 1626 bibens

330 1646 477 1701 enim
534 1647 673 1717 ipse,
730 1658 786 1705 et
828 1651 1090 1719 apostolis
1123 1653 1311 1710 bibere
1340 1657 1494 1722 dans,
1543 1668 1673 1716 tunc
1703 1662 1906 1718 intelli-

330 1736 544 1807 gibilem
596 1739 916 1810 sanguinem
964 1756 1130 1810 super
1171 1743 1382 1811 altare,
1435 1746 1692 1805 videlicet
1743 1766 1906 1807 suum

330 1840 548 1897 corpus,
583 1826 794 1882 eﬁ‘udit.
827 1828 1041 1898 Corpus
1072 1838 1257 1885 autem
1297 1832 1501 1889 Christi
1532 1835 1772 1894 Ecclesia
1800 1848 1902 1903 est,

329 1925 384 1970 ct
432 1916 812 1989 omnisplebs
869 1918 1023 1989 ejus,
1078 1922 1225 1991 quod
1278 1924 1588 1993 specialiter
1633 1928 1906 1987 dicentem

327 2008 569 2064 Marcum
597 2011 906 2066 invenimus
933 2035 944 2067 :
976 2011 1043 2066 Et
1075 2030 1306 2076 sumens,
1339 2018 1547 2087 gratias
1576 2036 1733 2091 agens
1762 2020 1904 2075 dedit

329 2103 439 2156 eis:
469 2113 516 2157 et
563 2103 796 2158 biberunt
833 2121 898 2158 ac
930 2121 989 2160 eo
1019 2120 1219 2164 omnes.
1271 2119 1320 2162 et
1363 2110 1496 2164 dixit
1536 2112 1609 2165 eis
1643 2128 1661 2167 ε
1710 2111 1808 2167 llic
1836 2124 1910 2168 est

326 2196 543 2266 sanguis
572 2210 714 2250 meus
743 2197 864 2250 novi
901 2199 1224 2261 testamenti,
1262 2201 1349 2270 qui
1385 2218 1481 2272 pro
1511 2202 1691 2258 multis
1724 2204 1910 2275 effusus

327 2282 478 2339 est".
510 2281 606 2338 llis
628 2285 966 2342 conveniunt
998 2301 1061 2341 ea
1092 2303 1214 2358 quae
1247 2296 1585 2359 sequuntur:

394 2396 616 2462 Adipem
667 2405 844 2450 autem
889 2405 939 2452 et
985 2399 1235 2463 caudam,
1293 2415 1601 2471 omnemque
1630 2403 1911 2474 pinguedi-

326 2504 444 2543 nem
489 2503 606 2558 qua:
648 2490 813 2556 operit
860 2485 1126 2556 intestina,
1176 2490 1559 2562 reticulumque
1593 2494 1810 2563 jecoris,
1861 2505 1910 2551 et

325 2580 456 2633 duos
502 2594 648 2630 renes
686 2595 800 2631 cum
833 2579 1077 2647 adipibus
1123 2581 1256 2645 suis,
1300 2593 1348 2636 et
1376 2597 1526 2635 armo
1561 2583 1744 2638 dextro
1766 2600 1913 2651 sepa-

325 2672 481 2727 rauit.
530 2669 634 2724 Pro
675 2671 847 2729 cauda
896 2668 1039 2727 LXX.
1088 2670 1343 2735 lumbum,
1393 2680 1451 2726 et
1498 2688 1598 2751 pro
1630 2675 1908 2744 intestinis,

324 2760 691 2825 ventriculum,
723 2769 779 2817 et
808 2775 907 2830 pro
936 2759 1154 2814 reticulo
1185 2760 1405 2832 jecoris,
1444 2763 1665 2831 pinnam
1709 2766 1913 2846 hepatis

326 2851 639 2907 edidewut.
685 2850 859 2920 Cujus
901 2859 1086 2907 autem
1138 2851 1256 2906 haec
1301 2851 1530 2923 ﬁguram
1576 2864 1810 2925 serunt,
1856 2857 1911 2912 in

327 2943 551 2999 salutari
602 2942 900 3009 sacriﬁcio,
940 2957 1038 2999 seu
1091 2943 1476 3015 paciﬁcornm,
1533 2962 1632 3017 per
1702 2947 1913 3018 singula

327 3037 633 3092 discussum
662 3046 767 3091 est.
789 3035 910 3093 Non
938 3035 1141 3091 frustra
1170 3044 1352 3091 autem
1377 3053 1440 3093 ea
1469 3054 1621 3094 nunc
1651 3039 1708 3096 in
1736 3024 1910 3097 ariete

2011 562 2218 618 bunt“.
2268 565 2515 638 Apostoli
2565 577 2748 624 autem
2796 571 3018 628 uberius
3058 586 3341 644 exponunt
3384 577 3598 636 Christi

2011 657 2326 726 mysterium
2351 697 2367 723 ,
2414 659 2560 717 unde
2603 670 2705 717 nec
2752 662 3042 736 laganum,
3099 678 3205 722 nec
3248 668 3593 740 collyridam,

2010 761 2181 816 panes
2229 760 2412 805 autem
2458 751 2742 818 doctrinas,
2803 764 2994 826 utpote
3030 758 3206 830 magis
3255 761 3593 829 nutrientes,

2010 838 2286 896 dicuntur.
2336 842 2486 911 Quos
2536 844 2682 899 enim
2716 847 3018 903 secundum
3050 848 3143 906 hic
3199 850 3342 906 LXX
3370 854 3439 913 de
3469 855 3599 912 oleo

1978 1002 1981 1007 _
2011 943 2181 997 panes
2205 931 2635 1000 appellaverunt,
2679 933 2780 995 hos
2805 938 3103 994 secundum
3140 940 3242 997 hos
3276 938 3422 1013 ipsos
3449 943 3598 1000 LXX
3653 964 3656 967 ν

2010 1021 2299 1094 collyridas
2326 1024 2382 1080 in
2420 1028 2744 1100 scenopegia
2769 1030 3070 1087 canistrum
3104 1037 3596 1094 consummationis

2010 1130 2313 1197 exponens,
2347 1118 2491 1188 quod
2541 1119 2911 1190 accipiebatur
2943 1123 2996 1177 in
3038 1124 3297 1181 unctione
3339 1130 3597 1185 sacerdo-

2012 1206 2101 1272 tis,
2136 1206 2411 1279 legislator
2450 1210 2759 1281 appellavit,
2793 1227 2890 1282 per
2922 1214 3236 1284 collyridam
3280 1218 3596 1290 signiﬁcans

2008 1296 2141 1367 legis
2181 1300 2479 1372 eloquium.
2520 1302 2796 1368 Quantum
2825 1313 3007 1359 autem
3050 1307 3326 1379 collyridae
3349 1309 3591 1366 deterioo

2008 1405 2099 1445 res
2139 1400 2269 1446 sunt
2313 1392 2564 1463 panibus,
2600 1393 2735 1448 nulli
2770 1402 2855 1450 est
2885 1394 3132 1452 dubium.
3167 1398 3323 1456 Unde
3366 1404 3591 1474 aposto-

2007 1480 2181 1534 lorum
2206 1495 2507 1545 sermones,
2536 1482 2923 1552 prophetarum
2951 1496 3009 1545 et
3035 1486 3170 1560 legis
3197 1502 3597 1559 praeponuntur

2007 1570 2391 1626 sermonibus:
2437 1571 2563 1642 quia
2611 1574 2871 1645 majorem
2920 1588 3285 1648 perceperunt
3334 1583 3591 1652 gratiam,

2008 1657 2083 1713 ita
2125 1668 2184 1714 ut
2219 1659 2419 1714 Paulus
2452 1662 2701 1718 diceret:
2738 1662 2922 1718 Posuit
2953 1666 3093 1721 Deus
3119 1668 3176 1722 in
3211 1667 3448 1727 Ecclesia
3472 1676 3589 1743 pri-

2008 1768 2151 1806 mum
2217 1753 2499 1823 apostolds,
2560 1754 2743 1808 deinde
2799 1756 3158 1827 prop/tetas“.
3228 1761 3438 1820 Deinde
3486 1765 3592 1835 ipsi

2010 1850 2138 1912 post
2182 1844 2548 1917 evangelicam
2586 1846 2950 1915 traditionem,
2996 1851 3355 1910 introducunt
3390 1855 3597 1918 Christi

2012 1936 2285 2006 mysteria,
2314 1936 2669 1992 introducunt
2697 1947 2901 2006 autem,
2932 1940 3066 2012 legis
3099 1945 3599 2018 prophetarumque

2011 2031 2229 2079 utentes
2294 2025 2646 2081 testimoniis.
2696 2026 2923 2095 Propter
2972 2032 3117 2101 quod
3167 2034 3248 2089 eis
3294 2037 3590 2108 collyridas,

2010 2124 2067 2170 et
2112 2113 2305 2184 lagana
2343 2115 2507 2172 simul
2545 2117 2791 2187 subjecta
2837 2128 2987 2188 sant,
3039 2130 3096 2176 et
3138 2123 3451 2194 conjuncta.
3483 2126 3593 2183 Sed

2010 2203 2139 2274 quid
2172 2205 2255 2260 his
2282 2204 2503 2276 adjiciat
2530 2206 2900 2264 intendamus.

2082 2296 2266 2352 Posuit
2301 2313 2459 2367 super
2514 2300 2720 2370 adipem
2750 2310 2799 2354 et
2827 2312 3039 2357 armum
3069 2303 3334 2373 dextrum,
3375 2310 3595 2365 tradens

2010 2389 2168 2443 simul
2199 2390 2377 2444 omnia
2410 2391 2589 2445 Aaron
2627 2408 2690 2446 ac
2715 2393 2842 2462 ﬁliis
2872 2395 3007 2466 ejus.
3039 2395 3177 2452 illud
3206 2397 3291 2454 lex
3319 2410 3599 2457 contesta~

2013 2489 2120 2546 tur,
2149 2481 2273 2551 quia
2318 2497 2482 2537 omne
2526 2484 2883 2550 desiderium,
2936 2502 3267 2558 omnemque
3319 2491 3594 2549 actionem

2011 2573 2213 2630 bonam
2241 2572 2422 2629 oﬁ’erri
2461 2577 2719 2647 mysterio
2751 2578 2822 2633 sit
2847 2594 3095 2647 necesse,
3126 2582 3170 2636 si
3203 2591 3381 2637 tamen
3413 2583 3493 2639 vis
3532 2584 3597 2640 il-

2011 2664 2102 2719 lud
2132 2666 2433 2721 secundum
2464 2665 2553 2721 Dei
2584 2668 2944 2725 intentionem
2999 2671 3244 2743 legisque
3293 2675 3592 2746 suscipere.

2015 2754 2120 2811 Sed
2144 2764 2199 2811 et
2224 2756 2541 2826 praedictum
2567 2773 2804 2829 sequens
2830 2761 3104 2830 ordinem,
3134 2764 3248 2818 ait:

2085 2844 2315 2900 Tradens
2353 2847 2513 2900 simul
2558 2849 2735 2902 omnia
2782 2850 2959 2905 Aaron
2997 2853 3224 2925 ﬁliisque
3271 2855 3406 2926 ejus.
3438 2859 3596 2915 Prius

2014 2935 2283 3007 siquidem
2335 2935 2587 2993 Christus
2616 2952 2714 2994 sua
2745 2942 3000 3012 mysteria
3030 2943 3329 3010 inchoavit,
3379 2955 3434 3001 et
3467 2954 3596 3002 tunc

2016 3043 2080 3083 ea
2129 3029 2308 3093 nobis,
2349 3022 2447 3100 qui
2487 3030 2617 3086 facti
2647 3047 2837 3089 sumus
2879 3033 2972 3111 lilii
3020 3036 3138 3106 ejus
3172 3053 3282 3107 .per
3322 3039 3595 3096 lavacrum

329 3128 818 3184 consummationis
890 3139 1302 3197 commemorat,
1340 3131 1467 3207 .sed
1524 3132 1650 3202 quia
1710 3132 1914 3189 Christi
1941 3168 1985 3225 ο
2021 3120 2715 3225 Γσξξεηξξῐδῑῖοιιίεῑτθάῖάίῐ·

331 3218 621 3289 mysticum
659 3219 893 3287 Pascha,
922 3226 980 3274 et
1008 3234 1207 3275 eorum
1242 3221 1551 3292 perceptio,
1581 3222 1652 3278 ad
1679 3223 1912 3279 salutem

332 3308 615 3364 hominum
662 3310 932 3378 provenit,
986 3310 1189 3380 quibus
1237 3311 1525 3367 doctorum
1576 3314 1917 3384 supermdiﬁ-

333 3414 461 3459 care
488 3399 796 3469 sequentia,
823 3400 997 3457 nostri
1030 3403 1278 3473 mysterii
1314 3412 1586 3473 praeparat
1612 3406 1808 3475 virtus.

405 3487 606 3545 Tollens
670 3480 850 3544 autem
895 3490 959 3545 de
1004 3490 1233 3545 canistro
1263 3508 1591 3563 azymorum,
1638 3498 1776 3565 quod
1803 3507 1918 3551 erat

333 3595 515 3637 caram
559 3580 801 3644 Domino,
850 3596 1041 3649 panem
1082 3580 1275 3651 absque
1316 3584 1591 3653 fermento,
1627 3582 1676 3638 et
1704 3585 1919 3656 collgri-

334 3676 460 3731 dam
490 3686 823 3744 consparsam
843 3675 975 3737 oleo,
999 3674 1375 3747 laganumque.
1395 3674 1503 3731 Pro
1525 3676 1759 3730 canistro
1791 3694 1919 3748 azg.

337 3782 567 3831 morum,
605 3766 751 3822 LXX
779 3768 1069 3827 canistrum
1114 3769 1580 3823 consummationis
1608 3767 1916 3825 ediderunt.

336 3856 442 3912 Per
485 3857 783 3913 canistrum
853 3854 1035 3914 autem
1097 3858 1621 3924 consummationis,
1681 3858 1921 3931 linguam

338 3946 553 4005 Domini
592 3948 985 4019 intelligimus;
1043 3948 1157 4003 sola
1203 3949 1404 4019 quippe
1435 3949 1763 4019 praecipuam
1795 3965 1921 4019 pere

336 4035 641 4108 lectamque
687 4038 993 4094 doctrinam
1046 4038 1370 4094 introduxit.
1407 4036 1634 4108 Propter
1662 4039 1815 4108 quod
1840 4037 1923 4096 di-

338 4130 526 4190 cebat:
577 4130 699 4189 Non
741 4132 856 4191 veni
895 4131 1094 4187 soluere
1139 4130 1322 4201 legem,
1348 4131 1439 4185 sed
1484 4129 1701 4200 implere
1716 4131 1801 4199 ’θς
1834 4140 1921 4186 ut—

338 4233 469 4296 pote
509 4225 628 4295 ipse
667 4223 903 4294 impleas
934 4239 1057 4293 qua:
1099 4224 1282 4279 minus
1313 4232 1471 4281 erant
1498 4223 1556 4279 in
1603 4223 1740 4295 lege.
1774 4223 1923 4281 Bene

339 4322 524 4370 autem
569 4330 691 4373 eam
729 4325 786 4371 et
827 4314 1151 4380 canistrum,
1192 4321 1307 4370 tam
1332 4323 1557 4387 propter
1609 4322 1923 4373 contextum

340 4406 610 4463 dictorum
664 4405 897 4470 vocavit,
949 4420 1073 4462 eum
1123 4404 1291 4460 umlta
1320 4403 1377 4461 in
1402 4405 1676 4476 parabolis
1702 4406 1919 4471 dixerit,

2088 3210 2157 3265 Et
2182 3211 2479 3266 levaverunt
2505 3230 2566 3267 ea
2599 3231 2779 3268 coram
2814 3208 3060 3272 Domino.
3094 3218 3276 3289 Ipsum
3305 3219 3452 3277 enim
3481 3237 3595 3292 tny-

2018 3301 2268 3368 sterium,
2319 3304 2464 3373 quod
2509 3304 2668 3360 nobis
2721 3305 2960 3372 tradidit,
3009 3308 3115 3365 hoc
3149 3324 3270 3363 cum
3306 3327 3402 3365 sua
3428 3326 3596 3366 carne

2019 3391 2073 3447 in
2105 3392 2274 3448 caelos
2307 3393 2530 3450 levavit.
2570 3395 2767 3451 Dicens
2812 3407 2994 3452 autem
3041 3399 3239 3456 levavit
3268 3417 3386 3456 eam
3416 3418 3597 3457 coram

2022 3483 2272 3552 Domino,
2303 3485 2523 3541 modum
2569 3501 2677 3556 quo
2714 3487 2972 3543 obtulerit
3005 3489 3103 3556 eis,
3156 3491 3247 3561 qui
3278 3503 3400 3562 post
3431 3492 3597 3547 futuri

2020 3582 2196 3639 erant,
2231 3577 2507 3647 exposuit.

2096 3667 2425 3740 Rursumque
2469 3680 2705 3740 suscepta
2739 3670 2803 3726 de
2849 3670 3092 3727 manibus
3140 3690 3343 3741 eorum,
3375 3676 3599 3736 adolevit

2021 3777 2180 3829 super
2215 3761 2386 3815 altare
2423 3762 2714 3817 holocausti
2747 3779 2804 3816 eo
2847 3765 2986 3834 quod
3028 3769 3433 3824 consecrationis
3474 3783 3598 3828 esset

2023 3851 2221 3907 oblatio
2251 3854 2305 3906 in
2333 3855 2547 3910 odorem
2571 3856 2848 3910 suavitatis
2870 3858 3121 3927 sacriﬁcii
3157 3858 3385 3916 Domini.
3421 3864 3602 3920 Altare

2025 3945 2350 4012 holocausti,
2386 3946 2587 4003 Christi
2615 3961 2814 4019 corpus
2844 3947 3066 4015 dicitur,
3099 3951 3193 4006 sed
3222 3960 3278 4006 et
3305 3954 3442 4009 odor
3474 3972 3601 4011 sua-

2024 4034 2306 4104 vissimus,
2358 4034 2427 4093 de
2467 4034 2688 4094 Christo
2720 4039 2865 4094 enim
2892 4050 3084 4110 aperte
3111 4042 3165 4096 in
3191 4041 3434 4101 Canticis
3472 4062 3603 4102 can—

2026 4128 2258 4183 ticorum
2301 4127 2543 4184 dicitur:
2606 4129 2934 4201 Unguentum
2983 4131 3201 4202 effusum
3270 4143 3344 4188 est
3417 4152 3605 4192 nomen

2027 4227 2195 4287 tuum,
2224 4227 2497 4288 propterea
2537 4220 2937 4275 adolescentulw
2962 4221 3258 4277 dilexerunt
3292 4233 3341 4277 te
3358 4224 3425 4279 ⁵⁸.

2097 4310 2358 4382 Sacriﬁcii
2392 4311 2621 4369 Domini.
2657 4312 2717 4371 id
2752 4323 2838 4369 est
2864 4312 3114 4373 sacriﬁcii
3155 4322 3212 4371 et
3262 4315 3603 4373 holocausta-

2028 4404 2210 4459 matis.

341 4496 419 4553 ita
462 4507 526 4553 ut
566 4496 737 4554 Jndzei
783 4512 893 4553 non
940 4497 1121 4553 omnia
1168 4496 1555 4568 intelligerent,
1599 4513 1763 4568 quam
1791 4498 1921 4570 quia
1956 4508 2000 4564 ι)
2096 4488 2243 4545 Sicut
2286 4491 2555 4546 mandavit
2599 4490 2870 4548 Dominus.
2926 4494 3045 4564 Ipse
3103 4496 3248 4551 enim
3286 4496 3603 4554 mandavit.

343 4587 612 4647 ferculum
664 4590 1086 4661 quodammodo,
1137 4599 1193 4657 et
1232 4604 1422 4647 mensa
1451 4590 1619 4646 totius
1659 4590 1922 4647 doctrinm

344 4689 481 4737 erat.
529 4679 668 4747 Quia
723 4696 852 4753 ergo
897 4682 1160 4738 rationale
1205 4691 1327 4743 erat
1370 4682 1710 4755 mysterium,
1761 4692 1816 4738 et
1860 4698 1923 4738 ea

344 4785 467 4841 qua:
514 4769 844 4835 adiciuntur,
899 4786 968 4826 ex
1014 4772 1227 4829 ratione
1266 4772 1597 4839 subsistunt,
1659 4781 1808 4829 recte
1858 4774 1927 4831 de

344 4860 588 4921 canistro
633 4861 1142 4927 consummationis,
1179 4863 1235 4918 id
1260 4871 1365 4925 est,
1398 4864 1466 4920 de
1496 4863 1682 4935 lingua
1706 4879 1802 4919 sua
1832 4879 1928 4934 pa-

344 4969 473 5010 nem
533 4954 820 5024 mysticum
875 4956 1150 5025 proponit.
1226 4955 1513 5023 Quomodo
1568 4967 1751 5012 autem
1803 4972 1928 5012 eum

346 5045 608 5115 proponit
647 5045 884 5115 panem?
929 5043 1150 5116 Absque
1193 5045 1486 5113 fernmnto,
1531 5056 1588 5102 et
1617 5047 1928 5118 collyridam

272 5126 280 5134 ’
349 5152 698 5208 conspersam
743 5137 886 5203 oleo,
927 5138 980 5193 id
1039 5146 1128 5195 est
1189 5139 1542 5209 apostolicam
1599 5139 1926 5206 doctrinam,

349 5225 1195 5300 legalemque.at,propheticam.
1225 5229 1334 5287 Lex
1367 5229 1513 5285 enim
1544 5239 1601 5285 et
1628 5229 1929 5300 prophetae,

350 5326 411 5379 et
452 5320 679 5389 apostoli
729 5321 850 5393 ejus
894 5320 1215 5379 memoriam
1258 5318 1492 5383 faciunt,
1544 5320 1633 5377 lex
1684 5320 1930 5391 quidem,

352 5406 545 5466 dicens
586 5429 600 5466 :
652 5412 755 5467 llic
800 5423 877 5471 est
927 5415 1082 5483 panis
1124 5429 1276 5483 quem
1316 5413 1461 5468 dedit
1496 5413 1638 5467 vobis
1678 5412 1935 5467 Dominus

354 5504 622 5559 consedere
639 5503 703 5558 "’.
754 5504 1041 5575 Propheta:
1069 5514 1289 5569 autem:
1343 5503 1506 5561 Panis
1540 5504 1588 5559 ei
1622 5505 1939 5566 dabitur,'et
2042 5501 2186 5558 sicut
2210 5501 2417 5573 pridem
2462 5501 2720 5558 diximus.
2753 5498 2891 5557 Cum
2939 5509 3120 5556 autem
3149 5498 3324 5569 ipsius
3352 5497 3422 5553 sit
3449 5497 3621 5553 sacri-

431 5703 661 5777 ‘flhrc.
699 5723 809 5773 xw,
840 5709 934 5775 35,
959 5709 1052 5767 24.
1128 5709 1173 5744 ⁵⁸
1198 5707 1392 5768 Matth.
1433 5726 1486 5777 ν,
1522 5709 1607 5765 17.
1686 5708 1730 5743 ⁸⁷
1772 5707 1915 5765 Exod

2021 5724 2081 5775 tt,
2119 5708 2205 5763 15.
2286 5706 2332 5741 ⁵⁸
2364 5707 2468 5763 lsa.
2530 5723 2724 5774 xxxnt,
2790 5706 2874 5776 16,
2915 5706 3004 5765 i7.

362 5773 408 5811 ⁸ο
438 5772 594 5837 Cant.
618 5791 657 5847 ι,
691 5777 746 5836 2.
798 5772 862 5815 l"
892 5772 928 5834 ι’
948 5777 1069 5836 Cor.
1106 5796 1182 5851 ιι,
1214 5779 1305 5837 26.

2021 4581 2433 4653 Quotiescunque
2447 4585 2541 4639 hoc
2564 4585 2754 4652 bibitis,
2774 4596 2993 4641 mortem
3019 4588 3232 4645 Domini
3258 4590 3311 4643 in
3331 4590 3605 4645 vobismet-

2022 4677 2150 4747 ipsis
2183 4678 2497 4732 annnntiate
2514 4679 2582 4733 ⁸¹.

2096 4766 2237 4822 Tulit
2267 4775 2319 4822 et
2358 4768 2736 4840 pectusculum,
2772 4769 2978 4825 elevans
3007 4771 3141 4826 illud
3167 4788 3345 4841 cpram
3383 4772 3608 4828 Domino

2027 4856 2091 4911 de
2117 4858 2280 4912 ariete
2308 4859 2731 4913 consecrationis.
2764 4856 2872 4913 Seu
2906 4861 3206 4915 secundum
3242 4861 3387 4917 LXX
3415 4881 3429 4918 :
3466 4861 3607 4919 Con-

2027 4948 2398 5005 summationis
2452 4950 2509 5004 in
2552 4960 2758 5020 partem
2797 4966 2972 5016 suam,
3032 4944 3167 5004 sicut
3213 4965 3531 5024 praeceperat
3562 4954 3611 5009 ei

2029 5036 2307 5094 Dominus.
2349 5038 2503 5096 Sicut
2540 5040 2594 5094 in
2637 5038 2904 5095 sacriﬁcio
2934 5041 3305 5110 paciﬁcorum,
3337 5059 3431 5099 seu
3464 5044 3614 5099 salu-

2031 5131 2133 5190 tari
2168 5133 2567 5204 pectusculum,
2598 5133 2677 5189 sic
2696 5139 2752 5189 et
2782 5130 2872 5186 hic
2914 5131 3164 5201 offertur,
3196 5135 3384 5205 utique
3410 5135 3613 5191 intelli-

2030 5225 2179 5298 gibili
2215 5224 2402 5296 Moysi,
2433 5225 2485 5281 id
2515 5235 2601 5283 est
2623 5224 2841 5282 Christo
2870 5225 3251 5296 pectusculum
3275 5226 3463 5283 arietis
3480 5241 3615 5281 con-

2038 5317 2395 5382 secrationis,
2444 5330 2542 5373 seu
2586 5316 3075 5373 consummationis
3116 5325 3438 5387 separatur,
3489 5315 3617 5386 quia

2041 5396 2140 5478 per
2201 5407 2599 5479 pectusculum,
2652 5406 2786 5463 ﬁdes
2847 5414 2903 5462 et
2949 5406 3281 5462 conﬁdentia
3332 5405 3616 5480 ﬁguratur,

3490 375 3623 442 881.

3105 5706 3196 5761 "l
3229 5704 3358 5762 Cor.
3390 5719 3491 5773 xu,
3526 5700 3620 5760 εδ.
