4044 6224
370 363 480 430 885

1500 367 1587 428 IN
1626 365 2062 430 LEVITICUM.
2115 393 2176 406 -
2216 367 2364 429 LIB.
2408 369 2489 442 ΙΙ,

3529 374 3636 438 886

370 480 578 545 ﬁcium,
627 493 854 536 necesse
900 488 984 536 est
1028 487 1087 536 ut
1116 489 1172 538 et
1197 482 1338 536 ﬁdes
1361 481 1485 552 ipsi,
1511 498 1633 554 qua:
1663 483 1718 538 in
1749 499 1814 539 eo
1842 492 1948 548 est,
1979 489 2027 545 Α
2054 484 2234 539 Aaron
2268 494 2323 540 et
2357 484 2453 540 ﬁlii
2485 486 2604 556 ejus
2653 485 2946 541 comedent
2975 499 3092 542 eos.
3131 485 3408 558 Quidquid
3451 499 3636 549 autem

370 574 683 646 deputetur.
744 573 1022 650 Assumens
1064 569 1199 645 'ergo
1251 582 1592 642 unguentum,
1646 584 1700 628 et
1735 576 1954 645 sangui-

375 681 490 719 nem
515 665 605 735 qui
643 674 757 718 erat
787 665 843 718 in
870 665 1055 728 altari,
1081 667 1306 736 aspersit
1329 683 1485 736 super
1512 665 1693 720 Aaron
1723 675 1770 719 et
1793 667 1952 720 vesti-

375 767 551 810 menta
604 758 718 825 eius
767 766 815 811 et
869 775 1026 828 super
1063 757 1198 826 ﬁlios
1260 758 1394 827 ejus,
1441 775 1504 813 ac
1553 767 1714 812 vestes
1754 774 1952 811 eorum.

375 846 608 918 Cumque
639 849 1018 918 sanctiﬁcasset
1061 866 1144 902 eos
1175 851 1229 902 in
1257 851 1448 904 vestitu
1481 865 1594 902 suo.
1641 848 1797 914 Quod
1820 847 1956 903 Uni-

376 935 541 1007 geniti
574 935 813 1006 sanguis,
869 947 925 992 et
954 938 1138 992 unctio
1183 937 1438 1007 Spiritus,
1489 939 1654 991 unius
1684 936 1795 991 sint
1824 951 1956 1007 epe-

379 1027 601 1082 rationis
619 1036 779 1098 atque
796 1029 1034 1094 virtutis,
1067 1038 1121 1084 et
1153 1030 1316 1083 nimis
1353 1036 1499 1082 recte
1529 1029 1712 1083 oleum
1741 1029 1959 1084 unctio-

377 1119 482 1183 nis,
515 1128 571 1173 et
599 1120 916 1191 sanguinem
949 1121 1155 1186 altaris,
1191 1123 1244 1175 id
1279 1130 1382 1183 est,
1413 1120 1680 1176 Duminici
1712 1121 1959 1198 corporis

380 1210 654 1281 legislator
700 1213 938 1275 unxerit,
983 1213 1106 1268 audi
1139 1213 1405 1268 Joannem
1463 1214 1779 1270 dicentem:
1835 1213 1958 1270 Tria

378 1312 500 1356 sunt
539 1321 654 1374 qua:
687 1306 1039 1358 testimonium
1097 1305 1350 1375 prwbent,
1401 1314 1450 1360 et
1494 1318 1595 1360 tres
1624 1323 1786 1360 unum
1815 1316 1956 1374 sunt,

380 1391 630 1462 Spiritus,
661 1397 896 1464 sanguis,
925 1406 972 1449 et
1003 1397 1220 1466 aqua“.
1283 1396 1463 1451 Unum
1495 1398 1642 1452 enim
1704 1397 1960 1453 eﬁ‘ectum

381 1485 828 1541 sanctificationis
859 1488 1083 1543 habent.
1119 1487 1340 1543 Multum
1369 1498 1516 1543 recte
1545 1497 1751 1545 vestem
1779 1491 1962 1545 Aaron

382 1575 452 1627 ab
487 1573 642 1629 stolis
674 1575 908 1630 ﬁliorum
948 1576 1130 1647 Aaron
1159 1577 1245 1633 lex
1276 1579 1567 1648 separavit.
1598 1579 1733 1633 Nam
1766 1581 1865 1635 etsi
1896 1581 1964 1636 ad

382 1664 740 1720 imitationem
795 1666 1011 1724 Domini
1073 1678 1303 1734 vestem,
1353 1670 1447 1740 qui
1497 1670 1564 1725 ab
1601 1685 1668 1726 eo
1722 1669 1964 1741 adoptati

383 1770 594 1823 sumus,
627 1757 911 1825 habemus,
943 1776 1136 1815 verum
1163 1771 1345 1816 tamen
1377 1768 1642 1833 quantum
1689 1762 1968 1832 pontificis.
2001 1753 2004 1755 ’

2058 573 2327 646 reliquum
2377 567 2542 630 fuerit
2586 576 2653 632 de
2677 592 2838 633 carne
2864 584 2918 632 et
2947 577 3015 634 de
3049 578 3303 650 panibus,
3331 581 3474 653 ignis
3502 600 3636 638 con-

2058 663 2239 722 sumit.
2289 666 2366 722 De
2427 669 2567 723 ostio
2623 681 2839 740 quoque
2897 670 3234 727 tabernaculi
3276 688 3388 729 non
3421 674 3640 730 exibitis

2059 764 2267 824 septem
2322 757 2517 813 diebus
2572 775 2745 829 usque
2792 760 2860 814 ad
2907 761 3050 815 diem
3105 777 3213 832 quo
3266 765 3637 840 complebitur

2060 855 2276 915 tempus
2301 848 2730 904 consecrationis
2774 855 2989 905 vestrae.
3025 846 3250 922 Septem
3270 853 3416 908 enim
3447 856 3641 911 diebus

2060 930 2246 987 ﬁnitur
2281 935 2644 1002 consecratio,
2697 937 2842 991 sicut
2882 948 2936 992 et
2991 939 3046 992 in
3092 943 3382 1010 praesentia
3436 943 3639 1000 factum

2061 1032 2164 1086 est,
2213 1032 2274 1080 ut
2313 1026 2448 1081 ritus
2488 1027 2737 1082 sacriﬁcii
2792 1030 3178 1098 compleretur.
3234 1033 3332 1088 Die
3378 1051 3441 1090 ac
3481 1048 3642 1092 nocte

2063 1115 2353 1170 manebitis
2410 1115 2463 1170 in
2528 1119 2878 1174 tabernaculo
2934 1121 3290 1178 observantes
3366 1107 3642 1182 custodias
3717 1121 3722 1127 ’

2062 1203 2298 1272 Domini,
2351 1221 2421 1262 ne
2467 1210 2816 1276 moriamini;
2856 1213 2934 1267 sic
2965 1213 3113 1267 enim
3145 1214 3279 1266 mihi
3311 1225 3640 1286 praeceptum

2063 1305 2164 1352 est.
2230 1297 2605 1370 Feceruntque
2665 1301 2845 1358 Aaron
2896 1313 2950 1358 ct
2990 1304 3084 1359 ﬁlii
3131 1305 3251 1374 ejus
3285 1316 3479 1362 cuneta
3525 1324 3645 1377 quae

2063 1389 2322 1459 praecepit
2353 1389 2617 1446 Dominus
2663 1407 2761 1461 per
2788 1409 3007 1446 manum
3041 1393 3225 1464 Moysi.
3267 1415 3285 1446 ι

2135 1478 2414 1551 Praecipua
2475 1497 2623 1536 nunc
2677 1482 2956 1553 legislator
3021 1485 3309 1555 providit,
3356 1487 3645 1542 discrevit-

2065 1585 2171 1641 que
2203 1574 2479 1642 mysteria,
2510 1585 2565 1630 et
2598 1576 2894 1646 ﬁguraliter
2925 1593 3022 1646 per
3058 1593 3120 1632 ea
3166 1595 3286 1648 qua:
3315 1596 3465 1634 nunc
3510 1596 3648 1635 con-

2069 1663 2357 1733 templatus
2389 1673 2505 1728 est,
2557 1666 2797 1732 tradidit,
2849 1666 2992 1721 intra
3042 1666 3340 1722 Ecelcsiam
3399 1686 3461 1724 ea
3517 1687 3644 1738 per-

2069 1751 2156 1810 fici
2198 1761 2252 1808 et
2291 1754 2602 1811 nullatenus
2657 1755 3009 1827 profanorum
3057 1746 3245 1814 usibus
3307 1769 3364 1815 et
3426 1762 3652 1816 auribus

384 1848 600 1902 diﬁ‘erat
641 1850 829 1916 vestis,
881 1867 980 1921 per
1027 1853 1303 1908 anteriora
1343 1853 1655 1915 didicimus,
1706 1863 1799 1908 aut
1827 1853 1958 1924 quid
1993 1851 2032 1905 Β
2062 1833 2346 1914 publicari,
2391 1863 2492 1902 nec
2512 1849 2735 1905 cuilibet
2787 1849 2989 1905 volenti
3044 1851 3370 1920 profanandi
3405 1868 3465 1906 ea
3528 1867 3647 1907 esse

385 1939 473 2006 sit,
509 1947 564 1996 et
596 1957 758 2012 quam
803 1943 1106 2014 multiplex.
1161 1942 1423 2009 Tunicam
1459 1944 1604 1999 enim
1653 1944 1795 2001 illam
1830 1943 1968 1999 dixit

385 2030 588 2088 habere
631 2034 1098 2102 superhumerale,
1148 2043 1203 2090 et
1233 2035 1517 2102 rationale,
1559 2033 1707 2092 unde
1738 2047 1885 2092 recte
1915 2047 1969 2092 et

384 2139 533 2178 nime
565 2124 847 2193 pluraliter
876 2127 1209 2181 nominatur.
1240 2127 1316 2182 Ea
1347 2136 1530 2183 autem
1560 2143 1680 2198 quae
1711 2137 1797 2183 est
1827 2128 1968 2182 filio-

386 2230 509 2269 rum
557 2215 759 2280 Aaron,
807 2216 906 2270 etsi
963 2217 1256 2273 uniformis
1303 2227 1388 2274 est
1439 2217 1644 2284 tunica,
1694 2232 1874 2273 tamen
1911 2227 1968 2273 et

387 2305 502 2374 ipsa
535 2315 636 2360 est.
682 2304 786 2361 Sed
829 2307 956 2376 quia
1008 2308 1206 2363 multas
1234 2308 1467 2363 virtutes
1495 2324 1602 2362 una
1635 2307 1840 2374 tunica,
1870 2325 1970 2364 seu

387 2395 526 2450 stola
577 2397 760 2462 habet,
806 2397 1010 2451 Christi
1039 2397 1186 2452 enim
1217 2399 1398 2453 tunica
1444 2398 1558 2454 sive
1585 2401 1744 2466 stola,
1775 2416 1880 2469 qua
1912 2400 1968 2454 hi

389 2489 481 2558 qui
531 2491 598 2545 ab
662 2507 727 2545 eo
800 2491 949 2546 uncti
1029 2501 1174 2557 sunt,
1245 2491 1549 2547 induuntur
1619 2494 1968 2564 adoptionem

388 2581 611 2648 habere,
662 2582 1130 2652 incorruptionem
1197 2582 1419 2650 habere,
1475 2593 1530 2639 et
1591 2585 1645 2639 in
1698 2585 1850 2642 caelis
1881 2601 1970 2641 re-

390 2671 597 2740 quiem,
645 2680 700 2724 ct
726 2672 826 2725 alia
857 2671 982 2726 talia
1010 2653 1372 2743 cognoscitur,
1405 2680 1695 2743 propterea
1728 2661 1971 2743 appella-

393 2773 483 2816 tur
528 2763 710 2818 tuniea
763 2763 876 2818 sive
927 2763 1084 2827 stola,
1131 2761 1258 2818 licet
1290 2779 1397 2818 una
1434 2763 1504 2818 sit
1532 2765 1802 2820 omnium.
1836 2764 1970 2830 Qui-

392 2872 595 2925 cunque
647 2857 783 2908 enim
817 2856 871 2907 in
907 2855 1110 2910 Christo
1157 2857 1414 2926 baptizati
1459 2874 1658 2923 sumus,
1707 2856 1971 2912 Christum

393 2947 564 3000 induti
618 2948 878 3000 sumus”.
927 2947 1033 3001 Sed
1089 2956 1267 3002 tamen
1317 2957 1543 3017 propter
1578 2949 1970 3004 abundantiam

395 3039 684 3104 donorum,
711 3055 830 3109 quae
865 3055 929 3094 ex
967 3055 1028 3093 ea
1060 3048 1189 3094 sunt
1230 3040 1532 3109 pluraliter,
1568 3041 1884 3095 nominatur
1917 3049 1973 3096 et

393 3131 559 3186 nimis
604 3143 770 3194 recte,
805 3141 1026 3202 prepter
1054 3131 1337 3187 veritatem
1365 3149 1487 3202 quas
1512 3133 1566 3186 in
1595 3149 1657 3186 ea
1688 3134 1968 3205 ﬁguratur.

397 3218 662 3290 Figurans
718 3236 840 3274 eam
890 3221 1082 3286 forma,
1116 3223 1232 3277 sine
1265 3222 1609 3279 districtione
1649 3224 1782 3289 acri,
1827 3226 1970 3282 viam

397 3327 520 3380 qua:
573 3312 624 3365 in
668 3328 730 3366 ea
779 3323 882 3376 est,
921 3313 1340 3382 praetermittere
1383 3314 1612 3385 cogitur.
1658 3314 1795 3370 Ecce
1829 3317 1975 3372 enim

397 3419 522 3459 cum
551 3404 840 3460 uniformis
867 3406 938 3460 sit
961 3406 1162 3472 tunica,
1196 3406 1308 3462 sive
1338 3407 1476 3462 stola
1509 3407 1741 3462 ﬁliorum
1772 3411 1975 3477 Aaron,

397 3495 595 3552 multas
648 3505 860 3558 tamen,
901 3507 956 3552 et
998 3513 1101 3551 non
1149 3513 1311 3552 unam
1362 3499 1600 3553 tunicam
1645 3500 1976 3556 nominavit.

401 3586 459 3640 Si
488 3597 667 3641 autem
692 3587 1081 3658 intelligibilem
1105 3588 1430 3643 sanctificari
1458 3590 1634 3646 Aaron
1660 3594 1976 3661 aspersione

399 3680 681 3749 sanguinis
740 3688 795 3733 et
845 3679 948 3734 olei
1007 3681 1397 3751 cognovimus,
1469 3699 1578 3737 non
1644 3678 1976 3740 admiremur

400 3768 547 3836 quod
576 3767 776 3822 dictum
811 3780 912 3834 est,
959 3769 1072 3839 ipse
1104 3770 1250 3824 enim
1283 3773 1535 3828 Christus
1573 3774 1637 3828 ad
1670 3773 1979 3832 sanetiﬁca-

405 3857 610 3911 tionem
669 3870 932 3923 nostram,
965 3861 1279 3930 aspersione
1331 3864 1532 3933 proprii
1571 3867 1854 3932 sanguinis
1895 3869 1977 3923 vi-

403 3946 617 4011 delicet,
678 3949 988 4015 passionem
1021 3965 1175 4004 suam
1229 3968 1325 4020 pro
1354 3935 1515 4007 nobis
1560 3955 1777 4010 obtulit.
1822 3958 1980 4014 Unde

407 4035 543 4091 ﬁlios
577 4038 754 4096 Aaron
787 4048 840 4092 ct
874 4040 1086 4094 tunicas
1122 4055 1218 4095 seu
1250 4043 1416 4096 stolas
1447 4058 1568 4096 cum
1618 4045 1800 4099 Aaron
1841 4045 2005 4102 dixit-

406 4129 749 4192 sanctiﬁcari,
784 4133 906 4203 quia
941 4145 1279 4204 quaecunque
1327 4134 1379 4186 in
1427 4134 1582 4188 nobis
1630 4137 1979 4209 contingunt,

405 4220 472 4275 ad
509 4237 654 4285 eum,
698 4231 756 4275 ut
789 4230 951 4292 caput
993 4223 1201 4278 scilicet
1241 4225 1406 4279 totius
1446 4227 1692 4296 corporis
1722 4211 1982 4284 necessa-

410 4311 490 4366 rio
519 4311 872 4367 reducuntur.
904 4313 983 4368 Ad
1016 4313 1392 4385 probationem
1418 4322 1602 4370 autem
1633 4330 1827 4372 eorum
1857 4334 1980 4388 quae

409 4404 550 4460 dicta
603 4412 748 4469 sunt,
809 4404 1019 4461 Domini
1074 4421 1352 4461 sumamus
1398 4405 1607 4473 verba;
1664 4423 1790 4463 eum
1837 4410 1983 4464 enim

2067 1927 2402 1990 facultatem.
2432 1935 2586 1991 Unde
2614 1939 2739 2006 quia
2785 1937 3194 1992 tabernaculum
3229 1938 3522 1993 testimonii
3555 1938 3650 1992 Dei

2067 2023 2266 2079 coelum
2293 2041 2433 2092 esse,
2467 2027 2662 2081 atrium
2687 2038 2868 2082 autem
2898 2029 3236 2083 tabernaculi
3269 2029 3432 2098 hujus
3465 2021 3651 2084 Eccle-

2070 2116 2224 2181 siam,
2280 2117 2404 2187 quia
2443 2119 2556 2187 ipsa
2603 2127 2684 2174 est
2716 2131 2842 2174 ante
2875 2121 2997 2176 οωιὶ
3045 2122 3326 2176 introitum
3366 2123 3649 2187 collocata,

2071 2205 2186 2276 ipsa
2248 2207 2547 2264 Jerusalem
2604 2211 2808 2281 quippe
2853 2212 3090 2269 caelestis
3137 2221 3284 2268 tenet
3336 2213 3648 2285 imaginem,

2070 2300 2212 2354 sicut
2262 2300 2392 2355 olim
2437 2302 2816 2372 praediximus,
2861 2304 3008 2359 intus
3044 2305 3098 2359 in
3143 2320 3364 2360 carnem
3396 2305 3650 2360 sacriﬁcii

2069 2383 2226 2461 coqui
2257 2384 2533 2464 praecepit.
2568 2395 2655 2449 Ait
2685 2393 2829 2450 enim
2858 2413 2870 2450 :

2148 2479 2402 2554 Praecepit
2428 2488 2499 2540 eis
2529 2488 2703 2542 dicens
2729 2503 2747 2542 :
2779 2488 2993 2559 Coquite
3021 2506 3204 2544 carnes
3235 2501 3357 2544 ante
3389 2492 3527 2562 [ores
3568 2497 3653 2544 ta-

2072 2577 2366 2643 bernaculi,
2400 2589 2447 2633 et
2471 2580 2546 2633 ibi
2572 2581 2831 2640 comedite
2854 2598 2962 2636 eas.
2997 2581 3082 2647 Et,
3103 2583 3465 2638 sicutaddunt
3491 2583 3653 2650 LXX,

2071 2671 2127 2724 in
2181 2671 2292 2727 loco
2346 2683 2550 2728 sancto.
2611 2675 2708 2731 Est
2763 2686 2944 2732 autem
2994 2677 3148 2732 locus
3195 2688 3419 2733 sanctus
3463 2681 3656 2745 altare,

2073 2761 2147 2815 ibi
2193 2763 2336 2817 enim
2389 2763 2619 2819 Sanctus
2669 2773 2982 2824 sanctorum
3021 2767 3331 2845 requiescit.
3384 2769 3490 2824 Sed
3525 2771 3659 2844 quid

2074 2853 2320 2909 addidit?
2463 2867 2467 2869 '

2145 2942 2213 2996 Et
2260 2944 2334 2997 ibi
2362 2947 2584 2998 comedit
2623 2957 2731 3000 eas.
2770 2945 2942 3000 Panes
2983 2965 3186 3017 quoque
3230 2951 3656 3016 consecrationis,

2077 3027 2214 3094 sive,
2260 3037 2319 3084 ut
2373 3029 2518 3085 LXX
2552 3031 2742 3097 edunt,
2791 3043 2838 3086 et
2880 3051 3042 3104 panes
3081 3037 3172 3105 qui
3200 3040 3398 3091 suntin
3429 3041 3662 3096 canistro

2077 3125 2561 3188 consummationis,
2589 3127 2744 3191 edite,
2776 3128 2912 3180 sicut
2943 3130 3190 3199 prtvcepit
3222 3132 3348 3185 milii
3373 3132 3655 3188 Dominus.

2077 3212 2260 3266 Aaron
2298 3223 2346 3266 et
2391 3211 2492 3282 ﬁlii
2531 3214 2644 3282 ejus
2689 3217 2954 3270 comedent
2985 3234 3086 3272 eos.
3121 3216 3408 3283 Quomodo
3446 3222 3655 3294 ergoin
3694 3219 3699 3224 ’

2077 3304 2162 3359 his
2209 3320 2318 3360 non
2371 3307 2692 3379 admiranda
2741 3309 2810 3364 sit
2857 3310 3120 3378 sapientia
3155 3312 3425 3381 spiritus?
3457 3314 3661 3369 nullam

2076 3399 2282 3470 quippe
2328 3398 2664 3456 dubietatem
2696 3402 3007 3471 hujusn‘todi
3040 3405 3342 3460 intellectui
3377 3406 3610 3477 deliquit
3647 3427 3658 3462 :

2077 3499 2366 3559 propterea
2401 3505 2594 3546 carnes
2639 3507 2762 3546 cum
2794 3493 3027 3561 panibus
3059 3495 3271 3549 comedi
3307 3496 3658 3566 praecipiens,

2081 3591 2140 3635 ut
2166 3597 2266 3637 nos
2298 3581 2749 3654 intelligeremus,
2800 3583 2929 3638 illud
2971 3585 3040 3640 ab
3067 3599 3132 3639 co
3167 3588 3487 3656 mysterium
3530 3588 3661 3651 dici,

2080 3673 2222 3744 quod
2255 3675 2416 3728 simul
2454 3675 2629 3744 panis,
2659 3683 2713 3729 et
2751 3691 2879 3730 caro
2903 3683 3001 3737 est,
3039 3676 3178 3730 sicut
3224 3692 3423 3746 corpus
3457 3678 3664 3732 Christi

2083 3765 2238 3835 panis
2279 3766 2407 3828 vini,
2446 3766 2537 3835 qui
2589 3765 2654 3819 dc
2691 3766 2828 3819 coelo
2876 3765 3179 3820 descendit.
3233 3767 3463 3836 Propter
3518 3769 3665 3836 quod

2083 3858 2210 3911 Elite
2260 3859 2558 3910 secundum
2596 3856 2737 3910 LXX
2776 3839 3094 3921 editionem,
3129 3873 3324 3913 carnes
3357 3874 3536 3922 mane,
3567 3875 3665 3928 pa-

2082 3965 2179 4003 nes
2214 3961 2393 4003 autem
2423 3949 2648 4018 ‘chperi
2691 3947 3007 4003 deferebant
3049 3950 3196 4004 corvi
3228 3965 3487 4019 superne,
3521 3966 3662 4020 pra:-

2082 4042 2319 4113 figurare
2372 4043 2476 4098 hoc
2539 4041 2861 4113 mysterium
2915 4040 3150 4096 Domino
3202 4043 3459 4098 volente:
3515 4044 3660 4115 quod

2083 4133 2232 4187 intus
2273 4139 2488 4203 Oportet
2547 4131 2604 4189 in
2659 4130 2922 4199 Ecclesia,
2964 4129 3022 4185 in
3075 4131 3196 4187 loco
3226 4141 3438 4197 sancto,
3476 4132 3529 4188 id
3555 4139 3659 4197 est,

2084 4226 2152 4280 ad
2184 4225 2354 4280 altare
2393 4223 2554 4294 coqui
2578 4233 2634 4280 et
2657 4223 2908 4280 comedi:
2959 4222 3088 4278 alibi
3131 4237 3263 4280 vero
3293 4238 3660 4294 nequaquam.

2085 4316 2318 4388 PrOpter
2385 4314 2532 4386 quod
2610 4315 2810 4371 Paulus
2881 4313 3186 4370 Corinthiis
3257 4315 3661 4386 praecipiebat;

2089 4405 2524 4464 Convenientibus
2571 4415 2748 4460 autem
2789 4406 2930 4459 vobis
2966 4405 3022 4458 in
3062 4421 3244 4469 unum,
3290 4406 3412 4474 jam
3450 4421 3554 4457 non
3593 4414 3666 4458 est

409 4494 804 4568 crucifigendus
853 4506 998 4552 esset
1040 4513 1139 4567 pro
1174 4484 1354 4561 nobis,
1409 4499 1524 4554 haec
1567 4499 1669 4554 sub
1720 4501 1984 4557 orationis
2017 4519 2064 4577 υ
2095 4499 2422 4553 Dominicam
2457 4513 2656 4552 caenam
2709 4497 3032 4551 manducare
3067 4513 3083 4550 :
3137 4498 3490 4567 unusquisque
3533 4499 3671 4550 enim

412 4587 618 4654 forma,
669 4589 734 4644 ad
773 4590 1145 4645 instruendam
1193 4588 1555 4644 obedientiam
1615 4593 1986 4662 apostolorum

413 4681 585 4737 dixit:
616 4681 761 4736 Sicut
797 4700 876 4737 me
917 4683 1057 4736 misit
1077 4683 1243 4737 Pater
1271 4681 1326 4736 in
1350 4684 1619 4749 mundum,
1660 4695 1708 4738 et
1731 4703 1824 4756 ego
1864 4685 1988 4740 misi

413 4767 496 4826 eos
540 4775 596 4826 in
634 4775 904 4838 minutum,
951 4784 998 4827 et
1027 4791 1119 4842 pro
1151 4775 1226 4828 eis
1262 4791 1352 4845 ego
1401 4774 1668 4844 sancti/ica
1714 4779 1986 4847 meipsum,

414 4872 472 4916 ut
551 4865 654 4917 sint
724 4876 773 4917 et
835 4865 934 4931 ipsi
1005 4866 1322 4934 sancti/irati
1376 4866 1430 4918 in
1484 4867 1787 4921 veritate”.
1851 4867 1994 4938 Ergo

417 4965 604 5024 aperte
635 4956 1116 5011 sanctificationem
1166 4956 1491 5012 sacrificium
1520 4957 1669 5026 quod
1701 4973 1798 5028 pro
1830 4960 1991 5015 nobis

418 5047 654 5112 obtulit,
714 5063 780 5105 ex
836 5065 943 5121 quo
1000 5057 1054 5105 et
1116 5035 1271 5104 nobis
1323 5049 1679 5106 sanctiﬁcatio
1738 5051 1989 5120 proﬁcit,

419 5139 737 5209 appeﬂavh.

495 5229 652 5285 Vens.
719 5231 907 5288 51-56.
965 5251 984 5284 ί
1043 5231 1293 5302 Cumque
1347 5232 1736 5291 sanctiﬁeasset
1787 5250 1881 5289 eos
1939 5237 1998 5291 in

421 5324 619 5378 vestitu
677 5339 776 5379 suo
832 5327 1086 5394 praecepit
1141 5325 1220 5380 eis
1269 5325 1494 5379 dicens:
1552 5323 1778 5394 Coquite
1809 5340 2001 5383 carnes

413 5422 548 5490 ante
597 5416 740 5470 tores
784 5416 1134 5482 tabernaculi,
1180 5425 1234 5472 et
1263 5417 1336 5472 ibi
1370 5417 1636 5472 comedite
1675 5433 1786 5472 eas.
1824 5418 2002 5474 Panes

423 5525 639 5580 quoque
684 5511 1105 5566 consecrationis
1161 5510 1338 5576 edite,
1397 5510 1486 5580 qui
1559 5511 1715 5580 positi
1771 5519 1900 5567 sunt
1944 5512 2001 5566 in

427 5605 664 5672 canistro
727 5606 868 5662 sicut
919 5605 1179 5676 pra-cepit
1231 5605 1366 5660 mihi
1421 5607 1704 5673 Dominus,
1759 5606 1998 5662 dicens:

2093 4607 2248 4645 suam
2285 4607 2487 4646 caenam
2534 4589 2808 4660 prmsumit
2837 4590 2908 4642 ad
2953 4590 3404 4644 manducandum.
3434 4587 3502 4642 Et
3534 4589 3674 4642 alius

2095 4685 2305 4750 quidem
2348 4671 2532 4746 esurit,
2568 4682 2706 4736 alius
2735 4690 2914 4735 autem
2957 4680 3129 4736 ebrius
3169 4690 3262 4736 est.
3296 4681 3553 4753 Nunquid
3576 4682 3668 4736 do-

2098 4767 2209 4831 mos
2239 4793 2342 4830 non
2377 4777 2576 4829 habetis
2596 4773 2666 4828 ad
2686 4773 3114 4828 manducandum
3142 4784 3193 4828 et
3233 4774 3531 4840 bibendum,
3558 4769 3670 4828 aut

2104 4871 2391 4926 Ecclesium
2441 4862 2541 4926 Dei
2601 4870 2864 4938 despicitis
2883 4870 2963 4924 ⁶⁵ἳ
3017 4869 3085 4924 Ει
3133 4870 3239 4924 hoc
3288 4870 3432 4934 ideo,
3465 4876 3526 4923 ut
3560 4869 3673 4922 illic

2100 4964 2347 5018 absolute
2385 4963 2610 5033 mystica
2651 4977 2804 5017 coma
2836 4962 3058 5017 deberet
3088 4962 3372 5016 celebrari.
3407 4960 3589 5014 Aaron
3620 4965 3680 5013 ct‘

2102 5053 2196 5110 filii
2244 5053 2364 5124 ejus
2399 5053 2530 5107 illud
2557 5062 2704 5108 recte
2747 5053 3063 5119 comedunt,
3096 5053 3204 5107 nisi
3236 5053 3386 5106 enim
3421 5049 3682 5104 Christus’

2103 5152 2323 5216 rogatus
2371 5159 2466 5199 ore
2518 5145 2880 5208 sacerdotum,
2938 5143 3053 5212 ipse
3107 5143 3317 5198 venerit
3361 5148 3417 5216 et
3461 5152 3676 5193 comam

2104 5235 2524 5292 sanctiﬁcaverit
2548 5251 2629 5301 ea,
2663 5252 2784 5306 qua:
2813 5244 3066 5305 aguntur,
3115 5233 3427 5287 nullatenus
3470 5229 3676 5285 sacrifi-

2106 5331 2254 5386 cium
2280 5329 2625 5384 Dominicum
2650 5327 2806 5382 fiunt.
2840 5327 2947 5381 Sed
2996 5327 3098 5380 hoc
3121 5323 3268 5395 quod
3296 5323 3564 5393 reliquum
3597 5327 3680 5375 est

2107 5423 2175 5479 de
2208 5423 2483 5487 carnibus,
2535 5431 2590 5476 et
2627 5423 2879 5492 panibus,
2913 5421 2968 5472 in
2996 5420 3118 5489 igne
3145 5417 3360 5472 incendi
3395 5413 3678 5486 praecepit.

2107 5514 2263 5582 Quod
2294 5529 2441 5569 nunc
2477 5514 2729 5568 videmus
2771 5513 2935 5568 etiam
2984 5507 3316 5566 sensibilitcr
3354 5508 3408 5562 in
3439 5505 3678 5561 Ecclesia

2111 5608 2246 5673 ﬁeri,
2301 5607 2517 5678 ignique
2549 5606 2688 5660 tradi
2744 5618 3083 5674 quascunque
3116 5616 3404 5657 remanere
3434 5597 3680 5671 contigc~

499 5778 543 5810 "
576 5780 777 5837 lJoan.
807 5799 860 5844 v,
897 5781 949 5834 8.
1026 5782 1070 5814 ⁸³
1106 5780 1275 5836 Galat.
1304 5780 1496 5844 111,27.
1570 5782 1615 5813 ⁵’·
1645 5779 1799 5838 Joan.
1833 5800 1960 5848 xvu,
1999 5784 2079 5848 l8,
2120 5784 2198 5838 l9.
2274 5783 2317 5814 ⁵⁸
2350 5779 2516 5834 lCor.
2551 5793 2626 5842 xu,
2657 5775 2848 5832 20-22.

1363 5959 1398 5978 Ι
