4044 6224
384 320 491 387 ιετ

1583 325 1949 388 HESYCHII
1986 325 2458 390 PRESBYTER!

2104 182 2147 194 δή.

3548 324 3658 392 888

384 438 463 496 rit
482 439 886 510 inconsumpta,
928 454 1040 495 non
1084 440 1311 496 omnino
1343 457 1405 497 ea
1439 459 1559 513 quzc
1601 459 1710 498 una
1738 444 1850 513 die,
1888 445 1971 501 vel
2001 449 2049 506 Α
2075 461 2255 512 suam,
2276 444 2690 518 reprehendens
2733 442 2986 500 dicebat:
3036 442 3227 499 Oumes
3254 451 3505 517 quotquot
3535 452 3658 497 ante

387 531 626 598 duabus,
690 541 784 588 aut
825 532 1015 589 multis
1042 543 1257 591 servata
1293 544 1460 600 sunt;
1494 536 1638 592 sicut
1673 539 1822 594 enim
1872 551 1968 607 ap-

385 632 560 695 paret,
605 639 716 680 non
749 623 855 681 hoc
902 624 1177 698 legislator
1201 626 1483 698 praecepit,
1538 627 1635 683 sed
1660 626 1806 698 quod
1836 627 1965 682 reli-

385 730 553 784 quum
578 723 684 781 est,
710 716 932 774 incendi
979 717 1156 786 jubet.
1210 718 1335 773 Dies
1378 726 1562 775 autem
1593 734 1702 774 non
1725 733 1967 775 comme-

316 798 643 908 imoravit,
699 816 762 862 ut
822 824 1164 879 quaecunque
1224 811 1603 882 cujuscunque
1660 811 1738 865 rei
1805 825 1969 866 causa

340 898 343 903 ’
387 904 706 968 emergente
754 898 1120 954 remanserint
1167 898 1574 969 inconsumpta,
1607 900 1724 956 sive
1754 909 1970 970 tempus

385 989 444 1043 in
495 1003 659 1043 causa
702 989 794 1055 sit,
843 990 962 1044 sive
1006 990 1138 1063 quid
1171 990 1317 1045 aliud
1350 989 1535 1055 fuerit,
1574 991 1714 1062 ignis
1750 1006 1889 1061 opus
1915 999 1973 1046 et

387 1078 737 1148 consumptio
771 1077 884 1138 fiat.
928 1079 1072 1150 Ergo
1123 1096 1189 1135 es
1230 1080 1334 1138 hoc
1365 1080 1510 1152 quod
1537 1080 1715 1155 agitur
1745 1081 1973 1136 sensibi-

386 1163 532 1228 liter,
566 1164 893 1235 signiﬁcatio
929 1168 1216 1239 cujusdam
1252 1169 1607 1240 intelligibilis
1637 1169 1738 1236 rei,
1766 1171 1848 1226 eis
1877 1169 1970 1241 qui

388 1249 701 1317 intendunt,
750 1254 1001 1324 provenit
1053 1272 1067 1309 :
1115 1266 1175 1313 ut
1227 1255 1449 1327 quando
1477 1257 1542 1311 ad
1574 1258 1969 1314 comestionem

387 1341 639 1397 sacriﬁcii
684 1343 970 1400 deﬁcimus
1023 1356 1081 1401 et
1135 1348 1424 1407 comedere
1444 1347 1577 1406 illud
1610 1349 1822 1422 integra
1860 1366 1969 1406 non

388 1451 682 1506 possumus
705 1447 891 1494 mente
923 1438 1105 1500 forsan
1127 1430 1481 1508 lassescente,
1510 1443 1626 1500 sive
1654 1442 1970 1509 deficiente,

390 1535 573 1589 utrum
630 1542 694 1583 ea
740 1543 863 1600 qua:
912 1529 1189 1598 videntur,
1221 1547 1422 1603 corpus
1460 1541 1717 1605 oporteat
1740 1534 1969 1606 intelligi

392 1617 628 1683 Domini,
666 1619 721 1673 in
768 1620 912 1691 quod
961 1621 1134 1678 oculis
1177 1638 1280 1678 nec
1315 1624 1494 1696 angeli
1558 1635 1796 1695 possunt
1837 1642 1974 1699 pro-

393 1709 633 1780 spicere,
661 1726 771 1768 non
801 1712 1034 1785 relinqui
1064 1753 1078 1778 ,
1109 1715 1205 1772 sed
1236 1716 1402 1771 etiam
1424 1717 1563 1773 tradi
1591 1733 1656 1774 ea
1686 1717 1976 1791 igniopor—

2075 555 2159 592 me
2199 548 2467 604 venerunt,
2525 537 2669 607 fures
2724 538 2960 608 fuerunt,
3003 547 3051 591 et
3096 535 3363 603 latrones,
3421 551 3508 588 seu
3556 552 3659 588 non

2074 619 2358 685 audierunt
2377 647 2461 684 eos
2483 647 2600 684 oves
2615 628 2679 681 ".
2709 627 2776 683 Et
2800 638 2925 700 post
2953 627 3071 684 hac
3096 626 3338 683 subdidit
3362 643 3375 680 :
3405 623 3519 698 Ego
3543 642 3660 680 sum

2077 722 2287 781 ostium.
2319 735 2412 789 per
2439 736 2520 775 me
2541 719 2587 773 si
2613 720 2729 790 quis
2751 718 3046 783 intraverit,
3088 718 3414 788 ingredietur
3433 726 3481 771 et
3513 734 3660 786 egre-

2075 810 2269 873 dietur,
2307 818 2355 862 et
2403 824 2600 878 pascua
2641 808 2944 863 inveniet".
2986 809 3295 881 lngressum
3328 824 3425 880 per
3453 816 3660 862 semct-

2076 899 2279 970 ipsum,
2348 900 2399 954 ei
2450 915 2731 972 egressum
2779 900 3089 958 divinarum
3126 901 3535 972 Scripturarum
3562 916 3664 973 ap-

2077 988 2288 1059 pellans
2332 988 2659 1060 profectum.
2707 988 2811 1056 Qui
2860 998 3046 1046 autem
3097 992 3392 1061 completio
3443 991 3661 1046 dierum

2080 1081 2169 1135 illa
2200 1080 2435 1136 maxime
2460 1079 2681 1145 dicitur,
2728 1081 2890 1151 plane
2923 1097 3023 1152 per
3054 1081 3255 1137 Lucam
3289 1083 3516 1154 spiritus
3549 1090 3661 1136 tra-

2077 1171 2202 1226 dit:
2249 1170 2320 1228 Et
2370 1171 2495 1225 dum
2556 1171 2941 1242 complerentur
2971 1173 3081 1228 dies
3128 1171 3473 1239 Pentecostes,
3508 1182 3667 1227 erant

2079 1275 2255 1314 omnes
2282 1259 2439 1313 simul
2456 1276 2475 1314 .°
2505 1259 2680 1331 factus
2711 1268 2783 1314 est
2809 1267 2989 1314 autem
3019 1270 3229 1330 repente
3251 1262 3315 1315 de
3339 1261 3464 1316 caelo
3483 1278 3665 1327 sonus,

2081 1360 2336 1421 tanquam
2368 1350 2692 1405 advenientis
2735 1351 2953 1419 spiritus
2980 1351 3318 1415 vehementis,
3364 1360 3412 1403 et
3448 1351 3668 1421 replevit

2083 1451 2246 1496 totam
2276 1430 2515 1509 domum,
2546 1442 2601 1495 in
2628 1459 2731 1513 qua
2763 1443 3050 1497 sedebant:
3082 1452 3131 1496 et
3173 1452 3537 1512 apparuerunt
3562 1444 3670 1496 illis

2079 1534 2365 1603 dispertitte
2408 1532 2622 1602 lingunt,
2658 1533 2810 1609 sicut
2836 1533 2993 1604 ignis,
3020 1533 3256 1602 seditque
3290 1548 3453 1602 supra
3474 1532 3660 1602 singu-

2082 1623 2159 1677 los
2215 1640 2415 1684 eorum,
2474 1633 2523 1677 et
2564 1622 2749 1692 repleti
2790 1630 2914 1677 sunt
2951 1638 3130 1676 omnes
3164 1620 3371 1692 Spiritu
3399 1623 3665 1675 sancto".

2081 1710 2201 1768 Non
2256 1710 2455 1766 frustra
2522 1725 2652 1783 ergo
2707 1711 2826 1766 dies
2885 1709 3273 1782 completionis
3328 1709 3566 1775 dierum,
3616 1719 3673 1765 et

393 1809 471 1857 ιει
498 1802 745 1875 spiritus,
784 1814 845 1860 ut
879 1820 944 1860 ea
1000 1806 1278 1875 comedat,
1323 1824 1446 1878 quae
1501 1809 1661 1867 nobis
1724 1820 1855 1867 sunt
1905 1827 1975 1867 ex
2006 1798 2053 1861 Β
2082 1801 2567 1861 consummationis
2604 1801 2959 1858 Pentecostes
3005 1801 3230 1865 dicitur,
3270 1801 3368 1857 sed
3417 1810 3477 1855 ut
3515 1816 3670 1856 com-

392 1893 708 1950 inlirmitate
775 1896 1067 1953 inesibilia.
1113 1897 1399 1965 Quomodo
1451 1910 1638 1957 autem
1695 1901 1970 1969 comedat,

391 2000 517 2040 cum
564 1988 1007 2058 cOgitaverimus,
1061 1992 1253 2047 virtuti
1287 1992 1514 2063 spiritus
1543 2009 1668 2049 esse
1692 1993 1978 2065 possibilia

391 2090 477 2138 ea,
509 2092 631 2146 qua:
664 2077 825 2132 nobis
853 2079 1212 2150 impossibilia
1252 2080 1532 2138 videntur.
1572 2081 1731 2138 Unde
1755 2092 1812 2138 et
1840 2083 1977 2138 sub-

392 2176 688 2239 sequenter
726 2168 1009 2245 disputare
1051 2172 1331 2245 legislator
1368 2174 1601 2231 videtur.
1658 2174 1797 2232 Dicit
1828 2177 1974 2232 enim

391 2270 506 2315 DIC;

465 2343 542 2399 De
583 2348 714 2401 ostio
756 2366 959 2423 quoque
1013 2353 1344 2411 tabernaculi
1392 2373 1495 2412 non
1522 2358 1731 2413 exibitis
1778 2367 1975 2429 septem

391 2437 589 2494 diebus.
671 2440 893 2512 Septem
951 2446 1082 2500 cur?
1146 2445 1285 2514 Quia
1343 2451 1797 2523 quinquagesima
1854 2451 1977 2508 dies

392 2531 707 2599 septenario
760 2550 988 2590 numero
1036 2539 1088 2593 in
1137 2542 1436 2612 semetipso
1485 2543 1871 2614 multiplicato,
1923 2553 1979 2600 et

388 2635 507 2675 uno
534 2622 582 2676 ei
624 2623 837 2693 adjecto
865 2627 1164 2698 perﬁcitur.
1208 2629 1362 2688 Unde
1406 2641 1462 2688 et
1509 2633 1976 2691 hebdomadarum

394 2723 517 2767 eam
569 2712 921 2772 festivitatem
968 2719 1113 2789 apud
1164 2719 1385 2792 Moysen
1428 2723 1533 2778 dici
1563 2763 1579 2786 ,
1625 2724 1979 2781 manifestam

340 2846 343 2849 λ
394 2807 714 2875 sequentia;
781 2808 857 2864 ait
884 2809 1054 2876 enim,
1110 2812 1416 2868 secundum
1465 2813 1646 2870 LXX:
1711 2816 1882 2888 Usque
1908 2818 1980 2872 ad

319 2898 322 2900 ⁷
392 2896 533 2951 diem
563 2899 920 2974 completionis
945 2902 1331 2978 quinquaginta
1360 2905 1583 2973 dierum,
1616 2916 1976 2978 pentecosten

394 2988 625 3058 dicens;
663 2994 900 3064 complet
939 2994 1090 3054 enim
1139 2997 1516 3072 septenarium
1571 3014 1863 3055 numerum
1921 3001 1975 3056 in

395 3083 692 3153 semetipso
770 3085 1208 3157 multiplicatum.
1286 3089 1355 3145 Et
1422 3090 1581 3161 cuius
1667 3091 1746 3145 rei
1801 3093 1976 3164 gratia

2077 1894 2374 1966 pletionem
2405 1893 2629 1965 quidem
2675 1894 2889 1949 dierum
2920 1904 3274 1964 septenarum
3319 1894 3551 1958 habens,
3582 1909 3673 1966 ge-

2077 2004 2208 2045 rens
2272 1996 2456 2043 autem
2504 1974 2733 2059 spiritus
2806 1986 3207 2057 plenitudinem
3282 1986 3519 2056 implens
3577 2000 3671 2040 eos

2077 2080 2436 2152 perfectione,
2483 2079 2684 2151 quibus
2729 2078 3054 2134 infundebat
3096 2077 3370 2148 spiritum.
3422 2075 3582 2142 Quod
3628 2076 3671 2131 si

2077 2173 2309 2240 dicatur,
2355 2172 2482 2244 quia
2534 2170 2894 2242 quadraginta
2937 2170 3159 2243 quidem
3215 2169 3334 2224 dies
3378 2184 3504 2223 cum
3532 2183 3671 2239 apo-

2078 2263 2252 2330 stolis,
2284 2263 2573 2334 perliciens
2611 2277 2707 2318 eos
2733 2261 2987 2319 Christus
3022 2260 3126 2316 fuit
3169 2280 3182 2315 :
3231 2260 3322 2331 qui
3356 2270 3545 2315 autem
3583 2274 3670 2313 se.

2078 2356 2317 2413 cundum
2360 2354 2531 2426 legem
2564 2362 2692 2409 sunt
2715 2352 3071 2424 perfectionis
3102 2362 3312 2424 septem
3343 2351 3485 2410 dies.
3522 2349 3673 2405 inte-

2079 2464 2272 2522 gram,
2335 2446 2476 2502 sicut
2539 2446 2820 2509 diximus,
2901 2445 3261 2499 Pentecosten
3327 2440 3687 2502 describunt.~

2078 2539 2375 2597 Sciendum
2410 2548 2493 2595 est
2533 2539 2659 2609 quia
2705 2553 2810 2594 nec
2852 2538 2906 2591 in
2956 2536 3155 2591 mediis
3199 2536 3341 2590 inter
3378 2533 3672 2588 Ascensio-

2079 2651 2205 2694 nem
2240 2641 2296 2689 et
2325 2632 2690 2688 Pentecosten
2740 2629 2957 2698 diebus,
2989 2629 3057 2684 ah
3088 2626 3348 2698 apostolis
3380 2637 3673 2695 separatus

2078 2738 2194 2785 est:
2250 2741 2379 2782 nam
2433 2722 2708 2796 quomodo
2768 2722 2905 2779 dixit
2938 2721 3055 2778 eis:
3118 2719 3250 2774 Ecce
3281 2734 3373 2790 ego
3406 2716 3673 2769 vobiscum

2077 2834 2195 2874 sum
2228 2814 2467 2872 omnibus
2497 2812 2766 2868 diebus“?
2820 2811 2886 2867 Et
2920 2826 3112 2866 rursus
3146 2826 3160 2861 :
3218 2808 3338 2862 Non
3369 2807 3676 2876 relinquam

2079 2925 2166 2964 vos
2199 2907 2478 2977 orphanos,
2516 2902 2724 2956 veniam
2755 2904 2825 2957 ad
2857 2900 3024 2957 vos“.
3051 2900 3350 2971 Pmptcrea
3392 2896 3675 2969 legislator

2080 2998 2325 3055 subdidit
2344 3016 2358 3052 :

2152 3089 2297 3146 Sicut
2329 3090 2386 3144 in
2419 3090 2821 3159 pra'sentiarum
2857 3089 3056 3159 factum
3089 3093 3183 3147 est,
3218 3093 3273 3135 ut
3303 3081 3435 3135 ritus
3460 3079 3673 3147 sacriﬁ-

394 3172 607 3232 dierum
633 3181 1119 3241 consummationis
1157 3182 1436 3249 dicuntur,
1465 3159 1752 3255 sequentia
1789 3159 1977 3242 osten-
2005 3159 2050 3219 θ
2079 3181 2151 3237 cii
2179 3180 2548 3252 compleretur.
2582 3177 2704 3241 Vel,
2732 3176 2874 3232 sicut
2901 3172 3067 3235 LXX,
3102 3170 3168 3225 In
3202 3171 3287 3225 die
3308 3170 3403 3223 hoc
3423 3166 3501 3221 sic
3532 3183 3675 3237 prte-

393 3267 551 3325 dunL
606 3300 613 3305 -

467 3357 676 3431 Septem
700 3363 840 3418 enim
857 3365 1041 3421 diebus
1054 3366 1240 3435 finitur
1259 3368 1600 3434 consecratio,
1614 3370 1722 3425 sive
1738 3385 1983 3425 consum-

396 3448 586 3515 matio,
603 3449 738 3504 sicut
759 3450 811 3504 in
836 3454 1239 3522 prmentiarum
1261 3455 1462 3527 factum
1483 3464 1580 3512 est.
1600 3454 1736 3522 Quia
1760 3472 1870 3512 non
1895 3472 1983 3512 se-

401 3539 506 3593 mel
532 3555 628 3596 eos
650 3545 999 3601 consecravit
1031 3546 1319 3617 sanguine.
1348 3555 1405 3602 et
1429 3547 1697 3618 panibus;
1725 3549 1804 3603 sic
1833 3549 1980 3604 enim

397 3630 752 3703 cognovimus
778 3631 832 3689 in
849 3634 1294 3706 praecedentibus
1313 3646 1588 3707 peractam
1612 3639 1983 3694 consecratio-

395 3739 522 3780 nem
546 3739 643 3785 seu
678 3728 1233 3786 consummationem.
1255 3729 1350 3788 His
1372 3731 1571 3788 similia
1594 3739 1646 3786 et
1673 3729 1849 3788 Lucas
1872 3741 1983 3787 tra—

399 3813 512 3882 dit;
548 3815 626 3870 ait
658 3817 805 3872 enim
854 3817 924 3877 de
958 3819 1209 3888 Domino,
1253 3828 1311 3879 et
1341 3821 1660 3894 discipulis:
1696 3823 1901 3891 Quibus
1927 3834 1977 3879 et

2083 3274 2215 3345 cepit
2263 3274 2517 3329 Dominus
2547 3272 2741 3344 facere,
2773 3277 2831 3324 ut
2867 3268 3001 3322 detis
3029 3281 3123 3336 pro
3150 3263 3314 3319 vobis.
3354 3261 3410 3318 in
3449 3277 3558 3335 qua
3591 3261 3676 3317 die

2082 3366 2228 3422 enim
2264 3363 2485 3421 tradidit
2513 3378 2685 3419 coenae
2740 3359 3081 3433 mysterium,
3124 3355 3178 3410 in
3227 3354 3419 3410 eadem
3456 3353 3548 3409 die
3582 3354 3675 3406 dc-

2082 3457 2488 3529 precationem,
2546 3455 2663 3509 sive
2719 3449 3157 3521 propitiationem
3223 3443 3555 3507 insinuavit,
3624 3439 3673 3494 id

2083 3555 2186 3616 est,
2243 3556 2590 3619 peccatorum
2661 3540 3077 3603 remissionem,
3144 3536 3377 3593 dicens:
3443 3534 3551 3589 llic
3604 3543 3676 3589 est

2083 3656 2230 3696 meus
2267 3638 2488 3711 sanguis
2514 3637 2633 3693 novi
2680 3633 3004 3699 testamenti,
3038 3632 3128 3703 qui
3160 3647 3256 3701 pro
3281 3630 3461 3684 multis
3505 3629 3676 3698 cmm-

2082 3734 2255 3800 detur,
2305 3732 2361 3785 in
2405 3728 2758 3785 remissionem
2811 3734 3145 3798 peccatorum
3163 3726 3230 3778 ".
3270 3720 3465 3777 Verbis
3501 3721 3672 3775 etiam

2083 3825 2237 3900 ipsis,
2272 3840 2337 3882 ea
2369 3838 2492 3896 quae
2530 3822 2585 3879 in
2634 3819 2930 3891 Evangelio
2954 3817 3156 3889 scripta
3184 3825 3351 3883 sunt;
3402 3812 3674 3885 praedicit,

402 3910 740 3977 prwsentavit
768 3911 1108 3982 semetipsum
1136 3923 1253 3985 post
1288 3923 1505 3971 mortem
1531 3932 1686 3971 suam
1716 3917 1776 3971 in
1803 3917 1984 3973 multis
2083 3919 2228 3976 sicut
2313 3928 2652 3989 cognoscere
2731 3928 2799 3969 ex
2871 3912 2958 3968 bis
3034 3925 3157 3982 qua:
3259 3907 3676 3977 subsequuntur

401 4001 747 4071 argumentis,
767 4019 860 4072 per
888 4004 999 4060 dies
1029 4006 1386 4081 quadraginta
1404 4023 1668 4079 apparens
1699 4010 1796 4077 eis,
1828 4018 1877 4065 et
1908 4010 1985 4065 lo-
2083 4020 2261 4083 potes.

404 4109 567 4165 quens
583 4095 649 4147 de
668 4110 826 4167 regno
847 4093 966 4164 Dei,
989 4108 1038 4153 et
1073 4113 1395 4166 canentem,
1426 4101 1675 4170 prtecepit
1696 4101 1764 4155 ab
1796 4100 1975 4157 Hiero.
2162 4105 2256 4160 Die
2287 4120 2352 4159 ac
2376 4111 2523 4161 nocte
2552 4100 2831 4159 manebitis
2873 4100 2929 4154 in
2970 4094 3332 4153 tabernaculo.
3377 4090 3502 4156 Vel,
3532 4090 3677 4149 sicut

403 4184 622 4256 solymis
644 4201 708 4240 ne
730 4186 1075 4255 discederent,
1089 4190 1181 4246 sed
1201 4200 1563 4260 exspectarent
1582 4195 1977 4264 promissionem

2083 4196 2264 4253 LXX:
2302 4197 2384 4252 Ad
2433 4195 2667 4266 jauuam
2711 4189 3041 4248 tabernaculi
3100 4185 3389 4243 testimonii
3432 4183 3676 4239 sedebitis

402 4276 653 4347 patris“.
705 4276 901 4335 Cernis
930 4280 1207 4351 quomodo
1249 4284 1630 4349 consecrabat,
1676 4285 1792 4341 sive
1819 4285 1987 4357 perti-
2083 4300 2278 4362 septem
2304 4288 2506 4352 diebus,
2536 4288 2622 4345 die
2654 4302 2718 4341 ac
2743 4293 2912 4343 nocte.
2951 4280 3219 4339 Dominus
3247 4293 3381 4334 vero
3409 4273 3677 4348 apostolis

405 4370 582 4448 ciebat
629 4385 748 4438 eos,
787 4387 1062 4445 apparens
1093 4375 1195 4441 eis,
1230 4384 1288 4432 et
1330 4376 1536 4434 docens
1563 4377 1632 4434 de
1659 4392 1829 4451 regno
1862 4380 1981 4447 Dei,

401 4471 460 4520 et
485 4479 845 4522 convescens.
877 4466 1078 4525 Dicens
1107 4475 1290 4524 autem
1330 4468 1399 4524 ab
1441 4468 1831 4544 Hierosolymis
1869 4488 1981 4529 non

402 4554 705 4622 discedere,
756 4572 868 4616 non
908 4559 1172 4631 precepit
1215 4560 1441 4631 ianuam
1487 4561 1823 4618 tabernaculi
1855 4578 1984 4634 pro.

406 4645 556 4715 gredi
593 4645 681 4702 vel
727 4648 936 4719 egredi.
972 4648 1028 4707 id
1056 4657 1161 4718 est,
1200 4664 1314 4709 non
1339 4650 1611 4724 permittit
1659 4653 1981 4727 praedicare,

404 4751 577 4810 usque
614 4736 746 4796 dum
792 4740 1215 4810 promissionem
1261 4744 1506 4815 spiritus,
1562 4760 1683 4817 quae
1730 4744 1873 4802 facta
1903 4756 1990 4804 est

404 4828 857 4908 quinquagesima
904 4832 1014 4899 die,
1063 4835 1564 4906 acciperent.-Non
1609 4847 1794 4896 autem
1834 4840 1989 4897 exire

404 4923 476 4979 de
499 4923 668 4994 janua
700 4923 1038 4983 tabernaculi
1070 4929 1390 4996 testimonii,
1424 4945 1619 4988 vacare
1647 4945 1733 4989 est
1760 4950 1790 4988 a
1818 4934 1989 4990 verbo

405 5015 691 5083 doctrina,
730 5023 789 5073 et
818 5032 926 5072 non
949 5018 1245 5090 praedicare
1265 5020 1569 5087 evidenter,
1595 5025 1722 5095 quia
1747 5025 1985 5082 hostium

405 5109 761 5185 semetipsum
793 5109 1066 5180 Christus,
1099 5120 1289 5184 utpote
1317 5113 1409 5184 qui
1435 5114 1652 5173 initium
1681 5128 1766 5177 eSt
1802 5120 1985 5175 omnis

407 5200 577 5260 divini
604 5204 780 5271 verbi,
810 5212 868 5261 et
896 5204 1163 5272 scientiae,
1195 5205 1515 5263 insinuavit.
1545 5207 1776 5267 Introire
1803 5221 1990 5267 autem

332 5356 338 5363 η
408 5294 532 5365 ejus
555 5295 778 5361 ostium,
818 5306 877 5359 et
902 5298 1107 5370 egredi,
1143 5307 1204 5353 ut
1234 5314 1565 5369 praesumere
1598 5298 1654 5357 in
1679 5302 1798 5374 ipso
1829 5304 1992 5362 intel-

335 5377 337 5380 ⁴
408 5383 667 5458 ligamus,
704 5388 820 5459 ipse
846 5389 1004 5445 nobis
1037 5390 1258 5448 tradidit
1281 5391 1499 5460 quando
1521 5394 1783 5463 quosdam
1809 5396 1985 5453 aliena

410 5476 691 5544 docentes,
720 5488 778 5535 et
810 5479 871 5538 in
901 5496 1090 5539 errore
1122 5482 1422 5549 mittentes,
1466 5495 1596 5542 ante
1634 5488 1985 5559 praesentiant

2086 4383 2163 4439 ait
2194 4400 2208 4439 :
2243 4382 2337 4437 Vos
2359 4391 2537 4435 autent
2576 4378 2819 4437 sedebitis
2851 4378 2908 4431 in
2959 4375 3195 4440 civitate,
3230 4387 3394 4439 usque
3430 4370 3556 4424 dum
3596 4369 3678 4421 in-

2088 4475 2332 4532 duamini
2360 4474 2552 4533 virtute
2578 4488 2643 4526 ex
2671 4470 2862 4538 alto",
2889 4468 2967 4524 sic
2993 4467 3156 4538 plane
3189 4462 3452 4526 sedebitis,
3487 4460 3586 4515 ait.
3614 4458 3679 4514 Et

2089 4567 2206 4641 ipse
2248 4563 2543 4637 discipulos
2573 4560 2976 4618 hebdomadam
3004 4557 3239 4621 dierum,
3280 4553 3419 4608 nihil
3451 4558 3676 4623 agentes

2087 4672 2333 4724 manere,
2367 4665 2557 4712 etnon
2589 4652 2888 4726 praedicare
2939 4647 3217 4720 praecepit.
3254 4643 3413 4701 Unde
3462 4657 3532 4698 ex
3562 4649 3673 4697 toto

2089 4767 2199 4808 non
2250 4750 2515 4806 docentes
2561 4745 2837 4819 apostolos
2860 4785 2877 4814 ,
2927 4752 3221 4813 antequam
3268 4739 3674 4810 complerentur

2089 4840 2336 4914 pmdicti
2365 4840 2484 4897 dies
2518 4837 2859 4902 invenimus;
2909 4832 3200 4904 completis
3236 4838 3420 4886 autem
3456 4828 3670 4889 diebus,

2093 4933 2289 4989 Petrus
2320 4947 2446 4987 mox
2477 4927 2920 5001 praedicationem
2949 4924 3166 4994 incipit,
3217 4921 3438 4992 quando
3465 4928 3521 4974 et
3577 4915 3673 4972 ad-

2088 5026 2214 5082 ditae
2264 5032 2395 5082 sunt
2447 5023 2645 5079 animae
2691 5019 2913 5078 circiter
2966 5016 3067 5073 tria
3110 5014 3316 5069 millia:
3355 5012 3437 5072 sic
3471 5019 3528 5067 et
3570 5003 3669 5079 ipsi

2090 5134 2187 5191 per
2230 5117 2442 5190 singula
2477 5114 2794 5170 mandatum
2837 5111 2944 5166 hoc
2972 5108 3385 5169 custodierunt,
3422 5112 3478 5160 et
3502 5098 3672 5158 maxi—

2091 5229 2179 5270 me
2212 5216 2265 5269 in
2294 5213 2375 5269 eis
2411 5209 2754 5282 complentur
2792 5221 2878 5271 ea,
2911 5220 3035 5276 qua:
3098 5202 3154 5257 in
3211 5193 3670 5270 subsequentibus

2091 5304 2373 5361 dicuntur.

2165 5395 2501 5451 Observantes
2529 5391 2810 5447 custodias'
2841 5388 3072 5452 Domini,
3119 5395 3175 5439 ut
3208 5400 3310 5437 non
3347 5375 3667 5435 moriamini.

2096 5489 2184 5551 Sit:
2242 5488 2387 5544 enim
2452 5486 2578 5541 mihi
2653 5484 2901 5555 pra’cept't
2961 5480 3235 5536 Dominus.
3324 5473 3672 5539 Feceruntqus

483 5678 533 5765 1:
559 5679 679 5765 ﬁeri.
714 5695 751 5741 ι,
781 5680 836 5740 3,
1002 5683 1227 5765 πλαψ.
1269 5702 1321 5749 ι,
1351 5686 1402 5741 8.
1476 5686 1680 5765 'fjbid.
1710 5693 1762 5749 9.
1844 5698 1888 5731 ⁵³
1922 5696 1977 5753 At

2083 5713 2144 5765 ιι,
2174 5696 2291 5752 1-5.
2360 5697 2403 5728 ⁸ο
2434 5692 2623 5752 Μιῐιῑι.
2653 5705 2842 5757 xxvtu,
2876 5686 2970 5743 20.
3047 5685 3088 5719 ⁸¹
3124 5681 3427 5750 Joan.xtv,
3462 5674 3544 5733 18.

487 5746 984 5822 “Maroni-ﬁl.
1056 5756 1098 5788 "
1157 5746 1582 5828 Luctum”.
