4044 6224
367 391 474 455 889

1519 394 1598 456 IN
1639 394 2080 459 LEVITICUM.
2113 421 2181 431 -
2219 396 2366 459 LIB.
2402 396 2486 459 II.

3525 395 3633 460 890

362 517 543 570 Aaron
573 518 621 566 et
653 510 748 574 ﬁlii
779 511 894 580 eius
923 520 1111 566 cuncta
1133 553 1147 578 ,
1192 525 1307 580 qua:
1338 510 1538 564 locutus
1579 521 1654 566 est
1700 512 1954 567 Dominus
1986 517 2028 572 Α
2054 513 2148 582 qui
2183 513 2315 568 dicti
2345 523 2496 578 sunt,
2529 510 2805 566 aediﬁcans
2849 509 3211 568 vocationem.
3251 507 3404 566 'I‘unc
3429 510 3632 581 quippe

364 625 458 676 per
484 620 700 659 manum
733 604 921 675 Moysi.
959 605 1015 660 Si
1043 604 1305 675 quaeritur
1343 618 1441 658 cur
1470 603 1653 660 Aaron
1684 604 1812 660 ﬁliis
1833 605 1948 659 suis

366 698 683 767 conjungat,
735 695 1045 750 invenietur
1067 709 1231 748 causa
1263 694 1490 748 omnino
1521 696 1854 758 necessaria,
1887 701 1946 748 et

365 788 432 842 ad
464 787 538 844 rei
567 785 1057 841 considerationem
1090 792 1417 854 opportuna.
1453 785 1572 839 Non
1623 785 1767 839 enim
1797 785 1948 840 exire

367 881 435 934 de
477 879 641 948 janua
689 877 1020 932 tabernaculi
1071 875 1387 940 testimonii,
1435 875 1618 938 idest,
1665 891 1774 930 non
1807 875 1948 930 inte-

369 971 471 1024 rim
501 968 782 1024 attrectari
813 959 1180 1038 evangelicam
1231 965 1701 1036 pradicationem,
1729 967 1818 1020 his
1849 965 1946 1036 qui

369 1059 612 1132 praedicti
653 1068 781 1116 sunt
830 1059 1108 1128 praecepit.
1160 1059 1298 1114 Cum
1342 1073 1472 1128 ergo
1498 1056 1750 1112 Christus
1775 1071 1949 1126 appa-

370 1153 480 1207 ruit
505 1150 786 1220 apostolis,
817 1165 971 1205 suam
994 1149 1217 1219 januam
1247 1163 1358 1202 non
1389 1147 1797 1219 egrediebatur,
1827 1147 1947 1216 ipse

368 1238 636 1310 siquidem
693 1249 825 1303 erat,
877 1238 968 1308 qui
1010 1247 1066 1292 et
1108 1237 1491 1307 przedicandus
1539 1246 1657 1291 erat
1683 1245 1737 1291 et
1764 1236 1858 1306 qui
1893 1237 1949 1291 in

371 1330 633 1402 apostolis
684 1331 1021 1401 loquebatur.
1067 1329 1361 1398 Propterea
1413 1343 1536 1383 cum
1587 1328 1714 1383 ﬁliis
1743 1337 1800 1383 et
1831 1328 1948 1394 ipse

372 1423 553 1478 Aaron
597 1422 929 1487 consecrari,
955 1435 1052 1476 seu
1085 1420 1455 1476 consummari
1481 1419 1784 1474 dicebatur.
1818 1416 1953 1482 Quis

374 1514 444 1568 sit
484 1521 664 1567 autem
704 1527 1032 1567 consecrans
1069 1511 1184 1566 sive
1217 1524 1606 1566 eonsummans
1652 1508 1948 1580 legislator,

375 1618 714 1673 nequaquam
735 1603 1006 1667 subdidit;
1045 1603 1119 1657 ait
1156 1602 1324 1663 enim,
1379 1601 1586 1671 Septem
1623 1603 1804 1656 diebus
1832 1602 1953 1671 [ini-

378 1706 465 1749 tur
511 1696 855 1758 consecratio,
895 1696 1008 1750 sive
1044 1695 1345 1750 secundum
1376 1694 1540 1762 LXX,
1571 1695 1952 1749 consummavit

376 1804 565 1841 manus
588 1796 807 1854 uestras,
832 1789 964 1840 sicut
999 1795 1047 1840 et
1080 1787 1218 1857 fecit.
1263 1786 1605 1848 Manifestum
1623 1795 1707 1842 est
1745 1795 1950 1852 autem,

2026 606 2204 675 -prius
2227 611 2588 660 convocatum
2617 613 2704 658 est
2727 601 2984 656 Ecclesiae
3011 603 3403 670 spectaculum,
3437 603 3494 656 in
3519 618 3628 672 qua

2051 696 2406 768 intelligibilis
2441 695 2646 758 Aaron,
2701 693 2754 747 id
2787 700 2871 747 est
2911 691 3181 759 Christus,
3225 694 3478 748 sacerdos
3507 708 3630 749 esse

2049 790 2292 845 creditur
2329 809 2340 843 :
2387 787 2482 842 ﬁlii
2518 795 2702 842 autem
2749 786 2890 854 ejus,
2922 785 3015 854 qui
3057 785 3306 840 sublimis
3336 795 3466 840 sunt
3495 801 3631 841 eon-

2051 881 2392 944 versationis,
2421 890 2477 935 et
2501 879 2623 934 ideo
2651 878 2938 932 sacerdotii
2968 877 3236 943 ministri,
3270 885 3327 931 et
3367 891 3634 946 coopera-

2051 983 2197 1029 tores
2213 971 2632 1042 sunt.Majorum
2647 978 2776 1024 natu
2792 979 2972 1023 autem
2988 968 3176 1034 Israel,
3191 968 3635 1038 presbyterorum

2051 1067 2186 1122 ordo
2206 1075 2309 1130 est,
2329 1081 2396 1118 ex
2428 1065 2512 1118 his
2531 1063 2732 1132 quippe
2759 1076 2958 1130 corpus
2987 1060 3242 1114 Ecclesize
3263 1059 3634 1128 componitur.

2053 1157 2159 1212 Sed
2187 1156 2369 1211 Aaron
2403 1155 2625 1225 quidem
2654 1152 2868 1222 accepit
2903 1151 2979 1206 ibi
3003 1151 3234 1205 vitulum
3259 1165 3359 1220 pro
3387 1156 3635 1219 peccato,

2053 1257 2108 1304 et
2122 1249 2348 1304 arietem
2369 1247 2427 1302 in
2451 1246 2853 1308 holocaustum,
2879 1251 3173 1311 utrumque
3206 1240 3636 1303 immaculatum,

2053 1349 2110 1397 et
2163 1340 2362 1396 obtulit
2420 1353 2607 1394 coram
2664 1336 2916 1392 Domino.
2974 1333 3131 1389 Tunc
3190 1332 3336 1387 enim
3390 1331 3643 1386 Christus

2054 1429 2376 1485 sacriﬁcium
2407 1444 2564 1484 suum
2593 1429 2938 1481 innotescere
2970 1424 3156 1494 coepit,
3184 1439 3254 1478 ex
3286 1438 3394 1492 quo
3415 1422 3642 1491 Spiritus

2054 1521 2372 1588 adveniens,
2429 1519 2685 1583 Parthos,
2740 1525 2798 1571 et
2856 1517 3064 1576 Medos,
3127 1524 3182 1570 et
3236 1514 3516 1577 Elamitas,
3579 1521 3635 1565 et

2055 1611 2298 1667 omnium
2323 1610 2565 1681 gentium
2589 1607 2877 1678 primitias,
2896 1606 2961 1660 ad
2982 1605 3349 1675 apostolorum
3368 1590 3639 1658 etJenaculi

2056 1703 2340 1772 superiora
2371 1701 2608 1772 collegit.
2640 1701 2866 1770 Accepit
2889 1708 3072 1752 autem
3104 1705 3158 1751 et
3201 1696 3337 1750 ordo
3370 1695 3640 1763 majorum

2059 1803 2187 1849 natu
2235 1792 2428 1860 Israel,
2483 1806 2646 1861 quem
2699 1789 3144 1860 presbyterorum
3199 1800 3320 1840 esse
3380 1785 3640 1846 diximus,

377 1881 522 1949 quod
549 1881 663 1949 ipse
690 1890 808 1935 erat
843 1882 935 1951 qui
965 1881 1102 1936 ﬁlios
1129 1881 1508 1946 consecrabat,
1545 1880 1661 1935 sive
1698 1879 1954 1951 perﬁcie-
1989 1863 2030 1918 Β
2067 1894 2253 1956 utpote
2282 1887 2399 1954 ipse
2433 1893 2656 1949 sortem,
2693 1891 2744 1937 et
2775 1881 3000 1952 ﬁguram
3032 1879 3316 1933 doctorum
3348 1890 3561 1946 gerens,
3589 1883 3645 1928 ct

380 1972 491 2033 bat.
527 1972 623 2041 qui
667 1981 721 2027 et
746 1973 930 2041 perﬁci
960 1973 1013 2026 in
1065 1974 1145 2028 eis
1169 1974 1283 2028 sive
1316 1973 1647 2040 consecrari,
1675 1982 1863 2044 utpote
1905 1971 1960 2028 in

381 2062 642 2118 membris
689 2065 944 2134 propriis,
985 2064 1291 2120 dicebatur.

992 2216 1220 2273 CAPUT
1256 2217 1353 2272 IX.

450 2325 616 2388 Vens.
657 2334 774 2388 1-4.
843 2332 1054 2388 «Facto
1106 2343 1287 2388 autem
1341 2341 1533 2389 octavo
1588 2334 1677 2388 die
1747 2333 1964 2388 vocavit

378 2425 591 2496 Moyses
652 2424 850 2480 Aaron‘
885 2434 940 2480 et
1005 2425 1146 2479 ﬁlios
1208 2426 1348 2495 ejus,
1415 2440 1478 2480 ac
1535 2426 1767 2495 majores
1832 2435 1961 2480 natu

378 2515 568 2580 Israel,
628 2515 874 2584 dixitque
931 2514 997 2569 ad
1045 2513 1226 2569 Aaron
1267 2532 1280 2567 :
1325 2514 1520 2568 Tollite
1572 2514 1804 2569 vitulum
1863 2529 1964 2584 pro

380 2616 626 2678 peccato,
699 2616 756 2661 et
812 2607 1040 2662 arietem
1104 2606 1157 2660 in
1218 2605 1627 2672 holocaustum,
1700 2615 1964 2678 utrosque

380 2700 782 2765 immaculatos,
828 2708 882 2754 et
922 2699 1060 2754 oﬁ‘er
1105 2698 1225 2753 illos
1267 2714 1449 2753 coram
1499 2699 1746 2754 Domino.
1794 2701 1863 2754 Et
1895 2699 1964 2754 ad

382 2789 526 2843 ﬁlios
559 2786 726 2843 Israel
762 2788 1003 2858 loqueris
1047 2807 1058 2841 :
1106 2786 1301 2842 Tollite
1330 2789 1543 2842 hircum
1586 2803 1686 2858 pro
1714 2800 1960 2858 peccato,

381 2888 438 2932 et
463 2879 714 2959 vitulum,
744 2888 906 2950 atque
932 2895 1130 2951 agnum
1160 2879 1474 2933 anniculnm
1503 2889 1557 2934 et
1590 2880 1709 2934 sine
1731 2882 1963 2945 macula,

383 2970 437 3024 in
470 2970 874 3036 holocaustum,
903 2972 1121 3034 bovem,
1150 2980 1205 3025 et
1229 2971 1453 3026 arietem
1485 2986 1585 3041 pro
1615 2972 1875 3041 paciﬁcis,
1911 2980 1966 3026 et

384 3063 664 3116 immolate
686 3078 780 3117 eos
801 3078 984 3117 coram
1001 3063 1232 3118 Domino
1251 3064 1304 3117 in
1321 3063 1590 3118 sacriﬁcio
1607 3064 1963 3133 singulorum,

383 3155 616 3209 similam
664 3156 786 3210 oleo
832 3171 1184 3225 consparsam
1232 3155 1545 3221 ollerentes,
1608 3157 1767 3212 hodie
1816 3158 1963 3211 enim

383 3245 649 3303 Dominus
671 3249 958 3317 apparebit
993 3250 1168 3304 vobis.
1214 3267 1232 3300 ι

457 3340 611 3393 Sicut
653 3340 944 3410 aliquando
993 3340 1172 3411 imago
1223 3340 1475 3395 animalis
1514 3339 1823 3410 cujusdam,
1867 3350 1964 3398 aut

383 3431 597 3502 virgulti
637 3433 776 3487 forte
821 3433 1156 3504 depingitur,
1205 3441 1298 3488 aut
1344 3432 1606 3486 scribitur
1639 3440 1734 3486 aut
1765 3433 1820 3487 in
1852 3449 1963 3489 aere

386 3523 727 3592 exprimitur,
765 3533 819 3579 et
857 3539 967 3578 non
998 3525 1221 3594 quidem
1265 3532 1452 3593 aperta
1487 3524 1543 3578 in
1579 3524 1736 3579 initio
1767 3540 1965 3594 opera-

387 3615 571 3679 tionis,
621 3623 716 3668 aut
764 3615 1068 3685 scriptum,
1125 3624 1218 3670 aut
1273 3614 1398 3668 aeris
1438 3616 1721 3684 expressio
1749 3624 1854 3682 est,
1908 3619 1963 3672 in

387 3720 646 3776 processu
673 3715 856 3760 autem
891 3707 1092 3776 operis,
1133 3705 1434 3776 participali
1469 3715 1766 3776 augmento
1799 3707 1964 3776 perﬁ-

387 3799 551 3862 citur,
599 3799 678 3853 sic
709 3807 763 3853 et
807 3813 1146 3870 quaecunque
1193 3798 1470 3870 legislator
1516 3815 1662 3854 nunc
1709 3799 1763 3852 in
1796 3798 1965 3870 ﬁgura

385 3895 612 3965 exponit
676 3894 906 3950 clariora
972 3895 1348 3950 additamento
1425 3908 1638 3962 eorum,
1695 3910 1818 3964 quae
1869 3909 1968 3964 per

389 3996 571 4056 partes
617 3987 814 4051 sancit,
851 3995 908 4043 et
950 3987 1197 4057 planiora
1236 3986 1393 4041 ﬁunt.
1455 3984 1594 4052 Quia
1647 4001 1778 4056 ergo
1819 3985 1966 4041 diem

389 4076 898 4140 consummationis,
963 4093 1062 4132 seu
1117 4076 1552 4132 consecrationis
1603 4075 1964 4131 Pentecosten

389 4167 613 4239 intelligi
642 4176 887 4238 oportet,
913 4167 1278 4232 ostendimus,
1297 4177 1352 4222 et
1379 4160 1509 4237 quia
1537 4181 1709 4238 usque
1739 4167 1807 4222 ad
1839 4181 1966 4220 eum

387 4260 531 4315 diem
580 4259 861 4314 Dominico
905 4260 1160 4316 mandato
1205 4258 1519 4330 prrcdicatio
1569 4257 1800 4314 inhibita
1858 4265 1966 4324 est,

389 4363 680 4426 propterea
719 4368 830 4409 non
863 4353 1014 4408 exire
1041 4353 1264 4424 ianuam
1301 4351 1638 4408 tabernaculi
1665 4349 1966 4407 testimonii

390 4448 533 4503 ﬁlios
563 4446 742 4501 Aaron
789 4445 1067 4516 prmcepit.
1115 4444 1586 4501 Considerandum
1642 4451 1728 4499 est
1786 4442 1967 4512 qualia

390 4537 758 4594 consummari
783 4546 838 4592 et
862 4539 915 4592 in
947 4538 1052 4592 hac
1073 4537 1161 4593 die
1186 4537 1270 4591 lex
1321 4536 1600 4606 praecepit.
1631 4533 1785 4588 Diem
1818 4533 1965 4586 enim

391 4641 644 4689 octavum
691 4632 1050 4686 Pentecosten
1113 4629 1366 4700 appellat,
1423 4630 1549 4698 quia
1604 4627 1964 4682 Pentecostes

390 4724 509 4780 dies
554 4723 745 4779 incidit
791 4724 845 4778 in
895 4724 1016 4788 hac,
1050 4737 1154 4791 qua
1193 4721 1443 4776 Salvator
1485 4717 1802 4781 resurrexit,
1843 4732 1965 4786 quae

392 4831 513 4873 esse
534 4825 720 4876 octava
744 4816 1016 4872 creditur:
1047 4815 1172 4885 quia
1200 4813 1423 4883 ﬁguram
1441 4811 1580 4883 gerit
1600 4809 1966 4880 primitiarum

393 4909 586 4971 inituri,
641 4907 734 4964 sed
777 4917 834 4963 et
885 4904 1373 4962 consummationis
1419 4901 1706 4973 prasentis
1751 4900 1962 4966 smculi,

393 5017 514 5072 quae
548 5001 600 5054 in
629 5009 834 5069 septem
864 4999 1159 5057 revolvitur
1180 4997 1397 5052 diebus.

464 5090 814 5146 Pentecostes
844 5101 1026 5145 autem
1057 5089 1295 5143 circulus
1315 5087 1417 5142 sub
1441 5085 1701 5158 praedicto
1730 5101 1966 5142 numero

393 5195 498 5253 est,
542 5202 670 5257 ergo
713 5167 862 5240 recte
913 5183 1105 5238 incidit
1148 5182 1203 5235 in
1246 5180 1501 5251 praesenti
1554 5179 1774 5235 saeculo.
1819 5177 1968 5234 Con-

338 5276 340 5278 ’
395 5276 838 5340 summationem,
880 5274 1147 5344 simulque
1200 5271 1653 5327 resurrectionem
1701 5269 1971 5342 signiﬁcat

395 5369 748 5424 Pentecostes
780 5368 898 5422 dies
931 5385 944 5421 :
997 5366 1281 5437 oportebat
1325 5365 1493 5428 enim,
1539 5370 1602 5416 ut
1635 5361 1690 5416 in
1735 5377 1842 5432 qua
1881 5361 1969 5417 die

397 5461 634 5515 surrexit
688 5459 941 5514 Christus
989 5457 1043 5511 in
1116 5457 1305 5511 eadem
1363 5464 1418 5510 et
1473 5455 1609 5510 ritus
1657 5454 1964 5510 adveniret.

397 5551 554 5608 Tunc
599 5566 727 5623 ergo
763 5551 948 5606 vocari
999 5549 1200 5613 Aaron,
1248 5557 1304 5604 et
1333 5547 1469 5602 ﬁlios
1498 5547 1618 5617 ejus
1645 5555 1701 5602 et
1739 5548 1968 5618 majores

395 5652 530 5700 natu
557 5643 723 5699 Israel
748 5641 842 5708 ait,
866 5641 1157 5697 Ecclesium
1180 5638 1600 5712 quodammodo,
1630 5653 1728 5710 per
1753 5653 1964 5704 eorum,

467 5823 512 5857 “
550 5820 592 5880 ll
612 5820 740 5880 Cor.
765 5835 846 5890 tu,
876 5820 962 5878 l‘l.
1036 5819 1080 5851 "
1107 5816 1226 5874 Act.
1263 5833 1322 5885 ιι,
1348 5816 1404 5872 ὃ.

2066 1978 2156 2048 qui
2195 1977 2263 2031 ad
2301 1976 2579 2031 docendos
2616 1989 2720 2029 nos
2761 1973 2904 2026 utilis
2948 1979 3033 2026 est
3076 1970 3349 2038 vitamque
3378 1966 3643 2036 perlicere

2068 2071 2122 2125 in
2148 2070 2390 2125 Ecclesia
2413 2066 2858 2124 convenientium
2884 2073 3084 2134 potest.
3132 2061 3265 2127 Quae
3297 2068 3478 2114 autem
3515 2067 3647 2113 sunt

2069 2157 2183 2212 haec
2203 2172 2327 2226 quas
2353 2154 2608 2224 accepit?

2136 2250 2356 2304 Hircum
2408 2264 2503 2317 pro
2560 2254 2794 2316 peccato.
2864 2245 2970 2300 Pro
3020 2242 3345 2315 poenitentia
3388 2240 3646 2297 videlicet

2067 2339 2419 2395 sacriﬁcium.

2135 2431 2204 2486 Et
2233 2432 2455 2486 vitulum
2505 2440 2554 2486 et
2602 2447 2799 2500 agnum
2837 2428 3146 2482 anniculam
3186 2427 3240 2480 in
3278 2426 3644 2480 holocaustum

2064 2525 2452 2579 inmaculatos.
2485 2523 2786 2579 Perlectam
2813 2522 3082 2582 videlicet,
3114 2528 3170 2574 et
3202 2529 3643 2573 consummatam

2066 2618 2254 2684 vitam,
2293 2618 2408 2673 sive
2457 2615 2951 2679 conversationem,
2993 2629 3115 2683 qua:
3168 2627 3266 2680 per
3311 2611 3540 2675 hostias,
3592 2610 3646 2663 id

2065 2719 2150 2766 est
2174 2726 2271 2780 per
2294 2710 2614 2764 holocausta
2655 2704 3012 2777 signiﬁcatur.

2137 2801 2205 2854 Et
2227 2803 2424 2865 bovem,
2456 2810 2504 2854 et
2529 2801 2745 2854 arietem
2775 2815 2868 2867 pro
2903 2795 3155 2866 paciﬁcis.
3191 2793 3298 2847 Sed
3329 2792 3394 2845 ad
3443 2788 3647 2844 sacriﬁ-

2067 2893 2212 2949 cium
2260 2893 2498 2946 salutare
2546 2909 2559 2945 :
2606 2891 2936 2946 mediocrem
2988 2887 3481 2945 conversationem,
3525 2897 3647 2951 qua:

2066 2995 2249 3042 tamen
2292 2993 2470 3056 potest
2509 2985 2717 3038 salvare
2758 2997 2852 3036 eos
2895 2980 2986 3051 qui
3030 2979 3287 3041 oﬁ‘erunt,
3317 2978 3455 3031 sient
3483 2989 3649 3043 supra

2068 3079 2326 3136 diximus.
2375 3077 2573 3132 Coram
2633 3074 2864 3129 Domino
2915 3081 3096 3126 autem
3154 3070 3335 3124 omnia
3390 3066 3649 3138 praecepit

2070 3171 2233 3226 ﬁeri:
2284 3177 2503 3240 oportet
2550 3168 2752 3237 quippe
2802 3180 2961 3220 omne
2995 3163 3212 3219 virtutis
3257 3176 3416 3230 opus,
3462 3165 3650 3227 utpote

2066 3263 2285 3318 vidente
2307 3261 2438 3324 Deo,
2460 3259 2664 3330 peragi,
2689 3267 2744 3312 et
2769 3272 2878 3311 non
2901 3254 3200 3324 corrumpi,
3228 3266 3406 3321 neque
3429 3248 3608 3303 vitiari
3631 3265 3646 3300 :

2066 3371 2190 3411 cum
2225 3353 2618 3424 permiscemns
2651 3349 2700 3404 ei
2740 3349 3071 3403 voluntatem
3098 3354 3364 3400 nostram.

2138 3445 2474 3514 Sacriﬁcium
2524 3443 2716 3497 simila:
2776 3453 3068 3508 conspersae
3112 3436 3246 3491 oleo.
3298 3430 3648 3501 Tbeologiam

2065 3549 2190 3588 cum
2250 3535 2620 3602 eleemosyna,
2689 3528 2793 3583 hoc
2854 3526 3000 3581 enim
3062 3523 3320 3595 praedicta
3385 3517 3649 3574 sacriﬁcia

2067 3626 2345 3682 subtiliter
2394 3624 2556 3679 nobis
2606 3622 2734 3676 olim
2790 3620 3036 3675 discussa
3081 3617 3460 3670 innotuerunt.
3508 3610 3650 3676 Quid

2065 3726 2247 3772 autem
2279 3717 2364 3770 his
2391 3730 2535 3769 nunc
2564 3712 2850 3767 subdidit?

2137 3807 2275 3873 Quia
2323 3807 2476 3860 hodie
2523 3805 2782 3858 Dominus
2825 3797 3300 3873 apparebitvobis.
3351 3793 3465 3848 Hoc
3515 3808 3649 3848 con-

2067 3871 2240 3956 clusio
2270 3906 2325 3952 et
2355 3895 2604 3966 probatio
2635 3901 2738 3958 est,
2783 3871 2910 3962 quia
2936 3893 3003 3946 de
3036 3871 3356 3944 Pentecoste
3390 3883 3647 3956 praedicta

2067 3991 2250 4046 omnia
2295 3987 2660 4043 dicebantur:
2695 3984 2748 4038 in
2776 3999 2839 4040 ea
2870 3982 3016 4038 enim
3062 3981 3146 4035 eis
3186 3977 3439 4049 apparuit
3468 3974 3647 4030 Domi-

2070 4098 2195 4149 nus,
2247 4082 2474 4151 spiritus
2523 4078 2799 4143 videlicet,
2861 4077 2929 4130 de
2980 4088 3090 4144 quo
3139 4071 3342 4126 Paulus
3392 4069 3645 4125 dicebat:

2068 4177 2324 4234 Dominus
2373 4181 2555 4227 autem
2615 4171 2832 4240 spiritus
2885 4177 2961 4223 est
2989 4166 3054 4220 “.
3114 4161 3404 4229 Quomodo
3465 4167 3648 4215 autem

2069 4264 2355 4338 apparebit
2381 4265 2436 4318 in
2465 4263 2566 4325 eis,
2585 4261 2721 4318 dixit
2745 4260 2951 4315 Lucas:
2975 4257 3108 4313 Visa!
3128 4265 3250 4312 sunt
3271 4256 3344 4310 eis
3363 4252 3651 4323 dispertita:

2070 4359 2299 4430 linguae,
2366 4358 2499 4411 sicut
2557 4355 2727 4427 ignis,
2784 4361 2832 4406 ct
2890 4352 3134 4406 sederunt
3191 4363 3357 4418 supra
3415 4343 3650 4415 singulos

2072 4467 2254 4506 eorum
2277 4450 2343 4504 ".

2004 4563 2046 4616 ι)
2144 4541 2309 4596 Vens.
2349 4539 2400 4593 5.
2446 4557 2464 4588 ι
2503 4533 2770 4590 Tulerunt
2813 4547 2944 4601 ergo
2996 4537 3195 4585 cuncta
3237 4542 3359 4597 quae
3412 4526 3652 4596 jusscrat

2064 4633 2272 4704 Moyses
2327 4629 2394 4684 ad
2448 4626 2650 4682 ostium
2708 4621 3064 4685 tabernaculi,
3120 4634 3245 4674 cum
3330 4615 3404 4671 ibi
3471 4613 3652 4670 omnis

2066 4731 2242 4780 staret
2273 4719 2591 4776 multitudo.
2631 4734 2652 4767 ι

2137 4815 2340 4885 Aperte
2374 4811 2464 4866 hic
2502 4807 2800 4865 Ecclesiam
2832 4803 3108 4874 exposuit.

2137 4907 2219 4961 Ad
2237 4899 2806 4959 ostiunﬁtabcruuculi.
2829 4895 2946 4963 Vel,
2967 4897 3106 4950 sicut
3135 4891 3298 4959 LXX,
3326 4902 3449 4946 ante
3474 4890 3651 4945 taber-

2069 4993 2656 5058 naculum-Itasime”,
2695 4991 2952 5046 videlicet
2977 4987 3124 5043 cmli.
3147 4985 3204 5039 Si
3233 4984 3378 5039 enim
3409 4980 3650 5035 Ecclesia

2067 5084 2372 5157 frequentia
2407 5091 2492 5138 est
2521 5081 2839 5152 angelorum
2873 5075 3308 5148 primitivorum,
3335 5071 3425 5140 qui
3459 5066 3649 5136 scripti

2066 5187 2196 5232 sunt
2229 5176 2283 5230 in
2315 5173 2468 5229 caelis
2492 5181 2620 5226 ante
2654 5165 3071 5224 tabernaculum
3111 5158 3436 5221 testimonii,
3475 5157 3529 5210 id
3563 5164 3652 5210 est

2067 5277 2196 5324 ante
2230 5265 2424 5321 faciem
2457 5263 2603 5328 caeli,
2655 5262 2736 5316 sic
2792 5259 2940 5313 enim
2975 5265 3031 5311 et
3059 5254 3254 5325 Aquila
3305 5259 3427 5304 ante
3459 5248 3650 5320 faciem

2069 5361 2458 5430 interpretatus
2502 5365 2608 5418 est,
2651 5355 2756 5408 hoc
2788 5350 2932 5421 quod
2957 5348 3165 5402 dictum
3207 5351 3311 5408 est,
3347 5339 3650 5395 secundum

2075 5451 2237 5518 LXX,
2265 5459 2386 5504 ante
2419 5447 2717 5502 Dominum.
2752 5443 2810 5498 Si
2843 5456 2974 5512 ergo
3005 5439 3077 5493 ita
3119 5445 3226 5498 est,
3267 5450 3368 5505 pro
3404 5448 3472 5489 eo
3502 5431 3648 5502 quod

2074 5545 2142 5601 ad
2167 5544 2314 5599 illam
2335 5558 2394 5598 se
2410 5537 2886 5597 conversationem
2909 5541 3057 5604 apta,
3081 5536 3209 5585 ante
3241 5524 3647 5582 tabernaculum

2075 5644 2224 5691 recte
2255 5631 2588 5703 intelligitur.
2630 5627 2726 5683 llic
2754 5635 2935 5681 autem
2976 5621 3154 5680 omnis
3189 5616 3501 5683 multitudo,
3533 5612 3648 5670 sive
