4030 6240
360 347 364 351 ’
403 393 511 464 891

1597 396 1960 459 HESYCHII
1996 393 2471 457 PRESBYTERI

3543 398 3657 463 892

397 510 666 582 synagoga
696 507 878 564 omnis
906 508 1138 575 accedit,
1171 509 1225 564 id
1256 517 1445 575 est,ea
1469 526 1592 581 quae
1619 525 1688 566 ex
1711 512 1970 566 omnibus
1995 512 2043 569 Α
2068 508 2246 565 factus
2283 519 2368 565 est
2400 508 2739 580 propitiatio.
2796 508 2906 569 Sed
2944 517 3001 565 et
3044 524 3145 581 pro
3185 511 3505 581 semetipso,
3552 527 3656 568 cur
3724 564 3730 568 .

397 609 458 655 et
486 600 728 669 undique
759 608 844 655 est
877 600 1244 672 congregatio,
1278 601 1459 656 omnis
1489 603 1692 672 quippe
1741 602 1979 658 contrita

398 689 616 753 anima,
669 701 725 746 et
772 692 953 747 omnis
1000 699 1252 764 peccator
1278 734 1292 756 ,
1328 693 1507 748 omnis
1547 694 1975 769 misericordiam

397 783 766 837 necessariam
793 782 1020 849 habens,
1049 785 1229 840 omnis
1250 786 1317 839 ab
1342 800 1527 840 errore
1546 800 1605 840 se
1626 796 1973 853 convertens,

398 871 459 927 in
508 871 614 927 hac
638 872 883 928 Ecclesia
915 884 1300 945 congregatur,
1356 890 1467 929 non
1509 876 1685 931 solum
1725 891 1843 941 eos,
1881 877 1976 948 qui

398 963 469 1017 de
500 964 696 1033 plateis
745 973 798 1019 et
829 965 964 1020 vicis
1007 975 1155 1029 sunt,
1199 966 1297 1020 sed
1327 974 1384 1021 et
1411 980 1507 1021 eos
1552 966 1645 1036 qui
1674 967 1743 1022 de
1769 967 1895 1031 viis,
1921 975 1978 1023 et

398 1055 469 1110 de
510 1055 734 1124 sepibus
785 1057 966 1111 vocari
996 1058 1345 1128 praecipiens,
1386 1066 1446 1114 ut
1488 1058 1726 1130 regalem
1761 1074 1976 1117 omnem

400 1144 770 1213 ingredientes
798 1146 1118 1218 implerent.

472 1233 718 1293 Vsns.6.
758 1255 776 1289 ι
811 1238 902 1290 Ait
949 1238 1201 1310 Moyses:
1248 1239 1357 1297 Iste
1414 1249 1501 1297 est
1554 1242 1755 1311 Sermo,
1811 1257 1979 1314 quem

400 1329 659 1397 praecepit
724 1327 1009 1394 Dominus,
1071 1328 1263 1397 facite,
1339 1338 1396 1386 et
1461 1333 1748 1402 apparebit
1818 1333 1981 1390 vobis

400 1415 572 1487 gloria
603 1417 744 1487 ejus.
782 1436 803 1470 ι

466 1507 706 1562 Gloriam
734 1524 854 1565 esse
875 1511 1087 1567 Domini
1114 1514 1387 1582 spiritum,
1419 1515 1710 1572 manifeste
1729 1518 1980 1574 ostendit

400 1599 546 1667 quod
584 1597 784 1654 Paulus
836 1600 907 1655 ad
952 1602 1271 1658 Corinthios
1323 1605 1544 1675 scripsit
1583 1624 1596 1659 :
1643 1607 1750 1662 Nos
1796 1625 1977 1665 omnes

398 1683 632 1737 revelata
660 1687 798 1756 facie
815 1686 1042 1755 gloriam
1062 1690 1270 1744 Domini
1285 1693 1630 1761 speculantes,
1655 1697 1713 1750 in
1734 1697 1977 1752 eamdem

395 1773 681 1843 imaginem
729 1778 1195 1846 transformamur,
1247 1783 1313 1836 de
1375 1783 1545 1854 gloria
1604 1787 1659 1839 in
1723 1788 1968 1857 gloriam,

400 1864 539 1916 sicut
568 1880 600 1917 a
628 1864 843 1918 Domini
886 1868 1075 1936 spiritu
1111 1870 1176 1924 ω’,
1234 1870 1303 1927 Ut
1351 1886 1481 1944 ergo
1526 1875 1695 1945 gloria
1752 1877 1973 1933 Domini

394 1954 696 2018 videretur,
732 1956 784 2011 id
811 1966 914 2022 est,
948 1967 1009 2012 ut
1030 1959 1298 2015 adventus
1328 1963 1694 2019 celebraretur
1722 1966 1972 2037 spiritus,

394 2041 497 2095 iste
527 2052 611 2097 est
662 2059 859 2109 sermo,
915 2046 1115 2118 inquit,
1153 2065 1315 2119 quem
1366 2055 1626 2124 praecepit
1671 2056 1967 2114 Dominus:

394 2132 581 2189 Facite
607 2135 861 2192 videlicet
886 2141 1146 2210 mysticus
1179 2143 1247 2197 de.
1279 2159 1390 2213 quo
1420 2157 1758 2216 praeceperat
1788 2149 1971 2206 Domi-

394 2240 518 2278 nus.
582 2225 695 2281 Hoe
759 2229 919 2299 facite
976 2233 1031 2285 in
1087 2250 1260 2288 meam
1322 2242 1872 2297 commemorationem
1900 2244 1967 2298 ".

392 2311 712 2370 Sermonem
750 2328 933 2375 autem
978 2321 1252 2392 lcgislator
1281 2339 1349 2379 ex
1393 2330 1789 2386 consuetudine
1835 2331 1969 2389 illud

389 2415 569 2472 vocat,
591 2408 716 2476 quia
740 2409 864 2479 plus
895 2426 1150 2468 sermone
1173 2415 1422 2472 subsistit
1447 2418 1611 2489 hujus
1632 2421 1969 2492 dispensatio

390 2498 655 2567 mysterii,
681 2502 918 2555 maxime
943 2502 1224 2560 Dmninico
1252 2507 1423 2563 verbo
1448 2524 1511 2564 ea
1532 2525 1655 2580 quae
1681 2522 1966 2582 apparent,

389 2587 445 2641 in
474 2588 624 2643 aliud
651 2590 853 2659 aliquid
882 2595 1061 2663 majus
1101 2604 1156 2649 et
1198 2597 1542 2670 intelligibile
1580 2597 1965 2660 transferente.

387 2676 546 2733 Unde
616 2694 744 2734 cum
821 2684 1022 2738 manna
1103 2687 1397 2758 imaginem
1452 2692 1611 2762 panis
1668 2695 1811 2767 vitae,
1873 2697 1968 2767 qui

389 2771 675 2826 descendit
719 2773 788 2827 de
842 2775 1003 2835 coelo.
1060 2790 1420 2848 praesentaret
1462 2802 1476 2838 :
1534 2784 1639 2838 Hie
1674 2797 1749 2841 est
1790 2789 1962 2855 panis,

388 2859 487 2926 ait,
533 2877 686 2929 quem
726 2864 868 2917 dedit
913 2867 1055 2922 vobis
1106 2869 1361 2926 Dominus
1398 2875 1467 2928 ad
1501 2878 1872 2935 comedendum
1897 2881 1962 2945 ⁸⁸,

388 2949 479 3003 hic
502 2958 588 3004 est
611 2965 791 3007 sermo
815 2970 976 3024 quem
1007 2962 1292 3016 constituit
1336 2962 1619 3023 Dominus.
1656 2968 1795 3034 Quid
1836 2986 1966 3042 ergo

388 3054 456 3093 ex
497 3040 604 3107 bis,
654 3058 776 3114 quae
821 3046 962 3102 dicta
1002 3062 1151 3117 sunt,
1204 3052 1481 3126 legislator
1529 3056 1816 3130 signiﬁcat,
1858 3040 1965 3118 nisi

388 3130 516 3199 quia
549 3131 670 3187 sine
710 3135 878 3191 dubio
917 3141 1205 3210 agentibus
1227 3145 1307 3199 eis
1339 3155 1591 3204 sanctum
1627 3152 1961 3222 mysterium,

388 3230 446 3277 et
466 3223 802 3281 Dominicam
834 3245 1049 3287 coenam
1082 3236 1506 3305 celebrantibus,
1547 3242 1771 3299 advenit
1803 3247 1966 3316 spiri-

391 3322 480 3368 tus
517 3315 723 3381 ?Quod
769 3322 872 3375 etsi
921 3339 1034 3377 non
1061 3327 1277 3395 planius
1324 3333 1633 3401 expositum
1677 3315 1966 3406 habemus,

391 3407 563 3464 multa
612 3411 814 3482 quippe
876 3416 1061 3471 studio
1111 3420 1393 3478 brevitatis
1441 3425 1722 3495 Scriptura
1785 3431 1969 3487 divina

391 3501 758 3569 praetermisit,
815 3520 937 3574 quae
988 3506 1070 3562 fas
1124 3519 1301 3565 estex
1350 3514 1470 3569 aliis
1513 3517 1787 3588 colligere.
1841 3522 1972 3577 Erat

391 3592 538 3647 enim
568 3594 686 3650 dies
715 3596 809 3666 qui
840 3601 1144 3668 appellatur
1172 3602 1507 3675 Dominicus,
1533 3610 1587 3665 in
1614 3628 1724 3681 quo
1751 3625 1972 3684 oporte-

388 3684 485 3740 bat
513 3686 686 3741 modis
714 3690 968 3744 omnibus
987 3707 1145 3763 agere
1162 3687 1440 3765 apostolos
1460 3703 1687 3773 mystica
1708 3715 1765 3760 et
1793 3722 1968 3763 sacra.

388 3772 524 3829 Nam
552 3786 610 3832 et
635 3794 735 3833 nos
764 3779 981 3836 illorum
1015 3796 1309 3856 sequentes
1333 3792 1703 3864 traditionem,
1731 3797 1972 3855 Domini-

387 3882 507 3921 cam
580 3869 725 3924 diem
811 3872 1012 3929 divinis
1085 3880 1446 3947 conventibus
1537 3896 1966 3954 sequestramus.

387 3959 704 4018 Invenimus
778 3974 962 4020 autem
1039 3979 1094 4022 et
1161 3971 1444 4029 Christum
1523 3977 1775 4035 similiter
1846 3993 1970 4050 post

388 4055 847 4111 resurrectionem
891 4072 921 4112 a
951 4062 1202 4127 mortuis,
1248 4079 1348 4133 per
1376 4070 1625 4137 mystica:
1674 4086 1869 4139 cinna),
1912 4082 1973 4130 et

386 4141 545 4212 panis
625 4142 949 4207 {rectionem
1028 4150 1500 4212 manifestatum:
1563 4160 1710 4227 quod
1778 4172 1977 4231 aperte

378 4233 607 4302 quidem
642 4233 840 4303 Lucas,
876 4238 1091 4308 plenius
1128 4252 1310 4300 tamen
1333 4247 1499 4304 etiam
1523 4249 1770 4309 Joannes
1797 4269 1968 4310 evan-

384 4321 582 4394 gelista
611 4326 793 4382 tradit.

462 4412 623 4469 Vens.
657 4415 706 4469 7.
742 4436 762 4468 ι
806 4418 943 4474 Dixit
993 4421 1060 4476 ad
1098 4421 1279 4479 Aaron
1313 4444 1327 4480 :
1369 4427 1584 4487 Accede
1616 4433 1684 4487 ad
1713 4435 1886 4491 altare
1913 4444 1970 4494 et

2077 597 2202 664 hoc,
2232 614 2358 654 cum
2406 598 2849 669 propinationem
2894 614 3004 653 non
3035 605 3211 670 egeat,
3245 600 3419 670 magis
3464 609 3654 656 autem

2076 688 2196 758 ipse
2255 697 2479 759 praestet
2539 689 2984 760 propitiationem
3031 690 3055 743 2
3117 690 3222 744 Sed
3279 700 3341 746 ut
3399 701 3651 746 nostrum

2077 788 2361 849 peceatum
2414 780 2740 852 suscipiens,
2785 781 2948 836 etiam
2989 797 3087 851 pro
3131 782 3427 853 semetipso
3455 784 3652 854 depre-

2077 880 2232 927 catur
2264 888 2283 926 :
2315 872 2600 928 evidenter
2627 873 2776 931 enim
2813 872 2919 927 hoc
2962 872 3203 928 hominis
3235 883 3340 939 est,
3368 882 3423 928 et
3448 875 3565 941 Dei,
3594 875 3652 931 id

2076 973 2180 1028 est,
2222 964 2363 1021 sicut
2403 965 2643 1021 hominis
2695 966 3131 1036 propitiationem
3178 968 3544 1037 suscipientis,
3593 979 3652 1026 et

2077 1054 2220 1109 sicut
2273 1052 2369 1110 Dei
2426 1056 2643 1111 sibimet
2700 1056 3029 1124 praestantis.
3090 1057 3243 1111 Alter
3290 1057 3437 1113 enim
3485 1059 3650 1115 homo

2076 1141 2397 1212 sibimetipsi
2427 1141 2872 1212 prepitiationem
2906 1151 3167 1212 praestare
3195 1153 3537 1215 nonpotest.

2145 1232 2309 1288 Vens.
2356 1231 2508 1288 8-H.
2576 1252 2595 1285 ‹
2640 1231 2945 1304 Statimque
3005 1236 3190 1289 Aaron
3252 1235 3520 1291 accedens
3578 1237 3651 1293 ad

2074 1323 2265 1390 altare,
2306 1324 2607 1380 immolavit
2650 1326 2880 1382 vitulum
2916 1341 3033 1396 pro
3074 1335 3300 1397 peccato
3342 1342 3467 1394 suo,
3489 1329 3647 1395 cujus

2074 1415 2393 1486 sanguinem
2450 1416 2765 1472 obtulerunt
2809 1417 2862 1472 ei
2903 1417 3003 1474 {itii
3042 1417 3148 1474 sui.
3187 1417 3250 1475 In
3285 1434 3394 1490 quo
3435 1421 3648 1492 tingens

2074 1506 2321 1578 digitum,
2358 1507 2536 1576 tetigit
2559 1523 2764 1563 cornua
2779 1510 2991 1574 altaris,
3029 1517 3086 1564 et
3109 1509 3252 1566 fudit
3278 1511 3554 1569 residuum
3578 1514 3647 1569 ad
3734 1513 3747 1519 ’

2074 1597 2244 1651 basim
2266 1598 2406 1666 ejus.
2422 1596 2854 1670 Adipemqueac
2884 1604 3240 1670 renunculos,
3272 1613 3327 1660 et
3358 1606 3648 1662 reticulum

2069 1683 2289 1753 jccoris,
2320 1699 2443 1754 quae
2466 1696 2597 1741 sunt
2619 1702 2717 1757 pro
2736 1701 2981 1757 peccato,
3003 1692 3241 1748 adolevit
3265 1710 3430 1765 super
3451 1697 3645 1765 altare,

2073 1776 2214 1829 sicut
2256 1787 2588 1846 praeceperat
2633 1779 2898 1836 Dominus
2948 1781 3138 1853 Moysi.
3187 1782 3394 1840 Carnes
3422 1802 3548 1842 vere
3590 1798 3646 1843 ct

2062 1863 2271 1932 pellem
2295 1865 2415 1934 ejus
2438 1873 2589 1920 extra
2614 1869 2802 1935 castra
2833 1870 3133 1925 combussit
3177 1872 3315 1942 igni.
3346 1871 3650 1930 lmmolavit

2072 1964 2127 2009 et
2174 1955 2480 2012 holocausti
2526 1959 2825 2014 victimam.
2873 1958 3308 2033 Obtuleruntque
3355 1964 3404 2018 ei
3433 1964 3528 2019 lilii
3560 1966 3645 2021 sui

2071 2049 2391 2116 sanguinem
2414 2050 2562 2120 ejus:
2588 2065 2749 2119 quem
2772 2051 2915 2107 fudit
2941 2068 3106 2123 super
3126 2055 3310 2110 altaris
3332 2056 3642 2112 circuitum.

2072 2135 2088 2189 1
2099 2151 2247 2205 psam
2270 2138 2430 2192 etiam
2458 2138 2688 2194 hostiam
2714 2141 2766 2194 in
2796 2140 2967 2196 frusta
2984 2145 3278 2208 concisam,
3296 2160 3421 2199 cum
3445 2148 3641 2216 capite,

2071 2237 2126 2282 et
2159 2230 2420 2284 membris
2448 2231 2676 2302 singulis
2726 2230 3063 2289 obtulerunt.
3095 2236 3226 2301 Quae
3263 2238 3443 2291 omnia
3478 2254 3646 2307 super

2071 2320 2238 2375 altare
2270 2322 2531 2376 cremavit
2558 2324 2688 2396 igni,
2725 2324 2850 2380 lotis
2875 2325 3029 2396 prius
3056 2342 3199 2396 aqua
3256 2327 3552 2396 intestinis,
3588 2336 3646 2386 et

2070 2411 2322 2480 pedibus.
2360 2430 2380 2464 ι

2141 2503 2208 2556 Et
2234 2503 2389 2572 cujus
2418 2504 2495 2558 rei
2529 2505 2700 2574 gratia
2746 2505 2863 2558 haec
2890 2504 3053 2559 etiam
3084 2505 3139 2561 in
3164 2507 3269 2561 hoc
3306 2507 3428 2562 loco
3471 2509 3644 2564 sacri—

2070 2592 2188 2648 ﬁcia
2208 2605 2564 2664 peraguntur,
2585 2596 2839 2666 superius
2853 2595 3112 2654 diximus.
3126 2598 3244 2653 Non
3266 2615 3394 2670 ergo
3416 2616 3646 2658 necesse

2068 2692 2172 2749 cst,
2223 2684 2421 2738 iterum
2469 2701 2660 2740 eorum
2711 2687 2970 2743 virtutem
3020 2704 3118 2765 per
3175 2690 3386 2761 singula
3438 2693 3640 2756 dicere.

2067 2791 2186 2845 qum
2210 2775 2264 2830 in
2307 2777 2411 2830 hoc
2438 2778 2703 2833 sacriﬁcio
2733 2788 3064 2848 peraguntur
3095 2798 3109 2847 ;
3146 2798 3270 2837 cum
3300 2784 3430 2837 olim
3452 2800 3515 2838 ea
3547 2802 3644 2853 per

2068 2865 2315 2920 ordinem
2360 2866 2782 2922 discusserimus
2846 2877 2902 2924 et
2974 2871 3135 2940 cujus
3179 2876 3641 2942 comparationem

2068 2970 2257 3031 gerant
2281 2961 2418 3016 nihil
2450 2961 2875 3019 intermittentes
2898 2964 3322 3019 ostenderimus.
3355 2964 3423 3019 Et
3448 2982 3640 3034 quem-

2068 3052 2357 3113 admodum
2380 3053 2434 3107 in
2449 3054 2664 3108 Domini
2686 3055 2973 3119 sacrificio,
3001 3056 3144 3125 quod
3171 3072 3297 3113 cum
3323 3073 3495 3112 unum
3542 3059 3639 3122 sit,

2072 3157 2179 3195 non
2220 3150 2428 3196 tantum
2459 3143 2617 3197 nobis
2664 3153 3017 3212 peccatorum
3064 3155 3329 3215 praestans
3363 3148 3639 3201 remissio-

2071 3246 2218 3296 nem,
2273 3233 2371 3286 sed
2423 3240 2478 3287 et
2522 3233 2687 3287 vitam
2745 3234 3046 3304 perfectam
3099 3236 3153 3290 in
3195 3237 3559 3306 philosophia,
3588 3246 3644 3292 et

2072 3332 2503 3377 consummatam
2556 3323 2817 3387 eﬂiciens,
2859 3327 3168 3381 necessarie
3195 3338 3249 3381 et
3289 3329 3345 3382 in
3381 3328 3629 3390 vitulum,

2070 3413 2162 3482 qui
2207 3429 2307 3482 pro
2348 3421 2572 3483 peccato
2617 3424 2720 3481 est,
2760 3423 2817 3470 et
2880 3416 2935 3470 in
2975 3417 3201 3473 arietem
3238 3419 3403 3484 hunc,
3447 3418 3535 3488 qui
3586 3418 3637 3471 in

2071 3504 2448 3559 holocaustum
2481 3505 2814 3570 immolatur,
2850 3516 3065 3576 oportet
3097 3509 3377 3577 reputari:
3413 3510 3559 3564 unde
3587 3518 3642 3563 et

2072 3596 2128 3650 in
2157 3610 2386 3665 persona
2444 3597 2743 3651 sacerdotis
2768 3607 3063 3667 utrumque
3095 3599 3451 3669 perspicimus
3490 3600 3639 3657 obla-

2070 3694 2184 3742 tum
2213 3706 2226 3741 :
2250 3687 2362 3757 jam
2390 3703 2520 3758 ergo
2558 3698 2611 3741 ct
2632 3689 2706 3757 ad
2736 3690 3126 3759 subsequentia
3149 3691 3455 3747 veniamus.

2140 3775 2303 3831 Vens.
2337 3779 2527 3832 13-21.
2566 3798 2583 3829 ι
2620 3779 2686 3832 Ει
2735 3795 2834 3848 pro
2885 3790 3108 3849 peccato
3153 3783 3341 3853 populi
3383 3783 3637 3846 offerens,

2068 3867 2330 3923 mactavit
2356 3867 2594 3933 hircum,
2627 3870 2950 3939 cxpiatoque
2998 3871 3176 3937 altari,
3214 3870 3344 3926 fecit
3388 3872 3641 3927 holocau-

2070 3970 2236 4026 stum,
2267 3948 2474 4017 addens
2517 3963 2571 4015 in
2627 3964 2896 4019 sacriﬁcio
2936 3965 3229 4021 libamenta
3277 3981 3397 4035 quae
3439 3966 3642 4036 pariter

2070 4051 2390 4115 oderantur,
2453 4061 2508 4105 et
2569 4052 2795 4108 adolcns
2843 4070 2905 4110 ea
2970 4071 3136 4131 super
3200 4056 3388 4121 altare,
3441 4057 3657 4131 absque,

2070 4144 2417 4201 caeremoniis
2489 4144 2797 4200 holocausti
2858 4129 3132 4200 matutini.
3213 4144 3520 4201 lmmolavit
3590 4154 3649 4200 et

2068 4235 2264 4292 bovem
2311 4245 2479 4303 atque
2547 4239 2796 4304 arietem,
2857 4238 3063 4293 hostias
3129 4238 3382 4308 paciﬁcas
3438 4237 3639 4309 populi.

2068 4326 2503 4399 Obtuleruntque
2547 4328 2599 4382 ei
2643 4326 2735 4383 lilii
2774 4327 2858 4382 sui
2901 4330 3242 4400 sanguinem,
3290 4347 3452 4400 quem
3499 4331 3642 4386 fudit

2069 4432 2232 4486 super
2268 4417 2436 4471 altare
2479 4417 2533 4471 in
2579 4417 2850 4473 circuitu:
2899 4410 3113 4490 adipem
3152 4431 3333 4475 autem
3368 4422 3542 4486 bovis,
3592 4428 3642 4475 et

386 4503 607 4562 imntola
641 4524 740 4577 pro
774 4521 997 4579 peccato
1027 4522 1139 4581 tuo,
1175 4516 1415 4575 atterens
1450 4522 1865 4593 holocaustum,
1908 4537 1965 4584 ει
1996 4527 2040 4583 ι)
2067 4511 2295 4566 caudam
2322 4510 2527 4576 arietis,
2568 4512 3008 4583 renunculosque
3053 4528 3177 4567 cum
3226 4513 3478 4584 adipibus
3510 4514 3641 4579 suis,

384 4596 684 4666 deprecare
704 4616 803 4669 pro
831 4612 905 4666 te,
928 4613 981 4657 et
1007 4620 1107 4674 pro
1132 4610 1350 4678 populo,
1376 4626 1611 4683 cumque
1642 4619 1968 4674 mactaveris

388 4686 625 4741 hostiam
668 4690 899 4760 populi,
952 4709 1044 4748 ora
1094 4713 1194 4767 pro
1241 4714 1328 4766 eo,
1379 4702 1524 4757 sicut
1565 4705 1815 4775 praecipit
1860 4708 1969 4763 Do-

388 4791 589 4830 minus.
633 4796 652 4828 Ι

458 4866 562 4924 Ubi
595 4877 782 4926 nostra
814 4874 1094 4933 translatio
1127 4879 1343 4948 planius
1367 4879 1557 4947 habet,
1588 4901 1683 4954 pro
1712 4894 1763 4940 te
1800 4896 1852 4941 et
1875 4904 1972 4958 pro

385 4961 599 5031 populo,
629 4979 725 5032 pro
752 4966 933 5036 teipse,
964 4978 1012 5023 et
1035 4986 1131 5037 pro
1162 4972 1316 5029 domo
1338 4983 1437 5032 me
1455 4974 1601 5033 LXX
1648 4977 1965 5037 ediderunt.

387 5050 492 5118 Qui
553 5064 736 5111 autem
799 5066 931 5113 sunt
988 5061 1184 5118 domus
1248 5063 1606 5137 intelligibilis
1669 5070 1971 5126 sacerdotis

385 5142 555 5198 Paulo
584 5145 821 5215 dicente,
852 5166 1149 5220 cognosce;
1184 5154 1263 5207 ait
1298 5155 1444 5209 enim
1482 5174 1497 5211 :
1531 5156 1766 5213 Christus
1791 5170 1971 5215 autem

386 5244 445 5288 nt
468 5236 610 5304 ﬁlius
641 5240 696 5293 in
722 5242 878 5296 domo
914 5260 1013 5298 sua
1034 5244 1076 5277 ⁸³
1098 5262 1113 5310 ς
1137 5261 1260 5314 qua:
1293 5246 1489 5303 demus
1535 5265 1638 5306 nos
1668 5264 1884 5320 sumus,
1922 5253 1971 5309 si

387 5325 642 5383 ﬁduciam
670 5340 729 5386 et
782 5333 1009 5404 gloriam
1061 5336 1176 5406 spei
1236 5348 1410 5407 usque
1449 5339 1515 5394 ad
1552 5339 1717 5397 ﬁnem
1758 5342 1971 5403 firmam

390 5417 741 5476 retineamus.
768 5424 909 5496 Ergo
938 5426 994 5481 hi
1015 5426 1107 5496 qui
1138 5426 1512 5496 profecerunt,
1535 5440 1593 5486 et
1613 5433 1972 5501 perfectiores

392 5516 548 5593 sunt,
593 5508 789 5565 domus
825 5515 946 5584 ejus
993 5516 1137 5585 juste
1182 5518 1529 5586 appellantur
1575 5538 1589 5576 :
1640 5537 1738 5591 pro
1772 5524 1974 5593 quibus

394 5592 735 5663 deprecatur,
765 5610 821 5656 et
850 5620 949 5673 pro
974 5606 1126 5662 omni
1160 5608 1380 5678 pepulo,
1415 5618 1601 5681 utpote
1648 5613 1741 5681 qui
1782 5592 1975 5672 nostra

2065 4612 2124 4659 et
2199 4602 2488 4658 reticulum
2544 4601 2769 4670 jecoris,
2819 4613 3124 4673 posuerunt
3184 4620 3351 4674 super
3408 4614 3641 4673 pectora.

2066 4694 2311 4765 Cumque
2339 4696 2562 4750 cremati
2593 4704 2777 4750 essent
2801 4696 2988 4767 adipes
3018 4712 3185 4766 super
3204 4696 3397 4762 altare,
3426 4707 3643 4768 pectora

2067 4800 2279 4853 eorum,
2315 4796 2371 4842 et
2403 4803 2584 4843 armos
2614 4788 2837 4843 dextros
2873 4789 3145 4856 separavit
3189 4782 3393 4849 Aaron,
3427 4789 3645 4843 elevans

2069 4894 2251 4935 coram
2291 4879 2538 4943 Domino,
2569 4882 2710 4934 sicut
2736 4888 3068 4950 praeceperat
3098 4881 3148 4935 ei
3174 4880 3409 4951 Moyses.
3448 4898 3468 4930 ›

2141 4971 2307 5038 Cujus
2354 4971 2578 5040 ﬁguram
2630 4985 2693 5024 ca
2751 4986 2871 5039 quae
2923 4971 3065 5025 dicta
3131 4976 3274 5026 sunt
3309 4971 3568 5026 habeant.
3595 4977 3647 5024 ct

2067 5061 2526 5133 quemadmodum
2588 5078 2688 5130 pro
2757 5071 2982 5132 peccato
3059 5062 3244 5116 hircus
3308 5061 3646 5132 poenitentia:

2069 5153 2394 5213 sacriﬁcium
2444 5154 2730 5223 signiticet,
2797 5154 3114 5208 holocausta
3167 5163 3349 5208 autem
3402 5153 3642 5209 crucifixi

2068 5249 2537 5304 conversationem
2568 5266 2581 5302 :
2609 5247 2958 5318 Theol‘ogiam
2982 5264 3108 5301 vero
3141 5247 3339 5301 similia
3368 5272 3377 5300 ;
3414 5236 3647 5301 salutare

2077 5352 2282 5403 autem,
2340 5356 2436 5397 seu
2488 5340 2836 5410 paciﬁcorum
2901 5338 3251 5401 sacriﬁcium,
3314 5339 3479 5392 vitam
3531 5354 3651 5408 qua:

2079 5449 2181 5488 nos
2229 5424 2439 5488 salvare
2484 5420 2680 5502 potest,
2722 5430 2885 5486 etiam
2941 5431 3289 5486 mediocriter
3331 5432 3607 5500 sapientes
3630 5447 3648 5503 7:

2081 5526 2469 5582 sacrificiorum
2486 5524 2755 5579 discussio
2773 5524 3105 5594 praecedens,
3135 5524 3450 5579 unctionem
3474 5539 3656 5579 sacer-

2082 5615 2227 5672 dotis
2273 5615 2530 5672 ostendit.
2580 5613 2720 5685 Ergo
2769 5613 2861 5684 qui
2920 5613 3084 5684 hujus
3133 5611 3656 5671 sanctionis.nescit

475 5788 520 5819 “
545 5787 587 5843 ll
612 5788 739 5848 Cor.
778 5808 858 5861 ιιι,
887 5798 970 5853 18.
1047 5800 1088 5830 ⁸⁷
1122 5800 1251 5858 Luc.
1285 5819 1417 5869 χχιι,
1457 5805 1540 5859 l5.
1619 5806 1662 5839 θ’
1694 5806 1867 5863 Exod.
1901 5825 1968 5863 xv

2071 5809 2139 5866 ὅ.
2207 5811 2247 5841 ⁸³
2281 5807 2443 5865 ΙΙιὺτ.
2479 5822 2555 5868 nt.
2588 5805 2642 5861 6.
