4044 6224
377 361 556 450 893*

1507 397 1586 458 ΙΝ
1626 399 2058 460 LEVITICUM.
2093 426 2160 438 --
2192 401 2337 467 LIB.
2371 404 2456 466 ΙΙ.

3507 400 3614 463 894

375 499 837 574 explanationem,
893 508 1003 566 illic
1056 527 1180 567 cum
1243 511 1545 568 subtilitate
1594 513 1938 584 perquirens,
1971 519 2014 574 Α
2044 514 2206 570 etiam
2236 515 2436 572 Paulus
2461 517 2748 574 intellexit.
2789 517 2928 575 Dicit
2956 531 3137 575 autem
3169 520 3247 575 sic
3285 537 3298 574 :
3329 519 3452 575 Volo
3473 520 3613 576 viros

360 589 540 650 'etia'm
599 597 716 654 haec
774 616 873 671 per
911 603 1120 674 singula
1172 606 1326 661 sciet.
1383 605 1514 661 Illud
1560 617 1739 661 autem
1792 621 1941 660 nunc

375 690 683 744 necessarie
707 694 976 760 addimus,
1024 697 1200 752 sancti
1228 697 1462 768 Spiritus
1495 699 1550 754 in
1583 699 1937 756 Pentecosten

373 781 690 848 provenisse
719 785 1152 854 descensionem,
1181 804 1303 844 cum
1335 789 1391 844 in
1430 806 1597 845 unum
1632 792 1937 864 congregati

371 880 560 926 essent
633 878 902 945 apostoli,
966 881 1148 936 omnia
1211 898 1331 952 quae
1398 886 1697 940 secundum
1763 885 1939 956 legem

371 960 628 1020 Ecclesiae
659 978 898 1037 agerent,
928 971 1232 1041 signiﬁcare
1259 975 1621 1030 consideravit
1643 975 1935 1047 legislator,

371 1064 518 1111 recte
565 1061 874 1127 praecedere
926 1064 1225 1120 sacerdotis
1281 1067 1566 1132 sacriﬁcia,
1625 1083 1686 1122 ac
1738 1069 1938 1124 deinde

370 1147 663 1204 subinferri
701 1153 883 1222 populi
923 1157 1220 1225 praecepit:
1251 1167 1465 1228 oportet
1501 1159 1647 1213 enim
1679 1159 1936 1215 Ecclesiae

368 1237 675 1296 doctrinam
704 1258 731 1295 a
758 1244 1024 1300 sacriﬁcio
1052 1246 1321 1318 Unigcuiti
1354 1249 1633 1316 inchoare,
1669 1259 1727 1305 ut
1761 1251 1935 1306 intro-

367 1329 635 1384 ducantur
683 1333 964 1401 docentes,
1019 1339 1147 1406 quid
1195 1341 1352 1395 nobis
1409 1342 1591 1412 passio
1649 1342 1933 1398 Dominica

366 1417 676 1488 profecerit.
721 1433 814 1478 aut
859 1428 1187 1483 contulerit:
1235 1439 1397 1500 atque
1443 1431 1516 1486 ita
1564 1432 1934 1489 subinferatur

366 1523 546 1563 sermo
570 1512 928 1581 poenitentiae.
955 1533 1116 1588 quem
1133 1534 1325 1575 omnes
1347 1523 1554 1592 utique,
1577 1532 1637 1578 ut
1654 1523 1927 1590 homines,

366 1603 736 1656 necessarium
793 1605 1076 1662 habemus.
1131 1609 1288 1666 Unde
1345 1621 1402 1667 et
1447 1612 1712 1670 Dominus
1763 1630 1928 1670 unam

365 1692 666 1747 doctrinam
696 1697 970 1764 praedicat,
1008 1700 1061 1755 id
1107 1712 1191 1757 est
1222 1703 1616 1774 pmuitentiam,
1648 1714 1930 1777 totumque

362 1784 637 1854 perfectus
650 1789 939 1844 subinl'erri
956 1795 1414 1861 conversationes,
1431 1806 1593 1866 atque
1608 1795 1928 1868 theologiam

363 1877 470 1932 illis
502 1880 948 1947 permiscendas:
989 1885 1172 1940 subdit
1194 1896 1398 1950 autem,
1430 1898 1626 1958 etquae
1659 1889 1932 1961 corrigen-

361 1978 465 2032 tes,
516 1970 630 2024 sive
689 1973 837 2026 uncti
889 1975 1082 2030 salvari
1133 1994 1446 2048 possumus,
1511 1981 1762 2050 quamvis
1819 1997 1930 2036 non

361 2061 671 2115 sublimiter
736 2080 1143 2122 conversemur.
1225 2067 1283 2122 lu
1350 2071 1436 2125 his
1499 2071 1645 2125 enim
1715 2081 1931 2142 oportet

359 2151 658 2209 Ecclesiam
724 2159 1073 2228 congregari,
1148 2171 1204 2216 et
1273 2162 1763 2218 manifestationem
1833 2163 1928 2218 Dei

359 2247 543 2319 gloriae
567 2251 863 2320 suscipere.
887 2252 1012 2309 Haec
1036 2256 1154 2310 sine
1175 2254 1338 2310 dubio
1361 2257 1553 2313 diebus
1580 2255 1927 2316 Pentecostes

360 2339 595 2392 maxime
621 2341 853 2411 agebant
881 2344 1129 2414 discipuli
1163 2345 1398 2412 Domini,
1450 2357 1672 2418 propter
1698 2351 1840 2418 quod
1871 2351 1925 2404 in

359 2446 530 2484 unum
563 2440 693 2486 tunc
733 2433 946 2489 collecti
987 2445 1160 2501 erant,
1209 2438 1352 2505 quod
1404 2439 1714 2496 manifestat
1752 2442 1928 2498 Lucas

357 2520 546 2576 dicens
571 2542 584 2577 :
614 2524 680 2578 Et
709 2526 833 2578 dum
862 2527 1240 2595 complerentur
1257 2529 1369 2582 dies
1389 2528 1736 2596 Pentecostes,
1772 2543 1924 2587 erant

357 2626 533 2664 omnes
548 2612 707 2665 simul
737 2615 1057 2667 unanimiter
1076 2615 1143 2667 ⁷⁸.
1169 2615 1307 2679 Quid
1330 2625 1512 2670 autem
1542 2625 1697 2671 erant
1715 2617 1924 2672 collecti

357 2717 536 2774 agere,
588 2703 689 2758 nisi
739 2720 804 2759 ea
851 2706 1029 2760 modis
1070 2708 1345 2773 omnibus,
1399 2723 1519 2777 qua:
1563 2709 1705 2763 dicta
1755 2709 1926 2764 sunt?

354 2791 492 2846 Nam
546 2794 649 2848 etsi
694 2795 872 2863 palam
911 2810 1021 2849 non
1088 2797 1478 2864 praedicabant,
1533 2807 1587 2852 et
1638 2808 1921 2868 propterea

355 2885 504 2940 intus
529 2893 704 2950 erant,
736 2886 787 2940 in
807 2888 1180 2956 superioribus
1210 2889 1482 2953 sedentes,
1501 2893 1733 2944 necdum
1758 2890 1922 2945 verba

353 2975 792 3039 disseminantes,
825 2977 940 3032 sive
984 2977 1158 3046 palam
1197 2978 1504 3048 loquentes,
1532 2979 1657 3048 quia
1688 2979 1758 3035 de
1781 2981 1923 3036 ostio

354 3066 686 3122 tabernaculi
708 3069 1004 3123 testimonii
1029 3084 1137 3122 non
1160 3079 1315 3124 erant
1338 3070 1474 3140 jussi
1509 3071 1714 3141 egredi,
1748 3087 1922 3142 usque

2041 623 2194 660 orare
2222 609 2274 660 in
2301 609 2443 661 omni
2466 608 2597 671 loco,
2624 608 2852 664 levantes
2874 627 3040 679 puras
3063 627 3250 664 manus
3272 611 3338 663 τί.
3358 609 3613 665 Tendens

2040 695 2153 750 sive
2177 697 2364 751 levans
2409 713 2537 768 ergo
2591 715 2808 764 manus,
2841 700 3119 754 benedixit
3152 701 3272 754 illos
3310 717 3323 754 :
3359 702 3483 770 quia
3517 715 3612 768 per

2038 785 2360 843 levationem
2383 805 2660 852 manuum,
2685 805 2780 859 per
2807 791 3108 844 orationem
3137 791 3409 854 videlicet,
3430 805 3612 843 sacer-

2039 877 2192 932 dotes
2217 881 2418 949 p0pu|o
2446 879 2795 934 benedicunt.
2849 880 2953 935 Sed
2985 882 3130 936 unde
3173 881 3612 936 benedictionem.

2037 978 2294 1040 praestent
2321 972 2616 1027 ostendunt
2645 973 2953 1042 sequentia.

2108 1057 2383 1117 νεεδ.ἓὶ
2434 1080 2452 1114 ‹
2489 1063 2726 1135 lngressi
2791 1073 2974 1118 autem
3043 1064 3250 1133 Moyses
3310 1070 3365 1116 et
3426 1062 3606 1116 Aaron

2038 1153 2441 1208 tabernaculum
2516 1155 2809 1210 testimonii
2837 1194 2851 1216 ,
2917 1161 2982 1223 ζει
3053 1153 3312 1222 deinceps
3380 1153 3603 1222 egressi,

2037 1243 2433 1300 bcnedixeruut
2465 1246 2684 1316 populo.
2727 1265 2745 1298 ι

2104 1334 2465 1400 Quamobrem
2508 1337 2659 1407 prius
2727 1337 2779 1390 in
2842 1336 3248 1392 tabernaculum
3309 1336 3604 1391 testimonii

2036 1425 2430 1496 ingrediuntur,
2479 1437 2533 1481 et
2579 1437 2765 1497 postea
2819 1427 3252 1481 benedictionem
3295 1427 3600 1497 praestant?

2033 1522 2136 1577 nisi
2161 1531 2220 1576 ut
2245 1538 2353 1577 non
2387 1523 2714 1592 ignoremus,
2741 1524 2874 1591 quia
2895 1525 2961 1577 de
2997 1523 3315 1593 intelligibili
3343 1522 3600 1575 taberna-

2032 1612 2172 1677 culo,
2210 1612 2464 1666 videlicet
2519 1612 2585 1666 de
2626 1613 2785 1675 coelo,
2829 1613 3261 1666 benedictionem
3316 1609 3607 1680 proferunt

2031 1703 2358 1766 sacerdotes,
2393 1701 2640 1756 dicentes
2671 1703 2813 1757 sicut
2842 1694 3037 1757 Paulus
3063 1718 3076 1754 :
3107 1702 3416 1754 Benedictus
3441 1701 3598 1762 Deus,

2031 1803 2079 1846 et
2123 1792 2285 1846 Pater
2335 1791 2544 1845 Domini
2589 1795 2752 1846 nostri
2795 1793 2922 1846 Iesu
2950 1793 3165 1858 Christi,
3215 1793 3304 1861 qui
3344 1791 3603 1844 benedixit

2035 1902 2126 1938 nos
2154 1886 2209 1938 in
2247 1886 2389 1938 omni
2423 1886 2774 1938 benedictione
2812 1885 3100 1953 spirituali,
3144 1885 3199 1936 in
3226 1883 3509 1936 caelestibus
3547 1882 3605 1933 in

2031 1974 2314 2028 Clu-isto".
2338 1975 2453 2029 Hoc
2479 1977 2623 2030 enim
2655 1975 2812 2029 nobis
2844 1985 2900 2029 et
2931 1975 3046 2044 ipse
3079 1976 3294 2028 tradens
3319 1974 3595 2033 Dominus,

2029 2068 2268 2136 quinque
2303 2081 2492 2136 panes,
2541 2076 2596 2120 ct
2645 2083 2837 2120 rursus
2876 2077 3086 2136 septem
3125 2065 3477 2127 benedicens,
3531 2063 3596 2116 ad

2028 2157 2226 2211 caelum
2265 2157 2610 2226 respiciebat.
2642 2158 2751 2210 Cur
2805 2167 2986 2211 autem
3041 2172 3152 2212 non
3209 2158 3357 2210 solus
3393 2155 3597 2220 Aaron,

2027 2247 2121 2302 sed
2167 2255 2223 2302 ct
2263 2247 2470 2318 Moyses
2513 2246 2870 2318 Synagogam,
2922 2263 3020 2302 seu
3067 2247 3323 2318 papulum
3371 2244 3596 2300 benedi-

2027 2340 2195 2394 cunt?
2224 2340 2327 2395 nisi
2361 2349 2420 2394 ut
2460 2339 2771 2400 discamus.
2813 2341 2936 2408 quia
2984 2354 3094 2392 non
3137 2339 3358 2408 propria
3397 2336 3596 2389 virtute

2025 2433 2332 2487 sacerdotes
2354 2432 2788 2487 benedictionem
2809 2440 3087 2500 praestant,
3113 2430 3206 2484 scd
3227 2431 3351 2498 quia
3371 2427 3594 2496 ﬁguram

2026 2525 2212 2579 lerunt
2257 2523 2486 2589 Christi,
2527 2533 2758 2594 possunt
2798 2530 3021 2593 propter
3073 2537 3198 2576 eum
3244 2520 3335 2589 qui
3381 2519 3434 2571 iu
3464 2518 3595 2586 ipsis

2023 2624 2124 2682 est,
2151 2625 2411 2685 praestare
2451 2615 2851 2671 benedictionis
2892 2613 3308 2684 plenitudinem.
3343 2609 3498 2665 Unde
3538 2617 3596 2661 et

2023 2706 2252 2779 Moyses,
2283 2716 2473 2777 utpote
2529 2708 2614 2762 cui
2643 2709 2819 2777 imago
2872 2715 2957 2760 est
3009 2703 3221 2759 Domini
3270 2702 3472 2756 credita
3527 2701 3594 2753 ad

2021 2796 2450 2852 benedicendum
2498 2807 2643 2852 recte
2678 2796 3182 2866 comprehenditur.
3221 2792 3326 2847 Sed
3380 2799 3434 2844 et
3466 2791 3593 2843 illud

2021 2903 2115 2957 per
2165 2904 2228 2942 ea
2271 2903 2392 2958 qua:
2432 2889 2572 2942 dicta
2617 2896 2762 2954 sunt,
2819 2889 2899 2940 lex
2949 2886 3212 2954 signiﬁcat
3259 2902 3270 2936 :
3314 2883 3437 2952 quia
3485 2897 3593 2936 non

2019 2978 2193 3033 solum
2226 2979 2270 3032 is
2293 2979 2387 3047 qui
2411 2978 2776 3032 sacerdotium
2807 2978 3035 3031 sortitus
3066 2986 3170 3038 est,
3202 2975 3295 3028 sed
3325 2984 3380 3027 et
3414 2973 3594 3026 omnis

2016 3073 2198 3142 justus
2240 3072 2519 3128 Christum
2567 3074 2774 3128 habens
2819 3074 2872 3126 in
2919 3071 3231 3140 semetipso,
3279 3078 3333 3122 et
3370 3069 3592 3138 ﬁguram

352 3157 481 3212 dum
533 3157 602 3211 de
671 3159 884 3213 excelso
955 3160 1313 3214 induereutur
1380 3159 1614 3231 Spiritus
1671 3163 1913 3220 virtute:
1947 3192 1988 3250 ο
2024 3163 2232 3218 Domini
2276 3164 2357 3218 sui
2403 3179 2502 3233 per
2547 3164 2742 3217 bonam
2799 3165 3288 3223 conversationem,
3333 3157 3595 3227 quemad-

352 3259 720 3305 vetumtamcn
749 3251 802 3304 in
829 3252 1137 3322 semetipsis
1168 3252 1292 3322 quia
1320 3253 1437 3309 haec
1465 3255 1712 3325 agebant,
1745 3257 1920 3312 mani-

353 3335 552 3391 festum
601 3345 716 3392 est:
745 3348 800 3393 et
832 3354 1167 3408 quaecunque
1210 3340 1404 3395 decent
1449 3341 1768 3409 Ecclesium,
1800 3359 1918 3398 me-

351 3429 511 3483 ditari
542 3445 651 3484 non
669 3431 952 3485 cessabant
974 3439 1033 3484 ut
1061 3432 1236 3500 ipsum
1259 3431 1511 3487 videlicet
1537 3433 1592 3486 in
1611 3435 1919 3503 semetipsis

353 3517 616 3574 haberent
645 3518 945 3586 Christum,
981 3521 1071 3591 qui
1123 3530 1205 3577 est
1251 3532 1412 3592 caput
1443 3523 1721 3580 Ecclesia).
1764 3525 1918 3584 Unde

350 3615 406 3661 et
430 3606 703 3661 Matthiam
724 3609 788 3662 ad
805 3610 1187 3679 apostolatum,
1205 3626 1327 3665 cum
1345 3613 1704 3668 contionatus
1724 3614 1918 3671 fuisset

349 3696 545 3754 Petrus
576 3707 630 3754 et
671 3702 1044 3770 proposuisset
1073 3702 1268 3757 divinae
1297 3703 1592 3774 Scriptura
1620 3706 1918 3776 expositio-

349 3804 499 3854 nem,
550 3799 709 3860 atque
763 3793 1090 3859 testimonia,
1137 3801 1280 3848 sorte
1333 3805 1746 3864 separaverunt.
1793 3795 1918 3851 Sive

347 3889 530 3935 autem
579 3881 910 3949 concionari,
957 3883 1009 3939 id
1046 3892 1129 3938 est
1171 3884 1432 3954 populum
1471 3883 1768 3951 exhortari,
1801 3887 1918 3942 sive

349 3970 643 4039 prophetas
661 3971 953 4041 imerpreta
963 3973 1023 4034 ri,
1039 3974 1275 4028 etcleros
1289 3975 1517 4035 sociare,
1536 3976 1915 4032 ecclesiastica:

349 4063 771 4132 dispensationis
800 4073 853 4118 et
880 4065 1090 4120 ordinis
1121 4065 1242 4120 fuit.
1270 4064 1410 4136 Ergo
1433 4065 1778 4122 manifestum
1810 4078 1910 4134 est,

347 4143 478 4224 qui‘a
521 4157 975 4225 quemadmodum
1019 4157 1076 4210 in
1121 4155 1393 4213 Ecclesias
1449 4157 1662 4213 collecti
1719 4158 1774 4214 in
1809 4158 1915 4214 illis

347 4245 542 4300 diebus
589 4255 764 4312 erant,
812 4252 958 4316 quod
1013 4257 1070 4303 et
1117 4249 1389 4321 legislator
1435 4249 1611 4305 modis
1660 4250 1915 4305 omnibus

347 4335 638 4404 signiﬁcari
692 4338 1071 4405 considerans,
1130 4347 1533 4411 consequenter
1581 4347 1636 4396 et
1677 4355 1742 4397 ea
1793 4357 1914 4413 qua:

343 4424 756 4494 subsequuntur
789 4428 995 4485 addidit
1020 4447 1034 4484 :

2021 3254 2241 3308 modum
2269 3253 2474 3325 Moyses
2503 3255 2791 3314 exsistens,
2825 3255 3053 3307 idoneus
3075 3261 3159 3305 est
3189 3251 3254 3305 ad
3286 3249 3591 3304 donandum

2020 3342 2474 3397 benedictionem.
2529 3341 2654 3396 llaec
2696 3358 2823 3412 ergo
2866 3340 3148 3410 discipulis
3180 3339 3388 3393 Domini
3426 3353 3594 3407 agen-

2023 3434 2186 3498 tibus,
2249 3434 2471 3503 spiritus
2523 3432 2762 3497 advenit,
2836 3441 3059 3502 propter
3115 3429 3258 3499 quod
3310 3429 3596 3483 audiamus

2021 3523 2327 3592 sequentia.

2089 3611 2249 3668 Vsus.
2291 3614 2382 3668 24.
2453 3614 2878 3684 «Apparuitque
2937 3613 3104 3684 gloria
3171 3611 3382 3665 Domini
3438 3613 3587 3666 omni

2019 3705 2373 3759 multitudini.
2423 3706 2492 3759 Et
2546 3721 2674 3760 ecce
2738 3705 2878 3776 ignis
2949 3719 3201 3775 egressus
3257 3719 3286 3755 a
3343 3701 3592 3759 Domino,

2017 3795 2302 3851 devoravit
2349 3796 2745 3858 holocaustum,
2797 3805 2852 3850 ct
2901 3795 3112 3863 adipem
3145 3793 3384 3862 quierat
3429 3807 3594 3859 super

2018 3880 2205 3935 altare.
2259 3881 2412 3947 Quod
2474 3898 2598 3936 cum
2660 3882 2927 3936 vidissent
2980 3882 3180 3944 turbae,
3234 3881 3594 3936 laudavcruut

2019 3971 2307 4024 Dominum
2341 3981 2560 4026 ruentes
2599 3972 2654 4026 in
2691 3971 2857 4026 facies
2893 3987 3042 4026 suas.
3082 3990 3100 4022 ι

2088 4060 2252 4116 Putas
2280 4077 2351 4118 ne
2396 4063 2573 4132 aliqua
2622 4063 3075 4133 interpretatione
3110 4061 3394 4132 praesentia
3430 4063 3588 4117 verba

2015 4152 2339 4224 legislatoris
2401 4168 2539 4223 opus
2607 4153 2811 4209 habent
2852 4153 2876 4207 ?
2933 4153 3054 4224 Ipsa
3121 4169 3356 4223 namque
3411 4153 3593 4210 verbis

2016 4244 2348 4300 concordant
2395 4243 2502 4312 his,
2552 4260 2674 4316 quae
2723 4253 2852 4300 sunt
2887 4245 2956 4300 de
2997 4245 3238 4301 adventu
3271 4244 3506 4316 Spiritus
3536 4245 3593 4300 in

2017 4334 2329 4406 apostolicis
2353 4335 2564 4390 actibus
2590 4336 2815 4406 scripta.
3337 4331 3342 4334 ’

2086 4427 2345 4496 Apparuit
2373 4429 2530 4493 enim,
2562 4429 2752 4498 inquit,
2792 4429 2962 4500 gloria
3003 4429 3210 4482 Domini
3237 4430 3379 4482 omni
3409 4428 3590 4481 multi-

414 4511 576 4569 Vsns.
604 4515 692 4571 22.
729 4535 748 4568 ι
778 4518 845 4571 Et
890 4519 1117 4574 tendens
1149 4535 1373 4575 manum
1409 4530 1597 4576 contra
1624 4523 1908 4592 populum,
1944 4518 2203 4577 Dtudini.
2236 4517 2540 4584 Quomodo,
2586 4521 2731 4575 dicat
2783 4519 3008 4574 forsitan
3053 4520 3368 4588 quispiam?
3393 4518 3591 4588 Utique

341 4605 621 4663 benedixit
667 4609 738 4663 ei.
773 4610 968 4680 Sicque
995 4613 1280 4683 completis
1309 4613 1500 4669 hostiis
1525 4629 1624 4684 pro
1661 4623 1908 4686 peccato,

341 4706 397 4753 et
428 4698 781 4765 holocaustis,
813 4710 868 4756 et
899 4703 1153 4772 paciﬁcis,
1188 4704 1484 4762 descendit.
1521 4723 1540 4756 ι

410 4789 653 4857 Intende,
705 4793 829 4864 quia
879 4809 1095 4849 omnem
1157 4796 1312 4851 nobis
1365 4797 1645 4852 evidenter
1682 4797 1906 4869 ﬁguram

338 4880 594 4939 Ecclesia:
652 4885 769 4946 vult
831 4901 1155 4956 exponere:
1213 4903 1339 4942 nam
1401 4898 1684 4960 postquam
1745 4893 1905 4960 dixit,

337 4973 618 5031 descendit
640 4986 924 5048 postquam
954 4977 1080 5034 fecit
1099 4993 1198 5049 pro
1217 4990 1458 5050 peccato,
1483 4993 1538 5036 et
1556 4983 1902 5052 holocaustis,
1931 4988 1933 4990 ’

337 5075 395 5121 et
427 5067 693 5137 paciﬁcis,
735 5070 974 5126 ostendit
1000 5071 1125 5139 quia
1162 5071 1582 5140 completionem
1609 5074 1908 5129 sacriﬁcio-

337 5171 482 5219 rum,
519 5157 786 5214 intellexit
824 5160 1217 5231 expositionem
1265 5175 1476 5227 eorum,
1524 5169 1580 5215 et
1619 5172 1906 5231 prapterea

335 5245 493 5312 dixit,
512 5248 796 5313 descendit,
822 5264 918 5319 per
938 5248 1348 5304 descensionem
1368 5249 1701 5304 doctoralem
1720 5250 1904 5304 sedem

335 5335 648 5407 designans,
698 5340 764 5393 de
811 5356 916 5408 qua
947 5347 1064 5410 post
1117 5340 1514 5411 expositionem
1567 5342 1902 5407 sacerdotes,

334 5428 534 5498 quibus
606 5429 774 5501 ﬁgura
849 5431 1201 5502 intelligibilis
1263 5431 1445 5486 Aaron
1515 5434 1718 5488 credita
1781 5445 1902 5499 est,

334 5521 694 5586 descendunt,
745 5531 800 5576 et
842 5538 940 5590 per
983 5523 1284 5578 orationem
1333 5539 1527 5578 manus
1583 5525 1650 5579 ad
1707 5526 1902 5580 malum

334 5607 536 5666 levant.
589 5611 956 5669 Elevatiouem
1029 5617 1174 5670 enim
1233 5633 1532 5679 manuum,
1601 5619 1904 5672 orationem

406 5786 596 5847 “Act.
630 5805 691 5860 tt,
730 5792 777 5847 1.
852 5792 890 5824 ⁷¹
930 5791 1110 5848 lTim.
1144 5810 1202 5860 ll,
1228 5795 1279 5850 8.
1316 5794 1361 5826 "
1388 5794 1431 5851 ll
1460 5795 1584 5850 Cor.
1612 5812 1645 5861 l,
1680 5796 1731 5847 33.
1776 5793 1778 5796 ’

2016 4609 2159 4672 talis,
2231 4611 2444 4680 qualem
2515 4610 2769 4664 Ezechiel
2836 4625 2999 4679 super
3073 4610 3352 4664 Cherubin
3419 4610 3588 4664 visam

2012 4702 2321 4772 descripsit,
2349 4711 2443 4757 aut
2467 4704 2682 4772 qualem
2708 4701 2983 4765 Micbaaas,
3014 4701 3099 4756 vel
3123 4700 3290 4756 Isaias
3317 4719 3330 4755 :
3355 4718 3590 4772 quorum

2011 4810 2154 4849 unus
2206 4793 2424 4864 quidem
2489 4793 2755 4864 Seraphin
2818 4795 2875 4849 in
2936 4793 3208 4859 circuitu,
3267 4794 3405 4848 alter
3461 4809 3592 4848 vero

2009 4884 2285 4939 caelestem
2314 4883 2615 4940 exercitum
2639 4885 2792 4940 vidit.
2823 4884 2930 4940 Sed
2955 4901 3296 4956 nequaquam
3328 4885 3430 4940 fuit
3458 4901 3586 4951 una,

2007 4990 2128 5046 quae
2149 4976 2422 5042 omnibus,
2443 4985 2499 5030 et
2517 4977 2717 5047 ubique
2741 4976 3074 5048 spiritalibus
3108 4979 3360 5048 apparuit
3397 4977 3586 5046 gloria,

2009 5069 2104 5123 sed
2141 5067 2457 5122 differentes
2485 5068 2742 5135 visiones,
2780 5078 2972 5139 utpote
3008 5067 3596 5138 incomprehensibiles.

2007 5164 2282 5233 praebebat
2333 5163 2678 5219 videntibus:
2713 5179 2955 5233 przesens
3008 5171 3188 5218 tamen
3240 5160 3432 5214 similis
3469 5163 3588 5212 erat

2007 5255 2104 5319 illi,
2136 5255 2263 5324 quia
2305 5255 2660 5326 iutclligibilis
2703 5271 2957 5326 egressus
3000 5264 3086 5308 est
3120 5253 3264 5323 ignis
3297 5268 3325 5306 a
3359 5251 3588 5306 Domino

2009 5347 2096 5402 die
2120 5348 2493 5411 Pentecostes,
2528 5357 2752 5418 propter
2783 5347 2928 5417 quod
2952 5346 3062 5400 ait:

2080 5439 2339 5508 Apparuit
2366 5441 2531 5512 gloria
2558 5441 2790 5505 Domini,
2817 5448 2864 5493 et
2887 5453 3120 5508 egressus
3142 5446 3217 5491 est
3247 5438 3378 5508 ignis
3399 5455 3432 5490 a
3452 5437 3584 5492 Deo.

2013 5530 2150 5601 Ergo
2213 5533 2267 5584 in
2335 5533 2514 5602 specie
2542 5533 2681 5606 ignis
2740 5535 3009 5601 apparuit,
3042 5529 3500 5600 quemadmodum
3530 5535 3592 5583 et

2015 5620 2187 5676 Lucas
2218 5625 2439 5694 exponit
2471 5643 2482 5676 :
2529 5624 2592 5678 Et
2628 5625 2798 5693 {actus
2829 5633 2901 5677 est
2929 5628 2991 5677 de
3019 5623 3144 5678 ca'lo
3182 5639 3340 5677 sonus
3369 5621 3585 5692 spiritus
