4044 6224
380 369 489 434 895

1589 360 1949 426 IIESYCIIII
1988 358 2462 423 PRESBYTER!

3533 356 3646 422 896

381 476 714 540 "uenientis,
748 483 798 529 et
822 475 1052 545 implevit
1086 484 1250 530 totam
1278 476 1499 529 domum
1546 477 1602 530 in
1650 492 1755 546 qua
1807 482 1962 529 erant
1994 485 2037 535 Α
2066 476 2348 557 deceptos,
2379 475 2558 549 punit.
2597 474 2664 532 Hi
2700 489 2883 531 coram
2932 472 3168 530 Domino
3190 469 3520 537 moriuntur,
3554 470 3643 527 vi-

381 572 632 627 sedentes.
654 577 702 620 ct
720 568 844 621 visa:
863 579 986 622 sunt
1003 567 1109 622 illis
1133 568 1312 621 divisa:
1342 567 1566 639 linguae,
1597 569 1729 623 sicut
1746 568 1961 638 ignis".

386 659 573 728 Populi
608 659 769 714 etiam
827 661 1007 715 omnis
1059 661 1376 715 memoriam
1454 660 1734 730 legislator
1773 658 1911 713 facit
1947 674 1961 711 :

384 752 529 817 quod
562 760 617 805 et
643 750 817 806 Lucas
840 753 942 806 hoc
976 753 1137 806 modo
1166 753 1387 820 exponit
1424 750 1527 803 :Et
1551 760 1701 804 erant
1733 751 1787 804 in
1807 749 1966 803 Jeru-

385 838 864 893 salemhabitantes
912 839 1110 902 Judaei,
1166 839 1264 892 viri
1321 837 1576 909 religiosi,
1614 839 1679 892 de
1729 838 1968 891 omnibus

386 930 623 996 gentibus
652 947 768 999 qua:
790 931 882 984 sub
911 931 1035 985 caelo
1049 940 1190 984 sunt.
1222 928 1392 983 Facta
1452 941 1629 984 autem
1685 930 1782 982 hac
1822 945 1964 993 uoce,

387 1024 624 1076 convenit
650 1023 957 1085 multitudo,
1000 1031 1049 1076 et
1110 1031 1281 1076 mente
1341 1025 1561 1081 confusa
1612 1031 1687 1076 est
1714 1024 1786 1078 ⁷⁸.
1830 1022 1971 1088 Quia

388 1112 534 1165 enim
567 1128 675 1166 non
701 1114 873 1166 solum
905 1114 1180 1178 convenit,
1240 1113 1340 1169 sed
1379 1113 1616 1182 expavit,
1651 1121 1707 1168 et
1728 1114 1845 1183 ipse
1865 1113 1971 1168 hoc

389 1202 749 1267 demonstrat,
775 1204 960 1257 dicens
995 1220 1007 1254 :
1053 1206 1502 1267 Obstnprscebant
1524 1205 1684 1265 enim,
1708 1213 1755 1257 et
1791 1204 1969 1257 admi-

389 1292 667 1356 rabantur,
701 1294 798 1347 sed
826 1305 880 1348 et
905 1309 1071 1363 super
1101 1294 1295 1349 faciem
1353 1295 1690 1358 ceciderunt,
1715 1292 1815 1349 etsi
1855 1308 1968 1348 non

392 1383 499 1437 hoc
522 1385 873 1449 scnsibiliter,
914 1394 1093 1441 tamen
1126 1388 1544 1459 intelligibiliter
1572 1386 1919 1457 pertulerunt
1951 1404 1965 1440 :

394 1491 503 1529 non
536 1478 680 1531 enim
712 1479 1086 1550 intelligebant
1136 1483 1288 1549 quod
1316 1482 1516 1535 factum
1542 1489 1681 1546 erat,
1717 1479 1855 1533 alter
1871 1493 1970 1532 au-

393 1574 504 1621 tem
534 1570 600 1622 ad
627 1571 857 1625 alterum
893 1572 1146 1626 dicebat:
1209 1572 1387 1626 Μειδιο
1412 1572 1554 1640 pleni
1581 1580 1701 1625 sunt
1720 1571 1795 1634 Iri,
1824 1570 1970 1639 quod

393 1659 668 1726 proprium
693 1670 812 1714 erat
840 1662 893 1714 in
916 1671 1112 1716 terram
1147 1662 1348 1718 faciem
1374 1662 1574 1717 mentis
1609 1668 1969 1731 prosternen—

392 1749 550 1803 tium.
587 1753 723 1816 Quid
756 1762 937 1807 autem
993 1769 1251 1825 egressus
1304 1753 1442 1825 ignis
1480 1752 1643 1808 fecit?
1682 1749 1971 1806 Devoravit

392 1844 573 1896 omnia
607 1859 730 1913 quae
761 1853 919 1899 erant
947 1860 1112 1914 super
1161 1847 1329 1902 altare
1379 1845 1812 1900 holocautamata
1846 1882 1862 1907 ,
1912 1850 1971 1897 et

390 1933 603 2001 adipes,
634 1951 756 2004 qua:
787 1952 853 1990 ex
880 1937 1146 2003 paciﬁcis.
1180 1949 1237 1992 et
1288 1951 1384 2005 pro
1413 1944 1636 2007 peccata
1666 1933 1867 1997 oblata,
1888 1932 1970 1987 al-

394 2023 496 2077 tari
517 2027 857 2095 superposita
897 2036 1072 2082 erant.
1122 2030 1313 2084 Tradit
1365 2044 1496 2101 ergo
1553 2027 1713 2087 nobis
1764 2040 1966 2091 sermo,

392 2115 518 2182 quia
555 2130 780 2169 necesse
817 2117 888 2170 sit
918 2117 1178 2186 praedicta
1211 2118 1494 2181 sacriﬁcia,
1529 2125 1583 2172 et
1623 2129 1819 2170 eorum
1872 2130 1970 2168 ex-

393 2207 695 2274 positiones
717 2222 1095 2276 superponere
1127 2209 1452 2281 intelligibili
1508 2208 1666 2263 altari
1713 2206 1965 2275 corporis

386 2296 615 2356 Christi.
646 2306 705 2350 ut
737 2299 804 2352 ad
830 2298 960 2353 illud
995 2299 1221 2357 festinet
1248 2308 1436 2356 nostra
1479 2298 1730 2363 imitatio,
1761 2304 1817 2351 et
1835 2304 1967 2350 tunc

393 2388 726 2444 nutrimenta
761 2390 1124 2462 intelligibilis
1155 2392 1315 2463 ignis,
1359 2392 1411 2446 id
1442 2398 1529 2446 est
1552 2390 1778 2460 spiritus
1808 2388 1965 2453 fiunt,

393 2482 461 2538 de
482 2498 590 2553 quo
616 2484 820 2540 dictum
845 2496 928 2540 est
954 2505 969 2541 :
999 2487 1251 2542 Dominus
1286 2486 1422 2542 Deus
1453 2496 1660 2550 noster;
1687 2484 1824 2555 ignis
1843 2499 1970 2536 con-

390 2588 600 2626 sumens
637 2583 711 2627 est
744 2574 811 2628 ⁷⁸.
839 2573 998 2630 Unde
1027 2584 1082 2630 et
1109 2590 1256 2630 nunc
1282 2590 1382 2645 pro
1410 2576 1680 2637 devorare,
1715 2572 1965 2641 Symma-

393 2662 532 2717 cbus
560 2678 860 2718 consumere
888 2667 1079 2723 edidit.

1020 2820 1250 2875 CAPUT
1290 2820 1355 2874 X.

466 2926 631 2984 Vens.
667 2932 718 2985 Ι.
753 2951 771 2983 ι
801 2931 1160 3003 Arreptisque
1195 2932 1409 2995 Nadab,
1429 2941 1484 2988 et
1505 2931 1645 2986 Abiu
1672 2927 1763 2982 ﬁlii
1782 2926 1968 2980 Aaron

395 3021 714 3085 tltnribulis,
753 3032 1055 3093 posuerunt
1083 3024 1286 3095 ignem.
1314 3032 1369 3078 et
1408 3022 1693 3078 incensum
1735 3017 1972 3084 desuper

395 3110 694 3167 offerentes
723 3128 904 3168 coram
939 3114 1171 3169 Domino
1202 3115 1381 3185 ignem
1418 3115 1681 3177 alienum,
1709 3106 1856 3180 quod
1885 3103 1968 3158 eis

397 3211 735 3272 praeceptum
762 3218 872 3257 non
907 3214 1043 3260 erat.
1084 3223 1102 3256 ι
1126 3205 1227 3260 llic
1269 3221 1365 3260 eos
1387 3204 1479 3274 qui
1513 3203 1691 3258 aliena
1746 3200 1969 3256 docent.

399 3292 495 3363 qui
531 3293 585 3347 in
616 3293 796 3363 ipsum
829 3294 1090 3364 Spiritum
1118 3297 1214 3352 Dei
1239 3297 1640 3367 blasphemant,
1673 3292 1766 3364 qui
1792 3288 1969 3360 inspi-

399 3392 575 3438 ratam
652 3384 722 3439 ab
791 3400 857 3439 eo
921 3386 1252 3457 Scripturam
1314 3388 1382 3443 de
1439 3402 1545 3456 qua
1601 3385 1676 3439 ait
1729 3382 1971 3447 Paulus,

398 3473 583 3531 Omnis
649 3475 926 3547 Scriptura
992 3496 1024 3532 a
1085 3480 1193 3533 Deo
1258 3480 1536 3549 inspirata,
1601 3477 1742 3531 utilis
1798 3484 1873 3529 est
1903 3475 1972 3540 ⁷⁸,

399 3568 559 3623 aliter
622 3568 1091 3639 interpretantur,
1157 3570 1470 3625 necessarie
1531 3569 1598 3624 ab
1647 3566 1971 3637 intelligibili

401 3657 526 3728 igne
590 3657 769 3727 puniri
833 3659 1020 3729 posuit
1078 3677 1090 3713 :
1159 3659 1253 3729 qui
1323 3659 1414 3714 ﬁlii
1491 3660 1697 3725 Aaron,
1754 3666 1816 3712 ut
1872 3656 1971 3711 do-

399 3757 611 3805 ctorum
670 3749 937 3806 habentes
984 3752 1253 3817 habitum,
1314 3759 1368 3807 et
1437 3750 1701 3821 spiritalia
1776 3749 1974 3804 docere

404 3840 709 3910 ﬁngentes,
792 3841 1070 3897 dicuntur.
1150 3842 1306 3898 Unde
1378 3852 1436 3896 et
1513 3842 1709 3909 lingua:
1782 3855 1974 3895 eorum

403 3931 848 4002 ignisappeilatte
877 3943 1045 3989 sunt:
1093 3935 1402 3990 audivimus
1440 3933 1670 4003 quippe,
1735 3932 1861 4003 quia
1918 3932 1975 3986 in

403 4022 584 4093 specie
613 4024 893 4095 ignearum
924 4026 1230 4097 linguarum
1283 4025 1510 4095 spiritus
1541 4024 1781 4079 advenit.
1827 4022 1976 4095 Thy-

1999 1803 2043 1862 Β

2067 572 2229 626 dente
2258 572 2395 642 ipso,
2427 572 2563 628 etin
2592 572 2695 627 bac
2742 584 2838 625 eos
2873 576 3051 624 morte
3090 564 3515 629 condemnante,
3564 581 3637 622 ne

2067 662 2475 720 imitationesui
2527 662 2650 720 aliis
2697 677 2917 719 causam
2983 658 3266 731 praebeant
3318 656 3531 713 mortis.
3574 655 3638 712 In

2067 770 2176 824 quo
2204 764 2260 810 et
2287 755 2451 813 nimis
2471 753 3079 825 admiraturlegislator,
3106 765 3204 805 cur
3224 764 3292 803 ex
3321 763 3389 803 eo
3410 762 3519 818 quo
3542 747 3642 801 de-

2067 849 2301 904 buerant
2330 848 2438 904 vita
2470 848 2598 915 frui,
2635 848 2690 905 id
2735 859 2817 903 est
2842 860 3025 901 coram
3063 842 3316 902 Domino.
3368 840 3645 895 sustinent

2068 948 2321 1006 mortem,
2354 955 2516 1011 quam
2545 941 2687 995 male
2741 939 3168 1007 interpretantes
3197 932 3412 988 divinas
3465 928 3642 999 Scrip-

2069 1041 2241 1095 turas,
2273 1032 2556 1101 patiuntur
2589 1050 2604 1086 :
2639 1032 2695 1084 in
2726 1044 2790 1084 ea
2841 1043 2902 1084 re
2933 1042 2999 1082 ex
3045 1041 3153 1096 qua
3213 1038 3310 1078 eos
3357 1020 3644 1090 oportebat

2068 1123 2504 1179 benedictionem
2547 1119 2869 1193 promereri,
2928 1113 3309 1175 maledictioni
3352 1127 3411 1168 se
3465 1111 3643 1181 subji-

2069 1214 2295 1270 cientes.
2322 1211 2460 1268 Vide
2490 1221 2671 1268 tamen
2700 1209 2882 1282 qualia
2910 1205 3176 1264 subdidit.

2140 1305 2305 1359 Vens.
2335 1306 2387 1359 3.
2417 1323 2436 1357 ς
2472 1303 2727 1373 Dixitque
2753 1301 2962 1372 Moyses
3017 1298 3085 1354 ad
3115 1295 3297 1351 Aaron
3332 1310 3346 1346 :
3394 1290 3511 1350 Hoc
3560 1301 3646 1346 est

2070 1395 2218 1465 quod
2249 1394 2463 1449 locutus
2508 1401 2593 1448 est
2630 1392 2919 1447 Dominus.
2973 1384 3370 1444 Sanctiﬁcabor
3424 1383 3481 1437 in
3556 1382 3643 1436 his

2070 1487 2161 1559 qui
2190 1485 2630 1557 appropinquant
2644 1484 2777 1557 mihi
2795 1492 2850 1538 et
2874 1482 2927 1537 in
2947 1488 3243 1549 conspectu
3263 1475 3441 1532 omnis
3459 1472 3641 1545 populi

2071 1578 2432 1649 gloriﬁcabor.
2466 1574 2621 1642 Quod
2642 1574 2873 1629 audiens
2923 1571 3307 1635 tacuitAaron,
3350 1585 3370 1618 ι
3414 1565 3529 1621 sive
3584 1572 3645 1619 ut

2072 1670 2233 1736 LXX,
2268 1672 2459 1735 edunt,
2489 1688 2508 1721 ι
2548 1675 2606 1723 et
2639 1676 3002 1737 compunctus
3028 1672 3112 1718 est
3152 1662 3333 1715 Aaron
3371 1677 3392 1711 ι

2140 1761 2210 1816 Et
2272 1760 2362 1815 ubi
2423 1758 2650 1815 omnino
2685 1757 2799 1810 haec
2840 1754 3011 1809 Deum
3056 1751 3258 1807 dixisse
3287 1747 3635 1803 invenimus?

2070 1850 2300 1917 Quando
2323 1849 2572 1904 videlicet
2601 1847 2761 1917 Moysi
2792 1846 3004 1902 diccbat
3032 1864 3045 1899 :
3098 1843 3426 1898 Descendens
3458 1848 3644 1894 conte-

2069 1953 2213 1997 stare
2243 1942 2491 2012 populum
2515 1956 2577 1994 ne
2606 1941 2739 2011 forte
2763 1937 3179 2008 appropinquant
3240 1934 3310 1987 ad
3346 1931 3537 1995 Deum,
3595 1938 3642 1983 et

2069 2032 2229 2086 cadat
2258 2048 2321 2086 ea
2374 2031 2447 2084 eis
2477 2029 2755 2083 multitudo
2778 2044 2796 2081 :
2821 2026 2887 2081 Et
2916 2027 3210 2080 sacerdotes
3240 2023 3330 2094 qui
3360 2021 3619 2092 appropin

2069 2131 2233 2194 quant
2262 2122 2484 2175 Domino
2520 2120 2629 2174 Deo
2663 2117 3075 2187 sanctiﬁcantur,
3096 2132 3157 2169 ne
3182 2117 3315 2185 forte
3345 2113 3553 2167 recedat
3576 2109 3641 2164 ab

2069 2217 2143 2272 eis
2198 2214 2451 2270 Dominus
2475 2214 2541 2265 7’.
2596 2211 2723 2267 llaec
2773 2226 2901 2281 ergo
2924 2210 3027 2264 etsi
3070 2207 3252 2263 verbis
3285 2203 3470 2260 abhis
3521 2219 3643 2272 qua:

2068 2307 2214 2364 dicta
2265 2312 2413 2375 sunt,
2477 2302 2758 2368 differunt,
2823 2311 3204 2356 verumtamen
3276 2296 3644 2351 intentionem

2069 2397 2250 2467 ipsam
2279 2391 2691 2449 immutabiliter
2727 2390 2949 2446 habent.
2985 2385 3252 2456 Praecepit
3283 2385 3429 2439 enim
3469 2399 3644 2454 popu-

2069 2486 2181 2540 lum
2233 2499 2340 2538 non
2398 2481 2771 2553 approximarc
2843 2477 2972 2541 Deo,
3043 2481 3097 2529 et
3144 2486 3493 2544 cognoscere,
3534 2486 3645 2526 non

2067 2576 2527 2650 quemadmodum
2555 2573 2807 2629 invidens
2834 2571 2915 2627 eis
2971 2569 3262 2634 visionem,
3304 2568 3400 2623 sed
3431 2575 3491 2622 ut
3544 2565 3645 2620 im-

2020 2724 2023 2727 .
2066 2669 2343 2742 perfectis,
2372 2675 2428 2724 et
2456 2666 2637 2720 minus
2668 2673 2830 2719 tanta:
2879 2658 3363 2731 contemplationis
3423 2657 3647 2726 capaci-

404 4113 604 4170 miama
636 4124 819 4172 autem
847 4117 1160 4181 thuribulis,
1192 4118 1283 4173 vel
1305 4116 1523 4189 ignibus
1550 4116 1860 4189 linguarum
1879 4131 1977 4172 su-
2014 4138 2018 4144 ι

405 4207 820 4278 perimponunt,
857 4209 1046 4279 legalia
1080 4217 1136 4264 et
1179 4211 1570 4279 prophetarum
1599 4209 1876 4283 dogmata,
1906 4207 1977 4265 de

405 4298 605 4368 quibus
637 4296 877 4352 Ecclesia
909 4299 1128 4352 Christo
1156 4299 1208 4352 in
1240 4299 1484 4355 Canticis
1502 4298 1843 4355 canticorum
1891 4296 1979 4353 di-

2067 2762 2171 2819 bus
2211 2774 2458 2832 parcens.
2503 2756 2825 2814 Sacerdotes
2879 2762 3068 2809 autem
3144 2750 3651 2821 appropinquantes

2068 2850 2397 2908 sanctiﬁcari
2423 2849 2598 2919 jubet,
2647 2855 2705 2901 ut
2740 2844 2889 2917 digni
2933 2845 3001 2899 ad
3059 2841 3355 2897 videndum
3407 2849 3464 2894 et
3515 2854 3647 2894 con-

2069 2942 2442 3014 templandum
2478 2940 2675 2995 ﬁerent
2714 2937 2882 2993 Deum
2916 2935 3081 3005 :quia
3126 2948 3311 2988 veram
3359 2931 3649 2985 scientiam

2069 3053 2101 3091 a
2126 3036 2235 3090 Deo
2254 3048 2417 3089 nemo
2438 3040 2620 3103 potest
2641 3031 2760 3085 sine
2802 3026 3240 3084 sanctiﬁcatione
3300 3022 3646 3092 conquirere.

1995 3153 2039 3211 c
2070 3127 2302 3197 Propter
2325 3124 2473 3195 quod
2512 3121 2714 3178 Paulus
2748 3137 2762 3173 :
2820 3118 3038 3183 Pacem,
3108 3114 3304 3186 inquit,
3370 3111 3650 3183 sequimini

2071 3236 2189 3276 cum
2217 3217 2476 3281 omnibus,
2498 3224 2547 3269 et
2567 3210 2993 3270 sanctimoniam.
3013 3208 3127 3264 sine
3149 3223 3253 3278 qua
3286 3220 3437 3260 nemo
3454 3202 3647 3258 videbit

2072 3307 2245 3364 Deum
2259 3307 2328 3360 ⁸⁸.
2356 3305 2723 3374 Conspectum
2742 3299 2883 3370 eius,
2914 3295 3201 3353 scientiam
3216 3295 3335 3364 ejus
3356 3293 3563 3352 dicens,
3596 3289 3646 3343 id

2071 3397 2282 3467 estejus
2296 3389 2833 3462 contemplationem,
2849 3385 2992 3440 unde
3006 3383 3316 3438 sacerdotes
3329 3376 3650 3435 sanctiﬁcari

2071 3487 2348 3561 praecepit.
2380 3483 2514 3539 Vide
2527 3480 2799 3552 quomodo
2823 3478 3061 3532 minatur
3078 3475 3134 3528 in
3155 3470 3644 3549 subsequentibus.

2147 3577 2225 3632 Ne
2243 3579 2376 3649 forte
2398 3574 2602 3628 recedat
2632 3571 2697 3625 ab
2732 3569 2806 3623 eis
2858 3566 3132 3622 Dominus.
3171 3562 3227 3618 Id
3249 3571 3335 3617 est
3363 3576 3431 3615 ne
3484 3558 3649 3631 fugiat

2074 3667 2143 3723 ab
2163 3666 2245 3722 eis
2271 3680 2334 3720 ea
2364 3678 2485 3733 quae
2525 3660 2618 3716 Dei
2674 3667 2758 3715 est
2785 3657 3037 3719 scientia,
3063 3653 3297 3726 perditio
3346 3650 3492 3706 enim
3544 3649 3644 3711 eis,

2075 3756 2317 3814 scientim
2349 3753 2606 3809 discessio
2633 3751 2712 3806 ﬁt.
2733 3749 2840 3805 Sed
2856 3763 3001 3803 nunc
3014 3762 3100 3811 ea,
3119 3760 3238 3816 quae
3265 3742 3406 3801 sicut
3426 3757 3490 3797 ex
3521 3755 3646 3810 per-

2075 3864 2208 3906 sona
2227 3847 2321 3902 Dei
2351 3861 2445 3917 per
2461 3843 2683 3914 Moysen
2717 3841 2858 3894 dicta
2876 3850 3024 3900 sunt,
3052 3837 3214 3890 verba
3248 3832 3643 3905 aggrediamur.

2146 3938 2212 3993 Et
2233 3934 2603 4004 sanctiﬁcabor
2644 3933 2698 3986 in
2739 3932 2818 3985 Itis
2879 3930 2969 3999 qui
3014 3918 3441 3996 appropinquant
3500 3921 3645 3977 mihi.

2077 4024 2575 4081 Sanctiﬁcationem
2645 4035 2797 4076 suam
2872 4026 3029 4074 vocat
3078 4013 3430 4087 profanorum
3465 4051 3481 4076 ,
3537 4010 3649 4063 sive

2075 4119 2344 4175 malorum
2364 4113 2833 4177 emundationcm,
2863 4110 2984 4181 quia
3015 4122 3216 4178 corpus
3267 4121 3368 4160 nos
3427 4102 3592 4158 habet
3626 4115 3642 4151 :

2076 4209 2321 4281 corporis
2342 4213 2526 4262 autem
2553 4201 2888 4267 emundatio,
2951 4199 3195 4255 sordium
3257 4194 3491 4268 abjectio
3544 4199 3646 4247 est.

2078 4300 2193 4357 Hoc
2219 4316 2347 4371 ergo
2390 4307 2450 4353 ut
2475 4299 2673 4360 bonus,
2698 4304 2755 4352 et
2784 4294 2907 4366 pius
2954 4292 3007 4347 in
3089 4291 3175 4346 his
3238 4289 3328 4359 qui
3395 4284 3650 4358 approxi-

405 4387 563 4442 cebat
596 4403 609 4440 :
651 4386 791 4443 Odor
814 4396 1194 4456 unguentorum
1216 4397 1425 4443 tuorum
1450 4405 1608 4459 super
1636 4390 1815 4444 omnia
1849 4405 1977 4443 aro-
2078 4402 2230 4449 mant
2262 4392 2331 4456 ei,
2358 4389 2658 4445 secundum
2726 4382 3134 4441 multitudinem
3188 4378 3439 4435 videlicet
3472 4376 3651 4433 sciet:-

408 4486 554 4531 mata
588 4477 655 4529 ".
699 4475 806 4531 Sed
844 4476 1023 4547 ignem
1058 4478 1296 4533 alienum
1325 4479 1584 4543 offerunt,
1631 4493 1809 4549 neque
1825 4479 1973 4556 enim

2080 4487 2190 4551 tiae,
2238 4484 2324 4541 vel
2351 4481 2652 4540 secundum
2675 4478 2891 4550 aliquod
2949 4474 3196 4531 divinum
3261 4468 3649 4532 ministerium,

406 4569 708 4624 secundum
731 4570 1114 4637 intentionem,
1178 4580 1276 4627 aut
1318 4571 1570 4626 virtutem
1607 4569 1844 4641 Spiritus
1889 4572 1974 4626 in-

410 4667 798 4726 terpretantur.
836 4660 930 4714 His
946 4663 1225 4732 egreditur
1261 4662 1400 4734 ignis
1429 4678 1460 4716 a
1496 4662 1725 4717 Domino
1746 4678 1859 4718 non
1878 4663 1980 4719 ab-

330 4802 345 4808 ,
411 4748 606 4813 solute,
642 4750 815 4818 qualis
846 4753 1020 4821 prius.
1050 4754 1152 4807 Per
1184 4755 1336 4809 illum
1362 4755 1510 4809 enim
1564 4752 1832 4809 sacriﬁcia
1898 4754 1985 4809 in-

407 4842 597 4897 condit
636 4842 919 4909 Dominus,
956 4853 1011 4899 et
1045 4845 1214 4916 gloria
1248 4846 1464 4902 Domini
1521 4847 1701 4905 dictus
1742 4855 1851 4912 est,
1893 4846 1986 4904 hic

409 4941 595 4988 autem
630 4933 767 5005 ignis
800 4936 1029 5005 pmnalis
1044 4945 1148 4991 est.
1179 4937 1485 5007 Utrumque
1536 4939 1686 4995 enim
1738 4938 1981 4996 Ecclesia

411 5024 598 5088 habet,
639 5025 1035 5095 hunc.quidcm
1075 5028 1143 5082 ad
1180 5027 1633 5083 illuminationem
1683 5029 1981 5097 iustorum,

310 5174 319 5187 ί
410 5126 466 5171 et
480 5118 784 5173 oblaturum
812 5119 1201 5188 perfectionem
1237 5137 1249 5172 :
1278 5121 1429 5175 illum
1458 5129 1640 5175 autem
1667 5121 1734 5175 ad
1765 5136 1984 5190 plenam

376 5550 379 5553 _
420 5475 509 5532 ius
544 5478 612 5531 7".
636 5479 971 5550 liymeueutn
993 5485 1460 5547 ctAlexauilrum,
1498 5494 1557 5538 ut
1609 5484 1716 5539 alia
1777 5485 1990 5541 scilicet

374 5567 392 5622 ἱ

414 5206 707 5277 impiorum
743 5226 904 5279 quam
956 5212 1041 5267 his
1079 5212 1170 5281 qui
1228 5212 1611 5280 blasphemant
1670 5212 1986 5267 sacerdotes

416 5298 686 5366 indicunt,
722 5316 784 5356 ex
809 5302 1317 5359 subministrationc
1364 5302 1618 5369 Spiritus,
1652 5318 1776 5371 quae
1801 5303 1858 5357 in
1903 5303 1987 5359 eis

420 5391 736 5459 requiescit,
763 5410 887 5449 cum
913 5396 1326 5450 succendentes.
1363 5393 1590 5463 Propter
1609 5395 1754 5464 quod
1774 5404 1831 5449 et
1845 5395 1987 5448 Pau—

499 5678 548 5709 "
582 5680 699 5733 Act.
729 5697 789 5743 tl,
818 5682 909 5736 ‘27..

427 5744 472 5775 ”
511 5748 684 5804 Exod.
721 5767 827 5815 xix,
859 5754 922 5806 2t

986 5686 1031 5716 ⁷⁸
1061 5686 1186 5739 ibid.
1230 5685 1283 5747 5,
1316 5685 1369 5738 ﬁ.
1464 5686 1508 5717 ⁷⁸
1540 5684 1702 5740 Hebr.
1736 5702 1835 5751 xtl,
1864 5686 1958 5741 9.9.

2078 4585 2355 4648 cperatur,
2386 4582 2448 4629 ut
2471 4588 2568 4645 per
2599 4573 2748 4642 ipsos
2772 4575 2995 4630 terreat.
3028 4574 3084 4622 et
3114 4566 3168 4619 in
3215 4569 3515 4632 conspectu
3569 4568 3652 4613 to-

2084 4669 2192 4723 tius
2216 4666 2398 4737 populi
2435 4662 2787 4735 gloriﬁcetur,
2818 4660 2869 4716 id
2901 4667 2986 4713 est
3030 4655 3284 4711 laudetur
3318 4659 3372 4708 et
3425 4648 3652 4705 manife-

2085 4768 2259 4815 stetur
2284 4776 2299 4813 :
2326 4767 2617 4827 utrumque
2639 4754 2788 4812 enim
2838 4746 3246 4824 gloriﬁcationis
3269 4744 3501 4799 verbum
3538 4756 3656 4795 ma-

2084 4850 2324 4909 nifestat.
2359 4857 2416 4903 et
2452 4862 2573 4918 qua:
2591 4861 2659 4900 ex
2687 4845 2793 4899 hoc
2816 4840 2938 4896 laus
2994 4837 3112 4900 Dei,
3175 4843 3233 4890 et
3287 4828 3659 4888 manifestatio

2092 4941 2182 4995 sit.
2213 4939 2376 4994 David
2433 4939 2611 4993 dicit:
2677 4934 2816 5000 Quia
2860 4932 3040 5003 justus
3090 4926 3347 4981 Dominus
3392 4922 3656 4994 justitiam

2092 5034 2298 5095 dilexit,
2327 5032 2626 5102 wquitatem
2655 5028 2785 5082 vidit
2815 5024 2987 5079 vultus
3012 5021 3124 5092 ejus
3152 5018 3222 5071 εί.

2163 5122 2224 5177 In
2256 5122 2335 5175 In's
2356 5120 2518 5173 tacuit
2533 5117 2729 5170 Aaron.
2765 5114 2891 5168 Sive
2925 5120 2983 5165 ut
3002 5107 3163 5175 LXX,
3218 5114 3551 5176 compunctus
3585 5113 3660 5155 est

2095 5216 2293 5270 Aaron.
2336 5210 2570 5266 Ecclesia
2602 5207 2876 5266 videlicet.
2902 5218 3008 5273 qua
3062 5214 3261 5269 corpus
3309 5191 3660 5265 intelligibilis

2093 5307 2273 5360 Aaron
2306 5299 2541 5357 Ecclesia
2582 5305 2685 5362 est,
2712 5294 2856 5351 unde
2887 5295 3003 5363 ipse
3024 5288 3159 5344 dixit
3191 5304 3206 5340 :
3236 5284 3420 5350 Saule,
3478 5281 3658 5344 Saule,

2095 5396 2221 5462 quid
2254 5412 2333 5449 me
2358 5391 2680 5463 persequeris
2699 5388 2769 5443 ⁸⁸.
2794 5387 2930 5442 Item
2961 5378 3244 5452 discipulis
3264 5379 3331 5433 de
3358 5374 3661 5445 suscipien-

2096 5487 2244 5547 tibus
2272 5500 2367 5540 cos
2391 5483 2525 5539 dixit
2555 5500 2568 5536 :
2598 5480 2699 5546 Qui
2720 5495 2806 5535 vos
2845 5475 3081 5545 suscipit,
3116 5489 3196 5527 me
3218 5470 3436 5538 suscipit
3465 5465 3533 5521 ⁸⁸.

3201 5674 3241 5702 ⁷⁸
3277 5672 3293 5726 Ι
3330 5670 3471 5725 Tim.
3501 5683 3540 5732 t,
3570 5665 3658 5723 ΞΟ.

2063 5687 2109 5720 ⁷⁸
2136 5684 2179 5741 Il
2209 5684 2348 5739 Tim.
2383 5683 2573 5747 "1,16.
2651 5680 2697 5711 '"
2719 5678 2876 5733 Cant.
2904 5694 2977 5733 tv.
3018 5676 3098 5730 l0.

1027 5753 1073 5786 ⁸ο
1108 5756 1269 5810 llcbr.
1309 5770 1402 5821 xu,
1444 5757 1529 5812 Η.
1600 5756 1640 5788 ⁸⁷
1681 5747 1831 5812 Ρεειιξ
1856 5774 1911 5824 ι,
1938 5757 1970 5809 8

2070 5758 2108 5789 "
2148 5757 2244 5812 Act
2298 5772 2372 5821 ιι,
2401 5755 2452 5810 ι.
2525 5753 2570 5785 ⁸³
2598 5750 2844 5814 Marcus,
2868 5747 2954 5802 56.
