4044 6224
351 339 456 403 897

1489 341 1572 401 IN
1618 343 2060 405 LEVITICUM.
2104 369 2167 380 ··-
2211 347 2358 410 LIB.
2391 346 2471 408 II.

3502 355 3612 423 898

427 472 446 505 ι
495 452 718 508 Vocavit
785 459 968 510 autem
1027 451 1237 526 Moyses
1293 451 1575 508 Mizaelem
1637 466 1693 511 et
1767 456 1936 513 Elisa-
1967 466 2008 518 Α
2041 460 2372 522 moriamini,
2405 469 2462 515 et
2489 476 2654 532 super
2701 477 2920 518 omnem
2967 471 3170 520 emtum
3225 465 3435 522 oriatur
3467 467 3612 524 indi-

350 545 499 616 pban
553 545 689 600 ﬁlios
741 543 926 600 Ozihel
968 547 1144 615 patrui
1184 548 1386 611 Aaron,
1420 555 1476 601 et
1525 548 1601 602 ait
1655 549 1722 604 ad
1784 565 1879 605 eos
1919 571 1930 604 :

352 635 452 698 ite,
506 636 677 691 tollite
697 637 895 691 fratres
927 647 1138 693 vestros
1181 639 1250 694 de
1286 648 1582 710 conspectu
1614 642 1930 706 sanctuarii,

351 737 405 783 et
455 737 734 798 asportate
796 737 949 785 extra
1024 740 1223 785 castra.
1286 730 1591 802 Statimque
1651 743 1935 804 pergentes

352 821 594 875 tulerunt
637 837 731 876 eos
773 823 915 876 sicut
953 823 1243 891 jacebant,
1293 824 1520 878 vestitos
1595 825 1752 880 lineis
1787 824 1933 879 tuni-

350 910 450 976 cis,
487 920 544 966 et
589 913 871 982 ejecerunt
899 913 1063 979 foras,
1096 924 1156 968 ut
1193 915 1294 969 sibi
1322 914 1500 970 fuerat
1526 915 1869 986 imperatum.
1909 935 1927 968 ι

420 1003 504 1056 Ab
538 1004 624 1058 his
665 1005 759 1073 qui
785 1020 882 1060 eos
907 1006 1211 1074 ejecerunt,
1262 1021 1357 1061 eos
1411 1006 1504 1076 qui
1537 1007 1758 1069 sublati,
1817 1009 1934 1063 sive

348 1094 508 1165 ejecti
537 1102 688 1160 sunt,
729 1095 998 1166 intelligo.
1041 1094 1147 1161 Qui
1177 1103 1361 1150 autem
1389 1096 1630 1157 fuerunt,
1681 1097 1773 1166 qui
1807 1112 1931 1152 sus-

349 1181 640 1236 tulerunt?
698 1182 884 1237 Mizael
917 1193 974 1238 et
1032 1182 1350 1254 Elisaphan,
1401 1186 1517 1240 sive
1566 1185 1824 1241 Misaddai
1878 1195 1933 1242 et

348 1270 668 1342 Elisaphan,
700 1290 940 1343 quorum
976 1289 1118 1329 unus
1134 1276 1438 1330 attrectatio
1458 1275 1579 1337 Dei,
1603 1276 1652 1331 id
1687 1285 1771 1331 est
1802 1275 1930 1333 Mis-

348 1361 510 1438 addai
544 1381 558 1418 :
595 1363 887 1434 Elisaphan
942 1371 1126 1418 autem
1161 1364 1254 1418 Dei
1281 1367 1383 1419 mei
1415 1366 1627 1435 specula
1657 1366 1928 1436 interpre-

350 1459 515 1506 tatur.
535 1451 855 1522 Quicunque
872 1470 1000 1525 ergo
1033 1455 1134 1509 scit
1166 1464 1457 1510 attrectare
1489 1457 1680 1520 Deum,
1705 1457 1930 1528 insuper

349 1552 531 1598 autem
586 1552 642 1598 et
690 1546 980 1613 Speculari,
1049 1553 1105 1600 et
1167 1544 1370 1600 Christi
1442 1548 1664 1618 quidem
1706 1565 1925 1604 carnem

351 1647 740 1693 contrectare:
783 1640 1055 1715 speculari
1104 1650 1286 1695 autem
1345 1657 1445 1712 per
1489 1643 1678 1698 oculos
1725 1643 1928 1698 mentis

349 1729 882 1795 divinitatem,sicut
907 1730 1147 1786 Thomas
1189 1748 1352 1786 manu
1411 1743 1758 1788 contrectans
1801 1749 1925 1789 car-

351 1839 498 1888 nem,
531 1832 587 1878 et
615 1823 720 1878 ﬁde
742 1824 1036 1892 speculans
1058 1824 1422 1890 divinitatem,
1454 1826 1669 1881 dicebat
1700 1841 1713 1878 :
1744 1826 1919 1880 Domi-

350 1933 448 1970 nus
483 1933 629 1970 meus
659 1924 708 1968 et
753 1915 891 1968 Deus
915 1931 1062 1969 meus
1084 1915 1150 1970 ⁸⁸.
1184 1914 1282 1972 Hic
1300 1916 1480 1988 ignem
1509 1918 1700 1973 aliena:
1724 1918 1928 1973 doctri-

349 2022 434 2062 nae
462 2007 695 2071 auferre,
730 2017 784 2061 et
837 2006 1036 2075 ejicere
1079 2008 1228 2061 illum
1269 2024 1392 2061 cum
1441 2009 1662 2076 tunicis,
1714 2025 1744 2064 a
1791 2009 1931 2063 facie

351 2108 664 2154 sanctorum
698 2108 905 2168 potest,
955 2101 1082 2168 quia
1137 2114 1388 2169 persona:
1443 2112 1753 2156 sanctorum
1805 2109 1931 2155 sunt

350 2189 659 2244 sacerdotes
680 2205 690 2238 :
711 2188 904 2243 tunica:
923 2198 1102 2242 autem
1120 2189 1487 2256 sacerdotum,
1505 2190 1846 2244 conversatio
1877 2200 1932 2244 et

352 2282 483 2346 vita,
524 2298 646 2352 qua:
675 2283 726 2335 in
766 2281 1056 2337 sacerdotii
1081 2281 1382 2336 induuntur
1415 2282 1625 2337 habitu.
1644 2283 1784 2354 Ergo
1808 2299 1930 2337 cum

351 2374 682 2440 sacerdotio,
711 2373 854 2443 quod
895 2374 945 2427 ei
977 2382 1123 2428 sorte
1175 2374 1417 2436 obvenit,
1468 2391 1497 2428 a
1549 2376 1800 2446 portione
1847 2391 1931 2428 sa-

351 2469 614 2524 cerdotali
641 2468 1009 2538 expelluntur,
1039 2483 1149 2522 non
1181 2469 1354 2524 solum
1395 2478 1578 2525 autem
1608 2484 1638 2523 a
1673 2470 1928 2524 sacerdo-

351 2569 489 2624 tum,
520 2560 687 2614 sedet
711 2559 915 2629 populi,
947 2558 1094 2614 unde
1127 2559 1330 2612 addicit
1357 2578 1371 2613 :

425 2649 594 2704 Extra
657 2648 1079 2702 tabernaculum.
1125 2649 1567 2704 Tabernaculum
1614 2651 1759 2704 enim
1813 2648 1926 2714 Dei,

349 2740 611 2796 Ecclesiae
637 2741 871 2811 populus
890 2750 975 2796 est
1013 2757 1025 2793 :
1059 2741 1151 2795 ﬁlii
1174 2750 1354 2795 autem
1387 2740 1564 2811 patrui
1591 2742 1792 2806 Aaron,
1816 2742 1929 2796 sive

351 2831 535 2887 fratris
562 2830 762 2896 Aaron,
800 2832 852 2886 hi
877 2831 1103 2902 qnihazc
1121 2831 1302 2886 facere
1334 2841 1582 2901 possunt,
1621 2831 1923 2886 rationabi-

350 2926 477 2980 liter
509 2925 884 2979 nominantur.
913 2926 969 2980 Si
999 2925 1142 2980 enim
1179 2935 1333 2996 pater
1364 2925 1718 2994 intelligibilis
1745 2925 1928 2979 Aaron

351 3019 520 3072 David
548 3028 648 3084 est,
685 3029 739 3074 et
788 3035 886 3089 per
917 3034 1040 3073 eum
1089 3035 1250 3074 omne
1286 3035 1482 3090 corpus
1541 3021 1927 3090 pr0phetarum

348 3111 612 3165 creditur.
638 3111 940 3180 Pmphctias
965 3111 1163 3181 quippe
1177 3126 1299 3164 eum
1333 3111 1678 3165 manifestum
1700 3111 1926 3178 faciunt,
1955 3132 1997 3190 (ς

350 3210 516 3272 atque
538 3202 941 3272 quodammodo
1003 3203 1380 3274 ignorantibus
1425 3203 1664 3273 pariunt.
1732 3203 1925 3259 Frater

349 3302 529 3348 autem
557 3309 847 3364 germanus
875 3302 948 3359 et,
981 3302 1039 3347 ut
1064 3291 1136 3345 ita
1159 3293 1390 3358 dicatur,
1430 3293 1598 3348 frater
1623 3295 1924 3364 prophetiae

349 3381 699 3454 Evangelium
731 3393 854 3438 est:
887 3383 1066 3437 omnia
1134 3383 1274 3436 enim
1342 3399 1462 3454 qua:
1505 3384 1562 3438 in
1617 3385 1924 3456 Evangeliis

347 3485 468 3530 acta
509 3486 658 3542 sunt,
682 3491 710 3528 a
735 3475 1020 3545 prephetis
1052 3475 1309 3544 prredicta
1351 3485 1496 3530 sunt.
1535 3477 1921 3548 Propterquod

347 3563 670 3636 prophetico
693 3581 943 3621 sermone
961 3566 1200 3634 adjuvari
1217 3567 1282 3619 ad
1298 3565 1591 3635 perfectam
1611 3569 1919 3636 scientiam,

347 3659 472 3728 quia
510 3659 676 3712 frater
695 3659 917 3713 fratrem
945 3659 1226 3728 adjuvans,
1261 3658 1400 3713 sicut
1429 3659 1620 3713 civitas
1648 3659 1801 3715 ﬁrma
1820 3663 1923 3718 Pe-

349 3759 468 3804 trus
496 3750 788 3820 prtecepit;
834 3751 909 3804 ait
943 3751 1088 3804 enim
1122 3765 1137 3805 :
1179 3747 1446 3803 Habemus
1481 3749 1766 3818 ﬁrmiorem
1795 3770 1922 3822 pro-

347 3843 612 3912 pheticum
640 3858 950 3904 sermonem,
977 3841 1060 3894 cui
1095 3841 1398 3911 benefacitis
1425 3842 1770 3909 intendentes,
1789 3845 1922 3897 sicut

348 3933 574 3986 lucerme
591 3933 642 3986 in
674 3934 886 3986 obscuro
911 3933 1042 3995 loco,
1077 3948 1237 4002 usque
1269 3933 1393 3985 dum
1417 3933 1526 3986 dies
1562 3932 1920 4000 illacescat,et

349 4023 557 4092 Lucifer
579 4024 786 4076 oriatur
815 4024 868 4076 in
901 4020 1141 4075 cordibus
1173 4023 1354 4076 vestris
1376 4021 1453 4089 ⁸⁸;
1501 4020 1552 4077 id
1617 4034 1701 4077 est
1749 4039 1920 4093 usque

346 4113 476 4165 dum
504 4113 556 4164 in
590 4113 744 4167 vobis
774 4111 1086 4182 evangelica
1144 4112 1373 4166 scientia
1403 4113 1624 4167 clarcat.
1653 4113 1772 4168 Filii
1809 4113 1920 4168 fra-

349 4203 447 4256 tris
473 4204 642 4272 patris
667 4203 870 4268 Aaron,
905 4204 1043 4258 bene
1074 4213 1128 4258 et
1157 4203 1321 4257 nimis
1349 4212 1476 4272 apte
1507 4203 1585 4269 hi,
1611 4203 1702 4273 qui
1749 4220 1921 4259 evan-

347 4293 1076 4363 gelicamconversationem
1146 4294 1475 4360 didicerunt,
1540 4295 1818 4362 dicuntur,
1867 4307 1923 4351 et

349 4383 448 4436 hos
474 4385 564 4453 qui
596 4385 699 4438 alia
734 4386 955 4448 docent,
982 4400 1211 4455 arguere
1272 4393 1326 4440 et
1379 4386 1668 4455 repellere,
1732 4396 1921 4457 utpote

2040 553 2246 622 gnatio.
2300 553 2518 608 Fratres
2566 553 2752 622 vestri,
2812 564 2868 610 et
2892 555 3074 611 omnis
3136 556 3332 614 domus
3376 557 3614 615 ﬁliorum

2039 643 2205 697 Israel
2241 644 2499 715 plangant
2537 644 2870 712 incendium,
2916 648 3062 716 quod
3087 647 3350 704 Dominus
3381 650 3616 704 suscita-

2037 733 2134 788 vit.
2159 734 2268 790 Vos
2294 746 2477 791 autem
2522 753 2631 791 non
2679 739 2998 810 egredimini
3054 739 3200 794 fores
3252 741 3612 808 tabernaculi,

2037 827 2270 894 alioquin
2291 829 2556 898 peribitis,
2586 829 2764 884 oleum
2790 831 2991 899 quippe
3008 840 3210 885 sancta:
3241 832 3514 886 unctionis
3529 841 3616 887 est

2036 933 2201 987 super
2214 933 2325 972 vos.
2343 919 2444 984 Qui
2459 918 2708 974 fecerunt
2724 921 3068 990 omniajuxta
3082 931 3354 991 praceth
3364 922 3610 993 mMoysi.

2105 1003 2225 1057 Non
2258 1003 2571 1074 ignoramus
2598 1005 2726 1075 quid
2761 1007 2987 1077 cydares
3017 1007 3328 1079 signiﬁcent
3357 1010 3614 1064 sacerdo-

2036 1102 2174 1162 tum,
2209 1096 2419 1151 scilicet
2439 1097 2565 1166 quia
2597 1097 2776 1152 omnis
2806 1097 2912 1151 viri
2960 1106 3126 1167 caput
3157 1097 3430 1164 Christus,
3450 1109 3616 1170 caput

2032 1184 2231 1242 Christi
2277 1197 2482 1254 autem,
2502 1188 2643 1244 Deus
2679 1208 2694 1244 :
2721 1189 3032 1243 necessarie
3056 1191 3268 1260 cydaris
3289 1191 3613 1258 signiﬁcatio

2031 1278 2429 1346 quadammodo
2459 1287 2543 1334 est
2588 1278 2746 1334 simul
2804 1278 3077 1350 Unigeniti
3133 1281 3508 1342 humanitatis,
3558 1289 3617 1335 et

2031 1367 2332 1425 divinitatis
2361 1387 2374 1423 :
2403 1371 2507 1426 hoc
2536 1371 2681 1425 enim
2710 1380 2766 1425 et
2813 1386 2910 1440 per
2929 1369 3141 1442 cydaris
3155 1373 3612 1442 compositionem

2029 1461 2280 1531 superius
2313 1462 2828 1517 demonstravimus.
2850 1463 2990 1531 Ergo
3024 1471 3612 1532 quae-oporteatcusto-

2027 1549 2146 1604 dire
2178 1551 2488 1606 sacerdotes
2517 1560 2571 1605 et
2605 1551 2858 1606 doctores
2887 1552 3148 1621 praecepit
3181 1569 3194 1604 :
3221 1552 3274 1606 id
3309 1561 3488 1617 est,ut
3509 1568 3613 1609 nec

2028 1640 2367 1696 divinitatem
2398 1641 2624 1704 Christi,
2648 1657 2750 1696 nec
2811 1642 3209 1698 humanitatem
3244 1653 3467 1714 negent,
3507 1659 3613 1700 nec

2027 1731 2423 1797 contradicant,
2450 1731 2575 1800 quia
2603 1731 2745 1786 Deus
2775 1746 2844 1785 ex
2874 1731 3008 1797 Deo,
3039 1740 3094 1787 et
3123 1731 3360 1786 Verbum
3402 1742 3486 1788 est
3541 1749 3611 1791 ex

2031 1821 2207 1876 Patre.
2243 1820 2356 1877 IIoc
2384 1834 2464 1878 est
2495 1823 2642 1877 enim
2680 1823 2921 1894 cydarim
2949 1839 3056 1879 non
3098 1824 3314 1880 auferre
3341 1841 3371 1880 e
3407 1825 3610 1896 capite,

2031 1914 2288 1970 videlicet
2308 1931 2419 1969 non
2455 1915 2665 1971 nudare
2715 1915 3288 1988 intelligibilicydare.
3345 1915 3453 1971 Sed
3510 1933 3616 1972 nec

2032 2004 2503 2073 dispensationem
2573 2015 2832 2071 renuant,
2897 2017 2992 2062 aut
3049 2007 3452 2077 hlaspbement.
3507 2009 3613 2075 Qui

2031 2099 2174 2151 enim
2202 2097 2406 2152 Christi
2432 2099 2892 2170 dispensationem
2917 2100 3318 2170 hlaspbemant,
3353 2104 3610 2156 sacerdo-

2034 2189 2194 2243 talem
2231 2199 2490 2260 rumpunt
2519 2192 2710 2245 stolam
2743 2208 2757 2244 :
2807 2191 2931 2261 quia
2961 2207 3152 2246 omnes
3182 2192 3398 2262 quidem
3426 2195 3605 2249 licini-

2031 2294 2132 2333 nes
2155 2279 2247 2348 qui
2283 2279 2335 2332 in
2369 2280 2648 2334 Christum
2693 2281 3064 2346 crediderunt,
3100 2283 3272 2338 multo
3293 2285 3463 2354 magis
3510 2301 3611 2339 au-

2033 2381 2139 2426 tem
2180 2372 2492 2426 sacerdotes
2529 2382 2655 2427 sunt
2686 2371 2774 2442 qui
2820 2372 3099 2428 Christum
3141 2375 3482 2429 induerunt:
3534 2377 3608 2431 si-

2030 2464 2247 2533 quidem
2266 2464 2578 2534 quicunque
2606 2464 2659 2518 in
2679 2465 2898 2519 Christo
2929 2465 3184 2534 baptizati
3220 2482 3428 2529 sumus,
3450 2467 3609 2522 (Zhrio

2033 2563 2172 2608 stum
2207 2555 2503 2620 induimur,
2547 2555 2664 2609 lucc
2718 2563 2942 2626 agentes
2973 2556 3305 2623 sacerdotes,
3343 2573 3444 2611 nec
3490 2573 3610 2612 mo-

2031 2647 2258 2710 rientur,
2309 2662 2408 2701 nec
2465 2647 2871 2718 congregationi
2950 2648 3387 2717 superinducunt
3446 2650 3606 2706 iram.

2031 2736 2449 2806 I‘raepositorum
2479 2738 2620 2790 enim
2647 2737 2772 2790 vitia
2822 2735 3207 2790 oﬁ'endiculum
3237 2743 3367 2790 sunt
3416 2739 3608 2806 subje-

2031 2828 2153 2890 etis,
2173 2837 2227 2882 et
2248 2829 2418 2882 multo
2443 2829 2613 2898 magis
2643 2829 2926 2882 doctorum
2963 2829 3246 2898 discipulis
3286 2845 3475 2883 eorum
3512 2828 3608 2883 irae

2030 2921 2122 2973 Dei
2152 2920 2289 2973 ﬁunt
2311 2921 2542 2974 occasio.
2578 2919 2805 2989 Propter
2848 2921 2993 2990 quod
3047 2929 3102 2974 et
3135 2936 3352 2974 omnem
3382 2922 3606 2975 domum

2030 3010 2217 3076 Israel,
2258 3027 2476 3065 omnem
2523 3011 2774 3065 videlicet
2832 3010 3152 3076 Ecclesium,
3211 3013 3469 3082 plangere
3519 3013 3606 3066 in-

2029 3097 2278 3150 cendium
2307 3113 2415 3167 quo
2437 3099 2642 3152 incensi
2665 3109 2792 3152 sunt
2821 3114 2851 3152 a
2881 3098 2988 3152 Deo
3009 3100 3124 3152 vult
3153 3118 3166 3152 :
3191 3102 3314 3168 quia
3343 3102 3603 3156 damnum

2032 3188 2286 3242 Ecclesiae
2342 3189 2506 3242 unius
2552 3189 2805 3254 membri,
2865 3198 2920 3243 et
2950 3190 3240 3258 cujuslibet
3295 3207 3452 3246 casus
3498 3200 3601 3256 est,

2031 3288 2234 3350 quanto
2263 3281 2430 3350 magis
2463 3280 2769 3346 doctorum,
2845 3291 2899 3335 et
2925 3282 3266 3336 sacerdotum
3332 3284 3607 3352 perditio?

2031 3372 2106 3427 Ita
2139 3382 2199 3427 ut
2229 3371 2429 3428 Paulus
2459 3373 2525 3428 de
2543 3389 2606 3428 eo
2626 3374 2716 3443 qui
2748 3373 3048 3428 fornicatus
3076 3375 3273 3440 fuerat,
3307 3375 3604 3430 Corinthiis

2031 3463 2235 3517 scribat
2266 3479 2279 3514 :
2313 3462 2381 3516 Et
2401 3479 2490 3516 vos
2522 3462 2698 3532 inflati
2735 3463 2879 3528 estis,
2915 3472 2964 3515 et
3021 3479 3124 3516 non
3173 3464 3343 3535 magis
3405 3465 3602 3519 luctum

2030 3554 2288 3608 habuistis
2320 3554 2385 3606 ⁸⁷.
2415 3553 2468 3606 Si
2517 3562 2698 3607 autem
2751 3569 2861 3606 uno
2907 3569 2971 3607 ex
3019 3553 3224 3623 populo
3277 3555 3598 3618 fornicante,

2030 3660 2247 3700 omnem
2302 3645 2598 3699 Ecclesiam
2654 3644 2836 3714 lugere
2879 3646 3157 3715 przccepit,
3204 3647 3375 3699 multo
3431 3647 3602 3715 magis

2029 3741 2246 3809 quando
2271 3741 2605 3806 sacerdotes,
2651 3749 2704 3795 et
2751 3742 3001 3794 doctores
3036 3741 3196 3809 impie
3223 3752 3462 3812 agentes,
3518 3743 3600 3796 vel

2029 3832 2472 3901 blasphemantes
2513 3831 2884 3884 inveniuntur.
2916 3831 3010 3886 llis
3051 3833 3123 3886 ita
3151 3849 3208 3885 se
3248 3834 3598 3897 halcntthus,

2029 3923 2159 3976 illud
2180 3923 2348 3992 quaeri
2372 3932 2606 3992 oportet,
2636 3923 2906 3991 quomodo
2937 3939 3059 3976 cum
3087 3939 3183 3992 per
3203 3925 3599 3992 praecedentem

2029 4012 2390 4074 sanctionem,
2421 4021 2630 4081 septem
2654 4010 2799 4065 solos
2825 4011 2938 4065 dies
2978 4028 3087 4065 non
3117 4013 3296 4083 egredi
3320 4013 3385 4067 de
3420 4015 3601 4068 taber-

2027 4108 2228 4163 naculo
2259 4107 2557 4163 testimonii
2591 4107 2962 4177 praecepisset,
3016 4108 3100 4162 his
3126 4109 3430 4178 completis,
3486 4111 3604 4165 brec

2029 4200 2174 4256 enim
2196 4199 2251 4253 in
2278 4206 2464 4252 octava
2495 4197 2584 4252 die
2607 4205 2864 4267 aguntur,
2911 4210 3100 4250 rursus
3120 4197 3198 4251 eis
3222 4197 3428 4267 Moyses
3459 4215 3603 4268 pra:-

2029 4292 2190 4362 cepit,
2224 4291 2291 4345 de
2330 4289 2468 4344 ostio
2500 4287 2832 4343 tabernaculi
2871 4303 2981 4341 non
3031 4288 3254 4358 egredi?
3306 4289 3422 4342 Non
3473 4306 3606 4362 ergo

2029 4383 2302 4439 contraria
2339 4382 2438 4435 sibi
2491 4383 2684 4447 sancit,
2755 4380 2849 4434 sed
2915 4381 3261 4434 manifestum
3325 4391 3406 4434 est
3458 4381 3604 4450 quod

346 4474 643 4544 perfectam
663 4477 926 4531 habentes
962 4478 1269 4543 scientiam,
1300 4477 1611 4546 necessario
1639 4488 1769 4532 sunt
1801 4478 1917 4533 dis-
1951 4479 1997 4538 D
2025 4473 2190 4528 alium
2215 4472 2305 4527 hic
2335 4471 2414 4525 eis
2443 4484 2722 4541 egressum
2785 4470 2908 4522 ostii
2943 4468 3276 4522 tabernaculi
3307 4468 3601 4522 testimonii

347 4565 530 4633 positi.
584 4565 660 4620 De
681 4583 788 4636 quo
841 4566 1078 4622 Joannes
1108 4567 1341 4622 dicebat.
1391 4565 1569 4621 Omnis
1599 4568 1690 4636 qui
1727 4583 1922 4636 prtere-

343 4657 444 4717 dit,
471 4666 518 4710 et
546 4674 648 4712 non
673 4668 845 4712 memet
867 4660 920 4712 in
942 4660 1179 4713 doctrina
1212 4659 1428 4720 Christi,
1474 4659 1640 4713 Deum
1687 4677 1788 4714 non
1824 4661 1923 4712 Ita-

343 4748 447 4801 bet.
485 4747 586 4812 Qui
635 4760 811 4804 manet
845 4751 900 4804 in
929 4751 1188 4816 doctrina,
1211 4749 1294 4803 ltic
1317 4761 1364 4803 et
1399 4750 1569 4818 ﬁlium
1620 4760 1668 4804 et
1721 4761 1925 4820 patrem

344 4841 519 4894 liabet.
552 4841 611 4896 Si
634 4844 749 4914 quis
780 4845 914 4897 venit
947 4845 1017 4897 ad
1065 4860 1172 4910 vos,
1221 4853 1269 4898 et
1306 4844 1442 4897 lianc
1471 4845 1768 4898 doctrinam
1822 4861 1924 4899 non

345 4932 550 5002 aﬂ‘eret,
580 4935 740 4988 nolite
771 4938 1002 5005 recipere
1032 4953 1149 4990 eum
1174 4937 1227 4990 in
1273 4937 1507 5004 domum,
1541 4953 1632 4991 nec
1652 4938 1700 4990 ei
1724 4939 1922 4992 dixeri-

344 5023 562 5087 tis,Ave
586 5024 652 5077 ⁸⁸.
689 5022 830 5096 Ergo
883 5025 1161 5095 proprium
1208 5033 1293 5079 est
1338 5039 1550 5088 eorum,
1605 5025 1699 5094 qui
1745 5023 1921 5078 edocti

342 5125 470 5169 sunt
505 5118 872 5187 evangelicam
905 5118 1230 5180 doctrinam,
1268 5133 1364 5172 eos
1394 5116 1486 5187 qui
1517 5117 1824 5171 adulterina
1870 5127 1926 5173 ct

343 5203 524 5256 aliena
567 5205 883 5274 praedicant,
917 5222 945 5260 a
977 5205 1118 5260 facie
1163 5214 1473 5260 sanctorum
1503 5215 1558 5259 et
1589 5205 1923 5261 tabernaculi

343 5297 617 5364 expellere
653 5307 815 5367 atque
850 5300 1137 5368 projicere.

422 5385 583 5442 Vens.
612 5387 666 5454 6,
695 5389 747 5445 7.
787 5407 806 5442 ε
845 5390 1084 5445 Locutus
1112 5385 1198 5446 est
1222 5391 1432 5462 Moyses
1461 5390 1527 5446 ad
1565 5391 1746 5446 Aaron
1773 5401 1828 5446 et
1855 5391 1922 5446 ad

345 5481 592 5550 Eleazar,
618 5491 784 5554 atque
808 5483 876 5538 ad
906 5483 1145 5538 Ithamar
1164 5483 1301 5539 ﬁlios
1331 5483 1452 5554 ejus
1489 5501 1500 5535 :
1531 5481 1722 5554 Capita
1742 5490 1922 5538 vestra

344 5574 520 5631 nolite
537 5575 746 5631 nudare
771 5582 826 5631 et
860 5574 1179 5659 vestimenta
1205 5575 1375 5631 nolite
1403 5574 1674 5645 scindere,
1692 5591 1761 5632 ne
1780 5575 1922 5632 forte

2031 4563 2292 4636 praecepit
2315 4563 2608 4619 custodire.
2632 4561 2765 4615 Nam
2797 4559 3034 4614 addidit:

2108 4654 2170 4710 Ut
2201 4669 2302 4706 non
2328 4652 2652 4706 moriemini.
2682 4650 2842 4720 Atqui
2864 4651 2978 4705 lucc
3013 4665 3122 4703 non
3151 4650 3366 4720 scripsit
3394 4653 3447 4705 in
3505 4670 3600 4706 suo

2031 4747 2336 4817 perioribus
2363 4761 2377 4800 :
2410 4745 2547 4816 Ergo
2574 4745 2944 4800 additamenta
2967 4747 3431 4811 comminationis,
3456 4750 3599 4802 aliud

2032 4841 2306 4910 quidpiam
2349 4855 2407 4894 se
2447 4837 2692 4893 sanxisse
2745 4837 3111 4909 signiﬁcavit:
3171 4839 3294 4907 quia
3348 4841 3492 4893 enim
3544 4852 3602 4894 ut

2033 4931 2210 5001 ignem
2227 4931 2416 4985 aliena:
2439 4928 2701 4984 doctrinae
2730 4929 3022 4984 offerentes
3045 4929 3263 4998 quidam
3291 4931 3602 4984 sacerdotes

2023 5023 2322 5094 perierunt.
2357 5023 2492 5076 Aliis
2516 5037 2628 5076 non
2683 5023 2832 5076 exire
2859 5022 3083 5091 januam
3108 5021 3372 5086 scientize,
3406 5021 3604 5075 videli-

2025 5121 2112 5169 cet
2143 5113 2365 5179 Christi,
2395 5122 2449 5167 et
2477 5111 2785 5167 traditionis
2822 5112 2960 5180 ejus,
3012 5127 3112 5181 per
3141 5128 3204 5165 ea
3256 5128 3378 5180 quas
3455 5111 3598 5166 dicta
3641 5123 3652 5144 '

2025 5214 2153 5261 sunt
2178 5205 2455 5275 praecepit,
2494 5203 2546 5258 id
2569 5212 2653 5257 est
2681 5219 2792 5256 non
2815 5203 3116 5273 transgredi
3150 5218 3268 5256 eam
3305 5218 3464 5270 quam
3485 5203 3601 5272 ipse

2023 5297 2301 5353 mandavit
2368 5295 2831 5366 praedicationem.
2905 5295 3000 5349 sed
3053 5293 3208 5362 sequi
3255 5293 3600 5348 Dominicum

2027 5397 2363 5462 praeceptum
2385 5402 2484 5457 per
2513 5387 2694 5441 omnia
2728 5405 2742 5442 :
2779 5387 2860 5441 sic
2883 5385 3028 5439 enim
3064 5385 3440 5454 unusquisque
3492 5400 3602 5438 non

2025 5481 2308 5538 morietur.
2340 5479 2453 5534 Iioc
2479 5478 2862 5534 sacerdotibus
2887 5479 3167 5547 praecepit,
3187 5475 3385 5548 quibus
3403 5485 3462 5532 ut
3483 5492 3601 5530 ma-

2024 5576 2224 5647 gistris,
2243 5582 2298 5629 et
2319 5572 2764 5645 praedicatoribus
2811 5570 2960 5626 verbi
2989 5569 3348 5626 ministerium
3368 5585 3433 5626 ex
3461 5569 3610 5627 dono

421 5747 643 5804 "toan.
681 5763 773 5816 xx,
809 5747 900 5804 28.
933 5825 938 5830 ζ
980 5749 1026 5782 ⁸⁸
1056 5747 1099 5804 II
1131 5745 1276 5805 Petr.
1308 5747 1453 5814 1,19.
1530 5749 1576 5780 "
1600 5747 1641 5802 II
1662 5747 1818 5807 Jean.
1850 5747 1904 5814 9,
1942 5750 2024 5805 i0.
2102 5751 2145 5782 "
2179 5749 2195 5804 l
2223 5747 2346 5805 Cor.
2387 5765 2438 5812 v,
2463 5747 2519 5799 θ’,
