4044 6224
456 349 571 415 8J9

1646 336 2007 402 HESYCHII
2053 336 2530 402 PRESBYTER!

3616 340 3718 410 900

456 460 681 535 :piritus
730 454 996 515 creditum
1042 464 1154 524 est,
1180 455 1249 512 de
1290 469 1406 528 quo
1442 470 1591 511 nunc
1618 455 1898 525 legislator
1927 456 2038 509 ait:
2070 465 2118 522 Α
2143 464 2327 512 autem
2353 464 2571 528 oportet
2617 470 2867 527 quaerere
2895 456 3039 528 quod
3101 440 3226 511 eum
3292 468 3355 510 ea
3422 469 3544 525 quae
3589 455 3721 527 legis

528 554 713 611 Oleum
738 553 930 622 quippe
960 559 1162 605 sancite
1203 549 1469 604 unctionis
1502 556 1576 603 est
1603 565 1760 617 super
1788 565 1892 602 vos.
1931 547 2043 601 Hu-

450 648 544 719 jus
577 655 760 700 autem
797 643 1074 698 unctionis
1106 650 1390 709 virtutem,
1433 640 1673 697 Joannes
1698 640 1856 695 nobis
1873 656 2043 695 evan-

458 738 651 811 gelista
685 736 1048 799 demonstrat,
1077 734 1270 790 dicens
1301 752 1315 788 :
1347 735 1417 789 Et
1445 751 1534 788 vos
1561 734 1857 787 unctionem
1884 740 2045 802 quam

457 830 733 899 accepistis
767 825 833 882 ab
865 844 946 893 eo,
978 836 1189 881 moneat
1246 828 1304 880 in
1339 827 1502 881 uobis.
1562 826 1628 880 Et
1678 840 1782 878 non
1836 840 2045 878 necesse

455 924 679 986 habetis,
709 931 764 976 ut
804 920 1001 990 aliquis
1043 924 1231 975 doceat
1272 935 1390 983 nos,
1423 919 1520 972 sed
1544 912 1680 971 sicut
1710 917 1886 970 unetio
1931 916 2044 985 ejus

455 1017 601 1071 docet
624 1032 715 1070 vos
747 1015 812 1068 de
840 1011 1103 1077 omnibus,
1157 1019 1206 1065 et
1226 1021 1411 1065 uerum
1446 1019 1542 1074 est,
1585 1020 1638 1063 et
1666 1025 1767 1063 non
1797 1018 1870 1062 est
1899 1024 2045 1061 men-

455 1109 666 1161 dacium
696 1106 765 1160 '3.
795 1104 925 1160 llaec
962 1102 1177 1171 Moyses
1223 1118 1322 1172 per
1349 1100 1605 1170 Spiritum
1646 1101 1928 1170 praecepit,
1987 1109 2045 1153 et

454 1200 698 1254 Ecclesia
727 1198 986 1252 custodit.
1016 1196 1161 1267 Ergo
1186 1204 1595 1264 consequenter
1617 1189 2042 1265 legislatorsub-

451 1289 590 1348 didit
622 1310 634 1344 :
675 1288 778 1354 Qui
809 1291 1044 1358 fecerunt
1058 1288 1218 1357 juxta
1250 1297 1569 1357 prwceptum
1596 1286 1787 1356 Moysi.

526 1381 688 1436 Vens.
720 1382 870 1436 8-H.
904 1399 923 1433 ι
966 1379 1113 1434 Dixit
1179 1394 1396 1448 quoque
1432 1378 1696 1433 Dominus
1724 1377 1791 1431 ad
1822 1376 2039 1431 Aaron:

454 1475 657 1531 Vinum
684 1486 737 1529 et
764 1490 927 1530 omne
954 1473 1098 1544 quod
1165 1472 1438 1527 inebriare
1476 1464 1673 1542 potest,
1700 1487 1806 1526 non
1838 1469 2042 1525 bibetis

440 1576 513 1624 tu
542 1577 598 1622 et
628 1567 721 1621 ﬁlii
753 1566 854 1630 tui,
889 1565 1106 1635 quando
1130 1564 1346 1619 intratis
1376 1565 1431 1618 in
1456 1561 1866 1619 tabernaculum
1897 1560 2042 1616 tes~ti~

454 1656 646 1721 monii,
673 1671 741 1710 ne
771 1652 1101 1719 moriamini,
1126 1652 1255 1725 quia
1287 1660 1620 1724 praeceptum
1647 1651 2038 1722 sempiternum

456 1748 515 1802 in
547 1747 931 1818 generationes
961 1753 1196 1809 vestras,
1219 1753 1297 1811 et,
1336 1753 1400 1799 ut
1456 1742 1701 1798 habeatis
1753 1741 2037 1798 scientiam

2148 560 2299 618 sunt,
2324 551 2523 608 docere
2561 551 2703 607 ﬁlios
2725 548 2888 608 Israel
2907 549 3221 607 sacerdotes
3248 550 3531 620 praecepit,
3570 548 3720 605 locn-

2147 651 2261 699 tum
2285 660 2406 700 esse
2436 645 2608 701 Deum
2630 661 2731 716 per
2770 643 3011 717 Moysen,
3045 659 3157 699 non
3198 658 3297 714 per
3322 641 3581 714 linguam,
3630 641 3722 698 sed

2146 749 2249 805 per
2274 750 2496 790 manum
2523 736 2675 792 dicit.
2707 736 2814 791 Aut
2844 726 3070 791 omnino
3106 721 3426 807 dignitatem
3458 734 3592 806 legis
3632 747 3721 789 os-

2148 827 2377 881 tendere
2410 827 2600 894 voluit,
2629 828 2756 898 quia
2793 828 3048 899 exposuit
3099 827 3319 900 quidem
3371 842 3490 881 eam
3559 824 3719 893 Deus,

2148 920 2367 991 scripsit
2395 932 2577 976 autem
2628 922 2856 995 Moyses,
2891 922 3108 993 excepit
3127 936 3259 977 vero
3291 936 3433 988 eam,
3459 920 3571 975 Deo
3604 936 3722 991 qute

2147 1009 2410 1080 diSposita
2429 1021 2558 1067 sunt
2581 1013 2833 1082 jnbente.

2225 1098 2391 1155 Vens.
2413 1101 2600 1156 12-15.
2639 1121 2657 1154 ι
2683 1102 3030 1173 Locutusque
3064 1109 3149 1156 est
3183 1099 3393 1171 Moyses
3408 1101 3476 1156 ad
3519 1102 3719 1167 Aaron,

2144 1202 2205 1248 et
2237 1191 2305 1246 ad
2334 1194 2581 1263 Eleazar,
2607 1205 2768 1264 atque
2797 1194 3038 1249 Ithamar
3063 1194 3202 1249 ﬁlios
3247 1196 3367 1264 ejus
3393 1195 3483 1263 qui
3519 1193 3722 1250 residui

2150 1296 2311 1342 erant
2347 1305 2362 1343 :
2398 1285 2593 1342 Tollite
2646 1285 2970 1342 sacriﬁcium
3008 1285 3154 1355 quod
3190 1286 3453 1339 remansit
3481 1285 3548 1340 de
3569 1285 3723 1341 obla-

2147 1379 2300 1435 tione
2333 1379 2572 1443 Domini,
2618 1385 2674 1433 et
2703 1379 2972 1433 comedite
3034 1378 3165 1432 illud
3202 1377 3409 1447 absque
3457 1376 3722 1433 fermento

2110 1456 2293 1543 'juxia
2319 1471 2514 1538 altare,
2541 1471 2667 1541 quia
2711 1469 2973 1525 Sanctum
3006 1478 3319 1524 sanctorum
3375 1477 3480 1523 est.
3533 1469 3723 1524 Conte-

2143 1563 2290 1618 detis
2318 1571 2504 1618 autem
2536 1561 2740 1616 inloco
2806 1570 3017 1624 sancto,
3066 1561 3209 1629 quod
3263 1560 3451 1615 datum
3472 1569 3556 1614 est
3603 1561 3718 1628 tibi,

2139 1664 2199 1710 et
2230 1654 2358 1710 ﬁliis
2397 1655 2505 1710 tuis
2539 1655 2607 1710 de
2635 1653 3009 1708 oblationibus
3062 1652 3298 1715 Domini,
3348 1653 3488 1707 sicut
3517 1668 3719 1722 praece-

2144 1753 2299 1815 ptum
2324 1753 2410 1798 est
2438 1742 2595 1798 mihi.
2617 1741 3001 1797 Pectusculum
3027 1757 3246 1813 quoque
3284 1741 3429 1813 quod
3477 1740 3717 1797 oblatum

454 1815 805 1897 discernendi
846 1840 990 1893 inter
1017 1846 1266 1892 sanetum
1325 1848 1380 1892 et
1440 1836 1754 1907 profanum,
1789 1840 1845 1890 et
1895 1834 2040 1889 inter
2069 1815 2111 1867 θ
2141 1845 2303 1893 estet
2327 1851 2543 1891 annum
2560 1836 2657 1906 qui
2688 1845 2973 1907 separatus
3004 1845 3109 1898 est,
3142 1835 3316 1891 edetis
3339 1837 3394 1889 in
3427 1836 3547 1891 loco
3565 1851 3720 1890 mun-

451 1933 718 2007 pollutum
753 1942 809 1987 et
832 1934 1115 1998 mundum,
1137 1931 1488 2000 doceatisque
1518 1929 1656 1984 ﬁlios
1673 1929 1840 1984 Israel
1856 1927 2037 1983 omnia

449 2022 693 2094 legitima
727 2038 869 2086 mea,
906 2037 1029 2092 quae
1051 2022 1274 2076 locutus
1311 2029 1397 2075 est
1437 2018 1703 2075 Dominus
1725 2018 1790 2072 ad
1814 2033 1910 2073 eos
1939 2028 2040 2087 per

452 2127 676 2168 manum
704 2111 897 2182 Moysi.
939 2130 958 2163 ι

524 2219 675 2275 Hanc
702 2236 874 2291 usque
907 2235 1058 2276 nunc
1104 2220 1280 2293 legem
1313 2218 1367 2273 in
1409 2216 1673 2274 Ecclesiis
1701 2217 1915 2273 invenis
1941 2228 2040 2272 etr-

452 2313 643 2369 stodiri
678 2312 903 2382 :Neque
926 2313 1077 2367 enim
1107 2311 1426 2369 omnimodo
1469 2311 1750 2367 abstinere
1815 2326 1847 2366 a
1914 2310 2040 2366 vino

448 2403 729 2475 praecepit,
764 2403 860 2458 sed
892 2401 1113 2472 quando
1141 2401 1209 2458 ad
1258 2401 1667 2456 tabernaculum
1719 2399 2037 2465 testimonii,

450 2505 547 2550 aut
579 2495 648 2550 ad
672 2496 842 2550 altare
869 2494 1240 2561 ascendimus,
1276 2492 1330 2549 id
1377 2503 1461 2549 est
1501 2494 1722 2564 quando
1751 2494 2038 2564 quodcun-

456 2599 564 2654 que
601 2583 969 2638 ministerium
1021 2583 1287 2638 doctrinae
1347 2583 1592 2639 ctelestis
1644 2585 2033 2657 contingimus.

450 2674 739 2728 Ministcrii
760 2674 931 2738 enim,
959 2674 1126 2729 altare
1150 2673 1321 2744 ﬁgura
1356 2686 1442 2729 est
1474 2693 1487 2729 :
1510 2674 1921 2731 tabernaculum
1938 2691 2038 2730 au-

456 2773 566 2820 tem
604 2765 928 2830 testimonii,
990 2765 1295 2821 caelestium
1336 2779 1522 2821 rerum
1571 2769 2035 2833 contreetationis,

454 2858 601 2913 unde
632 2867 686 2913 et
715 2857 1006 2912 Timotheo
1054 2856 1256 2911 Paulus
1317 2857 1610 2913 scribebat.
1644 2858 1772 2913 Vino
1837 2862 2039 2916 modico

452 2961 618 3017 utere,
661 2959 874 3021 propter
899 2950 1227 3004 stomachum
1266 2964 1434 3015 tuum,
1501 2960 1549 3004 et
1597 2954 1891 3023 frequentes
1918 2964 2037 3009 tuas

449 3044 792 3113 inﬁrmitates
827 3043 894 3095 ε’.
926 3042 1027 3108 Qui
1049 3050 1234 3097 autem
1270 3044 1487 3099 modico
1521 3047 1713 3111 utitur,
1751 3046 1843 3101 hic
1892 3054 2034 3103 tem-

2136 1929 2367 1984 dissimo
2390 1937 2451 1984 tu
2479 1935 2534 1982 et
2574 1926 2669 1981 ﬁlii
2698 1916 2797 1992 tui,
2821 1942 2885 1981 ac
2909 1927 3031 1981 ﬁliae
3048 1935 3155 1981 tum
3183 1937 3381 1982 tecum.
3412 1924 3537 1981 Tibi
3574 1926 3717 1981 enim

2136 2036 2204 2075 ac
2238 2020 2429 2075 liberis
2460 2020 2571 2074 tuis
2599 2018 2838 2088 reposita
2879 2029 3009 2074 sunt
3035 2021 3104 2075 de
3149 2020 3345 2074 hostiis
3390 2020 3718 2074 salutaribus

2137 2112 2377 2168 ﬁliorum
2414 2110 2599 2177 Israel,
2625 2127 2690 2166 eo
2719 2112 2866 2183 quod
2919 2127 3155 2176 armum,
3190 2120 3245 2166 et
3276 2122 3486 2182 peetus,
3513 2121 3568 2166 et
3601 2112 3718 2167 adi-

2139 2222 2258 2277 pes,
2286 2206 2377 2278 qui
2406 2215 2720 2261 cremantur
2749 2205 2804 2259 in
2827 2204 3006 2270 altari,
3032 2204 3229 2258 elevati
3255 2204 3366 2259 sint
3391 2221 3573 2260 coram
3600 2204 3710 2258 Do-

2145 2299 2296 2354 ιιιὶηο
2334 2309 2391 2355 et
2419 2299 2735 2369 pertineant
2766 2297 2833 2353 ad
2862 2305 2935 2359 te,
2963 2304 3018 2350 et
3048 2296 3113 2351 nd
3147 2295 3286 2351 ﬁlios
3316 2305 3438 2352 tuos
3460 2297 3577 2367 lege
3594 2313 3718 2366 per-

2136 2401 2321 2461 petua,
2350 2389 2491 2444 sicut
2514 2389 2772 2460 praecepit
2798 2389 3084 2442 Dominus.
3117 2406 3136 2439 ι

2207 2478 2343 2545 Quia
2363 2479 2737 2550 pectusculum
2774 2477 3156 2534 conﬁdentiam
3216 2476 3587 2543 oﬁ'erentium,
3661 2488 3716 2532 et

2137 2570 2299 2628 ﬁdem
2348 2571 2654 2644 signiﬁcat:
2708 2583 2765 2626 et
2844 2570 3151 2636 brachium,
3201 2573 3482 2641 promissae
3527 2571 3597 2627 ab
3636 2570 3717 2627 eis

2136 2664 2580 2725 conversationis
2612 2664 2905 2727 actionem.
2967 2671 3024 2719 ct
3041 2666 3440 2718 correctionem
3473 2678 3487 2714 :
3521 2663 3651 2718 satis
3683 2678 3714 2717 a

2139 2756 2372 2812 nobisin
2393 2755 2482 2811 his
2511 2770 2633 2832 quae
2660 2756 2729 2811 de
2756 2755 3020 2810 sacriﬁcio
3055 2754 3425 2825 paciﬁcorum,
3450 2769 3545 2809 seu
3570 2755 3717 2808 salu—

2139 2848 2237 2902 tari
2262 2864 2364 2920 per
2384 2860 2566 2918 partes
2613 2850 2856 2905 discussa
2912 2856 3061 2911 sunt,
3117 2847 3546 2903 demonstratum
3611 2855 3714 2900 est.

2140 2941 2247 2997 Sed
2270 2941 2623 3012 quamobrem
2654 2943 2833 2995 Aaron
2858 2940 3050 2995 etﬁliis
3080 2934 3219 3010 ejus,
3274 2956 3337 2995 ea
3398 2955 3520 3009 quas
3568 2938 3714 2993 dicta

2139 3043 2290 3100 sunt,
2321 3032 2623 3103 deputavit,
2652 3032 2764 3087 illic
2791 3033 2935 3087 enim
2960 3039 3015 3087 et
3057 3046 3247 3086 eorum
3308 3030 3715 3086 distinctionem

452 3151 587 3207 pore
617 3135 908 3191 ministerii
938 3134 1194 3190 videlicet
1218 3144 1273 3190 et
1313 3136 1597 3200 doctrinae,
1652 3135 1721 3191 ab
1778 3137 1927 3192 omni
1950 3137 2033 3192 vi-
2055 3145 2104 3204 ο
2145 3124 2426 3197 Ιθεὶειδιοτ
2455 3124 2727 3194 exposuit,
2763 3124 2908 3194 quod
2933 3124 2988 3178 hi
3015 3122 3351 3193 quidemqui
3377 3125 3558 3175 Aaron
3587 3130 3716 3175 sunt

449 3227 696 3282 uolentia
728 3234 783 3281 et
828 3226 1093 3282 ebrietate
1129 3242 1188 3282 se
1219 3226 1478 3283 abstinet.
1531 3225 1795 3282 Similiter
1848 3235 2035 3283 autem

452 3328 515 3374 ut
546 3319 859 3374 sacerdotes
883 3318 939 3373 hi
968 3319 1060 3388 qui
1090 3318 1315 3374 student
1339 3318 1514 3391 legem
1548 3320 1892 3384 custodiunt,
1911 3336 2038 3392 pro-

451 3418 579 3480 pter
607 3409 753 3479 quod
776 3424 887 3463 non
919 3409 1098 3463 solum
1138 3409 1339 3471 Aaron,
1384 3409 1480 3463 sed
1508 3418 1567 3463 et
1600 3408 1724 3465 ﬁliis
1752 3411 1893 3481 ejus,
1939 3426 2037 3466 su-

360 3567 370 3576 .
454 3503 702 3558 blimiora
735 3499 1248 3570 videlicetadeptis,
1292 3501 1609 3555 mandatum
1664 3502 1770 3557 hoc
1789 3503 2032 3559 tradidit.

450 3593 660 3648 Similia
693 3599 879 3647 autem
916 3591 1002 3645 his
1032 3590 1307 3655 etPaulus
1360 3592 1429 3646 ad
1469 3592 1741 3662 Ephesios
1794 3595 2032 3665 scripsit.

454 3683 636 3738 Notite
661 3684 919 3738 inebriari
946 3683 1090 3745 uino,
1117 3683 1172 3735 in
1198 3699 1300 3753 quo
1350 3692 1425 3737 est
1466 3685 1634 3739 omnis
1659 3684 1895 3750 luxuria,
1945 3688 2036 3741 sed

445 3777 622 3847 magis
654 3775 950 3846 implemini
976 3772 1183 3843 Spiritu
1224 3784 1407 3829 sancto
1432 3777 1515 3842 '°;
1552 3775 1802 3833 hebetem
1833 3778 2035 3848 quippe

442 3868 687 3923 ebrietas
735 3876 979 3923 mentem
1044 3866 1245 3932 reddit,
1311 3878 1367 3922 et
1411 3868 1762 3925 sobrietatem
1809 3872 1927 3942 ejus
1976 3872 2031 3928 in

442 3959 697 4015 deterius
724 3960 907 4025 vertit,
943 3968 1006 4015 ut
1031 3974 1144 4014 non
1189 3959 1564 4031 intelligantur
1596 3977 1719 4031 qua:
1775 3972 2029 4035 aguntur,

443 4067 575 4121 quae
603 4050 928 4107 testiﬁcatur
961 4051 1146 4117 Isaias,
1173 4051 1365 4105 dicens
1400 4068 1412 4105 :
1443 4051 1526 4106 Va:
1578 4052 1668 4122 qui
1718 4054 2035 4125 cansurgitis

458 4157 619 4196 mane
638 4142 708 4195 ad
739 4140 1041 4196 ebrietatem
1077 4142 1404 4207 sectandam,
1431 4150 1480 4194 et
1533 4144 1818 4212 potandum
1874 4161 2033 4217 usque

444 4232 523 4287 ad
585 4248 872 4301 uesperum,
920 4244 976 4285 ut
1014 4233 1135 4285 uino
1214 4233 1463 4286 testuetis.
1528 4232 1748 4289 Cithara
1807 4244 1855 4289 et
1891 4235 2028 4306 lyra,

443 4332 502 4378 et
536 4331 868 4394 tympanum,
897 4332 944 4376 et
964 4323 1118 4388 tibia,
1144 4332 1193 4376 et
1231 4324 1409 4377 uinum
1453 4324 1509 4377 in
1539 4325 1786 4380 conuiuiis
1823 4328 2027 4392 uestris,

442 4425 657 4485 etopus
703 4414 912 4469 Domini
970 4431 1075 4469 non
1132 4415 1409 4484 respicitis,
1462 4432 1554 4470 nec
1576 4433 1734 4486 opera
1775 4434 2029 4473 manuum

443 4500 566 4572 ejus
596 4503 943 4558 consideratis
974 4503 1042 4556 ".
1076 4502 1180 4568 Qui
1212 4513 1397 4558 autem
1450 4519 1615 4576 opera
1660 4505 1873 4561 Domini
1919 4524 2027 4565 non

450 4595 657 4660 vident,
691 4595 966 4664 quomodo
990 4593 1236 4650 dividere
1272 4594 1418 4650 inter
1457 4606 1645 4651 sancta
1700 4606 1756 4652 et
1782 4599 2028 4667 profana,

444 4696 545 4740 aut
584 4686 788 4740 munda
822 4694 880 4741 et
916 4687 1218 4749 immunda,
1242 4687 1327 4742 vel
1360 4689 1634 4759 quomodo
1653 4691 2029 4756 exhortari,ct

459 4775 774 4831 illuminare
796 4776 1055 4847 populum
1098 4777 1170 4832 de
1210 4776 1507 4849 Scripturis
1564 4782 1828 4851 possunt?
1872 4782 2028 4839 Unde

447 4867 555 4922 hoc
585 4867 899 4922 mandatum
927 4868 1218 4923 sublimius
1244 4870 1537 4926 ostendere
1559 4874 1809 4942 cupiens,
1845 4876 2022 4945 ipsum

446 4960 555 5014 hoc
579 4959 654 5014 ait
678 4959 919 5014 locutum
943 4959 1111 5016 fuisse
1135 4960 1444 5017 Dominum.
1462 4961 1568 5019 Sed
1590 4964 2029 5036 intende,quem-

440 5051 738 5107 admodum
779 5067 880 5107 nec
939 5052 1045 5107 hoc
1084 5067 1115 5106 a
1167 5052 1506 5110 districtione
1548 5070 1743 5112 eorum
1797 5073 1920 5128 quae
1968 5059 2024 5113 in

444 5140 775 5199 Pentecoste
805 5151 924 5199 acta
958 5153 1107 5210 sunt,
1157 5144 1396 5199 alienum
1427 5147 1517 5201 sit.
1546 5146 1701 5213 Quod
1732 5151 1877 5206 enim
1936 5151 2025 5208 hic

442 5238 711 5309 prmeepit
734 5252 843 5291 non
883 5236 1023 5300 ﬁeri,
1067 5235 1270 5291 factum
1321 5252 1445 5294 esse
1482 5241 1809 5310 quibusdam
1847 5246 2026 5315 suspi-

446 5328 720 5392 cantibus,
750 5328 968 5398 quando
1003 5328 1239 5397 Spiritus
1290 5331 1460 5401 gratia
1488 5333 1728 5399 advenit,
1762 5345 1817 5390 et
1840 5335 2029 5392 dicen-

446 5415 609 5472 tibus.
644 5414 781 5483 Quia
804 5431 974 5475 muslo
1004 5420 1147 5488 pleni
1170 5432 1289 5473 sunt
1318 5423 1392 5487 hi,
1424 5421 1615 5481 Petrus
1670 5435 1731 5481 ut
1782 5429 2029 5497 prohibi-

444 5514 560 5561 tum
593 5509 834 5576 negavit,
864 5511 1101 5567 dicens:
1150 5513 1268 5568 Non
1286 5516 1422 5570 enim
1468 5517 1603 5570 sicut
1658 5534 1745 5573 vos
1792 5519 2031 5589 suspica—

445 5598 597 5665 ntt'ni,
629 5599 682 5653 hi
699 5601 831 5654 ebrii
859 5614 1003 5670 sunt,
1032 5623 1146 5660 cum
1169 5608 1236 5661 sit
1300 5611 1430 5661 liora
1474 5608 1577 5661 diei
1612 5611 1767 5663 tertia
1800 5610 1867 5662 ⁸³.
1894 5609 2025 5664 Illud

2139 3217 2256 3283 ﬁlii,
2288 3216 2417 3287 quid
2444 3225 2627 3271 autem
2656 3217 2775 3288 ipse
2808 3219 2987 3271 Aaron
3018 3215 3183 3270 habet
3206 3217 3562 3284 praecipuum.
3616 3213 3717 3268 Sa—

2139 3307 2406 3365 criﬁcium
2430 3308 2575 3362 enim
2614 3309 2758 3378 quod
2789 3309 3050 3364 remansit
3087 3309 3154 3364 de
3181 3308 3478 3376 oblatione,
3504 3311 3619 3365 sive
3646 3309 3715 3363 ab

2139 3400 2479 3456 holocaustis
2530 3399 2766 3464 Domini,
2818 3401 2921 3456 hoc
2951 3402 3107 3468 dixit,
3175 3403 3320 3472 quod
3355 3411 3610 3473 superest
3645 3401 3715 3457 de

2141 3494 2342 3551 simila.
2366 3495 2570 3563 Aperte
2592 3509 2721 3565 ergo
2759 3494 2955 3563 Aquila
3002 3495 3195 3557 edidit,
3227 3494 3457 3549 dicens:
3508 3493 3713 3548 Donum

2137 3588 2278 3660 quod
2296 3586 2555 3655 reliquum
2575 3596 2647 3639 est
2680 3587 2743 3639 de
2772 3585 3053 3656 frumento.
3107 3588 3283 3658 Hujus
3334 3586 3715 3657 interpretatio

2138 3687 2222 3735 est
2250 3696 2263 3733 :
2291 3678 2453 3734 etiam
2486 3678 2591 3733 hoc
2621 3677 2767 3748 quod
2789 3676 3064 3747 legislator
3108 3678 3372 3741 subdidit,
3405 3680 3482 3732 ait
3510 3679 3656 3733 enim
3693 3692 3710 3730 :

2211 3768 2277 3823 Et
2298 3752 2553 3823 comedite
2572 3769 2765 3840 absque
2780 3771 3033 3836 fermento
3051 3769 3213 3838 juxta
3258 3769 3449 3823 altare.
3494 3767 3706 3838 Ubique

2132 3860 2743 3930 doctrinamtheologiae
2770 3859 2912 3913 hanc
2952 3858 3222 3930 signiﬁcat
3245 3859 3572 3914 sacriﬁcium
3632 3859 3703 3913 si-

2137 3955 2283 4009 milae
2313 3954 2435 4008 sine
2465 3952 2734 4008 fermento
2753 3962 3180 4022 esse,quantum
3237 3951 3306 4007 ad
3377 3952 3712 4008 exteriorem

2134 4046 2445 4101 doctrinam
2484 4045 2695 4110 volens,
2727 4045 2978 4100 similiter
3021 4045 3185 4100 etiam
3247 4046 3562 4109 ostendens,
3589 4045 3716 4116 quia

2136 4138 2472 4209 participalis
2493 4136 2740 4208 quaedam
2764 4136 2908 4208 apud
2934 4150 3037 4193 nos
3057 4145 3143 4192 est
3172 4136 3439 4208 theologia
3469 4154 3484 4190 :
3514 4138 3569 4192 in
3598 4152 3718 4194 cus-

2136 4230 2205 4285 lis
2232 4232 2438 4301 quippe
2468 4231 2589 4299 ejus
2617 4238 2702 4284 est
2731 4228 3037 4301 plenitudo.
3107 4228 3338 4300 Propter
3399 4230 3545 4299 quod
3609 4229 3718 4283 hoc

2134 4323 2280 4394 quod
2309 4322 2571 4378 remansit
2628 4321 2682 4376 id
2710 4330 2796 4377 est
2824 4320 2930 4376 boc
2958 4322 3104 4391 quod
3159 4329 3433 4390 superest,
3495 4319 3715 4376 comedi

2137 4415 2414 4484 praecepit,
2444 4422 2505 4469 ut
2526 4412 2779 4468 ostendat
2805 4428 3079 4468 summum
3129 4413 3272 4483 apud
3294 4428 3419 4467 eum
3447 4427 3589 4477 esse,
3623 4419 3716 4467 at-

2062 4479 2106 4536 θ
2133 4479 2240 4578 que
2274 4479 2747 4577 servari.0portet
2766 4513 2949 4561 autem
2979 4521 3098 4560 eam
3149 4479 3362 4560 comedi
3425 4505 3579 4574 juxta
3634 4503 3716 4559 al-

2134 4610 2267 4663 tare,
2307 4600 2359 4656 id
2382 4609 2467 4654 est
2496 4599 2698 4654 Christi
2725 4613 2946 4667 corpus,
3003 4614 3069 4652 ex
3097 4614 3164 4653 eo
3184 4597 3328 4653 enim
3361 4596 3521 4653 nobis
3550 4598 3711 4652 theo-

2132 4694 2271 4765 logia
2292 4692 2472 4751 omnis
2489 4692 2856 4746 ministratur.

2200 4783 2305 4839 Sed
2333 4784 2470 4855 quod
2497 4783 2751 4839 remansit
2783 4783 2847 4836 de
2866 4781 3045 4836 simila
3072 4782 3253 4836 Aaron
3278 4782 3377 4836 erit
3406 4791 3455 4836 et
3477 4779 3711 4852 ﬁliorum

2133 4876 2266 4945 ejus.
2294 4874 2423 4939 Quae
2447 4891 2568 4929 uero
2598 4875 2662 4928 de
2689 4872 2965 4942 sacriﬁciis
2998 4873 3343 4944 patiﬁcorum
3364 4874 3471 4928 siue
3501 4872 3713 4927 saluta-

2136 4969 2278 5023 ribus
2311 4976 2433 5023 sunt
2465 4971 2644 5023 Aaron
2668 4976 2716 5021 et
2743 4966 2974 5036 ﬁliorum
3005 4966 3119 5035 ejus
3160 4981 3180 5020 :
3240 4968 3357 5021 sive
3407 4966 3711 5022 secundum

2130 5060 2274 5116 LXX
2299 5071 2346 5116 et
2374 5060 2553 5116 domui
2584 5059 2718 5128 eius,
2761 5059 2929 5113 omnis
2961 5058 3199 5115 uideticet
3235 5057 3438 5128 populi.
3470 5057 3711 5113 Theolo-

2131 5155 2230 5226 g'tae
2251 5153 2453 5223 quippe
2478 5150 2700 5206 studere
2723 5164 2835 5204 non
2858 5150 3101 5203 omnium
3122 5157 3227 5211 est,
3252 5148 3347 5204 sed
3372 5138 3720 5213 sublimium,’

2131 5255 2186 5299 et
2235 5241 2791 5314 appropinquantium
2849 5241 3100 5305 Domino,
3149 5250 3314 5312 atque
3364 5256 3555 5296 eorum
3613 5241 3707 5310 qui

2128 5330 3050 5403 scquunturChristum.Consequi
3080 5338 3261 5385 autem
3311 5345 3433 5400 qua:
3484 5329 3552 5385 ad
3606 5343 3710 5399 pa-

2126 5426 2306 5491 ciﬁca,
2342 5441 2436 5480 seu
2468 5425 2710 5481 salutem
2766 5423 3065 5494 pertinent,
3114 5424 3277 5478 totius
3325 5423 3499 5494 plebis
3554 5429 3704 5488 sunt,

2127 5534 2249 5589 quae
2282 5520 2477 5574 domus
2504 5516 2856 5589 intelligibilis
2894 5500 3191 5573 sacerdotis
3229 5514 3560 5571 nominatur.
3603 5510 3709 5569 Est

2126 5618 2310 5663 autem
2337 5607 2600 5675 Ecclesia,
2636 5610 2705 5664 de
2730 5624 2836 5679 qua
2869 5616 2925 5663 et
2949 5606 3148 5663 Paulus
3178 5606 3312 5662 dixit
3339 5625 3352 5662 :
3394 5604 3464 5662 In
3507 5621 3704 5678 magna

517 5773 566 5808 ⁸⁸
597 5771 618 5830 Ι
659 5773 819 5832 Joant
852 5792 917 5847 tr,
967 5778 1059 5835 27.
1119 5778 1179 5851 _”
1210 5778 1397 5855 lTim.
1424 5799 1477 5850 v,
1500 5784 1593 5842 25.
1666 5785 1711 5816 °°
1744 5783 1944 5856 Ephes.
1983 5802 2034 5853 ι’,

2135 5793 2160 5837 ι.
2238 5788 2278 5816 ἰ
2306 5785 2444 5840 Psal.
2476 5803 2529 5852 ν,
2570 5784 2656 5852 ll,
2686 5783 2773 5841 l2.
2847 5786 2896 5819 ³⁸
2925 5784 3046 5841 Act.
3071 5782 3245 5855 n,l5.
