4044 6224
394 319 503 403 θυι

1513 321 1598 391 ΙΝ
1632 319 2070 399 LEVITICUM.
2108 343 2176 363 -ε
2196 318 2360 386 “LIB.
2391 321 2476 389 II.

3554 333 3663 398 902

392 448 553 506 demo
579 458 683 505 non
709 454 833 505 sunt
854 445 1025 503 solum
1053 460 1220 502 aurta
1242 458 1393 513 uasa,
1417 446 1471 501 e't
1492 452 1767 516 argentea,
1795 442 1886 498 sed
1915 442 1985 497 li-
2013 444 2062 518 Α
2086 439 2259 497 hostia
2303 441 2373 495 ⁸³.
2426 441 2692 500 Dominus
2742 452 2926 500 autem
2973 442 3144 501 dicit:
3174 443 3340 505 Omne
3389 454 3666 518 peccatum

380 554 383 555 '
396 556 531 613 gnua
547 548 597 596 et
612 540 800 612 ﬁctilia
815 539 1125 612 ".Propter
1134 537 1281 610 quod
1296 552 1403 593 non
1415 537 1749 609 estlomnium
1768 535 1980 603 theoleo

397 633 538 705 giam
561 630 800 701 assequi.

426 792 429 795 Α
469 722 632 779 Vsus.
666 721 856 778 lli-l8.
913 739 933 773 ι
970 719 1121 797 Inter
1171 720 1289 777 haec
1339 721 1559 777 hircum
1618 719 1711 791 qui
1765 719 1983 775 oblatus

397 814 576 870 fuerat
602 828 700 885 pro
748 822 996 884 peccato,
1043 827 1166 867 cum
1199 821 1468 882 quaereret
1497 811 1706 883 Moyses
1730 820 1979 866 exustum

398 906 624 977 reperit.
653 905 936 974 lratusque
964 911 1157 960 contra
1201 898 1425 958 Eleazar
1446 915 1505 958 et
1549 903 1790 965 lthamar
1840 902 1982 961 ﬁlios

400 995 606 1062 Aaron,
639 997 732 1067 qui
766 1002 1144 1052 remanserant
1193 995 1288 1049 ait.
1342 994 1453 1050 Cur
1502 1011 1615 1051 non
1669 993 1983 1050 comedistis

397 1084 635 1145 hostiam
671 1100 773 1159 pro
825 1095 1053 1158 peccato
1086 1088 1142 1142 in
1170 1087 1292 1142 loco
1349 1095 1559 1152 sancto,
1618 1101 1740 1157 qua:
1784 1086 1984 1142 Sancta

401 1185 716 1234 sanctorum
741 1176 960 1243 dicitur,
993 1185 1047 1233 et
1067 1177 1192 1233 data
1225 1184 1310 1233 est
1342 1174 1516 1245 vobis,
1543 1185 1603 1232 ut
1625 1177 1854 1248 portetis
1893 1178 1981 1232 in—

400 1269 686 1349 iquitatem
710 1267 1101 1334 multitudinis,
1117 1275 1174 1324 et
1202 1268 1369 1325 oretis
1392 1282 1494 1341 pro
1520 1281 1584 1324 ea
1607 1267 1661 1322 in
1686 1276 1981 1338 conspectu

401 1360 617 1416 Domini
648 1378 663 1416 :
695 1359 999 1433 prasertim
1027 1374 1153 1415 cum
1174 1359 1245 1416 de
1277 1359 1543 1434 sanguine
1581 1358 1727 1421 illius
1772 1373 1884 1413 non
1912 1358 1986 1419 sit

401 1437 616 1516 illarum
643 1453 787 1513 intra
811 1449 1031 1520 Sancta,
1059 1460 1115 1507 et
1139 1452 1427 1511 comedere
1448 1466 1572 1507 eam
1586 1450 1899 1509 debueratis
1926 1449 1984 1505 in

398 1544 734 1613 sanctuario,
761 1544 902 1605 sicut
929 1553 1260 1617 praeceptum
1285 1552 1375 1605 est
1398 1543 1556 1601 mihi.

469 1635 613 1707 Quia
639 1650 804 1697 omne
829 1645 1115 1708 peccatum
1142 1652 1242 1708 per
1260 1635 1640 1708 pmnitentiam
1667 1634 1905 1702 deletur,
1930 1643 1987 1692 et

398 1727 527 1800 quia
556 1725 614 1785 hi
640 1726 734 1797 qui
767 1726 1089 1796 praedictum
1134 1735 1419 1796 peccatum
1448 1725 1681 1782 alterius
1700 1725 1985 1795 doctrinae,

400 1825 459 1875 et
487 1815 829 1887 blasphemia
862 1814 1280 1883 commiserunt,
1307 1815 1502 1873 salvati
1531 1832 1644 1872 non
1673 1826 1823 1883 sunt,
1851 1832 1987 1873 cau-

401 1921 519 1963 sam
545 1906 823 1979 legislator
848 1905 1037 1977 huius,
1065 1922 1189 1978 quae
1208 1906 1290 1963 eis
1319 1907 1441 1964 sine
1467 1907 1845 1965 misericordia
1886 1924 1985 1964 ve-

399 1997 506 2065 nit,
540 1996 737 2054 mortis
758 1997 1006 2069 exponit.
1035 1996 1177 2055 Hinc
1201 1996 1506 2054 introducit
1529 1996 1739 2070 Moyses
1770 1998 1987 2057 hircum

398 2105 503 2163 pro
529 2100 775 2164 peccato,
800 2091 1143 2165 pauitantia:
1176 2091 1432 2148 videlicet
1452 2091 1781 2147 oblationem
1814 2108 1829 2147 :
1861 2092 1986 2163 quia

399 2198 655 2256 querens
683 2183 997 2255 exquisivit,
1056 2182 1201 2257 sicut
1254 2182 1401 2245 LXX
1433 2183 1624 2251 edunt,
1685 2182 1832 2254 quod
1880 2192 1986 2251 est,

399 2273 560 2330 valde
588 2273 859 2349 quaesivit.
884 2270 1171 2344 lratusque
1198 2272 1275 2329 ait
1312 2273 1400 2328 his
1456 2274 1550 2344 qui
1603 2273 1781 2345 relicti
1830 2282 1990 2328 erant

402 2360 531 2416 [iliis
564 2363 769 2427 Aaron,
798 2361 945 2432 quod
993 2376 1101 2421 non
1145 2362 1488 2417 comederint
1535 2362 1640 2418 hoc
1691 2361 1838 2432 quod
1890 2377 1989 2432 pro

402 2460 626 2524 peccato
657 2463 777 2509 erat
801 2453 859 2508 in
890 2452 1011 2509 loco
1037 2460 1250 2518 sancto,
1279 2452 1334 2508 id
1378 2459 1463 2508 est
1485 2467 1588 2524 pro
1612 2466 1682 2508 eo
1703 2451 1848 2525 quod
1876 2467 1993 2523 pte-

403 2545 715 2612 nitentiam,
747 2545 803 2605 in
841 2543 1144 2605 Ecclesiam
1169 2543 1447 2601 commissi
1475 2545 1685 2616 peccati
1715 2544 1898 2616 peragi
1931 2552 1992 2601 ut

405 2638 743 2707 sacerdotes,
770 2654 885 2695 non
910 2636 1149 2694 iecerint
1181 2655 1195 2693 :
1226 2637 1363 2709 ipsis
1385 2637 1531 2692 enim
1555 2637 1844 2695 comedere
1870 2650 1992 2707 quas

404 2744 508 2801 pro
532 2738 760 2800 peccato
780 2737 931 2796 sunt,
962 2738 1019 2785 et
1044 2743 1203 2785 orare
1228 2727 1559 2795 orationem,
1588 2743 1712 2799 qua:
1761 2735 1848 2783 est
1895 2743 1993 2798 pro

406 2820 734 2894 pmnitentia
762 2820 1221 2895 congregationis,
1250 2828 1306 2875 et
1337 2819 1623 2890 acquirere
1656 2829 1991 2891 prmeeptum

406 2922 511 2970 est.
551 2913 771 2981 Quare?
797 2911 936 2979 Quia
990 2911 1243 2969 Christus
1278 2926 1371 2968 eos
1400 2911 1455 2966 in
1484 2912 1783 2982 proprium
1812 2913 1992 2975 locum

407 3003 657 3067 ecclesiis
684 3001 993 3061 constituit.
1024 3001 1147 3073 Ipse
1178 3010 1361 3058 autem
1386 3015 1500 3057 suae
1541 2999 1835 3057 oblationis
1864 3014 1993 3054 san-

408 3096 650 3169 guinem,
701 3110 824 3167 qua:
879 3109 979 3167 pro
1022 3100 1213 3150 nostro
1274 3091 1541 3163 sanguine
1584 3090 1764 3145 oblata
1809 3099 1894 3145 est
1938 3088 1992 3145 in

2041 513 2056 523 ν
2081 531 2369 587 dimittitur
2393 534 2710 601 hominibus,
2726 535 3052 607 blasphemia
3071 547 3254 593 autem
3279 513 3462 595 contra
3487 540 3668 608 Spiri-

2085 631 2199 677 tum
2229 639 2333 677 non
2356 625 2674 695 relinquitur
2695 627 2762 681 ’⁸.
2795 627 2909 683 Hoc
2924 629 3254 701 Petrusipso
3285 641 3451 702 opere
3479 642 3665 687 osten-

2078 714 2193 781 dit;
2224 716 2351 786 quia
2383 717 2528 771 enim
2555 719 2800 775 Ananias
2828 730 2885 775 et
2912 721 3182 792 Sapphira
3211 724 3441 793 Spiritui
3470 734 3662 780 sancto

2080 806 2299 862 mentiti
2326 818 2477 876 sunt,
2509 810 2585 863 ait
2604 811 2672 864 ad
2699 826 2795 866 eos
2829 832 2842 867 :
2878 811 3056 878 Quare
3082 813 3298 869 cazcavlt
3320 818 3553 872 Satanas
3575 834 3666 872 cor

2079 908 2312 954 uestrum
2341 901 2552 956 mentiri
2569 900 2801 972 Spiritui
2827 907 3055 960 sancto?
3114 907 3235 962 Non
3287 911 3411 963 estis
3458 912 3665 965 mentiti

2079 990 2396 1060 hominibus,
2426 994 2516 1047 sed
2548 992 2737 1048 Deo“.
2774 996 3015 1067 Tempus
3040 999 3187 1053 enim
3219 1002 3555 1070 paenitentia:
3585 1004 3666 1058 eis

2080 1098 2193 1139 non
2221 1084 2391 1152 dedit,
2413 1085 2593 1141 sciens
2624 1088 2751 1157 quia
2792 1102 2888 1142 cor
2937 1101 3201 1144 caecatum
3252 1092 3306 1145 in
3360 1102 3666 1163 transgres-

2081 1172 2256 1240 sione,
2310 1183 2364 1230 et
2421 1174 2760 1245 blasphemia
2810 1177 3038 1246 spiritus
3088 1180 3373 1239 habentes.
3400 1183 3668 1251 poenitere

2081 1279 2191 1318 non
2225 1274 2566 1335 paterentur.
2599 1266 2726 1322 Mox
2749 1268 2895 1324 enim
2926 1285 3022 1327 eos
3050 1273 3248 1340 poenali
3281 1277 3669 1331 condemnavit

2082 1361 2278 1421 morte.
2311 1356 2388 1411 Ea
2415 1370 2543 1427 ergo
2563 1372 2685 1429 quae
2712 1370 3041 1429 sequuntur,
3088 1363 3261 1433 magis
3303 1373 3573 1431 astruere,
3613 1374 3671 1421 et

2082 1445 2379 1519 explanare
2404 1461 2466 1502 ea
2490 1463 2612 1517 qua:
2646 1464 2795 1517 nunc
2826 1452 2973 1513 dicta
3003 1462 3152 1517 sunt,
3181 1466 3431 1524 possunt.

2153 1535 2318 1595 Vitas.
2354 1539 2447 1606 l9,
2476 1540 2568 1599 20.
2611 1558 2630 1592 ι
2665 1539 2975 1612 Respondit
3000 1542 3181 1601 Aaron
3252 1563 3267 1600 :
3325 1546 3519 1604 Oblata
3584 1563 3670 1607 est

2084 1624 2252 1682 hodie
2275 1626 2495 1684 victima
2524 1644 2625 1699 pro
2649 1639 2875 1700 peccato
2900 1631 2960 1685 in
2987 1630 3307 1687 bolocausto
3341 1649 3526 1691 coram
3561 1636 3667 1693 Do-

2084 1717 2270 1787 mino;
2298 1718 2432 1773 mihi
2460 1727 2645 1777 autem
2675 1721 2878 1779 accidit
2896 1722 3042 1792 quod
3069 1723 3238 1779 vides.
3260 1722 3546 1790 Quomodo
3574 1743 3671 1797 po-

2018 1824 2061 1880 B
2088 1808 2167 1865 tui
2204 1809 2495 1865 comedere
2533 1827 2677 1878 eam,
2709 1821 2808 1868 aut
2848 1814 3125 1882 quomodo
3180 1815 3399 1886 placere
3441 1816 3675 1872 Domino

2087 1897 2141 1952 in
2170 1900 2513 1957 ceremoniis
2538 1912 2725 1959 mente
2750 1902 3003 1974 lugubri?
3050 1904 3207 1970 Quod
3257 1922 3390 1965 cum
3429 1909 3674 1965 audisset

2089 1990 2319 2064 Moyses,
2356 1993 3040 2064 recepitsatisi‘actionem.
3079 2018 3100 2049 ι

2159 2084 2353 2149 Hodie,
2416 2086 2562 2155 quod
2616 2097 2830 2156 tempus
2879 2097 3135 2158 oporteat
3170 2091 3441 2163 intelligi,
3487 2102 3674 2163 aperte

2088 2174 2247 2229 nobis
2276 2174 2473 2231 Paulus
2505 2178 2724 2231 tradidit
2759 2194 2772 2231 έ
2812 2179 2950 2232 Cum
2977 2178 3207 2235 dixisset
3245 2184 3415 2251 enim,
3452 2184 3623 2241 David
3656 2202 3672 2241 :

2090 2265 2257 2329 Hodie
2283 2267 2331 2321 si
2355 2284 2530 2324 vocem
2551 2269 2664 2339 ejus
2699 2271 3000 2337 audieritis,
3030 2273 3191 2327 nolite
3220 2274 3480 2331 obdurare
3513 2278 3675 2332 corda

2088 2371 2283 2425 vestra,
2309 2361 2444 2414 sicut
2475 2361 2531 2415 in
2549 2363 3021 2418 exacerbatione”.
3050 2364 3118 2420 Et
3143 2365 3509 2437 interpretans
3539 2370 3675 2438 ipse,

2089 2454 2216 2524 quia
2243 2456 2311 2511 de
2338 2456 2594 2526 prasenti
2622 2457 2845 2527 quidem
2877 2465 3123 2528 tempore
3152 2461 3493 2529 usurpative,
3547 2477 3673 2530 pro:

2090 2545 2209 2615 prie
2245 2561 2375 2601 vero
2405 2546 2472 2601 de
2501 2555 2746 2617 tempore
2777 2548 2920 2617 quod
2951 2557 3079 2618 post
3113 2550 3407 2605 adventum
3462 2548 3675 2604 Domini

2092 2647 2197 2703 est,
2232 2638 2522 2709 oportebat
2543 2638 2769 2711 intelligi
2801 2640 2949 2709 quod
2984 2640 3196 2696 dictum
3226 2650 3312 2696 est
3348 2660 3363 2696 :
3397 2643 3520 2697 vide
3547 2642 3676 2711 quid

2092 2724 2357 2779 subdidit.
2431 2725 2700 2792 Quoniam
2759 2743 2889 2798 ergo
2939 2738 3193 2798 superest
3268 2730 3535 2798 quosdam
3589 2730 3680 2786 in.

2094 2818 2264 2873 troire
2285 2817 2340 2872 in
2374 2832 2517 2883 eam,
2542 2827 2598 2873 et
2638 2818 2695 2873 hi
2732 2820 2932 2889 quibus
2974 2821 3257 2891 prioribus
3293 2824 3679 2880 autiuntiatum

2094 2915 2201 2974 est,
2236 2923 2347 2965 non
2372 2909 2705 2965 introierunt
2741 2922 2965 2982 propter
2999 2914 3456 2975 incredulitatem,
3484 2916 3681 2969 iterum

2095 2998 2353 3053 terminat
2383 2999 2526 3054 diem
2558 3001 2872 3070 quamdam,
2906 3002 3067 3056 hodie
3102 3002 3157 3057 in
3203 3001 3370 3058 David
3422 2999 3681 3068 'diceudo,

2094 3091 2221 3153 post
2249 3092 2461 3139 tantum
2489 3086 2769 3155 temporis,
2802 3088 2943 3143 sicut
2973 3105 3138 3160 supra
3183 3090 3388 3155 dictum
3440 3101 3544 3157 est,
3597 3092 3683 3147 di-

354 3230 357 3233 .
411 3162 693 3256 ἐθηειιιω,
716 3162 1156 3245 ξηιιιένῖάειίεει
1187 3184 1246 3242 in
1276 3184 1555 3261 εωιεειεπη
1584 3182 1991 3248 habitationem,
2021 3167 2065 3225 (Ξ
2098 3189 2263 3229 cens:
2296 3162 2466 3229 Hodie
2501 3176 2548 3230 si
2572 3193 2748 3232 uocem
2779 3178 2894 3248 ejus
2915 3180 3215 3242 audieritis,
3239 3183 3399 3236 nolite
3422 3182 3685 3237 obdurare

409 3279 467 3336 in
501 3288 803 3349 conspectu
834 3277 1014 3335 Patris
1048 3276 1133 3332 sui
1162 3276 1380 3335 obtulit.
1414 3276 1481 3331 Et
1536 3274 1592 3329 in
1625 3275 1745 3339 loco
1782 3282 1992 3341 sancto,

409 3370 644 3426 dicimus
675 3378 855 3426 autem
885 3368 1176 3427 ecclesiam
1208 3366 1422 3433 comedi
1476 3366 1583 3435 hoc
1639 3364 1993 3433 sacriﬁcium,

409 3461 479 3518 ad
522 3455 903 3531 remissionem
933 3498 950 3524 ,
1017 3466 1075 3514 et
1136 3457 1577 3529 propitiationem
1638 3464 1988 3528 peccatorum

410 3551 693 3626 praecepit.
714 3548 947 3620 Propter
981 3549 1124 3619 quod
1145 3539 1221 3603 ait
1242 3547 1453 3620 Moyses
1483 3567 1498 3604 :

481 3642 938 3711 Quemadmodum
968 3649 1288 3712 prwceptum
1316 3649 1392 3695 est
1414 3640 1565 3694 mihi.
1586 3638 1642 3697 ld
1665 3647 1770 3705 est,
1799 3653 1996 3710 quem-

411 3730 703 3797 admodum
777 3731 1030 3804 prtecepi,
1087 3726 1143 3787 et
1211 3731 1466 3793 mandavi
1525 3749 1539 3786 :
1593 3730 1794 3787 Christi
1852 3732 1997 3787 enim

411 3847 601 3905 gerere
630 3820 918 3903 personam
965 3827 1130 3889 etiam
1189 3827 1411 3900 Moysen
1455 3825 1713 3883 diximus.
1770 3824 2001 3896 lnquirit

411 3929 595 3976 autem
625 3933 734 3974 non
767 3917 1048 3989 ignorans,
1104 3931 1233 3971 nam
1265 3915 1541 3987 quomodo
1591 3915 1649 3968 in
1687 3913 2001 3984 praeceden-

415 4014 564 4071 tibus
608 4027 830 4069 causam
887 4009 1115 4077 addidit,
1169 4024 1305 4064 ~cum
1347 4007 1577 4065 dixisset
1606 4007 1755 4063 enim
1787 4006 1999 4063 hircum

413 4120 516 4178 pro
540 4112 768 4175 peccato
799 4116 1053 4174 quaerens
1081 4100 1378 4172 exquisivit
1423 4098 1657 4172 Moyses,
1701 4097 1843 4153 illico
1870 4097 2002 4155 sub—

414 4197 556 4255 didit
590 4216 604 4252 ε

487 4289 559 4345 Et
584 4289 670 4345 hic
696 4290 938 4345 incensus
969 4295 1087 4343 erat
1118 4304 1137 4342 :
1164 4286 1271 4343 sive
1300 4295 1541 4347 exustum
1561 4285 1771 4354 reperit.
1804 4283 2003 4341 Osten—

414 4385 574 4452 dens,
607 4392 667 4440 ut
694 4383 825 4455 quia
859 4381 1084 4437 alterius
1114 4379 1379 4436 doctrina
1405 4387 1713 4450 peccatum,
1745 4377 2004 4448 blasphe-

414 4478 527 4537 mia
578 4487 663 4532 est
710 4476 767 4531 in
815 4483 1067 4539 sanctum
1124 4472 1415 4543 Spiritum,
1458 4480 1682 4543 propter
1710 4470 1857 4542 quod
1887 4469 2004 4526 Ste-

414 4569 632 4643 phanus
656 4567 910 4641 doctores
930 4565 1267 4641 Judgorum,
1287 4563 1790 4642 uttprasvaricantes
1802 4562 2001 4633 legem,

417 4667 475 4716 et
504 4657 909 4737 inobedientes,
960 4655 1054 4714 sed
1081 4654 1232 4733 durae
1261 4653 1512 4719 cervicis,
1551 4661 1608 4709 et
1657 4651 1777 4708 duri
1824 4648 2005 4711 cordis

418 4751 678 4824 appellat,
711 4760 771 4808 ut
791 4757 976 4815 autem
1003 4748 1144 4817 male
1189 4746 1678 4819 interpretantibus
1719 4745 1915 4819 legem,
1948 4752 2005 4802 et

417 4824 965 4916 prophetasldicebat
1001 4860 1015 4896 :
1052 4842 1143 4895 Vos
1188 4857 1394 4910 semper
1425 4848 1605 4915 sancto
1633 4838 1862 4910 Spiritui
1915 4855 2002 4893 re-

417 4937 629 4993 stitistis
644 4935 711 5000 9",
733 4935 1040 4994 necessarie
1060 4934 1143 4991 eis
1161 4935 1230 4990 ab
1248 4932 1574 5005 iutelligibili
1592 4932 1736 5004 igne,
1757 4932 2007 4991 videlicet

418 5028 669 5100 spiritus,
704 5043 806 5098 pro
837 5026 1159 5105 pmnitentia
1197 5025 1402 5083 oblatio
1444 5024 1623 5081 ablata
1655 5034 1760 5090 est,
1790 5033 1846 5080 et
1878 5039 2006 5096 pro-

419 5131 608 5195 pterea
664 5136 765 5201 pro
797 5129 1027 5201 peccato
1075 5121 1264 5179 hircus
1317 5129 1545 5180 exustus
1589 5119 1808 5176 dicitur.
1869 5119 2006 5187 Quia

419 5213 681 5278 scientes,
705 5220 762 5268 et
789 5212 1090 5268 voluntarie
1120 5221 1432 5284 peccantes,
1466 5211 1567 5271 etsi
1590 5227 1652 5268 se
1673 5211 1864 5267 dicunt
1891 5225 2009 5282 pm—

419 5303 638 5361 nitere:
667 5303 1084 5371 nonrpmuitent
1114 5318 1272 5374 pure,
1332 5302 1674 5374 blasphemia
1715 5302 1860 5357 enim
1914 5316 2010 5357 cor

420 5409 611 5455 eorum
633 5401 895 5459 caecatum
917 5404 1019 5453 εει.
1040 5395 1270 5467 Propter
1297 5397 1442 5466 quod
1463 5404 1520 5451 et
1531 5395 1734 5451 Paulus
1753 5395 1964 5451 dicebat
1988 5412 2006 5451 :

382 5483 745 5543 ~-Voluntarie
780 5487 923 5547 enim
974 5487 1310 5556 peccantibus
1365 5487 1512 5561 nobis
1547 5495 1663 5559 post
1710 5495 2009 5557 surreptam

421 5562 1050 5659 cognitionemceritatis,
1070 5577 1191 5657 jam
1219 5593 1320 5633 non
1340 5595 1437 5650 pro
1459 5570 1670 5648 peccato
1695 5576 2011 5649 relinquitur

495 5713 545 5788 'f
580 5713 625 5767 ll
656 5711 800 5768 'l‘im.
833 5729 898 5788 rt,
935 5712 1025 5773 20.
1103 5714 1151 5788 ’F
1178 5715 1301 5777 Act.
1336 5732 1435 5782 vn,
1481 5716 1573 5773 51.
1648 5717 1694 5751 ’⁵
1729 5714 1896 5772 llebr.
1918 5732 1974 5783 ς,

2093 5755 2097 5767 .
2171 5710 2432 5773 “Matth.
2462 5709 2683 5781 111,31.
2760 5706 3130 5773 υΑρωΑ.

425 5784 473 5821 ’⁵
508 5781 663 5840 Joan.
717 5800 808 5851 xv,
831 5784 926 5839 2‘2.

2097 3266 2261 3319 corda
2288 3274 2480 3320 vestra.
2505 3267 2560 3321 Si
2587 3269 2734 3322 enim
2769 3270 2849 3324 eis
2865 3269 3028 3325 Jesus
3056 3274 3300 3341 requiem
3320 3274 3680 3343 praestitisset,

2052 3420 2059 3425 ,
2097 3372 2375 3428 nunquam
2397 3359 2465 3413 de
2491 3359 2599 3413 alio
2652 3361 2985 3431 loqueretur.
3037 3361 3168 3419 Post
3198 3365 3340 3419 hanc
3376 3366 3518 3420 diem
3549 3379 3681 3437 ergo

2084 3449 2187 3513 ,bis
2218 3464 2342 3520 quae
2365 3450 2624 3520 praedicta
2651 3461 2780 3507 sunt
2804 3454 3133 3520 ostenditur,
3165 3456 3294 3527 quia
3325 3468 3513 3527 aperte
3542 3467 3684 3512 tem-

2097 3557 2200 3613 pus
2227 3550 2351 3613 post
2395 3542 2694 3601 adventum
2725 3545 3022 3603 Salvatoris
3047 3548 3337 3619 signiﬁcat,
3374 3549 3428 3605 in
3452 3564 3559 3618 quo
3599 3550 3685 3613 ing-

2098 3631 2392 3705 telligibilis
2424 3631 2648 3689 Sabbati
2672 3635 2991 3692 hominibus
3015 3640 3232 3707 requies
3260 3640 3551 3708 praedicata
3579 3649 3682 3694 est.

2102 3721 2216 3779 Hoc
2243 3741 2372 3796 ergo
2399 3727 2581 3783 Aaron
2609 3743 2677 3783 ex
2704 3743 2937 3798 persona
2959 3730 3142 3785 dicere
3158 3730 3434 3795 Ecclesiae,
3460 3740 3518 3786 ut
3546 3734 3686 3803 ligu-

2101 3832 2216 3875 ram
2247 3831 2443 3888 gerens
2480 3834 2592 3873 non
2618 3819 2796 3875 solum
2824 3821 3049 3884 Christi,
3077 3824 3173 3878 sed
3209 3833 3266 3878 et
3293 3824 3550 3879 Ecclesia:
3606 3825 3687 3879 vi-

2102 3896 2285 3972 detur,
2316 3914 2376 3959 ut
2424 3905 2550 3975 quia
2589 3906 2754 3962 hodie
2804 3909 3121 3977 obtulerunt
3152 3926 3274 3980 quae
3306 3924 3404 3979 pro
3463 3918 3687 3980 peccato

2102 4011 2203 4051 suo
2230 4005 2378 4061 sunt,
2409 4004 2462 4051 et
2489 3996 2807 4055 holocausta
2857 4015 2975 4064 sua,
3012 4001 3064 4055 id
3100 4010 3201 4061 est,
3239 4004 3367 4071 quia
3422 4014 3546 4072 post
3590 4005 3688 4059 ad-

2106 4096 2330 4147 ventum
2355 4087 2658 4144 Salvatoris
2681 4090 2927 4160 deputati
2955 4102 3084 4147 sunt
3111 4092 3446 4158 ministrare,
3498 4107 3555 4150 et
3603 4096 3693 4151 ol-

2104 4178 2249 4236 ferre
2284 4195 2382 4250 pro
2402 4181 2748 4252 poenitentia,
2775 4192 2831 4238 et
2857 4183 3296 4259 philosophicam
3328 4188 3492 4242 vitam
3516 4204 3693 4259 expo-

2105 4287 2261 4339 nere,
2286 4272 2394 4330 alia
2421 4273 2682 4329 docentes
2707 4276 3027 4347 reprehensi
3057 4286 3209 4344 sunt,
3238 4288 3293 4332 et
3319 4278 3443 4333 talia
3503 4280 3559 4334 in
3612 4281 3692 4339 eis

2107 4363 2368 4425 Ecclesia:
2399 4367 2742 4445 acciderunt,
2763 4376 2823 4423 ut
2850 4371 3198 4425 sacerdotum
3221 4380 3278 4426 et
3308 4372 3698 4443 magistrorum

2034 4499 2080 4556 Β
2108 4457 2321 4531 lugeret
2357 4474 2425 4514 ex
2450 4458 2790 4528 blasphemia
2836 4460 3192 4516 accedentem
3235 4473 3490 4529 mortem,
3545 4474 3702 4521 recte

2110 4552 2400 4608 comedere
2446 4552 2608 4623 hodie
2637 4569 2737 4623 pro
2787 4561 3011 4623 peccato
3050 4569 3162 4609 non
3196 4557 3392 4625 potuit,
3426 4572 3530 4615 nec
3570 4572 3702 4615 ara-

2111 4642 2550 4725 tionem'adepta
2584 4645 3036 4725 estpocnitemia,
3095 4647 3223 4717 quia
3282 4648 3538 4705 videlicet
3584 4650 3694 4705 Do-

2111 4722 2267 4793 mino
2298 4734 2520 4793 Christo
2567 4722 2909 4806 displicebat.
2957 4737 3212 4793 Subdidit
3253 4748 3459 4804 autem,
3509 4741 3698 4808 hodie,

2112 4835 2175 4882 ut
2198 4828 2535 4892 ostenderet,
2565 4827 2694 4901 quia
2713 4828 2758 4883 si
2784 4836 2912 4885 ante
2960 4830 3344 4885 remissionem
3397 4828 3702 4887 Salvatoris

2111 4919 2220 4975 hoc
2250 4928 2585 4990 peccassent,
2614 4917 2846 4979 forsitan
2867 4928 2923 4976 et
2946 4920 3346 4992 ignosceretur,
3376 4931 3435 4977 ut
3461 4923 3698 4976 necdum

2112 5013 2353 5086 perlecta
2381 5011 2554 5068 ellusa
2585 5013 2832 5080 scientia,
2892 5013 3035 5069 unde
3058 5023 3115 5068 et
3168 5013 3426 5070 Dominus
3455 5015 3533 5068 ait
3579 5032 3593 5068 :
3636 5012 3695 5068 Si

2114 5121 2219 5161 non
2250 5104 2523 5180 venissem,
2570 5115 2618 5160 et
2646 5104 2852 5161 locutus
2891 5107 2965 5159 eis
2996 5107 3232 5176 fuissem,
3280 5116 3552 5177 peccatum
3593 5123 3695 5162 non

2116 5199 2421 5257 habuissent
2446 5216 2458 5252 :
2503 5214 2642 5252 nunc
2666 5208 2848 5254 autem
2868 5200 3256 5253 excusationem
3287 5215 3392 5252 non
3418 5198 3610 5252 habent
3632 5199 3697 5255 de

2112 5302 2328 5365 peccato
2358 5290 2535 5354 suo”,
2569 5288 2623 5344 id
2668 5298 2754 5345 est
2781 5288 3235 5347 satisfactionem.
3269 5287 3393 5342 Haec
3412 5301 3545 5358 ergo
3574 5303 3696 5343 cum

2112 5384 2358 5443 audisset
2380 5382 2735 5455 intelligibilis
2755 5382 2985 5453 Moyses,
3016 5381 3221 5451 placuit
3246 5380 3317 5446 ei,
3357 5379 3484 5448 quia
3510 5379 3695 5435 Eccle-

2112 5478 2250 5535 siam
2274 5476 2485 5543 invenit
2504 5491 2661 5532 suam
2690 5475 2994 5532 doctrinam
3013 5474 3435 5531 custodientem.
3461 5472 3615 5540 Quod
3643 5480 3699 5528 et

2116 5586 2225 5629 nos
2244 5571 2507 5636 scientes,
2522 5569 2592 5626 ab
2605 5567 2757 5624 omni
2787 5567 3012 5638 quidem
3037 5566 3143 5622 alia
3168 5567 3439 5633 doctrina,
3464 5576 3523 5622 et
3550 5566 3698 5623 blas-

3222 5707 3269 5742 ⁹⁶
3283 5706 3428 5765 Psal.
3458 5721 3603 5778 xciv,
3641 5704 3720 5811 εἴ
