4044 6224
1810 220 1968 236 υο-νσερ

401 339 508 408 903

1595 336 1955 398 HESYCHII
1997 333 2470 398 PRESBYTERI

3549 317 3658 388 90$

401 458 620 528 plremla
669 454 1039 511 abstineamus
1118 449 1494 506 Giarilin‘cmtts
1543 460 1727 504 autem
1799 450 1973 504 solum
2006 460 2048 515 Α
2082 449 2322 520 Spiritus
2346 447 2540 511 sancti,
2563 458 2713 501 nunc
2738 453 2790 500 et
2817 457 3053 514 semper,
3088 451 3142 496 et
3172 438 3228 496 in
3256 438 3456 497 secula
3478 453 3659 498 sacu-

401 551 676 606 viventem
695 562 886 602 verum
921 547 1113 606 Deum,
1141 555 1194 598 et
1222 559 1419 598 nomen
1445 543 1638 609 Patris,
1672 552 1726 598 et
1749 543 1888 611 Filii,
1923 551 1980 598 ct

2084 543 2284 597 lorum.
2317 541 2508 595 Amen.

1472 907 1906 998 LIBER
1975 903 2650 998 TERTIUS.

969 1277 1424 1342 PREFATIO.

475 1373 940 1441 Quemadmodum
970 1376 1116 1431 Deus
1143 1391 1253 1430 non
1297 1375 1499 1430 frustra
1549 1381 1857 1430 maturam
1885 1387 1984 1427 va-

406 1467 597 1522 rietate
623 1467 930 1538 complevit,
954 1468 1051 1523 sed
1086 1477 1148 1522 ut
1177 1483 1242 1522 ex
1293 1465 1602 1522 differentia
1655 1463 1987 1519 conditionis

403 1571 506 1612 nos
533 1557 874 1628 disciplinam
905 1557 1152 1620 artificis,
1177 1565 1234 1612 et
1284 1557 1406 1626 quis
1450 1553 1522 1610 sit
1565 1555 1982 1624 conjiceremus.

403 1645 536 1701 Nam
549 1649 640 1717 qui
656 1648 823 1703 cmlos
835 1647 1145 1712 intendunt,
1161 1661 1229 1702 ex
1243 1647 1503 1701 varietate
1518 1653 1788 1700 astrorum
1807 1643 1979 1698 maxi-

401 1750 550 1789 mum
567 1703 767 1790 Ieorum
794 1735 1081 1800 artiﬁcem,
1110 1744 1274 1805 atque
1299 1735 1639 1790 conditorem
1668 1732 1982 1803 intelligunt
2011 1703 2054 1759 Β

403 1825 598 1882 Deum.
630 1828 738 1882 Sed
774 1837 829 1883 et
859 1828 951 1898 qui
985 1836 1186 1882 terram
1209 1827 1583 1888 considerant,
1616 1840 1682 1880 ex
1709 1823 1982 1880 diderenti

403 1919 690 1988 positionis
716 1922 836 1990 ejus
869 1919 1087 1987 habitu,
1119 1919 1174 1974 id
1195 1928 1284 1975 est
1310 1932 1377 1972 ex
1411 1917 1750 1981 animalium,
1775 1915 1983 1986 virgul-

406 2017 700 2080 torumque
723 2011 1083 2070 etseminum.
1106 2010 1362 2079 omnique
1383 2009 1502 2078 ejus
1522 2007 1832 2064 dilIerentia
1857 2021 1981 2062 eum

400 2112 757 2170 cognoscunt.
796 2101 903 2155 Sed
934 2110 990 2155 et
1019 2101 1075 2154 hi
1105 2101 1196 2170 qui
1256 2101 1324 2155 ad
1354 2100 1676 2154 immensam
1720 2113 1982 2169 aquarum

401 2190 752 2245 diﬂusionem
788 2191 1129 2246 transferunt
1153 2191 1326 2255 visus,
1368 2206 1436 2245 ex
1465 2191 1754 2260 spirituum
1779 2204 1878 2258 per
1905 2189 1986 2244 di-

405 2295 560 2334 versa
594 2281 950 2350 proveniente
981 2289 1154 2348 motu,
1194 2281 1497 2334 insularum
1539 2295 1776 2350 quoque,
1831 2287 1984 2334 ceto-

404 2388 633 2440 rumque
662 2373 1056 2444 magnitudine,
1081 2383 1138 2428 et
1165 2373 1420 2426 distantia
1449 2374 1700 2442 pistzium,
1727 2374 1984 2428 innume-

404 2465 765 2533 rabiliumque
799 2480 1060 2536 generum
1093 2465 1336 2529 natione,
1371 2463 1540 2518 Deum
1579 2479 1700 2518 esse
1721 2464 1984 2519 factorem

404 2555 568 2624 hujus
594 2557 760 2610 etiam
794 2557 1021 2611 visibilis
1054 2556 1302 2610 sentiunt
1343 2565 1608 2610 creaturae
1643 2571 1656 2607 :
1697 2555 1788 2609 Sic
1819 2555 1982 2609 etiam

407 2649 576 2718 legem
605 2659 763 2703 ornat
785 2650 1037 2704 omnibus
1065 2651 1374 2720 praeceptis,
1407 2652 1714 2720 producens
1731 2650 1986 2705 videlicet

406 2740 706 2807 hominem,
755 2749 809 2794 et
853 2757 1003 2795 nunc
1064 2741 1117 2795 in
1165 2741 1552 2794 sacriﬁciorum
1595 2740 1984 2808 oblationibus,

407 2845 555 2884 nunc
584 2842 764 2885 autem
799 2832 850 2884 in
877 2831 1122 2885 ciborum
1168 2833 1514 2895 abstinentia,
1550 2847 1696 2886 nunc
1721 2833 1884 2887 etiam
1929 2834 1985 2888 in

405 2921 692 2975 curatione
713 2922 1077 2991 corporalium
1110 2924 1422 2977 morborum
1457 2924 1748 2993 aliquando
1803 2935 1985 2980 autem

408 3020 466 3065 et
494 3013 545 3065 in
574 3013 897 3082 quibusdam
927 3016 1320 3078 contractibus,
1355 3015 1542 3084 quales
1559 3030 1679 3069 esse
1701 3015 1901 3070 debent
1928 3016 1987 3070 hi

406 3103 501 3171 qui
524 3119 738 3173 semper
762 3106 947 3159 volunt
974 3121 1096 3161 esse
1149 3121 1272 3160 cum
1330 3107 1462 3170 Deo,
1520 3107 1794 3176 przecepit.
1847 3107 1988 3177 Ergo

406 3190 518 3260 jam
546 3193 612 3247 ad
637 3193 750 3262 ipsa
782 3195 914 3264 legis
946 3197 1112 3250 verba
1139 3196 1446 3252 veniamus.

1022 3345 1250 3402 CAPUT
1294 3346 1386 3401 Xl.

482 3475 771 3529 Venet-8.
814 3496 832 3527 ι
869 3477 1109 3532 Locutus
1141 3488 1225 3534 est
1260 3479 1524 3535 Dominus
1566 3480 1635 3535 ad
1681 3480 1899 3553 Moysen
1938 3491 1994 3536 et

412 3565 590 3620 Aaron
609 3567 797 3622 dicens
821 3586 834 3620 :
859 3568 1031 3622 Dicite
1063 3570 1186 3624 tiliis
1215 3571 1380 3625 Israel
1406 3573 1568 3626 :Htec
1598 3572 1991 3626 suntanimalia

411 3674 530 3727 qua:
565 3660 851 3713 comedere
884 3660 1095 3715 debetis
1113 3662 1178 3714 de
1203 3663 1795 3717 cunctisanimantibus
1815 3673 1990 3719 terrm.

409 3749 586 3803 Omne
638 3752 781 3818 quod
833 3753 998 3806 habet
1038 3752 1264 3806 divisam
1292 3754 1570 3824 ungulam,
1591 3762 1647 3808 et
1675 3755 1913 3808 ruminat
1939 3755 1991 3807 in

413 3841 728 3910 pecoribus,
768 3843 1066 3897 comedetis
1102 3862 1113 3895 :
1148 3844 1413 3913 quidquid
1440 3853 1620 3899 autem
1653 3845 1912 3911 ruminat,
1941 3853 1994 3899 et

415 3932 580 3987 habet
608 3935 884 4004 ungulam,
912 3936 1007 3990 sed
1032 3951 1141 3990 non
1173 3937 1366 3990 dividit
1394 3952 1538 4002 eam,
1567 3936 1710 3991 sicut
1733 3936 1990 3998 camelus.

416 4033 702 4090 etczetera,
734 4043 843 4080 non
866 4028 1167 4083 comedetis
1189 4029 1342 4093 illud,
1365 4029 1507 4082 inter
1529 4029 1808 4083 immunda
1828 4045 1994 4099 repu-

415 4117 620 4170 tabitis.
644 4117 1037 4187 Cbirogryllus,
1064 4119 1157 4188 qui
1193 4121 1452 4184 ruminat,
1485 4120 1853 4189 ungulamque
1883 4136 1994 4174 non

415 4208 629 4270 dividit,
663 4207 975 4263 immundus
1005 4219 1108 4263 est.
1146 4210 1325 4279 Lepus
1356 4226 1591 4280 quoque,
1628 4225 1754 4264 nam
1781 4220 1836 4264 et
1877 4212 1992 4281 ipse

417 4299 674 4362 ruminat,
706 4300 798 4352 sed
823 4301 1078 4370 ungulam
1105 4314 1213 4353 non
1242 4300 1436 4354 dividit
1471 4320 1482 4355 :
1528 4310 1582 4355 et
1619 4316 1713 4355 sus
1740 4300 1832 4370 qui
1865 4316 1990 4356 cum

2083 1277 2189 1334 hoc
2243 1275 2388 1347 quod
2448 1275 2790 1334 immundum
2847 1281 2952 1336 est,
3009 1281 3208 1343 potest.
3250 1269 3408 1326 Nunc
3453 1278 3666 1335 autem.

2082 1380 2340 1441 tanquam
2360 1369 2563 1425 oblitus
2591 1381 2754 1438 quam
2779 1367 2846 1422 de
2876 1367 2958 1421 eis
2983 1365 3282 1436 protulerat
3308 1361 3661 1427 sententiam,

2081 1463 2327 1533 quadam
2357 1463 2579 1532 quidem
2629 1457 2946 1516 animalium
2980 1457 3203 1524 munda,
3239 1454 3488 1527 quaedam
3523 1454 3661 1509 dixit

2082 1554 2384 1609 immunda.
2420 1553 2560 1625 Ergo
2583 1551 2831 1622 quaedam
2869 1557 3033 1604 erunt
3059 1547 3222 1613 bona,
3249 1547 3494 1618 qua-dam
3550 1560 3662 1600 non

2084 1643 2247 1698 bona.
2279 1643 2384 1699 Sed
2419 1658 2529 1697 non
2561 1650 2646 1697 est
2669 1642 2765 1707 ita,
2797 1655 2925 1696 nam
2952 1639 3057 1694 etsi
3085 1637 3153 1692 ad
3191 1635 3466 1693 modicum
3494 1634 3660 1692 casti-

2084 1751 2211 1808 gare
2229 1735 2543 1791 Judaaorum
2573 1733 3022 1806 γαστριμαργίαν
3051 1730 3288 1793 volebat,
3321 1738 3502 1783 tamen
3534 1741 3662 1782 vera

2085 1826 2218 1896 legis
2255 1825 2623 1882 consideratio
2660 1823 2947 1879 manifesta
2974 1830 3078 1888 est,
3112 1828 3167 1874 et
3193 1817 3490 1888 spiritualis
3521 1831 3664 1885 prae-

2084 1927 2364 1988 ceptorum
2409 1915 2699 1986 expositio.
2759 1913 3067 1983 Qualesque
3117 1919 3333 1982 oportet
3391 1924 3511 1964 esse
3555 1907 3664 1978 legi
3759 1927 3770 1938 ε

2084 2010 2324 2064 studium
2349 2009 2562 2073 dantes,
2589 2008 2807 2064 docenti
2827 2006 3188 2061 intentionem
3239 2001 3515 2075 legislator
3563 2001 3663 2056 lia-

2083 2101 2198 2156 bet.
2223 2101 2276 2156 Si
2309 2102 2452 2156 enim
2477 2116 2578 2155 non
2605 2101 2656 2154 in
2683 2100 2792 2154 solo
2817 2114 2953 2168 pane
2979 2097 3102 2152 vivit
3131 2099 3304 2159 homo,
3327 2095 3418 2148 sed
3443 2095 3496 2147 in
3523 2093 3665 2147 omni

2085 2200 2239 2247 verba
2269 2195 2408 2264 quod
2431 2193 2662 2262 procedit
2695 2193 2758 2245 de
2785 2207 2876 2244 ore
2901 2189 2998 2244 Dei
3024 2189 3069 2250 ⁵.
3107 2188 3249 2243 sicut
3297 2187 3454 2257 panis
3486 2185 3660 2239 nutri-

2085 2291 2328 2337 mentum
2361 2289 2446 2338 est
2471 2282 2737 2352 corporis,
2769 2282 2848 2336 sic
2903 2289 2957 2335 et
3009 2279 3090 2334 lex
3123 2279 3216 2333 Dei
3266 2277 3663 2333 nutrimentum

2087 2383 2171 2428 est
2200 2374 2414 2436 animas,
2441 2382 2628 2443 utpote
2655 2371 2934 2426 rationalis
2967 2369 3215 2424 rationali
3239 2369 3413 2424 virtus
3447 2380 3502 2423 et
3533 2369 3664 2423 SUD-

2087 2467 2358 2521 sistentia.
2391 2464 2457 2519 Et
2489 2466 2632 2521 sicut
2662 2465 2717 2518 in
2753 2463 3130 2534 superioribus
3159 2479 3224 2517 ex
3257 2463 3345 2517 his
3391 2477 3512 2533 qua:
3565 2461 3666 2514 im-

2087 2557 2382 2622 moluntur,
2411 2556 2605 2627 ﬁgurat
2625 2571 2719 2610 eos
2743 2556 2837 2626 qui
2869 2554 3130 2619 oderunt,
3174 2569 3273 2624 per
3302 2569 3460 2608 ovem
3496 2553 3665 2623 signi-

2089 2647 2258 2704 ﬁcans
2289 2647 2610 2718 simplicem,
2637 2663 2732 2718 per
2752 2648 2984 2704 vitulum
3021 2649 3405 2702 mandatorum
3463 2661 3661 2716 opera-

2091 2750 2288 2803 torem,
2312 2755 2409 2810 per
2443 2739 2660 2795 haedum
2691 2756 2819 2794 vero
2841 2741 3216 2810 ptenitentem,
3240 2740 3320 2795 sic
3332 2739 3497 2794 etiam
3520 2754 3665 2792 nunc

2089 2833 2358 2902 signiﬁcat
2389 2847 2484 2902 per
2514 2831 2789 2899 animalia,
2821 2847 2916 2888 eos
2961 2832 3054 2902 qui
3091 2831 3172 2887 eis
3213 2839 3542 2897 vescuntur;
3589 2830 3667 2884 ait

2089 2940 2234 2979 Clllm
2264 2939 2376 2980 3102

2015 3045 2057 3102 ο
2163 3014 2388 3070 Locutus
2413 3025 2486 3071 est
2519 3016 2772 3071 Dominus
2807 3015 2877 3071 ad
2904 3014 3118 3086 Moysen
3149 3025 3198 3070 et
3220 3015 3399 3069 Aaron
3441 3016 3615 3071 dicens
3645 3030 3667 3070 :

2091 3104 2262 3158 Dicite
2289 3106 2416 3175 ﬁliis
2459 3107 2676 3162 Israel:
2709 3108 2834 3161 Haec
2877 3117 2997 3161 sunt
3042 3107 3302 3161 animalia
3336 3123 3451 3178 qua
3495 3123 3667 3161 come-

2090 3198 2211 3250 dere
2241 3199 2431 3252 debetis
2451 3200 2512 3252 de
2527 3201 2722 3253 cunctis
2749 3201 3107 3254 animantibus
3153 3209 3327 3254 terra.
3355 3200 3671 3256 Communis

2091 3299 2174 3343 est
2209 3290 2312 3352 lex,
2342 3291 2657 3347 mandatum
2686 3291 2792 3347 hoc
2817 3292 2882 3347 ad
2909 3307 3100 3347 omnes
3115 3293 3371 3362 pertinet.
3398 3294 3670 3362 totiusque

2093 3382 2278 3452 populi
2315 3393 2398 3437 est
2418 3384 2756 3453 justiﬁcatio.
2775 3384 2945 3456 Loqui
2975 3385 3122 3440 enim
3153 3385 3275 3440 ﬁliis
3303 3385 3492 3449 Israel,
3521 3387 3668 3440 omni

2093 3473 2347 3529 videlicet
2393 3477 2615 3547 p0pulo,
2647 3479 2927 3548 praecepit.
2991 3477 3131 3544 Quid
3168 3489 3354 3534 autem
3412 3479 3668 3550 praecepit

2093 3566 2236 3635 loqui
2259 3567 2282 3619 ?

2165 3658 2288 3712 Ha'c
2308 3669 2428 3712 sunt
2457 3660 2716 3714 animalia
2739 3677 2856 3730 qua!
2890 3662 3158 3715 comedere
3184 3662 3400 3728 debetis,
3432 3662 3496 3716 de
3542 3678 3667 3715 cun-

2095 3752 2190 3804 clis
2220 3753 2582 3808 animantibus
2608 3762 2786 3808 terrea.
2804 3753 3155 3824 Nequaquam
3201 3764 3384 3809 autem
3439 3755 3666 3816 diceret,

2095 3841 2162 3895 de
2220 3843 2591 3898 animantibus
2649 3853 2829 3911 terrae,
2885 3845 2993 3898 nisi
3053 3845 3412 3900 intentionem
3445 3845 3670 3900 haberet

2095 3934 2162 3988 ab
2212 3935 2540 3990 animalibus
2577 3937 2890 3992 cmlestibus
2937 3937 3303 4007 distinguendi
3343 3955 3357 3991 :
3394 3937 3465 3991 ibi
3525 3937 3666 3990 enim

2095 4025 2270 4079 leonis
2319 4041 2442 4080 esse
2485 4026 2715 4090 vultum,
2749 4035 2806 4081 et
2844 4026 3020 4091 vituli,
3071 4036 3129 4080 et
3176 4027 3390 4095 aquilae,
3431 4026 3573 4080 sicut
3615 4036 3672 4081 et

2096 4115 2358 4181 hominis,
2394 4118 2522 4172 dum
2562 4117 2813 4172 Ezechiel
2835 4122 2856 4152 ³
2888 4118 3141 4172 animalia
3174 4117 3456 4173 Cherubin
3483 4117 3669 4182 tradit,

2095 4207 2334 4264 edocuit.
2366 4207 2505 4278 Ergo
2535 4209 2588 4262 in
2615 4208 2930 4263 cmlestibus
2958 4208 3285 4262 animalibus
3305 4207 3551 4262 custodia
3578 4215 3671 4262 aut

2096 4299 2200 4353 alia
2229 4299 2721 4369 circumspectione
2747 4315 2856 4355 non
2885 4314 3128 4370 egemus,
3170 4307 3232 4354 ut
3277 4314 3670 4371 cognoscamus

417 4392 675 4462 ungulam
703 4391 928 4458 dividat,
961 4407 1070 4446 non
1095 4391 1330 4446 ruminat
1351 4410 1364 4446 :
1385 4391 1578 4446 borum
1610 4392 1867 4447 carnibus
1881 4407 1990 4445 non
2024 4380 2072 4440 Ι)
2097 4405 2216 4460 qua:
2242 4390 2352 4445 sint
2372 4390 2596 4444 munda.
2629 4388 2823 4445 Omnia
2853 4390 3001 4445 enim
3049 4390 3301 4445 similiter
3351 4391 3554 4444 munda
3617 4398 3670 4445 et

415 4484 738 4546 vescemini,
760 4498 864 4538 nec
885 4484 1148 4538 cadavera
1186 4482 1514 4554 contingetis
1543 4482 1669 4552 quia
1710 4482 1989 4537 immunda

414 4584 547 4630 sunt
572 4577 742 4632 vobis.
783 4595 800 4629 ι

495 4665 620 4720 llaec
682 4668 750 4721 de
778 4669 976 4736 quibus
1020 4683 1166 4724 nunc
1202 4682 1381 4724 sermo
1414 4675 1517 4734 est,
1561 4665 1629 4722 ad
1658 4665 1774 4736 ipsa
1809 4664 1990 4721 divina

416 4757 631 4826 eloquia
669 4760 958 4812 maximam
997 4759 1249 4814 videntur
1295 4760 1500 4814 habere
1529 4757 1994 4821 contrarietatem,

417 4849 510 4918 qui
543 4847 685 4900 enim
721 4848 830 4903 Noe
859 4851 998 4904 dixit
1029 4868 1040 4902 :
1071 4850 1233 4905 Omne
1283 4851 1421 4917 quod
1470 4859 1705 4905 movetur
1756 4858 1804 4903 et
1851 4849 1997 4914 vivit,

419 4943 520 4996 erit
573 4941 712 4995 vobis
747 4943 801 4994 in
840 4942 1008 4995 cibum
1046 4957 1062 4996 :
1096 4952 1142 4996 et
1172 4943 1323 5012 quasi
1354 4942 1496 4996 olera
1547 4942 1771 4996 virentia
1803 4942 2000 4994 tradidi

423 5034 564 5088 vobis
595 5035 770 5087 omnia
805 5035 820 5064 ⁸
850 5051 863 5086 :
898 5035 1174 5102 quomodo
1199 5050 1346 5089 nunc
1397 5035 1645 5104 quaedam
1687 5035 1898 5090 comedi
1933 5035 2000 5090 de

425 5127 529 5188 bis.
555 5142 675 5196 qua:
706 5127 851 5196 prius
883 5142 1142 5180 concessa
1179 5135 1326 5191 sunt,
1361 5126 1682 5196 prohibuit?
1711 5126 1995 5192 Quomodo

423 5220 609 5282 etiam,
663 5219 881 5288 quando
932 5218 1163 5272 faciebat
1215 5217 1416 5271 bestias
1481 5227 1639 5271 terra:
1695 5218 1994 5273 secundum

426 5325 596 5378 genus
629 5327 808 5374 suum,
845 5321 898 5364 et
932 5326 1149 5381 pecora,
1184 5318 1239 5362 et
1273 5307 1502 5376 reptilia,
1540 5308 1742 5363 dictum
1769 5317 1851 5364 est
1883 5327 1895 5363 :
1929 5307 1998 5362 Et

428 5398 554 5450 vidit
591 5399 726 5453 Deus
757 5401 895 5470 quod
925 5410 1089 5453 essent
1137 5403 1271 5451 bona
1312 5399 1353 5460 ⁸,
1381 5407 1438 5451 et
1468 5414 1656 5453 rursus
1696 5415 1713 5454 :
1764 5398 2001 5470 Viditque

431 5485 567 5540 Deus
599 5499 782 5543 cuncta
811 5506 928 5560 qua:
953 5491 1091 5560 fecit,
1121 5499 1168 5542 et
1202 5499 1351 5542 erant
1383 5490 1536 5544 valde
1583 5491 1784 5546 bona'?
1815 5489 2002 5546 Nulla-

434 5588 592 5632 tcnus
653 5590 835 5634 aettem
897 5596 1017 5638 esse
1068 5583 1316 5645 bonum,
1392 5583 1625 5636 maxime
1697 5590 1752 5638 et
1823 5583 1998 5648 valde,

494 5717 665 5779 .‘Gen.
717 5739 791 5784 tx,
827 5725 880 5776 '5.
959 5727 978 5755 '
1008 5723 1146 5779 Gen.
1182 5742 1219 5789 ι,
1254 5726 1320 5780 10
1352 5736 1399 5780 οι
1426 5728 1580 5783 alibi.
1657 5728 1678 5761 ³
1708 5727 1841 5784 ibid.
1869 5728 1957 5785 5!.

2095 4492 2280 4538 sancta
2317 4491 2466 4545 sunt,
2503 4481 2641 4537 sicut
2663 4493 2852 4538 sancto
2881 4480 3013 4546 Deo,
3037 4491 3094 4536 et
3122 4497 3216 4537 eos
3243 4483 3336 4552 qui
3362 4482 3416 4536 in
3439 4482 3670 4537 circuitu

2096 4573 2216 4646 ejus
2239 4582 2371 4630 sunt
2404 4575 2706 4629 sanctificat
2735 4576 2990 4630 astantis.
3021 4573 3206 4630 Terra:
3230 4589 3362 4630 vero
3417 4575 3672 4629 animalia

2095 4683 2209 4724 non
2239 4670 2419 4723 omnia
2447 4677 2575 4723 sunt
2601 4669 2825 4735 munda,
2866 4683 2976 4724 non
3009 4677 3232 4738 propter
3269 4677 3544 4732 naturam,
3577 4667 3672 4722 sed

2097 4769 2322 4831 propter
2368 4769 2617 4814 nostrum
2660 4775 2943 4817 excessum
2965 4769 3017 4816 et
3059 4762 3185 4832 quia
3211 4776 3310 4832 per
3331 4760 3672 4833 iniquitatem

2097 4861 2348 4906 naturam
2379 4851 2817 4921 depravavimus.
2854 4852 2962 4908 Sed
3018 4852 3477 4923 quemadmodum
3513 4867 3676 4907 mune

2099 4945 2286 5001 ditiam
2305 4961 2493 5000 eorum
2513 4961 2924 5017 cognoscamus,
2944 4947 3028 5002 vel
3051 4946 3474 5013 immunditiam,
3495 4961 3559 5002 ex
3590 4944 3677 5001 bis

2100 5052 2221 5106 quae
2248 5045 2552 5106 sequuntur
2576 5037 2898 5092 intuendum
2932 5049 3036 5094 est.

2173 5126 2342 5185 Omne
2367 5130 2501 5194 quod
2532 5128 2683 5184 habet
2709 5128 2932 5184 divisam
2957 5129 3232 5203 ungulam,
3262 5140 3310 5186 et
3360 5131 3593 5186 ruminat
3620 5131 3674 5183 in

2104 5221 2400 5292 pecoribus,
2427 5223 2722 5276 comedetis.
2754 5222 3094 5279 Animalibus
3136 5224 3373 5278 maxima
3401 5225 3574 5278 virtus
3619 5221 3674 5276 in

2107 5315 2381 5385 unguibus
2411 5330 2534 5371 esse
2585 5315 2844 5380 creditur,
2897 5331 3018 5387 quae
3071 5316 3236 5372 etiam
3297 5316 3674 5387 cognationem

2108 5403 2310 5458 habent
2339 5420 2460 5458 cum
2496 5405 2766 5460 dentibus.
2805 5405 3073 5477 Unguium
3134 5405 3399 5477 siquidem
3453 5413 3556 5472 est,
3613 5417 3673 5457 ea

2109 5493 2427 5564 discerpere
2461 5511 2583 5565 quae
2631 5505 2754 5566 apta
2785 5497 2903 5551 esui
2955 5513 3054 5568 per
3091 5497 3286 5554 dentes
3317 5497 3474 5560 ﬁunt,
3535 5492 3676 5566 quod

2111 5597 2406 5659 utrumque
2435 5590 2595 5646 nobis
2647 5589 2837 5646 Daniel
2873 5590 3054 5658 tradit,
3088 5590 3308 5660 quando
3363 5587 3504 5647 forte
3547 5597 3671 5660 pro-

2037 5728 2059 5762 ³
2082 5727 2273 5786 Matth.
2326 5749 2399 5798 tv,
2431 5733 2487 5787 4.
2562 5735 2584 5766 ³
2611 5732 2806 5788 Ezeeh.
2832 5748 2868 5798 ι,
2903 5731 2926 5785 l
2965 5748 3115 5804 seqq.
