4044 6224
367 334 476 399 905

1505 329 1588 389 IN
1624 322 2057 389 LEVITICUM.
2080 352 2145 362 -
2177 325 2321 388 LIB.
2365 325 2478 387 ΙΙΙ.

3509 329 3610 397 9&5

370 454 579 513 ponens
605 444 1019 529 regnarit,.dicit
1045 464 1061 499 ς
1105 444 1425 510 Λερὶεἱιιὺαςη
1456 442 1508 495 in
1532 440 1727 495 visione
1757 439 1940 503 noctis,
1975 447 2014 502 Α
2046 444 2099 490 et
2135 437 2224 506 qui
2256 431 2494 506 leporem
2528 438 2839 499 comedunt.
2859 447 2910 493 et
2939 438 3030 508 qui
3059 438 3441 511 chimgrﬁlom
3477 461 3489 495 :
3519 452 3612 497 ru»

370 543 421 587 et
444 549 559 589 ecce
594 535 757 589 bestia
799 542 991 606 quarta
1039 534 1301 597 terribilis,
1351 545 1509 606 atque
1554 532 1835 595 mirabilis,
1894 542 1941 583 ct

371 627 521 699 {ortis
540 627 734 691 nimis;
766 633 945 681 dentes
961 628 1153 698 ferreos
1170 627 1388 681 habebat
1419 641 1653 695 magnos,
1676 625 1943 677 comedens

372 734 530 793 atque
558 724 934 786 comminuens,
971 731 1020 775 et
1069 721 1270 791 reliqua
1309 719 1521 789 pedibus
1575 719 1683 772 suis
1734 714 1942 769 concul-

374 831 499 868 cans
524 816 565 869 ⁸.
600 814 957 885 Septuaginta
992 822 1173 869 autem
1239 811 1533 882 specialius
1569 810 1801 865 dicunt:
1838 807 1944 862 Un—

374 916 498 974 gues
522 905 595 957 eis
618 904 762 958 terei.
794 903 929 970 Quia
956 919 1083 974 ergo
1100 904 1171 957 ita
1194 912 1293 965 est,
1330 901 1555 972 ﬁgurate
1587 901 1942 964 demonstrat,

370 996 465 1066 qui
493 997 603 1049 sint
631 996 721 1065 qui
758 1006 818 1049 se
847 995 912 1049 ad
950 995 1358 1048 meditationem
1392 994 1727 1047 devoverant
1787 989 1942 1062 legis,

372 1094 558 1139 Utrum
597 1082 783 1138 mundi
842 1098 910 1136 an
940 1082 1204 1136 immundi
1241 1099 1255 1133 :
1297 1080 1572 1134 ruminare
1619 1079 1765 1132 enim
1829 1092 1944 1139 eos,

374 1185 429 1232 et
457 1175 699 1230 dividere
723 1175 976 1245 ungulam
1015 1173 1291 1243 praecepit.
1338 1171 1429 1225 Illa
1480 1168 1945 1225 autem‘animalia

372 1267 631 1337 ungulam
677 1266 923 1329 ﬁndunt,
974 1278 1313 1335 quaecunque
1375 1279 1611 1334 unguem
1663 1274 1832 1334 usque
1881 1264 1945 1317 ad

371 1358 547 1431 ipsam
574 1359 883 1413 inferiorem
910 1358 1160 1413 dividunt
1187 1358 1403 1427 pellem.
1454 1356 1596 1427 Ergo
1628 1356 1715 1412 ille
1747 1357 1946 1411 munda

372 1450 629 1505 animalia
658 1448 914 1513 comedit,
950 1447 1042 1517 qui
1076 1462 1185 1502 non
1221 1446 1395 1500 solum
1428 1445 1722 1500 meditatur
1748 1445 1944 1517 legem,

375 1545 471 1598 sed
497 1552 551 1597 et
585 1542 840 1604 ruminat,
872 1540 926 1594 id
964 1548 1049 1594 est
1078 1539 1369 1603 reconfert,
1398 1547 1453 1591 et
1491 1544 1703 1592 eructat
1733 1537 1947 1593 actione

374 1646 539 1705 atque
566 1632 843 1702 operibus.
877 1629 1151 1685 Eructatio
1207 1631 1354 1684 enim
1416 1627 1705 1684 verborum
1744 1629 1859 1693 Dei,
1894 1637 1949 1683 et

375 1722 670 1779 ruiniuatio
728 1720 1104 1774 mandatorum
1148 1729 1234 1775 Pst
1278 1728 1332 1774 et
1374 1720 1694 1775 exsecutio:
1732 1729 1950 1789 propter

375 1814 518 1883 quod
553 1813 678 1866 audi
710 1810 873 1865 David
904 1811 1176 1865 dicentem
1232 1826 1246 1863 :

374 1906 589 1961 uerbum
613 1906 824 1970 bonum,
860 1905 977 1958 dico
1016 1920 1107 1974 ego
1156 1916 1316 1971 opera
1364 1918 1478 1956 mea
1521 1903 1630 1974 regi
1659 1902 1703 1960 ".
1739 1903 1818 1956 Ad
1851 1904 1949 1957 de-

377 1998 775 2053 nuntiationem
805 2011 995 2051 eorum
1020 2011 1140 2064 qua:
1193 2003 1520 2050 consecutus
1575 2000 1659 2049 est
1696 2008 1947 2064 cperam,

378 2089 523 2143 hanc
565 2085 956 2141 eructationem
1002 2084 1292 2144 bonorum,
1327 2089 1490 2152 atque
1527 2081 1948 2136 ruminationem

384 2176 755 2246 proculdubio
788 2173 1069 2229 intellexit.
1084 2173 1201 2228 Non
1238 2180 1419 2227 autem
1446 2173 1743 2233 ruminare,
1768 2170 1864 2226 sed
1897 2180 1954 2225 et

380 2267 623 2325 dividere
659 2265 791 2336 legis
815 2265 1090 2336 ungulam.
1133 2272 1188 2318 et
1217 2264 1549 2335 distinguere
1587 2262 1821 2317 litteram
1883 2261 1953 2315 ab

376 2361 597 2433 spiritu,
642 2366 697 2414 et
728 2357 946 2414 tradere
1004 2356 1250 2427 quaedam
1303 2356 1603 2411 secundum
1667 2354 1950 2409 historiam

378 2455 574 2514 solam.
607 2452 854 2521 quaedam
880 2450 1180 2505 secundum
1228 2447 1766 2517 contemplationem,
1801 2462 1952 2515 qua:-

381 2550 504 2601 dam
542 2560 672 2600 vero
711 2541 1012 2599 secundum
1044 2550 1334 2609 utrumque
1377 2538 1702 2609 intelligere,
1763 2538 1951 2591 distri-

378 2647 523 2692 ctam
552 2636 922 2692 custodientes
960 2634 1010 2687 in
1043 2634 1124 2687 eis
1147 2632 1471 2687 divisionem
1500 2646 1638 2701 Opus
1662 2630 1947 2686 habemus.

379 2728 483 2796 Qui
515 2728 663 2782 enim
692 2727 815 2781 talis
853 2734 956 2791 est,
991 2725 1077 2779 hic
1102 2728 1512 2779 consummatus
1553 2730 1715 2791 atque
1769 2722 1951 2792 perfe-

378 2829 503 2875 ctus
530 2827 633 2880 est,
669 2827 723 2872 et
749 2825 1036 2887 propterea
1070 2815 1304 2868 mundus
1343 2821 1491 2868 recte
1536 2813 1758 2868 dicitur.
1820 2812 1953 2880 Qui-

382 2926 599 2981 cunque
631 2919 813 2965 autcm
841 2922 1006 2962 unum
1034 2906 1100 2962 de
1131 2906 1232 2972 bis,
1262 2921 1381 2975 quae
1409 2907 1552 2960 dicta
1586 2915 1735 2968 sunt,
1772 2907 1953 2961 minus

380 3003 567 3069 habet,
604 3003 692 3055 hic
718 2998 1004 3055 manifeste
1025 2997 1337 3051 immundus
1360 3006 1461 3059 est,
1493 2996 1633 3050 sicut
1657 2997 1769 3069 ipsa
1795 2999 1952 3051 docet

380 3093 517 3167 legis
551 3095 750 3156 littera,
783 3090 860 3145 ait
892 3090 1037 3145 enim
1074 3107 1088 3144 :

456 3183 579 3239 Non
604 3183 881 3238 comedetis
902 3180 1054 3244 illud,
1105 3182 1241 3235 inter
1296 3181 1566 3235 immunda
1610 3178 1943 3252 reputabitis.

381 3274 651 3347 Quidquid
677 3277 930 3337 ruminat,
969 3283 1017 3328 et
1039 3273 1193 3328 habet
1224 3274 1496 3345 ungulam,
1532 3276 1624 3328 sed
1645 3289 1748 3327 non
1768 3274 1953 3327 dividit

382 3384 501 3420 eam
539 3367 671 3420 sicut
714 3364 963 3431 camelus,
992 3374 1038 3418 et
1060 3374 1272 3424 cratera.
1300 3381 1401 3417 non
1418 3364 1716 3430 comedetis,
1743 3373 1791 3419 et
1817 3365 1956 3417 inter

381 3456 655 3512 immunda
697 3457 1026 3527 reputabitis.
1068 3454 1343 3511 Camelum
1396 3458 1682 3513 comedere
1740 3464 1956 3511 tumens

381 3566 481 3620 per
528 3549 836 3619 superbiam
887 3546 1107 3604 Judaeus
1154 3558 1302 3603 recte
1359 3548 1700 3619 intelligitur,
1763 3547 1817 3603 id
1874 3556 1958 3601 est

379 3638 585 3697 Scriba:
644 3650 701 3696 et
753 3637 1030 3705 Phariszei,
1087 3637 1154 3695 ad
1206 3656 1344 3711 quos
1392 3637 1608 3696 dicebat
1650 3638 1951 3695 Dominus:

381 3733 668 3802 Liquantes
749 3732 988 3797 culicem,
1071 3731 1333 3786 camelnnt
1384 3741 1560 3786 autent
1609 3730 1885 3802 glutientes
1907 3729 1951 3781 '.

310 3818 315 3833 '
379 3820 550 3877 Isaias
577 3823 739 3877 etiam
763 3822 898 3876 dixit
925 3840 937 3874 :
975 3816 1100 3875 lia’c
1130 3820 1269 3875 enint
1312 3821 1444 3874 dixit
1496 3821 1622 3875 mihi
1653 3821 1906 3874 Dominus
1936 3833 1955 3871 :

394 3911 558 3977 Vade,
584 3924 633 3968 et
681 3931 813 3983 pone
839 3912 1237 3985 speculatorem,
1272 3923 1320 3968 et
1364 3915 1703 3985 quodcunque
1745 3911 1954 3979 viderit,

374 4009 677 4064 annuntiat.
717 4007 784 4062 Et
806 4009 935 4063 vidit
956 4025 1169 4063 currum
1220 4010 1444 4063 duorum
1494 4009 1744 4079 equitum,
1770 4024 1957 4061 ascen-

377 4117 551 4155 sorem
586 4101 747 4167 asini,
788 4109 837 4155 et
866 4116 1192 4155 ascensorem
1248 4099 1501 4155 cameli“.
1556 4092 1662 4153 Per
1716 4098 1953 4164 asinum,

380 4195 624 4266 gentium
659 4212 673 4249 :
703 4209 801 4263 per
827 4193 1116 4256 camelum,
1147 4187 1427 4247 Judaicam
1482 4190 1955 4246 conversationem

276 4324 284 4331 .
380 4282 712 4353 signiﬁcans.
757 4281 975 4352 Figurat
1024 4281 1188 4336 etiam
1215 4277 1451 4336 litteram
1476 4281 1629 4353 legis,
1658 4296 1958 4353 eorumque

379 4389 543 4447 grave
583 4374 774 4444 jugum
817 4368 1075 4439 camelos,
1110 4382 1298 4443 utpote
1327 4374 1419 4445 qui
1449 4375 1733 4430 consuevit
1791 4390 1956 4430 onera

2046 529 2254 583 minant
2289 530 2434 584 enim
2467 538 2521 583 et
2550 530 2672 600 ipsi,
2705 532 2797 586 sed
2831 530 3083 603 ungulam
3114 548 3223 588 non
3254 534 3523 591 dividunt.
3553 536 3613 591 in

2045 620 2287 688 populari
2369 628 2550 675 autem
2634 622 2997 687 multitudine,
3060 623 3370 681 Iudaeorum
3442 642 3615 697 genus

2048 721 2337 781 utrumque
2375 727 2496 767 esse
2526 713 2788 782 accipitur
2814 732 2827 768 :
2853 715 3049 770 debilia
3076 716 3278 788 quippe
3325 732 3449 773 esse
3496 720 3617 774 anis

2047 802 2204 855 matia
2222 801 2337 857 haec
2365 803 2640 869 dicuntur,
2669 813 2805 860 teste
2836 804 3002 862 David
3056 818 3108 863 et
3133 808 3443 878 Salomone,
3464 824 3615 868 utro~

2047 907 2273 962 rumque
2323 894 2639 949 animalium
2685 896 3011 953 debilitates.
3064 900 3353 958 Salomone
3398 904 3617 973 quidem

2047 999 2170 1039 cum
2201 985 2276 1041 ait
2314 1005 2326 1038 :
2360 985 2701 1055 chusculus,
2736 990 2876 1059 plebs
2906 992 3160 1057 invalida,
3193 996 3365 1062 posuit
3390 997 3444 1050 in
3470 1007 3619 1065 petra

2048 1077 2215 1132 cubile
2235 1079 2332 1133 sibi
2359 1080 2421 1133 ³ο.
2469 1080 2638 1136 David
2671 1099 2800 1138 vero
2851 1103 2862 1137 :
2928 1084 3090 1139 Petra
3135 1089 3395 1158 refugium
3438 1091 3619 1144 crina-

2048 1169 2219 1231 ciis“.
2251 1171 2365 1225 sive
2394 1172 2750 1246 chirogryllis,
2783 1191 3015 1245 quorum
3047 1193 3216 1231 unum
3240 1187 3325 1233 est
3377 1180 3535 1235 velox
3565 1192 3618 1236 et

2049 1261 2318 1328 timidum,
2350 1281 2473 1319 cum
2501 1266 2834 1332 inﬁrmitate,
2862 1267 2913 1323 id
2932 1276 3020 1325 est
3040 1270 3230 1340 lepus:
3263 1268 3406 1326 aliud
3438 1280 3620 1327 autem

2048 1353 2226 1411 debile
2254 1357 2494 1428 quidem,
2517 1361 2612 1415 sed
2641 1372 2803 1430 rapax
2834 1365 2889 1416 et
2933 1362 3179 1425 bestiale.
3234 1370 3398 1433 atque
3428 1364 3620 1419 morti-

2050 1444 2223 1502 l'erum
2249 1450 2455 1513 dicunt,
2477 1451 2528 1506 id
2553 1458 2635 1506 est
2654 1448 3029 1524 cltirogryllus,
3060 1456 3204 1525 quod
3227 1455 3375 1510 omni
3403 1456 3621 1526 quidem

2051 1538 2280 1605 plebeio,
2309 1541 2540 1597 maxime
2571 1551 2752 1598 autem
2782 1544 3091 1601 Judteorum
3124 1546 3271 1602 inest
3308 1548 3528 1619 populo,
3556 1548 3623 1604 de

2049 1629 2246 1695 quibus
2277 1631 2414 1685 dixit
2442 1632 2611 1688 David
2645 1652 2657 1689 :
2720 1632 2923 1690 Veloces
2959 1638 3112 1705 pedes
3142 1654 3320 1693 eorum
3348 1642 3419 1694 ad
3458 1643 3624 1711 cﬂ‘un-

2050 1721 2275 1775 demtum
2323 1726 2629 1795 sanguinem
2653 1725 2717 1779 ¹³.
2778 1727 2976 1784 Timidi
3031 1737 3211 1785 autem
3264 1740 3524 1799 quantum
3570 1742 3630 1787 et

1309 1807 1585 1863 Eructavit
1635 1826 1724 1863 cor
1776 1825 1948 1863 meum
1980 1810 2021 1864 Β
2051 1812 2252 1866 inﬁrmi
2294 1811 2389 1868 lilii
2430 1814 2743 1872 Iudaeorum
2795 1819 2926 1881 sint,
2998 1832 3097 1875 vos
3153 1821 3337 1876 divina
3387 1824 3627 1879 ostendit

2058 1917 2181 1957 cum
2214 1903 2346 1958 dicit
2375 1922 2388 1957 :
2422 1904 2512 1960 Va:
2534 1908 2790 1963 cordibus
2853 1909 3101 1979 trepidis,
3150 1920 3204 1966 et
3255 1913 3507 1969 manibus
3536 1928 3625 1970 re-

2052 1994 2253 2050 missis.
2287 1996 2555 2065 lnjustitia
2607 2006 2790 2054 autem
2813 2010 3036 2070 quanta,
3068 2014 3123 2056 et
3152 2002 3341 2059 feritas
3370 2006 3512 2075 apud
3529 2022 3624 2061 eos

2051 2090 2188 2147 erat,
2224 2085 2351 2139 audi
2386 2085 2576 2141 Isaiam
2594 2087 2866 2149 dicentem
2906 2089 3213 2155 :Quomodo
3239 2094 3381 2163 facta
3413 2106 3489 2149 est
3516 2112 3626 2150 me—

2054 2175 2216 2228 retrix
2248 2176 2429 2230 ciuitas
2452 2174 2620 2246 ﬁdelis
2642 2178 2801 2247 plena
2836 2180 3067 2249 judicii?
3103 2182 3317 2252 justitia
3370 2185 3628 2241 habitavit

2053 2265 2109 2317 in
2131 2280 2215 2330 ea,
2247 2282 2383 2321 nunc
2409 2277 2582 2323 autem
2609 2271 2889 2326 homicida:
2921 2272 2985 2326 ¹³.
3013 2273 3141 2329 Post
3172 2276 3272 2330 bos
3307 2293 3459 2332 suem
3495 2278 3630 2333 dicit

2054 2374 2174 2413 esse
2204 2360 2561 2427 immundum,
2594 2363 2719 2433 quia
2747 2363 2943 2419 dividit
2967 2367 3245 2437 ungulam,
3296 2377 3351 2423 ‘et
3378 2385 3485 2425 non
3532 2386 3628 2425 ru-

2052 2452 2243 2505 minat.
2277 2450 2377 2517 Qui
2401 2468 2529 2524 ergo
2560 2455 2671 2509 sint
2704 2455 2794 2525 qui
2829 2457 3175 2522 amulentur,
3230 2475 3295 2514 ac
3341 2470 3627 2531 prepterea

2054 2543 2340 2598 comedere
2399 2545 2548 2599 illum
2616 2546 2917 2613 dicuntur,
2985 2549 3205 2604 Petrum
3264 2553 3627 2620 expositorem

2053 2644 2109 2687 et
2156 2635 2473 2706 magistrum
2525 2638 2739 2709 suscipe
2782 2653 2797 2694 :
2849 2655 2975 2694 eum
3028 2641 3227 2711 quippe
3282 2642 3375 2712 qui
3464 2643 3629 2699 habet

2055 2728 2341 2783 scientiam
2398 2729 2729 2797 divinorum,
2773 2732 2869 2788 sed
2934 2746 3044 2788 non
3108 2736 3197 2789 illa
3243 2736 3383 2791 bene
3437 2737 3628 2803 utitur,

2052 2816 2467 2887 actionibusque
2500 2817 2812 2889 incongruis
2835 2833 2954 2874 eam
2999 2822 3193 2892 polluit
3237 2823 3467 2895 vitaeque
3520 2826 3627 2881 im-

2056 2907 2269 2962 mundae
2300 2909 2654 2978 semetipsum
2687 2910 2872 2965 tradit.
2903 2910 3066 2967 Suem
3097 2915 3260 2969 etiam
3288 2915 3402 2985 ipse
3442 2916 3628 2988 appel.

2054 2995 2185 3050 lavit
2208 2997 2436 3053 dicens:
2473 2996 2666 3053 Helius
2707 3002 2886 3070 fuisset
2922 3005 2996 3057 eis
3022 3019 3121 3057 non
3146 3017 3449 3075 cognoscere
3486 3008 3628 3061 aiant

1977 3134 2019 3190 C
2056 3087 2292 3154 ittstitiw,
2326 3105 2486 3160 quam
2518 3090 2725 3160 cognita
2754 3108 2839 3157 ea,
2862 3100 3000 3145 retro
3030 3094 3217 3147 reuerti
3247 3111 3278 3148 a
3306 3097 3502 3151 tradito
3528 3098 3628 3152 sibi

2057 3188 2238 3233 sancto
2257 3181 2507 3234 mandato
2528 3196 2546 3233 :
2571 3182 2941 3253 contigitenim
2970 3183 3076 3238 illis
3109 3201 3188 3239 rcs
3217 3188 3321 3240 ceri
3348 3188 3626 3256 prouerbii,

2058 3266 2217 3322 Canis
2244 3286 2475 3325 reversus
2504 3272 2575 3325 ad
2591 3274 2842 3327 vomitum
2867 3289 3039 3339 suum,
3071 3284 3117 3328 et
3154 3293 3244 3331 sus
3269 3277 3376 3331 tota
3409 3280 3462 3333 in
3488 3281 3630 3335 cola-

2061 3361 2210 3411 tabro
2240 3360 2451 3413 caeni“.
2487 3360 2624 3427 Quia
2656 3377 2784 3434 ergo
2818 3364 3160 3421 ostendimus
3215 3380 3340 3421 eum
3388 3368 3479 3437 qui
3525 3369 3629 3442 legi

2058 3467 2276 3520 operam
2314 3451 2406 3507 dat
2436 3455 2711 3509 ruminare
2737 3454 2960 3522 debere,
2990 3457 3034 3512 is
3060 3458 3153 3528 qui
3181 3460 3302 3514 talis
3320 3469 3424 3528 est,
3442 3470 3630 3533 utpote

2059 3542 2329 3597 sordidam
2381 3543 2591 3599 habens
2653 3546 2839 3612 vitam,
2898 3556 2954 3602 et
3016 3562 3126 3603 non
3171 3551 3404 3621 impleas
3432 3553 3627 3623 legem,

2060 3642 2205 3688 recte
2223 3648 2331 3687 non
2359 3633 2634 3689 ruminare
2656 3649 2776 3705 qure
2803 3636 2937 3708 legis
2965 3646 3113 3701 sunt,
3142 3638 3364 3694 dicitur.
3395 3639 3547 3696 Unde
3575 3650 3632 3695 ct

2060 3726 2228 3780 vomit
2258 3735 2444 3797 utpote
2479 3725 2805 3797 indigestum
2853 3730 3032 3783 cibum
3064 3730 3434 3786 meditationis
3472 3731 3627 3802 legis,

2059 3828 2114 3870 et
2171 3818 2396 3873 minime
2439 3819 2505 3873 ad
2554 3819 2810 3874 eil'eetum
2851 3821 3282 3889 pervenientem.
3337 3820 3498 3895 Ergo,
3527 3825 3630 3877 etsi

2058 3910 2317 3980 ungulam
2353 3909 2566 3974 dividit,
2609 3918 2665 3964 et
2691 3910 2926 3964 litteram
2958 3911 3202 3967 dividere
3234 3913 3356 3976 scit,
3385 3928 3415 3967 a
3437 3913 3629 3984 spiritu

2060 4009 2240 4053 tamen
2273 3999 2589 4055 immundus
2616 4009 2719 4055 est.
2749 4001 2853 4055 Sed
2886 4001 3015 4071 quid
3051 4003 3139 4056 his
3163 4017 3283 4073 quae
3310 4003 3453 4059 dicta
3503 4016 3633 4062 sunt

2058 4091 2304 4147 addidit?

2130 4186 2334 4241 Harum
2370 4188 2615 4243 carnibus
2646 4203 2748 4242 non
2781 4186 3075 4253 vescemini,
3102 4204 3194 4245 nec
3222 4189 3483 4245 cadavera
3509 4201 3634 4245 con-

2061 4279 2292 4350 tingetis,
2328 4281 2454 4351 quia
2500 4280 2774 4334 immunda
2825 4288 2945 4335 sunt
2987 4278 3148 4336 vobis.
3190 4281 3303 4337 Nec
3342 4282 3633 4345 camelum,

2058 4387 2162 4426 nec
2208 4373 2473 4444 leporem,
2518 4384 2620 4429 nec
2666 4372 3075 4446 cbirogryllum,
3117 4389 3219 4429 nec
3272 4390 3447 4441 suem,
3488 4374 3635 4428 inter

380 4476 601 4535 portare
637 4483 652 4518 :
715 4464 858 4520 unde
906 4481 1099 4520 servus
1142 4466 1416 4522 Abraham
1468 4468 1659 4523 decem
1718 4468 1956 4523 camelos
1991 4459 2035 4514 Ι)
2066 4463 2269 4518 munda
2298 4458 2563 4535 judicavit
2596 4482 2609 4519 :
2642 4480 2739 4536 per
2784 4465 2901 4521 haec
2937 4466 3100 4521 etiam
3141 4474 3335 4521 caetera
3378 4464 3635 4519 animalia

380 4566 662 4628 portantes
690 4557 758 4611 de
788 4556 947 4612 bonis
990 4557 1194 4612 domini
1224 4560 1308 4614 sui
1368 4560 1438 4613 ad
1487 4559 1951 4630 dispensationem

381 4647 643 4703 Rebecca:
671 4647 847 4704 duxit.
881 4647 1207 4719 Figurabant
1240 4658 1422 4703 autem
1476 4648 1530 4703 hi
1585 4650 1773 4705 decem
1817 4665 1957 4720 prte-

380 4748 537 4807 cepta
567 4738 722 4810 legis,
756 4754 877 4808 quae
907 4755 1015 4794 non
1035 4740 1214 4795 omnia
1247 4734 1387 4794 bona
1418 4740 1530 4806 Dei,
1562 4742 1658 4797 sed
1687 4744 1865 4797 tamen
1888 4739 1957 4798 de

379 4829 635 4885 omnibus
668 4830 825 4885 bonis
851 4840 1068 4901 gerunt,
1102 4841 1324 4902 propter
1355 4830 1458 4887 hoc
1486 4834 1631 4903 quod
1665 4834 1959 4905 participa-

379 4922 487 4976 lem
513 4922 958 4992 justillcationem
986 4924 1151 4981 habet
1171 4925 1279 4979 lex.
1314 4920 1457 4996 Ergo
1486 4924 1690 4982 Scribat
1721 4936 1777 4982 et
1812 4927 1957 4981 Pha-

342 5000 347 5007 ’
379 5013 522 5068 τίεωί
559 5014 922 5070 ruminantem
960 5010 1275 5081 comedunt,
1309 5017 1435 5087 quia
1466 5018 1521 5072 in
1552 5018 1736 5090 legalis
1763 5019 1957 5075 litteras

379 5104 681 5176 gloriantur
708 5108 1088 5170 meditatione,
1116 5116 1171 5163 et
1201 5108 1256 5162 in
1298 5110 1448 5165 cultu
1483 5110 1727 5177 Sahhati,
1763 5112 1957 5181 puriﬁ-

379 5194 742 5266 cationisque,
770 5205 825 5251 et
856 5194 1272 5265 sacriﬁciorum,
1302 5199 1642 5272 aliorumque
1674 5202 1957 5257 similium.

378 5282 650 5357 Ungulam
680 5298 863 5344 autem
901 5306 1011 5345 non
1036 5290 1285 5347 dividunt
1313 5306 1379 5347 ea
1412 5308 1533 5364 quae
1572 5294 1642 5349 ab
1673 5295 1753 5350 eis
1772 5310 1960 5351 come-

379 5379 607 5444 duntur,
665 5396 844 5450 neque
884 5382 1204 5437 discernunt
1261 5383 1331 5438 ab
1380 5385 1574 5454 spiritu
1612 5386 1869 5449 litteram,
1898 5395 1956 5441 et

378 5479 667 5541 propterea
694 5487 885 5527 eorum
918 5473 1145 5529 scientia
1175 5474 1455 5530 immunda
1491 5484 1596 5531 est.
1622 5473 1780 5531 Tales
1827 5485 1957 5533 sunt

453 5674 477 5742 ἐ
507 5674 640 5729 Dan.
681 5691 777 5741 vn,
799 5675 853 5729 7.
930 5677 950 5707 ⁷
979 5676 1126 5729 Psal.
1154 5692 1301 5742 xuv,
1325 5676 1382 5732 9..

381 5742 426 5772 ι’
459 5741 605 5799 Psal.
637 5760 754 5811 xm,
780 5746 835 5799 3.
911 5745 956 5778 “
983 5752 1082 5799 Isa.
1121 5763 1157 5809 ι,
1190 5741 1294 5800 εις
1363 5748 1405 5779 ⁸⁵
1437 5746 1622 5802 ll‘etr.
1660 5763 1721 5816 ιι,
1746 5741 1964 5815 21,33.

619 5838 890 5900 ΡΑτΒοι.
931 5841 1043 5900 Gn.
1072 5839 1277 5908 XCIII.

1457 5677 1480 5709 ⁸
1504 5677 1695 5732 Matth.
1725 5678 1991 5743 xxtuﬁb.
2068 5681 2089 5713 ’
2114 5678 2217 5733 lsa.
2250 5695 2360 5744 nt,
2383 5678 2437 5732 6.
2516 5679 2559 5711 ³⁸
2618 5678 2779 5736 Prov.
2810 5694 2939 5746 xu,
2991 5679 3080 5737 25.

2061 4555 2374 4628 designans,
2395 4572 2516 4627 quae
2539 4552 2625 4611 lex
2648 4572 2714 4611 ex
2737 4555 2823 4611 his
2863 4572 2984 4626 qua:
3008 4556 3150 4610 dicta
3191 4564 3320 4612 sunt
3348 4555 3635 4612 manifesta

2062 4644 2211 4703 fecit.
2248 4648 2376 4703 Ideo
2409 4663 2541 4720 ergo
2578 4649 2697 4704 haec
2736 4650 2970 4718 quatuor
3006 4663 3237 4703 numero
3268 4648 3468 4719 posuit,
3508 4647 3632 4719 quia

2063 4750 2301 4809 quatuor
2344 4749 2473 4796 sunt
2508 4732 2791 4811 generales
2822 4739 3074 4803 virtutes,
3113 4740 3492 4810 pnedictorum
3539 4749 3633 4793 att-

2067 4843 2176 4888 tem
2220 4827 2538 4888 animalium
2584 4827 2910 4904 significatio
2950 4830 3247 4887 virtutibus
3290 4839 3457 4898 caret,
3498 4843 3634 4902 qua-

2068 4935 2191 4982 tuor
2223 4925 2426 4995 quippe
2457 4918 2748 4980 virtutibus
2787 4930 2871 4979 est
2903 4918 3198 4980 contraria.
3231 4923 3365 4977 Nam
3395 4920 3635 4977 camelos

2059 5010 2116 5071 in
2150 5012 2464 5068 Scribarum
2503 5021 2559 5068 et
2596 5007 2988 5068 Pharisaeorum
3023 5008 3330 5083 superbiam
3361 5017 3631 5079 Sumptus,

2046 5100 2342 5178 sapientia:
2394 5106 2704 5162 contrarius
2755 5112 2841 5162 est
2884 5124 2898 5159 :
2940 5104 3232 5161 stultorum
3294 5101 3496 5175 quippe
3552 5112 3637 5157 est

2056 5193 2337 5269 proprium
2363 5199 2669 5270 superbire.
2689 5194 2828 5266 Quia
2853 5206 3036 5255 autem
3061 5208 3291 5267 utroque
3313 5194 3419 5252 hoc.
3446 5191 3638 5251 morbo

2058 5285 2265 5347 Scriba;
2282 5304 2337 5347 et
2350 5290 2608 5347 Pharisaei
2628 5287 2978 5356 tenebantur,
3000 5284 3123 5345 audi
3146 5289 3212 5343 ad
3236 5304 3329 5343 eos
3346 5281 3637 5343 Dominum

2060 5377 2332 5438 dicentem
2375 5400 2388 5437 :
2427 5382 2589 5438 Stulti
2638 5392 2688 5438 et
2739 5377 2882 5446 cazci,
2910 5376 3035 5453 quid
3083 5379 3260 5449 majus
3302 5388 3397 5443 est,
3437 5395 3638 5433 aurum

2063 5485 2156 5530 aut
2206 5474 2455 5546 templum
2493 5476 2631 5546 quod
2669 5473 2965 5544 sanctiﬁcat
3008 5489 3201 5529 aurum
3232 5472 3309 5527 ιη
3334 5474 3403 5530 Ει
3447 5485 3639 5529 rursus

3163 5681 3202 5712 "
3228 5679 3371 5741 Psal.
3403 5692 3516 5743 cut.
3544 5676 3638 5737 18.

3241 5839 3318 5900 29

2049 5751 2091 5781 ”
2123 5747 2313 5805 Matth.
2354 5765 2505 5820 xxut,
2555 5749 2641 5804 17.
