4030 6240
452 391 557 457 907

1659 363 2022 428 HESYCHII
2070 361 2547 422 PRESBYTERI

3606 364 3728 429 908

455 463 767 573 superbiant
797 507 988 551 eorum
1020 491 1122 544 hoc
1152 484 1316 541 modo
1346 481 1589 537 retundit
1627 501 1639 535 :
1674 481 1869 569 Amant
1899 480 2037 533 enim
2068 483 2109 540 Α
2144 477 2234 531 lite
2282 478 2509 548 gaudere
2557 477 2679 547 quia
2726 478 2983 530 rla'monia
3031 477 3200 532 vobis‘
3218 478 3586 546 subjiciuntur,
3630 482 3744 536 sed

456 564 652 663 primos
698 586 966 645 accubitus
1010 584 1066 635 in
1109 578 1284 641 canis,
1319 587 1368 630 et
1411 575 1614 645 primas
1658 564 1934 626 cathedras
1982 572 2036 624 in

457 659 757 752 synagogis.
798 686 846 730 et
883 670 1234 729 salutationes
1278 666 1335 719 in
1379 666 1511 734 foro,
1554 672 1601 716 et
1630 661 1807 720 uocari
1842 660 1907 713 ab
1941 659 2038 712 ho-

457 776 683 832 rninibus
732 770 897 827 Rabbi
935 766 996 821 '°.
1051 765 1143 820 Sic
1178 774 1307 831 ergo
1332 758 1485 814 stulti
1528 757 1747 827 quidam
1790 754 1858 810 de
1907 753 2039 827 ipsis

458 872 617 920 erant
670 872 728 918 et
778 857 1022 929 superbi.
1072 854 1256 923 Lepus
1313 859 1374 905 ut
1426 848 1684 913 timidus,
1733 843 2037 900 fortitudini

459 957 765 1013 contrarius
802 964 888 1010 est
924 970 937 1004 :
974 946 1369 1018 chirogryllus,
1407 954 1469 998 ut
1521 956 1706 1013 rapax,
1744 938 1970 1010 justitize
2023 956 2037 993 :

460 1068 574 1119 sus,
610 1061 672 1106 ut
704 1050 815 1104 vita
849 1044 1065 1103 sordida
1117 1043 1329 1103 vivens,
1369 1047 1425 1093 et
1473 1035 1772 1097 immunda,
1806 1033 1879 1093 de
1934 1046 2041 1100 quo

461 1145 667 1198 dictum
711 1149 798 1196 est.
836 1154 849 1189 :
889 1136 1043 1191 Sicut
1091 1131 1317 1187 circulus
1341 1145 1533 1184 aureus
1574 1128 1631 1181 in
1664 1126 1877 1181 naribus
1907 1123 2037 1185 suis,

463 1234 545 1288 sic
587 1232 779 1286 mulier
826 1227 1049 1298 pulchra
1102 1233 1149 1279 et
1198 1224 1349 1294 fatua
1385 1222 1447 1288 ",
1490 1218 1723 1274 castitati
1771 1212 2040 1272 contraria

464 1333 566 1378 est.
623 1322 828 1376 [lorum
882 1330 982 1371 nec
1023 1327 1217 1370 carnes
1268 1310 1639 1370 eomedamus,
1680 1306 1731 1359 id
1785 1312 1889 1367 est,
1940 1317 2043 1356 nec

465 1428 630 1484 quam
673 1410 930 1464 videntur
971 1405 1173 1459 habere
1216 1401 1473 1455 virtutem
1506 1410 1820 1466 sequamur,
1851 1393 1906 1446 in
1941 1392 2040 1461 hy-

468 1506 672 1580 pocrisi
720 1505 864 1559 enim
919 1501 1084 1559 illam.
1122 1507 1178 1552 et
1219 1511 1328 1550 non
1371 1495 1424 1547 in
1467 1492 1695 1546 veritate
1741 1497 2040 1543 sectantur.

468 1576 635 1651 Multo
667 1594 837 1662 magis
867 1597 1048 1643 autem
1087 1584 1377 1641 morticina
1407 1595 1595 1635 eorum
1630 1576 1898 1648 tangenda
1932 1589 2041 1628 non

466 1696 615 1753 sunt,
632 1701 733 1740 nec
766 1682 920 1737 malis
948 1692 1136 1733 eorum
1167 1672 1679 1731 communicandum
1711 1666 2040 1727 actionibus,

468 1781 584 1849 ipsa
615 1777 757 1832 enim
794 1769 1106 1842 hujusmodi
1152 1765 1345 1837 procul
1385 1763 1552 1818 dubio
1595 1759 1883 1815 morticina
1917 1766 2043 1811 sunt

467 1869 594 1926 viri.

537 1963 701 2019 Vens.
734 1956 891 2016 9-1'2.
929 1975 946 2006 ι
982 1953 1106 2008 Haec
1136 1960 1265 2006 sunt
1295 1964 1417 2019 quas
1447 1946 1741 2019 gignuntur
1771 1943 1825 1997 in
1868 1941 2041 2011 aquis,

467 2066 524 2112 et
555 2053 700 2111 vesci
734 2052 942 2105 licitum
974 2054 1078 2102 est.
1120 2043 1294 2100 Omne
1330 2041 1475 2111 quod
1509 2038 1675 2093 habet
1710 2034 1965 2105 pinnulas
1994 2040 2048 2085 et

468 2159 723 2217 squamas
757 2183 772 2208 ,
828 2149 937 2195 tam
992 2138 1047 2190 in
1084 2134 1261 2199 .mari,
1310 2146 1473 2201 quam
1531 2129 1585 2182 in
1633 2125 1947 2182 ﬂuminibus
1994 2132 2046 2177 et

469 2236 677 2307 stagnis
709 2274 724 2297 ,
766 2230 1070 2287 comedetis
1103 2245 1116 2281 :
1155 2224 1423 2296 quidquid
1475 2230 1659 2276 autem
1708 2218 1964 2288 pinnulas
1995 2224 2048 2268 et

470 2340 724 2398 squamas
758 2339 866 2377 non
905 2321 1089 2385 habet,
1117 2332 1305 2372 eorum
1337 2329 1457 2385 qua:
1487 2313 1545 2367 in
1578 2310 1732 2382 aquis
1763 2316 2051 2363 moventur

470 2433 527 2477 et
560 2422 770 2483 vivunt,
805 2416 1171 2473 abominabile
1210 2412 1366 2467 vobis
1404 2419 1459 2464 et
1500 2406 1895 2464 exsecrandum
1925 2405 2047 2457 erit.

471 2515 679 2571 Carnes
707 2526 899 2566 eorum
940 2523 1049 2562 non
1081 2502 1399 2566 comedetis,
1431 2510 1487 2555 et
1527 2499 1814 2554 morticina
1853 2494 2051 2550 vitabi-

476 2606 564 2659 tis.
595 2603 807 2656 Cuncta
834 2614 957 2669 quae
1003 2611 1113 2651 non
1160 2595 1363 2650 habent
1401 2592 1656 2663 pinnulas
1705 2599 1759 2645 et
1797 2603 2051 2657 squamas

474 2692 528 2747 in
561 2692 719 2762 aquis
750 2689 955 2759 polluta
984 2694 1162 2742 erunt.
1198 2702 1217 2735 ι

546 2784 621 2836 Ex
652 2796 720 2837 eo
750 2780 895 2848 quod
929 2793 1040 2833 non
1070 2785 1257 2844 aperte
1301 2771 1484 2827 divina
1529 2769 1809 2840 Scriptura
1852 2781 2050 2839 genera

475 2874 710 2944 piscium
753 2868 1027 2940 exposuit,
1063 2882 1094 2919 a
1133 2865 1335 2934 quibus
1375 2861 1640 2916 abstineri
1687 2860 1820 2922 vult,
1857 2874 2053 2928 super-

476 2964 642 3018 fluum
676 2971 761 3019 est
791 2961 906 3015 hac
943 2958 995 3012 in
1026 2957 1281 3028 prmsenti
1313 2969 1579 3023 quaerere,
1611 2968 1877 3021 nusquam
1907 2952 2053 3007 enim

477 3054 708 3123 piscium
759 3053 814 3106 in
858 3066 924 3106 ea
977 3048 1324 3119 inveniemus
1364 3045 1647 3100 vocabula.
1693 3042 2052 3111 Semetipsam

476 3120 640 3200 etiam
668 3159 796 3212 ergo
831 3142 886 3196 in
919 3142 1023 3195 hoc
1048 3139 1295 3194 imitatur
1323 3137 1464 3191 loco.
1494 3135 1885 3189 Verumtamen
1921 3131 2050 3185 illud
2080 3151 2123 3210 ρ
2156 3129 2379 3190 propter
2433 3120 2795 3190 ignorantiam
2849 3134 2863 3172 :

477 3249 626 3290 nunc
658 3233 833 3288 notari
870 3239 1106 3301 oportet,
1137 3229 1262 3299 quia
1302 3227 1762 3297 quemadmodum
1795 3224 1849 3278 in
1883 3239 2052 3293 spon-

474 3325 653 3381 taneis
681 3323 984 3388 sacriﬁciis,
1018 3336 1141 3391 qua:
1173 3330 1229 3374 et
1256 3320 1396 3373 dona
1432 3317 1707 3389 legislator
1741 3313 2050 3386 appellavit.

477 3415 773 3486 aliquando
814 3412 1032 3481 quidem
1081 3419 1397 3480 operatores
1438 3408 1593 3479 legis,
1626 3406 1920 3477 aliquando
1959 3420 2056 3460 au-

479 3517 587 3562 tem
620 3504 916 3574 simplices,
946 3502 1239 3571 aliquando
1281 3514 1413 3554 vero
1458 3498 1920 3568 contemplatores
1956 3511 2055 3565 per

473 3596 815 3654 oblationum
857 3591 1184 3664 signiﬁcavit
1228 3591 1440 3655 modos,
1479 3589 1770 3659 aliquando
1820 3602 1915 3642 eos
1961 3585 2053 3656 qui

476 3688 758 3744 salvantur
798 3701 862 3741 ex
913 3683 1191 3755 gentibus,
1231 3680 1431 3750 quibus
1478 3688 1536 3734 et
1583 3678 1847 3734 sacriﬁcia
1874 3678 1941 3732 de
1975 3676 2053 3731 si-

477 3779 628 3843 mila,
677 3785 740 3833 ut
785 3774 1147 3845 simplicibus,
1184 3770 1485 3841 deputavit,
1515 3770 1660 3839 quod
1706 3767 1945 3824 ostendit
1987 3781 2056 3820 ex

477 3885 544 3931 eo
585 3867 733 3939 quod
774 3866 929 3932 dicit,
961 3862 1020 3919 Si
1065 3864 1247 3917 anima
1291 3861 1535 3916 obtulerit
1577 3861 1771 3914 donum
1809 3858 2052 3921 Domino,

476 3975 588 4017 non
618 3957 846 4021 addens,
868 3954 926 4011 Si
960 3956 1141 4008 anima
1174 3955 1237 4009 de
1262 3953 1455 4024 populo
1491 3961 1663 4016 terra,
1704 3950 2057 4020 quemadmo-

474 4055 606 4119 dum
634 4050 690 4104 in
717 4050 949 4104 aliorum
976 4048 1366 4103 sacriﬁciorum
1385 4044 1858 4100 enuntiationibus
1884 4041 2052 4107 solet;

476 4138 622 4194 sicut
651 4151 781 4207 ergo
809 4135 865 4188 in
897 4128 1027 4199 illis,
1057 4134 1137 4188 sic
1165 4143 1220 4188 et
1249 4133 1339 4187 hic
1368 4148 1466 4201 per
1500 4132 1745 4186 ciborum
1775 4128 2055 4183 abstinenv

477 4229 633 4293 tiam,
682 4226 870 4297 quales
918 4225 1123 4279 debent
1175 4239 1295 4278 esse
1341 4224 1432 4293 qui
1474 4223 1648 4295 legem
1698 4221 2049 4283 meditantur,

476 4319 773 4374 ostendere
825 4317 1075 4386 cupiens,
1150 4330 1249 4384 per
1308 4314 1586 4369 ruminare
1644 4313 1944 4383 siquidem,
2000 4316 2056 4363 et

479 4410 734 4482 tmgulam
777 4407 1055 4471 dividere,
1094 4406 1343 4462 Judaeum
1402 4405 1759 4477 signiﬁcavit,
1810 4404 1903 4473 qui
1958 4401 2055 4456 de-

2141 572 2367 639 gaudcte
2393 580 2440 623 et
2467 569 2743 633 exsultate,
2773 570 2898 634 quia
2931 570 3142 623 nomina
3169 578 3350 624 uestra.
3371 572 3568 642 scripta
3596 586 3734 629 sunt

2142 662 2197 712 in
2234 660 2374 713 caelis
2406 661 2472 710 '°.
2503 658 2746 714 Probant
2788 669 2971 714 autem
3022 661 3136 715 haec
3182 661 3346 715 etiam
3384 662 3549 731 hujus
3588 678 3738 719 san-

2142 753 2341 807 etionis
2370 752 2558 814 verba,
2590 752 2745 805 aiunt
2773 752 2919 806 enim
2961 769 2975 805 :

2216 843 2342 897 Πανί
2370 852 2491 898 sunt
2517 860 2635 914 qua:
2660 845 2945 914 gignuntur
2977 843 3034 897 in
3066 845 3240 912 aquis,
3267 853 3317 899 et
3344 846 3477 899 uesci
3510 845 3727 902 licitum

2142 942 2238 987 est.
2269 933 2656 1004 lntelliguntur
2690 949 2784 1003 per
2828 932 2945 989 hac
2992 933 3046 987 hi
3088 933 3183 1003 qui
3216 949 3286 988 ex
3319 936 3573 1004 gentibus
3610 939 3735 991 sal-

2142 1024 2251 1077 vati
2283 1032 2432 1091 sunt,
2468 1035 2654 1095 utpote
2695 1024 3166 1096 regenerationem
3196 1026 3459 1081 habentes
3491 1026 3549 1081 in
3575 1044 3731 1097 aqua

2142 1115 2505 1185 baptismatis,
2528 1118 2595 1172 de
2617 1118 2815 1187 quibus
2840 1127 2895 1172 et
2917 1116 3082 1173 Isaias
3109 1118 3325 1173 dicebat
3349 1133 3365 1171 :
3390 1118 3522 1173 Ecce
3542 1132 3732 1192 gentes

2144 1209 2298 1277 quasi
2345 1208 2520 1262 situla:
2569 1208 2744 1262 stultis
2772 1211 2840 1261 ¹¹.
2901 1208 3049 1273 Sive,
3082 1218 3142 1261 ut
3173 1207 3334 1271 LXX,
3380 1207 3526 1261 Sicut
3561 1227 3728 1281 aqua:

2146 1297 2348 1361 multa’,
2385 1308 2574 1369 gentes
2619 1300 2822 1353 multze.
2856 1298 3009 1353 Unde
3040 1306 3094 1352 et
3120 1298 3199 1353 eis
3225 1299 3559 1353 conveniunt
3594 1316 3731 1369 quae

2144 1400 2466 1457 sequuntur.
2536 1458 2539 1459 ν

2215 1480 2378 1535 Omne
2429 1491 2565 1553 quod
2613 1483 2766 1536 liabet
2819 1482 3067 1552 pinnulas
3118 1493 3167 1535 et
3211 1498 3477 1550 squamas,
3516 1491 3623 1534 tam
3673 1483 3738 1535 in

2145 1573 2305 1634 mari,
2331 1589 2489 1642 quam
2526 1573 2578 1625 in
2621 1573 2924 1641 [luminibus
2955 1581 3001 1626 et
3037 1574 3256 1643 stagnis,
3292 1574 3585 1626 comedetis.
3619 1572 3737 1626 Ea-

2147 1664 2268 1717 dem
2303 1665 2466 1717 etiam
2518 1664 2601 1717 his
2642 1665 2731 1733 qui
2783 1680 2848 1717 ex
2902 1664 3157 1733 gentibus
3198 1672 3344 1727 sunt,
3387 1663 3453 1717 de
3492 1663 3740 1717 medita-

2150 1758 2297 1813 tione
2352 1759 2486 1828 legis
2537 1759 2657 1812 aliis
2707 1759 2966 1828 prmcepit
3014 1758 3218 1814 verbis.
3272 1755 3398 1811 Vult
3441 1756 3584 1811 enim
3634 1771 3740 1810 eo;

2078 1824 2117 1876 Β
2150 1848 2349 1901 habere
2409 1824 2462 1900 in
2514 1824 3057 1917 meditationeilegis
3110 1846 3398 1916 pinnulas,
3451 1847 3740 1913 vitamque

2149 1936 2436 1989 sublimem
2482 1946 2645 2006 atque
2689 1936 2991 2000 caelestem,
3025 1935 3118 1991 sed
3162 1935 3554 2004 expositionem
3595 1935 3742 2005 legis

2150 2024 2275 2078 huic
2310 2025 2565 2091 similem,
2592 2035 2816 2095 propter
2852 2024 2997 2095 quod
3030 2040 3139 2079 non
3186 2025 3470 2094 pinnulam
3500 2022 3736 2087 habere,

2153 2118 2243 2171 sed
2291 2117 2548 2187 pinnulas
2593 2133 2688 2173 eos
2731 2118 2865 2173 vult.
2903 2117 3041 2184 Quia
3076 2127 3256 2172 autem
3297 2115 3596 2187 ignorantia
3637 2115 3733 2169 di-

2152 2207 2289 2261 vinae
2323 2207 2618 2277 Scriptura:
2647 2217 2837 2279 gentes
2864 2208 3193 2272 obtinuerat,
3219 2223 3328 2261 non
3359 2206 3506 2260 enim
3540 2221 3737 2259 susce-

2151 2311 2346 2369 perant
2373 2302 2568 2372 legcm,
2601 2317 2780 2370 neque
2804 2301 3125 2370 prophetas,
3151 2315 3255 2353 nec
3285 2299 3388 2353 alia
3418 2298 3472 2352 in
3498 2299 3579 2353 eis
3611 2308 3738 2352 erat

2150 2394 2377 2447 Scietttia
2413 2394 2599 2446 divina
2643 2393 2917 2455 subtilior,
2953 2407 3023 2444 ne
3063 2407 3192 2462 ergo
3234 2391 3337 2445 hoc
3380 2390 3570 2444 morbo
3600 2404 3738 2458 per-

2151 2483 2392 2537 manenti
2438 2492 2489 2536 et
2539 2491 2805 2553 perpetuo
2844 2482 3175 2545 laborarent,
3210 2495 3463 2548 squamas
3491 2495 3585 2534 eos
3619 2481 3738 2534 ha—

2152 2573 2284 2626 bere
2339 2572 2488 2639 vult,
2540 2588 2662 2642 quae
2726 2571 2883 2626 facile
2938 2571 3304 2625 auferrentur.
3355 2569 3490 2635 Quia
3548 2578 3735 2623 autem

2151 2680 2393 2733 squamae
2426 2662 2804 2732 temporalem,
2838 2670 2894 2716 et
2926 2676 3032 2731 qua
3080 2661 3236 2715 facile
3274 2670 3541 2724 careatur,
3574 2659 3737 2729 igno-

2152 2759 2383 2811 rantiam
2425 2756 2751 2827 signiﬁcant,
2792 2756 3173 2810 demonstrant
3214 2770 3276 2808 ea
3315 2769 3434 2823 quae
3464 2753 3531 2808 de
3559 2750 3738 2806 Paulo

2152 2848 2424 2916 descripta
2457 2855 2603 2909 sunt,
2641 2846 2696 2900 in
2730 2847 3100 2916 apostolorum
3131 2845 3391 2911 Actibus;
3426 2860 3546 2897 cum
3581 2843 3736 2897 enim

2154 2938 2270 2991 zelo
2318 2937 2537 3007 judaico
2586 2936 2884 2991 Ecclesium
2944 2944 3385 3006 persequeretur,
3435 2935 3739 3007 ignoraret-

2154 3043 2257 3097 que
2309 3042 2433 3081 eum
2472 3042 2635 3096 quem
2690 3028 3142 3097 persequebatur,
3185 3026 3341 3080 facile
3390 3025 3564 3079 caruit
3613 3024 3739 3078 zelo

2917 3132 3204 3189 postquam
3260 3117 3515 3186 cognovit
3570 3132 3737 3186 quem

2156 3219 2598 3280 persequeretur,
2644 3217 2870 3264 vocatus
2920 3225 2950 3263 a
2994 3208 3233 3269 Christo,
3270 3216 3325 3262 et
3362 3216 3648 3277 postquam
3684 3208 3738 3260 ei

2157 3300 2224 3354 ab
2257 3302 2466 3356 Anania
2497 3301 2929 3372 evangelizatum
2959 3309 3063 3366 est,
3088 3300 3379 3353 ceciderunt
3408 3313 3642 3368 squama?
3669 3299 3739 3351 ab

2157 3396 2319 3448 oculis
2345 3395 2480 3464 ejus,
2503 3403 2554 3448 ‘et
2592 3410 2714 3448 mox
2736 3394 2864 3446 uidit
2888 3393 2953 3448 ²’.
2980 3393 3120 3463 Ergo
3146 3393 3200 3445 in
3228 3391 3447 3446 modum
3478 3406 3739 3460 squama-

2157 3498 2275 3537 rum
2321 3484 2741 3553 superjaCebant
2780 3483 3047 3536 instantes
3090 3481 3141 3536 ei
3195 3481 3519 3550 temporales
3578 3481 3740 3550 igno-

2158 3574 2367 3628 rantiae.
2396 3552 2577 3628 iUnde
2626 3572 2792 3627 nimis
2839 3579 3239 3640 consequenter
3282 3552 3555 3641 legislator
3601 3569 3739 3624 sub—

2157 3665 2321 3719 didit:

2230 3757 2494 3828 Quidquid
2526 3765 2706 3810 autem
2743 3755 2994 3826 pinnulas
3038 3763 3131 3809 aut
3171 3768 3420 3819 squamas
3455 3769 3555 3806 non
3582 3752 3741 3805 habet

2159 3866 2336 3903 eorum
2367 3864 2483 3920 qutc
2508 3849 2566 3901 in
2589 3849 2742 3918 aquis
2775 3856 3046 3901 moventur
3074 3855 3122 3899 et
3158 3847 3356 3908 vivunt,
3387 3844 3736 3897 abominabile

2157 3940 2296 3993 vobis
2315 3948 2363 3992 et
2383 3939 2761 3993 exsecrandum
2782 3939 2901 3992 erit.
2923 3937 3064 3991 Sunt
3084 3935 3230 3989 enim
3246 3935 3488 4004 qumdam
3506 3935 3739 4004 piscium

2158 4044 2376 4099 genera,
2406 4036 2599 4082 testam
2624 4043 2724 4097 pro
2750 4027 2890 4097 pelle
2922 4026 3179 4081 habentia
3210 4043 3224 4077 :
3253 4039 3484 4095 quorum
3510 4038 3739 4092 squama

2157 4119 2357 4174 auferri
2405 4135 2516 4173 non
2569 4128 2769 4190 potest.
2822 4118 2982 4173 Tales
3025 4123 3154 4170 sunt
3201 4116 3294 4185 qui
3338 4131 3442 4170 nec
3484 4130 3743 4183 squamas

2158 4210 2481 4280 ignorantiae
2509 4211 2678 4265 verbo
2705 4210 2801 4263 Dei
2833 4210 3129 4278 deponere,
3165 4221 3264 4261 nec
3296 4206 3529 4261 cultrum
3574 4207 3744 4275 spiri-

2159 4312 2247 4357 tus
2282 4302 2561 4373 suscipere
2596 4303 2903 4372 patiuntur.
2949 4299 3013 4354 Hi
3047 4300 3149 4354 etsi
3189 4300 3244 4353 in
3277 4300 3412 4353 mari
3450 4299 3744 4354 invenian-

2160 4405 2249 4449 tur
2303 4396 2696 4465 baptismatis,‘
2735 4394 2836 4449 etsi
2891 4394 2945 4448 in
2997 4391 3313 4447 ﬂuminibus
3366 4391 3736 4460 poenitentiae,

478 4479 579 4559 bet.
615 4502 750 4574 legis
802 4499 1029 4570 implere
1080 4499 1335 4553 mandata
1388 4498 1539 4553 etab
1573 4496 1771 4567 spiritu
1815 4494 2050 4547 litteram
2086 4479 2128 4531 Ι)
2161 4486 2556 4541 abominabiles
2613 4494 2743 4540 sunt
2789 4485 2843 4538 in
2885 4485 3139 4538 omnibus
3186 4497 3308 4553 quae
3349 4491 3637 4537 moventur
3685 4495 3748 4537 et

478 4596 742 4662 dividere,
770 4604 826 4649 et
866 4595 1038 4664 legem
1078 4592 1397 4663 spiritaliter
1444 4590 1768 4661 intelligere,
1801 4604 1897 4659 per
1938 4588 2055 4642 haec

477 4691 660 4736 autent
694 4697 817 4751 quae
863 4695 1011 4734 nunc
1050 4681 1195 4734 dicta
1240 4689 1387 4744 sunt,
1422 4678 1665 4733 ostendit
1697 4677 1765 4732 de
1803 4674 2057 4748 gentibus

479 4775 538 4827 se
569 4772 741 4843 loqui.
773 4771 931 4826 Unde
965 4770 1240 4838 existimo,
1274 4787 1385 4827 non
1426 4768 1704 4839 expressis
1744 4767 2057 4822 nominibus

476 4860 711 4931 piscium
758 4859 1075 4913 memoriam
1112 4859 1328 4925 factam,
1361 4859 1490 4929 quia
1529 4872 1631 4912 nec
1666 4857 1888 4911 nomina
1931 4870 2058 4910 suo-

478 4967 600 5007 rum
646 4950 811 5005 scribi
854 4965 1019 5021 super
1074 4958 1276 5005 terram
1324 4951 1477 5021 cupit
1524 4949 1788 5015 Ecclesia,
1822 4948 1966 5003 unde
2003 4956 2058 5002 et

476 5045 567 5100 illa
605 5040 775 5101 David
817 5040 891 5097 ait
926 5060 940 5097 :
977 5040 1288 5097 Scribuntur
1334 5042 1444 5097 haec
1491 5043 1544 5095 in
1592 5041 1925 5111 generatione
1968 5039 2058 5092 al-

475 5148 587 5191 tera
619 5136 686 5200 ¹⁶,
714 5132 971 5209 videlicet
1002 5132 1185 5188 futura
1218 5133 1273 5187 in
1300 5132 1471 5197 oculis,
1512 5131 1587 5186 ibi
1631 5132 1782 5186 enim
1821 5131 2054 5185 ﬁliorum

470 5226 593 5295 ejus
646 5206 869 5294 scripta.
905 5229 1034 5278 sunt
1087 5222 1333 5287 nomina,
1368 5222 1436 5275 de
1480 5234 1586 5290 qua
1624 5219 1826 5274 Paulus
1870 5219 2002 5274 dicit
2035 5236 2049 5272 :

471 5319 769 5372 Accessistis
800 5317 872 5371 ad
898 5324 1126 5371 montem
1150 5313 1298 5381 Sion,
1328 5324 1375 5368 et
1406 5314 1477 5367 ad
1507 5313 1771 5367 civitatem
1807 5312 1899 5365 Dei
1930 5312 2051 5374 vivi,

471 5406 765 5463 Jerusalem
791 5408 1067 5472 caelestem,
1101 5415 1149 5461 et
1183 5404 1467 5459 multorum
1497 5402 1724 5457 millium
1751 5401 2057 5472 angelorum

475 5498 783 5568 frequentia
827 5509 877 5554 et
914 5499 1163 5554 Ecclesice
1204 5496 1611 5566 primitivorum,
1652 5495 1741 5564 qui
1781 5493 2058 5561 conscripti

470 5597 593 5641 sunt
623 5588 680 5640 in
712 5588 852 5641 caelis
874 5588 945 5641 η.
982 5589 1050 5641 Et
1081 5586 1346 5643 Dominus
1380 5585 1448 5640 ad
1482 5584 1759 5655 apostolos
1803 5582 1881 5637 ait
1908 5601 1920 5636 :
1951 5583 2061 5635 Νο-

548 5720 592 5793 ¹Ῡ
625 5721 816 5777 Matth.
840 5740 997 5793 xxm,
1031 5725 1084 5782 6.
1157 5726 1204 5760 ‘"
1240 5725 1404 5781 Prov.
1436 5741 1511 5791 ιι,
1535 5723 1628 5781 22.

478 5785 523 5816 "
552 5792 671 5848 Act.
704 5809 776 5864 tx,
823 5795 908 5850 18.

1704 5723 1748 5757 ⁸⁸
1779 5723 1925 5781 Psal.
1954 5739 2029 5789 et,
2060 5727 2146 5781 19.

2160 4577 2351 4631 vivunt
2395 4577 2451 4631 in
2494 4578 2669 4646 aquis.
2721 4577 2787 4630 Et
2826 4590 2949 4630 cum
2989 4575 3157 4629 vitam
3199 4574 3376 4628 sortiti
3417 4573 3528 4627 sint
3556 4572 3611 4625 in
3639 4572 3745 4627 ba-

2157 4669 2445 4739 ptismate,
2491 4668 2836 4724 vocationem
2913 4676 3100 4721 tamen
3159 4664 3743 4736 regenerationemque

2161 4741 2529 4831 co’rruperuut
2570 4777 2582 4813 ε
2639 4760 2768 4814 dum
2803 4758 3061 4826 pinnulas
3095 4765 3151 4811 et
3191 4770 3444 4826 squamas
3491 4771 3598 4808 non
3640 4755 3743 4809 ha-

2158 4850 2312 4914 bent,
2363 4849 2651 4904 sublimem
2713 4849 2966 4903 videlicet
3022 4847 3211 4912 vitam,
3263 4846 3742 4917 cognitionemque

2159 4941 2495 5004 divinorum,
2537 4955 2659 5009 quae
2707 4939 2948 4994 caelestis
2997 4946 3100 5004 est,
3140 4937 3236 4993 sed
3284 4953 3378 4993 eor
3424 4952 3626 4992 ciccum
3686 4938 3741 4991 in

2159 5031 2466 5104 ignorantia
2511 5031 2801 5085 detinent:
2829 5038 2885 5084 et
2921 5038 3211 5101 propterea
3245 5028 3300 5083 in
3333 5029 3419 5083 bis
3447 5029 3539 5099 qui
3575 5044 3743 5098 squa-

2160 5141 2279 5181 mas
2329 5124 2552 5189 habent,
2605 5138 2717 5177 non
2760 5129 3217 5177 annumerantur.
3260 5120 3487 5176 Intende
3533 5130 3741 5183 autem,

2161 5222 2363 5285 quanta
2411 5211 2712 5269 subtilitate
2761 5226 3101 5277 sermonum,
3135 5220 3195 5267 ut
3225 5212 3479 5267 videlicet
3506 5212 3747 5267 maxima

2162 5321 2261 5375 per
2308 5319 2404 5359 eos
2451 5303 2710 5375 mysteria
2761 5310 2817 5357 et
2869 5301 3211 5357 admirabilia
3264 5302 3597 5371 signiﬁcans,
3664 5305 3748 5358 Ie-

2165 5397 2389 5468 gislator
2432 5397 2637 5465 utitur;
2669 5394 2913 5466 pinnulis
2957 5394 3099 5449 enim
3146 5409 3399 5464 squamas
3435 5394 3747 5464 conjunxit.

2166 5488 2291 5558 quia
2320 5487 2777 5558 quemadmodum
2809 5485 3073 5555 piscibus,
3099 5485 3297 5555 quibus
3325 5493 3453 5540 sunt
3481 5500 3749 5554 squamae,

2170 5581 2256 5634 his
2303 5587 2429 5633 sunt
2478 5577 2797 5633 omnimodo
2835 5587 2891 5633 et
2938 5576 3201 5646 pinnulae,
3242 5577 3320 5631 sic
3353 5576 3554 5645 quibus
3595 5577 3753 5647 igno-

2227 5726 2269 5758 ¹⁹
2304 5724 2474 5781 Hebr.
2499 5740 2594 5790 xu,
2628 5723 2720 5780 22.
2800 5725 2845 5755 ²⁰
2880 5722 3016 5777 Luc.
3046 5737 3100 5783 ς,
3141 5721 3230 5775 9.0.
3309 5719 3354 5751 ἰ
3391 5718 3492 5774 lsa.
3529 5733 3622 5787 ιι,
3656 5718 3751 5774 15.
