4044 6224
405 399 513 463 909

1537 398 1617 457 IN
1655 395 2091 458 LEVITICUM.
2125 422 2195 430 -
2227 397 2372 457 LIB.
2409 398 2502 457 III

3555 398 3662 463 910

405 511 581 565 rantia
620 511 933 583 temporalis
972 519 1076 572 est,
1112 519 1168 565 tt
1210 524 1314 578 qua
1344 517 1629 578 propterea
1659 509 1768 564 cito
1800 507 1973 563 careri
2009 517 2048 567 Α
2080 508 2301 560 ueritate
2348 508 2544 575 privati
2588 518 2730 573 sunt,
2777 510 3194 567 existimantium
3247 523 3503 583 qua:st
3555 530 3664 568 esse

404 603 579 676 possit
611 644 626 669 ,
669 605 754 659 his
802 614 858 659 et
907 603 1144 675 cognitio
1195 603 1441 659 sublimis
1480 613 1536 658 et
1587 603 1697 658 vita
1742 603 1983 659 cmlestis

406 693 679 765 adjicitur.
716 695 916 750 Horum
947 712 1077 766 ergo
1109 694 1201 766 qui
1239 711 1347 749 nou
1384 703 1515 749 sunt
1547 696 1701 761 tales,
1737 711 1838 751 nec
1865 711 1984 750 car-

408 803 506 843 nes
566 788 892 849 comedere,
948 787 1043 842 sed
1102 802 1204 841 nec
1254 787 1540 842 morticina
1583 794 1836 858 tangere,
1886 804 1987 842 nec

407 877 646 946 aliquam
700 877 1143 933 communionem
1196 878 1421 931 ninnino
1473 894 1596 934 cum
1648 879 1732 933 eis
1785 879 1987 933 habere

409 975 648 1037 oportet,
686 970 831 1039 quod
884 978 1114 1025 testatur
1154 968 1377 1034 Paulus,
1415 970 1646 1026 dicens:
1687 969 1747 1024 Si
1798 972 1866 1033 is,
1900 972 1990 1042 qui

410 1064 581 1134 frater
627 1066 952 1130 nominatur,
997 1074 1072 1120 est
1122 1066 1430 1137 fornicator,
1482 1076 1577 1120 aut
1630 1083 1846 1131 avarus,
1894 1075 1990 1121 aut

410 1153 569 1207 idolis
612 1155 863 1220 seruiens,
914 1164 1005 1208 aut
1055 1154 1374 1219 maledicus,
1427 1164 1521 1209 aut
1573 1157 1837 1221 ebriosus,
1897 1163 1991 1208 aut

414 1261 607 1313 rapax.
638 1261 757 1298 cum
781 1245 1080 1314 Imjusmodi
1108 1262 1199 1300 nec
1226 1245 1397 1300 cibum
1420 1263 1622 1302 sumere
1645 1248 1711 1300 ²³.
1742 1247 1988 1309 Adulter,

414 1345 508 1389 aut
540 1351 756 1402 avarus,
785 1346 878 1390 aut
909 1337 1180 1401 ebriosus,
1220 1347 1312 1391 aut
1341 1338 1634 1402 detractor,
1678 1353 1787 1392 non
1830 1338 1995 1393 habet

415 1426 707 1495 pinnulas,
756 1436 817 1481 ut
849 1428 1018 1482 vitam
1067 1428 1325 1483 videlicet
1371 1429 1579 1483 habens
1630 1429 1902 1485 sordidam
1940 1438 1996 1485 et

414 1517 775 1572 immundam.
833 1518 1101 1573 [dolorum
1154 1528 1336 1575 autem
1401 1520 1577 1575 cultor
1656 1520 1711 1574 in
1767 1520 1851 1575 his
1901 1521 1993 1590 qui

415 1626 673 1680 squamas
712 1611 937 1675 habent,
970 1628 1082 1666 non
1131 1621 1499 1684 computatur,
1533 1613 1724 1669 duram
1769 1614 1992 1684 quippe,

412 1711 473 1755 et
502 1701 555 1755 in
590 1701 797 1756 morem
830 1710 1015 1769 testte,
1059 1711 1224 1773 atque
1269 1704 1627 1759 insanabilem
1673 1704 1878 1759 habere
1916 1704 1997 1758 vi-

416 1793 578 1845 detur
630 1793 940 1848 divinorum
991 1794 1386 1864 ignorantiam,
1434 1795 1570 1850 alias
1614 1811 1993 1866 nequaquam,

418 1889 705 1950 postquam
777 1881 891 1937 Deo
955 1883 1285 1953 conjunctus
1354 1894 1471 1952 est,
1533 1886 1673 1940 ultra
1737 1888 1997 1942 servisset

421 1971 602 2024 idolis.

494 2060 658 2117 V'sas.
696 2062 881 2119 13-19.
918 2084 938 2117 ι
982 2064 1109 2120 Ilaec
1157 2075 1286 2121 sunt
1330 2082 1451 2137 quae
1487 2068 1555 2123 de
1588 2069 1783 2125 avibus
1816 2086 1998 2126 come-

417 2155 551 2211 dere
593 2172 701 2209 nou
735 2158 966 2219 debetis,
996 2167 1050 2213 et
1082 2159 1296 2215 vitanda
1327 2169 1455 2215 sunt
1496 2163 1649 2216 vobis
1678 2166 1992 2232 :Aaquilam,

423 2253 477 2298 et
504 2246 788 2316 gryphem,
817 2256 873 2300 et
901 2246 1175 2302 halizetum
1204 2287 1219 2310 ,
1251 2259 1305 2301 et
1335 2248 1555 2302 milvum
1611 2264 1675 2304 ac
1707 2251 1997 2316 vulturem,

420 2337 577 2404 juxta
613 2350 786 2405 genus
824 2351 987 2390 suum
1015 2353 1029 2389 :
1060 2346 1115 2390 ct
1142 2351 1303 2391 omne
1341 2337 1547 2391 corvini
1595 2339 1810 2409 generis
1840 2340 1893 2393 in
1924 2339 2000 2394 si-

425 2425 787 2479 militudinem
833 2442 986 2479 suam
1032 2443 1045 2478 :
1089 2426 1472 2491 struthionem,
1515 2435 1793 2493 noctuam,
1828 2438 1883 2483 et
1923 2429 2002 2482 la-

426 2532 566 2580 rum,
600 2527 656 2571 et
700 2516 1014 2588 accipitrem
1064 2517 1217 2587 juxta
1260 2533 1430 2589 genus
1479 2533 1663 2582 suum,
1704 2519 2002 2583 bubonem,

424 2618 480 2661 et
527 2611 854 2679 mergulum,
886 2619 942 2665 et
974 2610 1108 2674 ibin,
1144 2624 1394 2681 cycnum,
1431 2619 1487 2666 et
1521 2613 1918 2677 onocrotalum,
1949 2622 2006 2667 ct

424 2701 874 2771 porphyriouem,
928 2702 1305 2768 berodionem,
1350 2712 1407 2759 et
1457 2705 1809 2759 charadrium
1849 2706 2004 2776 juxta

427 2802 599 2858 genus
635 2804 817 2853 suum,
853 2805 1089 2858 upupam
1118 2806 1358 2861 quoque,
1393 2799 1449 2846 et
1478 2792 1939 2861 vespertilionem.
1981 2811 1999 2842 ι

497 2878 608 2934 Nec
650 2896 839 2934 eorum
876 2881 967 2950 qui
1002 2882 1071 2936 ad
1109 2883 1625 2953 contemplationem
1674 2893 1893 2949 vacant,
1926 2884 2007 2938 vi—

430 2979 538 3025 tam
589 2973 643 3024 in
693 2972 798 3027 hoc
855 2972 1130 3043 legislator
1183 2974 1546 3033 indiscussam
1606 2975 1858 3046 reliquit,
1911 2977 2007 3031 sed

427 3063 888 3131 quemadmodum
949 3063 1002 3116 in
1067 3064 1343 3119 oblatione
1430 3063 1818 3120 sacriﬁciorum
1885 3081 2007 3135 pro-

430 3154 610 3223 prium
636 3154 717 3208 eis
744 3155 878 3225 legis
907 3156 1206 3225 capitulum
1231 3156 1535 3226 deputavit,
1562 3158 1634 3213 ita
1654 3166 1710 3212 et
1740 3157 1795 3211 in
1825 3156 2008 3227 inqui-

427 3247 629 3300 sitione
689 3247 933 3301 ciborum
998 3247 1136 3302 ﬁnes
1187 3248 1266 3302 eis
1312 3248 1560 3318 proprios
1615 3248 1821 3313 dedit,
1871 3263 2009 3318 quos

431 3336 763 3405 producens,
808 3345 866 3391 et
919 3337 1280 3392 terribiliores
1328 3337 1555 3404 faciens,
1599 3353 1711 3393 non
1755 3338 1899 3394 sicut
1942 3339 2010 3394 de

428 3427 719 3497 pecoribus
749 3437 803 3482 et
840 3428 907 3482 de
941 3429 1204 3498 piscibus,
1246 3431 1409 3484 etiam
1458 3431 1526 3485 de
1570 3431 1654 3485 his
1696 3431 1889 3486 sancit.
1934 3432 2010 3487 lbi

430 3521 579 3573 enim
613 3520 690 3573 ait
723 3539 736 3574 :
771 3520 891 3574 Haec
920 3531 1040 3574 sunt
1097 3523 1359 3576 animalia
1399 3540 1515 3593 qua:
1554 3524 1820 3578 comedere
1860 3524 2011 3578 debe-

433 3613 499 3666 tis
535 3613 598 3666 de
640 3614 839 3667 cunctis
883 3614 1243 3668 animantibus
1290 3624 1463 3669 teme.
1502 3613 1567 3669 Et
1608 3631 1799 3671 rursus
1832 3636 1845 3671 :
1886 3615 2013 3672 Ilwc

430 3713 555 3756 sunt
603 3719 719 3774 quia
764 3704 1054 3774 gignuntur
1102 3704 1158 3756 in
1206 3704 1377 3773 aquis,
1404 3711 1454 3757 et
1486 3704 1621 3756 vesci
1656 3704 1860 3758 licitum
1914 3715 2009 3760 est.

436 3794 534 3848 llic
567 3804 749 3849 autem
787 3813 799 3849 :
838 3793 966 3849 Haec
992 3805 1114 3849 sunt
1159 3812 1274 3866 qua:
1309 3796 1373 3850 de
1400 3796 1585 3850 avibus
1613 3798 1880 3851 comedere
1909 3814 2015 3851 non

432 3886 650 3946 debetis.
700 3897 749 3941 et
796 3889 1015 3941 vitanda
1053 3900 1175 3941 sunt
1225 3888 1386 3943 vobis.
1425 3887 1563 3943 Vere
1608 3889 2014 3944 abominatione

434 3978 659 4048 dignum
709 3987 813 4044 est,
867 3988 922 4032 et
968 3979 1123 4033 valde
1178 3978 1323 4033 inter
1381 3979 1568 4035 illicita
1634 3989 1798 4050 atque
1852 3981 2014 4036 nimis

430 4068 685 4123 evitanda
715 4070 1242 4135 connumerandum,
1262 4070 1707 4141 contemplationi
1732 4078 2013 4125 vacantem

374 4173 386 4183 '
433 4160 746 4230 quempiam
802 4170 997 4231 sponte
1047 4162 1181 4216 tales
1235 4162 1436 4216 habere
1492 4163 1729 4218 maculas
1764 4203 1780 4227 ,
1829 4163 2016 4233 quales

434 4269 534 4322 per
601 4254 972 4309 dinumeratas
1043 4270 1171 4310 aves
1240 4253 1517 4326 legislator
1580 4253 1881 4325 signiﬁcat;
1940 4253 2017 4308 ait

429 4360 581 4399 enim
628 4363 643 4400 Ξ

507 4459 774 4531 Aquilam,
807 4469 857 4515 et
900 4462 1171 4532 grypltem,
1199 4471 1248 4516 et
1304 4462 1542 4518 aliwtum
1567 4502 1582 4527 ,
1624 4471 1671 4516 et
1698 4462 1913 4517 miluum
1955 4478 2017 4515 ac

2087 599 2335 665 pietatem
2374 600 2442 652 υ.
2486 599 2594 655 llus
2634 615 2764 673 ergo
2804 602 3115 673 signiﬁcant
3150 620 3213 659 ea
3245 621 3365 675 quae
3395 623 3541 663 nunc
3578 608 3664 663 di-

2087 699 2369 744 uumcrata
2411 700 2541 745 sunt
2576 691 2853 757 animalia,
2896 694 3098 749 victum
3125 712 3191 750 ex
3221 697 3407 767 rapina
3435 700 3663 769 conqui-

2090 785 2283 836 rentia.
2319 785 2575 850 Quaedam
2609 795 2788 839 autem
2819 802 2885 840 ex
2921 787 3023 851 his,
3056 788 3188 842 alias
3220 805 3349 847 aves
3379 790 3665 851 invadunt.

2086 883 2144 927 et
2176 890 2241 929 ex
2285 877 2670 931 venationibus
2706 893 2894 932 earum
2933 881 3287 947 nutriuntur;
3322 882 3427 937 alia
3454 899 3584 939 vero
3614 883 3668 937 in

2090 966 2281 1021 domos
2331 967 2722 1039 ingredientia,
2769 970 3034 1039 diripiunt
3083 987 3204 1042 qua:
3255 974 3559 1044 repererint
3601 991 3672 1030 ne

2091 1059 2311 1127 quidem
2348 1061 2653 1129 gerentiutu
2689 1060 2934 1115 obsoniis
2968 1064 3271 1132 parcentia,
3305 1065 3504 1134 quibus
3545 1077 3676 1121 sunt

2092 1148 2298 1203 similes
2329 1148 2551 1219 quidam
2603 1149 2696 1219 qui
2743 1159 3033 1224 penetrant
3074 1152 3290 1218 domos,
3328 1162 3387 1208 et
3433 1154 3675 1225 captivas

2094 1242 2303 1298 ducunt
2340 1244 2689 1300 mulierculas
2721 1254 2975 1301 oneratas
3007 1246 3266 1316 peccatis,
3306 1262 3442 1318 quos
3479 1247 3675 1304 Paulus

2094 1336 2291 1408 arguit.
2326 1338 2525 1393 Vultur
2554 1340 2687 1394 rixis
2720 1348 2774 1394 et
2803 1340 2960 1395 bellis
2999 1342 3218 1411 gaudet,
3258 1350 3481 1412 propter
3511 1340 3675 1397 cada—

2093 1444 2221 1484 vcra
2256 1431 2585 1500 prmiiorum,
2619 1432 2670 1485 in
2697 1441 2905 1487 tantum
2934 1442 2995 1487 ut
3026 1433 3189 1488 etiam
3236 1441 3494 1504 sequatur
3520 1449 3679 1489 exer-

2094 1520 2286 1574 citum.
2319 1520 2438 1575 Non
2469 1536 2601 1592 ergo
2632 1530 2850 1591 oportet
2880 1522 3111 1578 aliorum
3140 1522 3359 1578 casibus
3387 1522 3541 1593 pasci
3593 1531 3682 1577 at-

2096 1626 2204 1679 que
2249 1611 2446 1666 nutriri
2496 1628 2620 1666 eum
2667 1612 2759 1683 qui
2805 1612 3250 1684 contemplationi
3294 1613 3389 1667 dat
3431 1629 3677 1684 operam.

2096 1701 2315 1757 Corvini
2361 1716 2495 1759 vero
2529 1705 2746 1775 generis
2779 1705 3033 1761 animalia
3072 1714 3205 1761 sunt
3245 1705 3554 1762 allec-tionis
3582 1722 3679 1762 ex-

2098 1794 2293 1861 pertia,
2324 1796 2470 1865 quod
2510 1796 2864 1852 manifestum
2891 1805 2976 1852 est
2998 1813 3069 1852 ex
3101 1812 3190 1862 eo,
3216 1796 3361 1867 quod
3386 1797 3625 1853 emissus
3649 1814 3680 1852 a

2031 1863 2069 1919 υ
2098 1885 2233 1951 Noe,
2261 1902 2324 1941 ex
2363 1887 2537 1956 prima
2576 1903 2700 1943 eum
2738 1903 2935 1944 corvus
2972 1888 3286 1945 avolatione
3313 1899 3683 1959 transgressus

2097 1987 2200 2040 est,
2227 1978 2313 2032 cui
2348 1978 2542 2033 similis
2600 1976 2772 2034 Judas
2817 1981 2958 2035 circa
3009 1995 3169 2036 suum
3219 1982 3536 2052 magistrum
3580 1980 3684 2035 fuit

2096 2077 2153 2121 et
2197 2067 2507 2123 Dominum.
2559 2068 2809 2124 Struthio
2861 2069 2979 2125 avis
3024 2069 3245 2140 quidem
3301 2078 3402 2139 est,
3447 2070 3545 2126 sed
3583 2085 3682 2126 vo-

2098 2159 2211 2214 lare
2246 2174 2357 2213 non
2388 2169 2588 2228 potest,
2618 2168 2897 2230 totamque
2923 2161 3089 2216 vitam
3117 2177 3273 2218 suam
3302 2161 3450 2217 circa
3480 2170 3681 2216 terram

2099 2261 2352 2320 occupat,
2406 2252 2596 2322 quales
2642 2263 2773 2308 sunt
2823 2253 3042 2323 quidam
3099 2253 3211 2309 Deo
3262 2254 3579 2321 militantes,
3628 2263 3685 2310 et

2102 2342 2284 2397 saeculi
2319 2357 2379 2397 se
2414 2344 2647 2414 negotiis
2687 2344 3052 2414 implicantcs.
3099 2344 3367 2401 Noctuam
3399 2359 3551 2410 vero,
3582 2360 3684 2415 pro

2101 2450 2208 2504 qua
2238 2435 2595 2507 Septuaginta
2625 2436 2842 2505 γλαῦκα
2867 2438 3142 2506 dixerunt,
3165 2438 3309 2494 hanc
3335 2445 3590 2511 asserunt
3626 2437 3683 2492 in

2102 2535 2265 2582 nocte
2288 2528 2432 2583 acuti
2455 2542 2578 2583 esse
2607 2530 2776 2594 visus,
2800 2529 2914 2584 sole
2946 2538 3127 2585 autem
3161 2539 3478 2601 apparente,
3499 2529 3683 2585 minus

2107 2617 2342 2673 utilitate
2366 2619 2649 2674 oculorum
2681 2618 2809 2673 frui.
2835 2618 2992 2675 Tales
3018 2629 3148 2674 sunt
3165 2620 3261 2691 qui
3288 2620 3423 2692 legis
3446 2620 3684 2691 glorian-

2108 2720 2197 2765 tur
2237 2711 2712 2780 contemplatione.
2736 2720 2793 2766 et
2829 2711 3078 2776 scientia,
3136 2711 3316 2766 lucem
3360 2711 3686 2783 evangelica:

2109 2803 2539 2857 conversationis
2583 2818 2779 2875 capere
2828 2819 2938 2858 non
2982 2804 3247 2859 valentes.
3285 2803 3455 2858 Larus
3486 2803 3687 2857 animal

2109 2903 2193 2948 est
2239 2893 2293 2947 in
2348 2902 2582 2964 utroque
2631 2895 2845 2959 vivens,
2878 2895 2932 2950 id
2980 2904 3066 2951 est
3115 2910 3254 2966 aqua
3298 2905 3358 2950 et
3399 2907 3564 2961 terra,
3594 2894 3688 2965 qui

2108 2986 2252 3041 sicut
2291 2986 2410 3041 avis
2452 2987 2675 3055 quidem
2721 2987 2884 3053 volat,
2918 2996 2980 3042 ut
3019 2988 3255 3057 aquatile
3295 2996 3479 3043 autem
3511 2995 3684 3041 natat.

2108 3077 2207 3133 Cui
2237 3094 2347 3133 non
2382 3079 2523 3135 male
2555 3087 2940 3150 comparantur
2982 3079 3059 3145 hi,
3088 3080 3182 3150 qui
3227 3079 3387 3136 simul
3430 3079 3688 3134 cicumci-

2110 3171 2320 3226 sionem
2387 3179 2718 3227 venerantur
2763 3181 2819 3227 et
2866 3172 3158 3242 baptisma,
3195 3172 3263 3229 ad
3311 3187 3449 3243 quos
3490 3171 3690 3227 Paulus

2111 3263 2244 3318 dicit
2277 3281 2288 3315 :
2330 3262 2388 3319 Si
2434 3246 2900 3331 circumcidemini,
2933 3263 3168 3319 Christus
3216 3265 3359 3320 vobis
3400 3265 3535 3319 nillil
3566 3281 3693 3334 pro-

2112 3357 2222 3410 dest
2252 3355 2319 3408 ".
2347 3354 2623 3425 Accipiter
2651 3356 2792 3411 inter
2820 3370 3046 3426 rapaces
3084 3371 3214 3412 aves
3252 3365 3356 3422 est,
3387 3357 3551 3412 habet
3589 3371 3691 3412 au—

2114 3457 2224 3503 tem
2262 3448 2517 3518 quiddam
2549 3446 2718 3508 aliud,
2757 3456 2984 3523 propter
3014 3448 3157 3518 quod
3191 3464 3223 3504 a
3256 3449 3563 3522 legislatore
3590 3465 3693 3520 po—

2113 3539 2249 3594 situs
2274 3547 2377 3605 est,
2408 3540 2749 3596 mansuescit
2791 3540 3014 3610 quippe,
3045 3550 3103 3596 et
3134 3550 3458 3612 cooperatur
3489 3541 3559 3597 ad
3601 3557 3693 3596 ra-

2113 3632 2426 3702 pacitatem.
2460 3632 2632 3698 Quem
2665 3633 2949 3691 imitantur
2975 3632 3030 3688 hi
3057 3632 3148 3703 qui
3173 3633 3443 3689 mansueti
3470 3631 3692 3701 quidem

2114 3724 2370 3777 videntur
2401 3739 2541 3788 esse,
2573 3732 2628 3778 et
2659 3739 2822 3778 sensu
2869 3724 3167 3793 tranquilli,
3201 3732 3329 3779 sunt
3354 3732 3537 3783 autem
3567 3738 3692 3782 cum

2114 3816 2453 3885 potentibus,
2485 3824 2542 3870 et
2573 3815 2772 3880 avaris,
2801 3824 2966 3884 atque
3024 3815 3332 3886 rapacibus.
3373 3815 3694 3886 Nycticorax

2112 3907 2313 3961 animal
2344 3914 2448 3968 est,
2483 3905 2627 3973 quod
2663 3904 2718 3963 iu
2740 3908 2912 3961 nocte
2944 3895 3323 3961 tantummodo
3359 3906 3503 3976 repit
3530 3915 3695 3975 atque

2115 4004 2424 4067 operatur:
2471 3996 2611 4050 sicut
2658 4004 2789 4053 sunt
2837 4004 3057 4066 gentes,
3103 3995 3470 4066 intelligihiles
3518 4002 3696 4052 noctis

2114 4089 2392 4159 operibus,
2427 4103 2547 4158 qua:
2591 4098 2727 4149 sunt,
2764 4088 3075 4154 iornicatio,
3112 4088 3479 4155 immunditia,
3516 4088 3697 4159 impu-

2114 4180 2322 4243 dicitia,
2353 4179 2621 4235 idolorum
2649 4179 2851 4243 cultus,
2880 4188 2936 4236 et
2964 4179 3050 4235 his
3086 4177 3308 4234 similia.
3344 4178 3452 4247 Ibis
3480 4187 3540 4233 et
3568 4193 3696 4248 por-

2116 4274 2348 4346 phyrion
2398 4282 2458 4330 et
2490 4289 2655 4346 quem
2695 4272 3050 4344 Septuaginta
3083 4270 3368 4327 nominant
3394 4270 3693 4341 pelicanus,

2115 4376 2171 4422 et
2215 4382 2439 4439 cycnus,
2492 4374 2549 4420 et
2596 4364 2878 4430 herodius,
2928 4372 2983 4419 et
3029 4362 3341 4428 charadius,
3377 4362 3521 4434 longi
3571 4377 3697 4418 esse

2118 4459 2267 4524 colli,
2297 4458 2626 4526 trahereque
2664 4456 2848 4511 cibum
2888 4469 2958 4509 ex
2991 4453 3279 4509 altitudine
3334 4462 3496 4508 terra:
3532 4461 3697 4522 atque

433 4548 694 4602 vulturem
739 4551 899 4620 juxta
951 4567 1112 4620 genus
1170 4567 1342 4607 suum.
1408 4552 1671 4621 Rapaces,
1716 4559 1771 4605 et
1826 4550 2005 4605 cibum
2042 4558 2086 4613 ι)
2114 4565 2377 4621 aquarum
2421 4548 2726 4604 dicuntur:
2762 4561 2882 4614 qua:
2914 4544 3171 4600 animalia
3213 4543 3416 4599 imitari
3456 4553 3695 4614 oportet,

434 4644 673 4698 alienum
742 4644 881 4699 male
950 4652 1259 4713 sectantes,
1326 4646 1733 4714 quaestibusque
1794 4644 2010 4715 injustis

435 4734 758 4805 gaudentes.
793 4749 889 4803 per
917 4734 1173 4804 prmdicta
1207 4735 1493 4805 signiﬁcat.
1525 4733 1661 4800 Quia
1700 4733 1847 4788 enim
1887 4732 2014 4802 qui-

436 4824 561 4878 dam
599 4823 952 4879 inveniuntur
982 4826 1038 4878 in
1068 4816 1345 4889 Ecclesiis,
1377 4826 1520 4879 inter
1549 4839 1644 4879 eos
1680 4825 1772 4893 qui
1817 4832 2014 4890 putan-

438 4923 528 4968 tur
573 4916 1017 4985 contemplationi
1067 4930 1290 4984 operam
1336 4915 1488 4978 dare,
1525 4914 1618 4984 qui
1662 4930 1771 4969 non
1818 4930 2014 4983 quem-

435 5006 729 5063 admodum
773 5007 997 5073 debent,
1038 5008 1105 5061 ad
1150 5008 1255 5063 hoc
1290 5019 1506 5071 vacant,
1551 5007 1645 5062 sed
1694 5006 1896 5061 frustra
1930 5006 2017 5060 in-

436 5098 656 5162 ﬂantur,
695 5100 823 5154 audi
854 5098 1079 5154 Paulum
1110 5100 1382 5157 dicentem
1421 5117 1435 5153 :
1464 5099 1522 5154 Si
1552 5099 1667 5170 quis
1700 5097 1810 5151 alia
1846 5099 2017 5159 docet,

433 5197 485 5243 et
532 5206 633 5243 non
687 5190 971 5261 acquiescit
1017 5192 1163 5245 sanis
1214 5191 1537 5246 sermonibus
1586 5189 1801 5247 Domini
1855 5189 2018 5242 nostri

435 5279 560 5333 Jesu
590 5277 806 5343 Christi,
832 5288 882 5334 et
911 5281 958 5335 ei
987 5281 1077 5352 qui
1108 5281 1395 5336 secundum
1430 5283 1683 5351 pietatem
1715 5287 1789 5333 est
1820 5280 2018 5334 doctri-

438 5387 541 5435 nas,
580 5373 831 5442 superbus
873 5382 970 5438 est,
1014 5373 1145 5428 nihil
1196 5375 1382 5440 sciens,
1431 5373 1521 5428 sed
1571 5373 1828 5446 languens
1875 5372 2015 5427 circa

438 5464 748 5532 qua'stiones
796 5474 845 5519 et
888 5482 1093 5536 pugnas
1132 5467 1425 5531 verborum,
1457 5483 1522 5521 ex
1552 5467 1738 5537 quibus
1776 5468 2019 5521 oriuntur

368 5575 382 5588 -
437 5554 674 5620 invidiaz,
706 5557 1077 5620 contentiones,
1106 5556 1458 5628 blasphemia,
1485 5559 1807 5628 suspiciones
1837 5556 2015 5621 mala,

438 5645 857 5714 conﬂictationes
880 5646 1150 5702 hominum
1174 5659 1344 5703 mente
1369 5660 1756 5718 corruptorum,
1785 5658 1832 5702 et
1861 5648 1950 5717 qui
1983 5663 2018 5699 a

501 5797 548 5829 ’³
597 5819 616 5873 ι
656 5821 785 5877 Cor.
837 5839 891 5885 ν,
927 5824 1011 5878 ll.
1090 5824 1135 5856 ’⁸
1163 5822 1183 5877 ι
1210 5822 1349 5879 Tim.
1385 5841 1458 5889 vt,
1489 5826 1545 5887 5.
1577 5825 1631 5879 4.
1709 5825 1753 5856 ¹¹
1785 5823 1961 5880 Galat.
2005 5838 2055 5888 v,
2089 5819 2145 5877 ἓ.

2117 4658 2221 4699 nec
2243 4642 2311 4697 do
2336 4639 2684 4695 inferioribus
2700 4637 2936 4693 evellere
2948 4636 3153 4702 cibum,
3168 4636 3263 4692 sed
3281 4636 3349 4692 de
3363 4636 3696 4692 cmlestibus.

2120 4734 2215 4789 Ille
2240 4732 2510 4803 siquidem
2538 4728 2986 4798 contemplationi
3010 4738 3184 4794 vacat,
3208 4726 3301 4798 qui
3325 4729 3392 4783 ad
3416 4728 3700 4799 superiora

2121 4834 2308 4881 mente
2336 4821 2642 4886 contendit,
2677 4829 2735 4876 et
2772 4835 2885 4875 non
2934 4821 3107 4877 solum
3148 4819 3564 4889 iutelligibilem,
3603 4820 3702 4875 sed

2126 4920 2183 4967 et
2212 4910 2526 4967 sensibilem
2554 4908 2736 4964 cibum
2771 4925 2799 4960 a
2834 4907 2947 4962 Deo
2970 4914 3281 4976 exspectat:
3316 4906 3460 4961 unde
3486 4907 3564 4961 ait
3594 4904 3701 4959 Do-

2126 5003 2309 5058 minus
2333 5021 2348 5057 :
2375 5000 2551 5055 Nolite
2576 4999 2787 5055 solliciti
2815 5015 2922 5053 esse
2946 4999 3141 5055 anime
3166 5007 3372 5064 uestra,
3399 4999 3525 5069 quid
3549 5014 3702 5053 man-

2125 5093 2345 5154 ducetis,
2360 5108 2524 5162 neque
2550 5089 2778 5160 corpori,
2794 5090 2921 5156 quid
2944 5089 3246 5144 induamini
3272 5106 3291 5143 :
3311 5089 3409 5145 scit
3433 5088 3571 5142 enim
3584 5086 3703 5140 Ῥα-

2124 5193 2204 5238 ter
2246 5194 2412 5237 uester
2444 5176 2679 5245 caelestis,
2715 5181 2842 5250 quia
2887 5180 3130 5233 omnibus
3175 5179 3254 5232 Itis
3300 5193 3502 5232 necesse
3542 5177 3703 5231 habe-

2126 5278 2192 5331 tis
2214 5276 2281 5329 ".
2315 5274 2507 5344 Upupa
2536 5273 2764 5343 lugubre
2791 5272 2991 5327 animal
3018 5285 3315 5339 amansque
3341 5271 3548 5324 luctum
3579 5274 3699 5323 est:

2124 5366 2309 5423 saeculi
2356 5373 2540 5420 autem
2594 5362 2813 5419 tristitia
2866 5371 3098 5418 mortem
3147 5368 3422 5431 operatur.
3473 5357 3704 5428 Propter

2124 5459 2269 5529 quod
2312 5464 2534 5528 oportet
2569 5470 2696 5511 eum
2741 5455 2833 5525 qui
2876 5453 3051 5524 diligit
3100 5451 3270 5507 Deum
3321 5464 3541 5520 semper
3573 5465 3707 5522 gau-

2126 5552 2276 5613 dere,
2309 5549 2427 5604 sine
2471 5547 2880 5602 intermissione
2918 5560 3095 5611 orare,
3130 5543 3187 5598 in
3220 5542 3476 5598 omnibus
3504 5540 3707 5614 gratias

2127 5658 2289 5715 agere
2318 5661 2333 5695 :
2367 5641 2493 5711 quia
2532 5639 2791 5710 gaudium
2840 5637 3052 5692 fructus
3078 5643 3165 5693 est
3198 5634 3443 5705 spiritus.
3471 5632 3709 5704 Vesper-

2235 5821 2280 5852 "
2311 5817 2502 5874 Matth.
2531 5831 2606 5883 vt,
2637 5813 2728 5882 5t,
2759 5814 2852 5869 52.
