4030 6240
394 398 490 469 911

1472 425 1479 432 ·
1529 435 1532 438 ~
1584 388 1949 457 HESYCHII
1986 390 2455 451 PRESBYTERI

3556 396 3681 460 912

396 526 611 580 titiones
641 522 784 577 circa
819 528 1016 572 terram
1050 510 1250 573 volant,
1276 507 1348 561 ita
1380 516 1439 559 ut
1462 505 1658 575 pennis
1692 518 1793 573 pro
1824 500 1976 571 pcdi-
2010 516 2048 569 Α
2080 499 2175 553 sed
2206 508 2408 558 tamen,
2436 499 2561 567 quia
2590 513 2699 553 non
2733 500 3029 554 secundum
3063 499 3377 570 veritatem,
3404 507 3682 562 socialem

393 617 495 670 ltus
523 622 748 669 utantur
774 605 992 680 quando
1024 600 1305 657 ambulant
1344 617 1357 652 :
1395 596 1541 668 quod
1583 594 1864 666 indignum
1897 597 1980 644 est

392 708 445 762 iu
490 707 575 762 eis
622 705 716 774 qui
755 693 1206 769 contemplationi
1256 692 1389 746 dant
1439 701 1710 757 operam:
1746 695 1980 753 quorum

391 799 539 851 enim
574 804 659 850 est
706 792 920 849 velatus
961 788 1106 843 circa
1156 794 1379 844 terram,
1411 778 1606 833 horum
1641 775 1805 830 etiam
1846 786 1979 825 con-

391 889 675 960 templatio
706 883 898 957 procul
929 880 1096 937 dubio
1136 878 1191 930 in
1234 871 1467 929 terrenis
1496 876 1815 967 occupatur.
1846 863 1976 967 .Non

391 997 521 1050 ergo
560 975 877 1033 incredulus
918 972 1000 1027 sis
1044 984 1153 1025 nec
1193 966 1431 1028 dubites,
1465 960 1609 1055 quod
1644 960 1759 1055 haec
1788 960 1974 1055 etiam,

391 1048 513 1139 qua:
559 1081 708 1121 nunc
740 1065 1085 1120 dinumerata
1116 1065 1265 1121 sunt,
1304 1051 1577 1114 animalia,
1609 1048 1677 1104 ad
1706 1048 1977 1139 ostensio-

390 1176 517 1216 nem
548 1159 887 1229 ﬁguramque
914 1167 1129 1217 eorum,
1159 1166 1188 1203 a
1217 1148 1415 1219 quibus
1451 1143 1732 1199 abstinere
1774 1138 1977 1193 debent

390 1248 845 1321 contemplationi
881 1251 1159 1307 vacantes,
1193 1239 1376 1310 posuit
1412 1237 1704 1307 legislator.
1752 1230 1857 1287 Sed
1890 1231 1975 1285 in-

390 1347 548 1416 quies
579 1363 592 1398 :
628 1339 916 1410 Quomodo
949 1338 1142 1392 horum
1175 1331 1490 1388 animalium
1522 1343 1631 1382 non
1661 1326 1836 1389 cibus,
1879 1323 1972 1416 sed

390 1414 628 1492 imitatio
674 1432 1038 1506 prohibetur,
1086 1422 1502 1511 cumpelicano
1547 1414 1972 1511 ct‘nycticoraci

389 1528 562 1583 David
611 1505 879 1595 propheta
927 1517 1282 1587 semetipsum
1327 1505 1695 1580 camparavit,
1738 1505 1968 1604 dicens:

393 1618 601 1674 Similis
630 1619 804 1687 factus
835 1612 1074 1684 pelicano
1108 1624 1246 1671 sum,
1279 1607 1449 1676 factus
1489 1616 1605 1655 sum
1643 1599 1777 1651 sicut
1806 1599 1973 1667 τιμειὶ-

392 1726 554 1765 corax
592 1710 646 1763 in
687 1704 952 1762 domicilio
977 1704 1059 1756 "‘l
1106 1700 1210 1754 Per
1255 1696 1486 1767 aquilam
1538 1702 1719 1747 autem
1763 1688 1973 1758 Moyses

392 1802 572 1871 ipsum
622 1797 892 1870 signiﬁcat
938 1794 1131 1857 Deum,
1163 1791 1437 1845 dicentem
1482 1784 1549 1838 ad
1589 1779 1801 1871 Israel},
1830 1777 1972 1871 Quo-

2082 592 2486 662 amplectuntur
2520 591 2713 658 vitam,
2752 593 3052 648 abutuntur
3077 605 3258 650 autem
3292 601 3684 668 cornpastione

2083 679 2486 743 praedicationis
2517 696 2618 750 pro
2666 682 2779 737 suis
2809 684 3200 753 voluptatibus,
3232 686 3495 744 immundi
3535 700 3682 746 sunt

2079 777 2242 838 atque
2289 769 2704 836 abominabiles,
2757 780 2945 841 utpote
2993 772 3085 842 qui
3137 774 3189 827 in
3239 776 3326 830 tali
3370 792 3681 834 conversa-

2080 859 2247 926 tione,
2290 869 2346 914 ct
2389 860 2444 914 in
2490 861 2580 915 tali
2620 862 2869 927 scicntia,
2897 871 3108 934 turpem
3148 869 3435 935 quamdam
3480 871 3679 942 ingre—

2078 949 2306 1005 diuntur
2351 961 2406 1006 et
2449 951 2785 1007 immundam
2836 954 3025 1007 vitam.
3066 954 3276 1020 Quibus
3318 967 3501 1013 autem
3532 968 3669 1016 sunt

2077 1060 2239 1100 crura
2283 1043 2602 1109 excelsiora,
2637 1053 2697 1101 ut
2737 1060 2836 1115 per
2875 1061 2937 1099 ea
2974 1048 3229 1102 exsiliunt
3265 1064 3293 1101 a
3329 1053 3674 1112 terra,inter

2077 1135 2281 1191 munda
2304 1146 2591 1206 propterea
2612 1139 3064 1208 ponuntur,quia,
3085 1154 3212 1194 cum
3244 1141 3353 1196 sint
3385 1143 3436 1195 in
3468 1158 3667 1208 carne,

2078 1244 2187 1283 non
2226 1230 2527 1284 secundum
2555 1244 2779 1284 carnem
2822 1230 3075 1295 militant,
3107 1232 3201 1286 sed
3232 1247 3262 1285 a
3292 1235 3526 1288 sordidis
3565 1250 3668 1290 ex-

2077 1319 2269 1375 siliunt
2311 1320 2641 1385 actionibus,
2698 1330 2753 1374 et
2806 1321 3159 1377 smcularibus
3225 1323 3557 1390 hominibus,
3604 1338 3669 1380 ut

2077 1412 2312 1467 doceant
2340 1427 2435 1465 eos
2465 1421 2629 1483 atque
2665 1412 2956 1479 instruant,
3004 1415 3405 1484 permiscentur
3435 1436 3448 1472 :
3481 1420 3550 1472 ita
3604 1431 3668 1473 ut

2079 1513 2289 1558 etcum
2319 1504 2583 1559 adulteris
2620 1504 2931 1575 aliquando,
2970 1515 3024 1561 et
3055 1523 3178 1561 cum
3217 1508 3523 1578 publicanis
3558 1511 3663 1565 ha-

2075 1598 2273 1661 bitent,
2298 1607 2353 1651 et
2376 1608 2555 1652 tamen
2588 1598 2884 1653 immundis
2911 1614 3100 1654 eorum
3127 1616 3235 1655 non
3263 1602 3659 1658 commiscean-

2075 1700 2163 1742 tur
2193 1689 2500 1743 actionibus
2539 1707 2550 1742 :
2590 1690 2837 1745 resiliunt
2878 1691 3023 1746 enim
3054 1692 3122 1746 ab
3158 1694 3261 1757 eis,
3314 1703 3368 1748 et
3413 1697 3656 1759 avolant,

2073 1787 2129 1833 et
2158 1794 2283 1832 cum
2318 1780 2632 1834 societatem
2677 1782 2886 1850 peccati
2918 1782 3159 1853 ipsorum
3206 1784 3500 1855 refugiant,
3526 1801 3661 1856 pec-

391 1868 543 1948 modo
582 1868 900 1961 portaverim
936 1900 1024 1938 vos
1056 1897 1214 1952 super
1250 1879 1368 1933 alus
1398 1875 1705 1948 aquilarum
1732 1870 1810 1923 ³⁸2
1837 1868 1971 1922 Nam
2011 1878 2048 1931 il
2074 1873 2352 1928 catoribus
2390 1880 2593 1938 tamen,
2623 1881 2682 1926 ut
2713 1887 2810 1927 eos
2843 1888 2873 1927 a
2909 1884 3255 1943 peccatorum
3295 1877 3546 1931 sordibus
3590 1876 3658 1929 li-

387 1998 441 2041 et
492 1982 773 2055 propth
831 1978 1046 2032 leonem
1088 1972 1366 2027 Christum
1419 1965 1713 2055 appellant,
1754 1963 1968 2055 leonem

386 2053 570 2130 autem
597 2088 627 2127 e
650 2071 868 2127 diverso
900 2081 1023 2121 esse
1063 2064 1257 2119 Petrus
1295 2059 1568 2116 diabolum
1601 2054 1732 2111 dicit
1753 2053 1832 2118 “;
1863 2066 1967 2106 nec

389 2178 568 2223 tamen
603 2164 905 2217 secundum
935 2158 1040 2212 hoc
1068 2155 1154 2210 leo
1201 2151 1473 2213 Christus,
1498 2146 1797 2202 secundum
1823 2142 1968 2212 quod

386 2254 633 2312 diabolus
667 2251 883 2307 dicitur.
919 2245 1076 2301 Absit
1119 2258 1149 2298 a
1213 2241 1393 2304 nobis,
1430 2238 1572 2294 absit
1625 2235 1727 2289 ista
1774 2233 1968 2304 impie-

392 2361 472 2404 tas
505 2367 517 2402 :
552 2346 646 2401 sed
678 2343 805 2415 quia
848 2339 1010 2396 simul
1051 2336 1282 2408 regium,
1320 2346 1534 2388 necnon
1584 2344 1768 2398 rapax,
1807 2335 1968 2395 atque

388 2441 597 2497 immite
622 2447 706 2493 est
732 2434 956 2499 animal,
989 2444 1222 2500 cumque
1253 2426 1572 2497 dignitatem
1619 2420 1964 2483 laudabilem,

388 2528 802 2601 vituperabilem
842 2532 1026 2577 tamen
1064 2519 1437 2590 operationem
1470 2522 1639 2586 gerat,
1674 2511 1819 2583 quod
1848 2510 1969 2578 qui-

388 2623 510 2674 dem
555 2616 823 2671 laudabile
869 2613 1054 2676 habet,
1085 2610 1280 2665 hocin
1314 2607 1514 2664 Christi
1565 2620 1731 2675 regno
1768 2601 1968 2671 accipi-

391 2723 497 2776 tur,
535 2709 679 2779 quod
711 2715 893 2761 autem
919 2701 1302 2773 vituperabile,
1336 2700 1389 2752 in
1420 2696 1655 2759 diabolo,
1688 2690 1741 2749 id
1770 2703 1853 2749 est
1882 2709 1969 2747 ra-

390 2802 618 2874 pacitas,
650 2797 1116 2854 imuransuetudo.
1162 2792 1320 2859 Quod
1365 2800 1421 2846 et
1472 2791 1526 2844 in
1568 2788 1753 2859 aquila
1793 2786 1970 2842 consi-

390 2899 671 2957 derantes,
704 2893 823 2946 sine
854 2889 1034 2959 aliqua
1074 2886 1353 2941 dubietate
1389 2882 1714 2954 reperimus,
1749 2887 1970 2949 propter

389 2985 734 3043 altitudinem
786 2983 936 3037 enim
992 2977 1206 3032 volatus
1257 2974 1412 3045 ejus,
1469 2973 1692 3043 ﬁguram
1743 2969 1862 3039 ejus
1912 2968 1967 3020 in

391 3082 561 3135 Deum
614 3074 847 3145 sumpsit
888 3070 1129 3141 Moyses;
1170 3066 1296 3137 quia
1358 3078 1486 3118 vero
1537 3075 1724 3137 rapax,
1770 3075 1801 3113 a
1848 3058 1970 3114 cibo

388 3173 508 3242 ejus
534 3165 919 3223 abstinendum
945 3161 1110 3217 dixit.
1143 3157 1414 3227 Propheta
1444 3162 1625 3209 autem
1667 3152 1855 3217 David,
1888 3152 1970 3242 luf

2071 1962 2268 2016 bercnt
2331 1969 2493 2031 atque
2561 1970 2858 2029 revocent,
2915 1962 3238 2033 plerumque
3291 1965 3654 2019 cohabitant:

2070 2054 2212 2111 sicut
2255 2054 2556 2118 Dominus,
2608 2055 2701 2124 qui
2738 2064 3011 2123 peccatum
3044 2070 3147 2109 non
3182 2058 3325 2127 fecit,
3358 2073 3450 2111 nec
3480 2057 3534 2110 in
3564 2074 3659 2111 ore

2070 2147 2184 2215 ejus
2214 2145 2364 2199 dolus
2391 2146 2491 2216 fuit
2524 2145 2588 2210 ³⁸,
2632 2161 2756 2200 cum
2801 2147 3183 2216 peccatoribus
3224 2150 3543 2205 comedebat
3601 2160 3660 2205 et

2070 2237 2308 2301 bibebat,
2339 2236 2587 2292 doctrina
2617 2252 2712 2292 eos
2752 2237 3205 2310 institutioneque
3246 2240 3570 2310 justiticans,
3601 2253 3658 2299 et

2070 2329 2135 2383 ad
2178 2330 2259 2384 sui
2294 2344 2597 2400 provocans
2630 2330 3057 2396 aemulationem,
3109 2332 3245 2386 nihil
3298 2349 3490 2389 eorum
3535 2335 3659 2405 ipse

2074 2421 2312 2486 imitans,
2343 2436 2445 2475 nec
2473 2421 2542 2475 ab
2569 2421 2650 2475 eis
2681 2422 3017 2492 inquinatus.
3054 2421 3285 2494 Propter
3318 2428 3463 2496 quod
3501 2427 3658 2482 dixe-

2072 2521 2199 2564 runt
2227 2510 2449 2565 Cantica
2480 2512 2819 2566 canticorum
2850 2530 2862 2565 :
2893 2511 3026 2567 Ecce
3068 2515 3164 2567 iste
3193 2516 3330 2568 venit
3360 2515 3556 2570 saliens
3598 2518 3659 2568 in

2072 2604 2353 2667 montibus,
2394 2604 2654 2657 transiens
2712 2619 2870 2673 super
2926 2604 3082 2658 calles
3124 2606 3189 2659 “.
3242 2607 3466 2677 Oportet
3523 2622 3657 2678 ergo

2072 2710 2173 2748 nos
2218 2695 2420 2751 habere
2468 2710 2630 2750 crura
2674 2695 2992 2750 sublimiora
3038 2698 3290 2767 pedibus,
3324 2714 3432 2753 non
3458 2700 3657 2769 'qualia

2071 2787 2384 2842 Judteorum
2422 2788 2588 2857 pedes
2624 2787 2844 2853 habent,
2878 2787 2970 2858 qui
3010 2787 3065 2841 in
3099 2789 3383 2858 utriusque
3413 2792 3658 2861 vestigiis

2072 2881 2210 2947 suis,
2244 2880 2297 2935 in
2334 2879 2450 2952 lege
2482 2880 2735 2935 videlicet
2762 2888 2819 2935 et
2846 2881 3149 2951 prophetis,
3185 2881 3524 2949 claudicant;
3554 2882 3655 2938 sed

2071 2970 2249 3040 qualia
2283 2971 2487 3025 habent
2526 2985 2611 3038 ca,
2651 2985 2773 3040 qua;
2807 2970 3064 3026 dicuntur
3097 2969 3412 3039 Cherubim,
3443 2974 3509 3028 de
3532 2973 3656 3044 qui-

2072 3064 2175 3119 bus
2202 3064 2407 3119 dictum
2437 3073 2520 3119 est
2546 3080 2559 3117 :
2588 3061 2658 3117 Et
2684 3080 2840 3117 crura
2872 3080 3050 3118 eorum
3082 3081 3237 3119 crura
3265 3077 3425 3133 recta,
3451 3077 3499 3120 et
3524 3083 3661 3137 pen-

2075 3156 2188 3208 nati
2228 3155 2383 3223 pedes
2423 3171 2625 3222 eorum,
2668 3164 2817 3211 recte
2851 3165 2905 3210 ct
2931 3155 3380 3213 indeclinabiliter
3407 3159 3459 3212 in
3486 3175 3657 3214 evan-

390 3233 522 3330 gens
562 3254 838 3310 hominem
887 3253 938 3304 in
976 3259 1198 3320 peccato
1227 3244 1611 3308 constitutmn,
1643 3240 1967 3312 nycticoraci
1995 3233 2038 3289 C
2074 3246 2259 3317 geticis
2313 3246 2543 3316 pedibus
2593 3265 2605 3301 ;
2651 3249 2717 3303 de
2765 3248 2961 3316 quibus
3006 3249 3208 3304 dictum
3248 3260 3330 3305 ρει
3367 3269 3379 3306 ;
3416 3251 3658 3307 calcem;

391 3351 562 3408 hunc,
601 3344 744 3398 sicut
779 3341 831 3395 in
870 3349 1033 3393 nocte
1064 3336 1359 3400 viventem,
1394 3331 1731 3403 comparavit
1764 3330 1831 3383 ³ο.
1865 3330 1968 3383 Per

386 3436 699 3508 pelieanurn
751 3438 958 3494 autem,
999 3433 1189 3496 utpote
1229 3440 1326 3494 per
1365 3422 1566 3477 animal
1607 3436 1796 3475 amans
1840 3418 1967 3475 soli-

387 3527 658 3585 tudinem,
696 3520 947 3594 liguravit
980 3532 1126 3581 cum,
1156 3515 1250 3585 qui
1295 3513 1477 3569 forsan
1524 3512 1715 3568 amicis
1757 3512 1967 3567 desola-

389 3631 477 3674 tus
509 3625 611 3682 est,
638 3623 733 3670 aut
754 3610 1021 3683 cognatis,
1052 3608 1392 3679 aliorumque
1418 3605 1676 3660 similium
1707 3604 1964 3660 societate

386 3711 702 3766 destitutus.

404 3808 411 3815 '
459 3801 619 3857 Vens.
651 3798 842 3857 (ἐῢ-22.
877 3819 895 3851 ι
929 3797 1103 3853 Omne
1146 3794 1214 3850 de
1248 3791 1578 3852 volucribus.
1610 3790 1754 3862 quod
1786 3788 1965 3861 gradi-

386 3908 473 3950 t-nr
520 3909 685 3965 super
733 3900 966 3963 quatuor
1004 3889 1189 3960 pedes,
1232 3885 1598 3941 abominabile
1637 3884 1740 3938 erit
1784 3880 1960 3937 vobis.

382 3987 658 4057 Quidquid
701 3995 885 4040 autem
919 3982 1159 4038 ambulat
1184 3980 1402 4051 quidem
1437 3992 1603 4049 super
1634 3977 1800 4046 pedes
1828 3989 1963 4044 qua-

383 4092 525 4143 tuor,
561 4078 654 4133 sed
693 4078 858 4131 habet
898 4077 1123 4147 largiora
1162 4082 1308 4128 retro
1345 4086 1523 4136 crura,
1560 4084 1656 4139 per
1682 4083 1803 4139 quae
1841 4066 1963 4122 salit

382 4187 549 4237 super
586 4180 806 4234 terram,
834 4167 1120 4222 comedere
1151 4163 1381 4231 debetis,
1424 4171 1487 4237 ut
1516 4169 1600 4215 est
1631 4160 1874 4215 bruchus
1906 4158 1962 4211 in

380 4274 581 4332 genere
608 4274 728 4323 suo,
761 4265 993 4320 attacus,
1016 4264 1179 4324 atque
1211 4252 1607 4324 ophiomachus
1636 4264 1699 4304 ac
1729 4249 1957 4313 locusta,

381 4352 589 4422 singula
612 4351 764 4419 juxta
797 4361 970 4419 genus
1000 4360 1181 4400 suum.
1223 4361 1242 4395 ι

448 4447 533 4500 Ab
583 4442 732 4500 omni
782 4440 1015 4496 mundos
1059 4452 1179 4493 esse
1236 4446 1490 4508 peccato,
1538 4444 1701 4505 atque
1746 4432 1960 4488 actione

380 4538 617 4602 sordida,
651 4550 746 4592 eos
773 4534 866 4606 qui
899 4531 1377 4601 contemplativam
1411 4529 1575 4583 vitam
1611 4526 1953 4597 pollicentur,

379 4636 616 4696 oportet.
652 4627 949 4695 Propterea
1003 4621 1314 4692 quicunque
1370 4618 1587 4689 quidem
1646 4616 1957 4671 volatilibus

381 4715 588 4769 similes
608 4722 768 4780 sunt,
796 4726 1159 4783 supernorum
1189 4710 1442 4765 videlicet
1468 4707 1680 4778 assequi
1709 4715 1957 4762 contem-

381 4805 674 4875 plationem
715 4802 1116 4872 promittentes,
1163 4816 1285 4869 quae
1333 4799 1485 4855 ducit
1527 4799 1594 4853 ad
1635 4798 1824 4861 eteius,
1862 4798 1958 4852 sed

381 4896 664 4967 reptilibus
698 4902 1106 4964 comparantur,
1151 4892 1278 4961 quia
1322 4892 1689 4961 depascuntur
1733 4900 1954 4953 terram,

379 4998 434 5048 et
463 4987 922 5061 concupiscentiis
952 5000 1175 5055 operam
1210 4987 1363 5050 dant,
1393 4985 1608 5038 etiamsi
1640 4983 1694 5037 in
1725 4991 1960 5054 quatuor

377 5085 659 5143 ambulant
692 5082 881 5155 pedes,
915 5080 966 5136 id
1001 5088 1105 5147 est,
1140 5079 1243 5135 etsi
1285 5078 1654 5149 evangelieam
1698 5075 1959 5131 simulant

376 5179 846 5252 praedicationem,
880 5189 1002 5245 qua:
1037 5172 1173 5228 dixit
1203 5190 1216 5225 :
1248 5172 1367 5225 Non
1396 5171 1512 5224 veni
1552 5185 1739 5223 vocare
1759 5168 1954 5238 justas,

373 5264 464 5329 sed
492 5281 787 5342 peccatores
821 5270 893 5323 ad
938 5266 1299 5337 paenitentiam
1331 5263 1397 5326 ³⁸,
1444 5272 1499 5316 et
1542 5279 1556 5315 :
1608 5259 1727 5313 Non
1767 5260 1957 5313 habent

375 5380 576 5417 necesse
614 5364 731 5417 sani
762 5361 961 5417 medico
982 5402 996 5425 ,
1033 5358 1125 5412 sed
1165 5356 1256 5427 qui
1296 5354 1433 5408 male
1465 5354 1654 5407 habent
1686 5354 1752 5418 ²¹,
1786 5369 1813 5405 a
1847 5368 1956 5423 quo

374 5456 510 5508 latro
552 5453 789 5509 salvatus
815 5461 918 5517 est,
950 5458 1005 5506 et
1041 5449 1284 5504 adultera
1318 5445 1609 5515 justitieata
1642 5455 1747 5508 est,
1775 5453 1830 5499 et
1862 5446 1952 5515 qui

371 5547 494 5616 plus
533 5545 824 5610 debebant,
854 5546 975 5615 plus
996 5543 1223 5612 diligere
1254 5540 1622 5611 ignoscentcm
1659 5540 1949 5607 dicuntur;

465 5720 680 5774 "Ps-al.
735 5736 805 5786 cr,
863 5722 913 5777 7.
1020 5725 1066 5755 “
1129 5722 1303 5776 Exod.
1338 5738 1446 5785 xu,
1490 5726 1542 5778 4.

570 5791 615 5822 ⁸⁸
650 5792 751 5845 lsa.
786 5806 900 5854 Lm,
936 5792 1000 5853 9;
1060 5790 1078 5844 Ι
1115 5792 1260 5847 Petr.
1293 5808 1350 5859 ιι,
1382 5793 1473 5849 ‘22.

665 5862 727 5892 ³’·
758 5861 947 5916 Matth.
987 5878 1140 5933 xxrv,
1170 5862 1255 5918 12.

378 5793 459 5846 l'2.

373 5876 455 5929 tu,
488 5860 570 5916 lG.

1647 5722 1692 5753 ²⁹
1725 5719 1741 5773 l
1776 5717 1919 5773 Petr.
1952 5740 2005 5788 v,
2039 5724 2091 5779 8.

1582 5794 1630 5828 ”
1660 5791 1818 5846 Cant.
1873 5807 1932 5859 ιι,
1966 5794 2018 5848 8.

2071 3341 2225 3407 pedes
2245 3339 2299 3392 in
2336 3340 2726 3410 pra'paratione
2751 3338 3029 3411 Evangelii
3059 3342 3205 3410 pacis
3221 3341 3285 3395 ⁸⁵.
3317 3342 3434 3403 Hic.
3462 3359 3658 3414 quam-

2071 3431 2153 3486 vis
2184 3443 2353 3500 super
2390 3440 2589 3485 terram
2625 3431 2887 3498 ambulet,
2940 3433 3189 3503 quamvis
3229 3448 3355 3487 cum
3398 3442 3657 3503 peccato-

2071 3522 2221 3577 ribus
2255 3520 2683 3591 dispensationis
2736 3523 3016 3594 cujusdam
3048 3525 3216 3595 gratia
3247 3526 3657 3596 juvarninisque

2069 3624 2448 3681 conversetur,
2477 3614 2609 3670 illud
2641 3615 2873 3685 implens
2901 3617 3260 3687 apostolicum
3295 3633 3307 3670 :
3337 3615 3396 3672 Si
3421 3620 3537 3688 quis
3563 3635 3654 3674 vos

2066 3715 2217 3759 vocat
2260 3705 2554 3776 inﬁdelium
2590 3708 2660 3762 ad
2697 3723 2918 3773 canam,
2943 3717 2991 3761 et
3024 3708 3179 3762 vultis
3212 3709 3309 3776 ire,
3334 3726 3487 3764 omne
3514 3711 3655 3781 quad

2066 3799 2206 3854 vobis
2240 3801 2537 3870 appositum
2575 3801 2754 3872 fuerit,
2792 3802 3065 3866 comeditc,
3100 3801 3232 3855 nihil
3266 3802 3655 3874 interrogantes

2066 3900 2282 3962 propter
2302 3893 2675 3947 conscientiam
2702 3893 2747 3924 “
2774 3909 2787 3945 :
2826 3901 3007 3947 tamen
3041 3893 3262 3948 volatile
3293 3904 3573 3965 permanet
3594 3906 3653 3950 et

2066 3983 2303 4038 mundus
2335 3993 2439 4048 est,
2479 3985 2658 4040 sciens
2686 4000 2716 4038 a
2747 3995 2889 4040 terra
2937 3985 3174 4041 emicare
3210 3994 3375 4057 atque
3406 3987 3647 4054 exsilire,

2065 4085 2119 4129 et
2147 4090 2257 4131 non
2288 4075 2571 4132 adhaerere
2610 4076 2965 4132 saecularibus
2995 4076 3325 4133 actionibus.
3368 4077 3515 4133 Bene
3550 4095 3652 4134 au—

2066 4176 2176 4221 tem
2213 4168 2404 4222 talium
2448 4168 2764 4223 animalium
2805 4168 2969 4223 etiam
3010 4169 3272 4224 vocabula
3314 4172 3535 4240 protulit
3569 4171 3650 4225 le-

2064 4258 2308 4329 gislator,
2365 4258 2672 4323 bruchum,
2725 4259 3094 4326 etloeustam,
3158 4268 3431 4326 attacum,
3483 4271 3649 4331 atque

2064 4349 2491 4419 ophiomachum
2534 4350 2845 4406 nominans.
2886 4349 3057 4421 Cujus
3098 4360 3280 4407 autem
3315 4355 3648 4424 operationis

2064 4440 2195 4505 sint,
2227 4440 2343 4495 sive
2389 4440 2626 4506 virtutis,
2653 4438 2867 4495 Nahum
2896 4442 3162 4510 propheta
3205 4443 3338 4498 satis
3368 4444 3643 4514 explanat,

2063 4531 2139 4585 ait
2174 4530 2319 4584 enim
2353 4549 2367 4585 :
2409 4530 2648 4586 Bruclius
2674 4548 2936 4602 expansus
2964 4543 3059 4598 est,
3095 4543 3143 4586 et
3171 4536 3398 4588 avolavit
3427 4550 3446 4589 :
3472 4547 3646 4591 custo-

2060 4624 2148 4676 des
2183 4623 2260 4676 tui
2287 4624 2441 4694 quasi
2481 4623 2696 4678 locusta:
2735 4622 3082 4687 locustarum,
3128 4640 3246 4696 qua:
3283 4628 3548 4697 conﬁdunt
3590 4630 3649 4682 in

2059 4713 2287 4783 sepibus,
2335 4715 2392 4767 in
2437 4715 2522 4768 dic
2572 4714 2787 4785 frigoris
2816 4715 2882 4768 ".
2931 4713 3031 4770 Vel
3071 4716 3213 4771 sicut
3251 4718 3600 4791 Septuaginta
3628 4762 3642 4787 ,

2061 4803 2293 4857 Emicuit
2326 4804 2461 4857 sicut
2492 4814 2702 4858 attacus
2758 4805 3060 4859 commixtus
3113 4807 3229 4869 tibi,
3266 4809 3402 4862 sicut
3443 4809 3645 4863 locusta

2060 4909 2176 4965 qua:
2229 4895 2553 4949 transcendit
2599 4897 2904 4963 materiam,
2937 4897 2994 4950 in
3034 4898 3119 4951 die
3157 4897 3389 4969 frigoris.
3418 4900 3495 4953 Ex
3523 4901 3646 4970 qui-

2063 4988 2165 5041 bus
2195 4989 2375 5044 cernis
2409 4988 2558 5057 quia,
2604 4989 2704 5041 etsi
2751 4990 3133 5058 peccatoribus
3167 4992 3641 5059 commisceamur,

2058 5079 2159 5133 etsi
2208 5079 2260 5132 in
2309 5081 2397 5133 die
2445 5079 2566 5150 gelu
2608 5080 2723 5135 sive
2771 5081 3021 5151 pruinae,
3064 5082 3119 5136 id
3171 5092 3255 5138 est
3298 5085 3645 5141 abundantia:

2045 5172 2298 5240 peccati,
2341 5171 2474 5226 Cum
2506 5174 2642 5226 enim
2670 5212 2686 5238 ,
2724 5172 2938 5242 inquit,
2970 5174 3320 5229 abundaverit
3346 5186 3642 5246 peccatum,

2055 5267 2345 5337 refrigescit
2377 5269 2611 5322 charitas
2647 5269 2933 5322 multarunt
2959 5268 3044 5331 ³⁷⁸,
3080 5271 3447 5327 transiliamus
3473 5284 3646 5329 mate-

2056 5359 2213 5421 riam,
2235 5359 2510 5429 spinosam
2571 5361 2821 5415 videlicet
2874 5369 3222 5433 peccatorum
3273 5365 3647 5421 exacerbatio-

2064 5463 2209 5513 nem,
2245 5465 2357 5503 non
2389 5450 2595 5505 similes
2627 5452 2806 5506 ell'ecti
2858 5452 2956 5517 eis,
3000 5454 3097 5508 sed
3152 5455 3507 5524 subjicicntes
3547 5471 3648 5513 eos

2062 5544 2240 5606 nobis,
2285 5551 2343 5598 ut
2387 5545 2519 5598 liant
2563 5544 2824 5600 dcetrinae
2859 5546 3200 5611 obcdientcs,
3240 5558 3427 5617 aperte
3465 5548 3651 5604 salva-

3264 5732 3310 5764 "
3336 5729 3525 5785 Matth.
3565 5748 3614 5789 tv

2199 5725 2241 5755 ³ο
2273 5725 2410 5779 Psal.
2449 5742 2521 5787 cr.
2556 5728 2605 5780 7.
2713 5729 2753 5761 ³⁸
2826 5727 2959 5783 Luc.
3002 5748 3054 5796 v,
3083 5732 3173 5785 52.
3264 5732 3310 5764 ³⁸
3336 5729 3525 5785 Matth.
3565 5748 3614 5789 tv

2202 5795 2401 5859 Ephes.
2434 5814 2507 5859 vi,
2551 5797 2629 5851 l5.
2744 5800 2833 5852 ³⁸1
2867 5799 2992 5853 Cur.
3041 5817 3094 5859 Χ,
3143 5800 3232 5857 25.
3340 5803 3383 5836 ³⁷
3426 5796 3663 5859 Naltu.n'

3474 5818 3645 5862 anum

2129 5796 2172 5827 δ’*
2202 5795 2401 5867 Epltes.
2434 5814 2507 5863 vt,
2551 5797 2629 5851 l5.
2744 5800 2833 5852 ³⁸1
2867 5799 2992 5853 Cor.
3041 5817 3094 5867 Χ,
3143 5800 3232 5857 25.
