  <div class='ocr_page' id='page_1' title='image "/cluster/home/n/w/nwhite01/storage/ocr_20150623/93/mdp.39015078384313/464.png"; bbox 0 0 4030 6240; ppageno 0'>
   <div class='ocr_carea' id='block_1_1' title="bbox 426 303 532 372">
    <p class='ocr_par' dir='ltr' id='par_1_1' title="bbox 426 303 532 372">
     <span class='ocr_line' id='line_1_1' title="bbox 426 303 532 372; baseline -0.038 -1"><span class='ocrx_word' id='word_1_1' title='bbox 426 303 532 372; x_wconf 81' lang='lat'><strong>913</strong></span> 
     </span>
    </p>
   </div>
   <div class='ocr_carea' id='block_1_2' title="bbox 1571 296 2565 360">
    <p class='ocr_par' dir='ltr' id='par_1_2' title="bbox 1571 296 2565 360">
     <span class='ocr_line' id='line_1_2' title="bbox 1571 296 2565 360; baseline 0 -1"><span class='ocrx_word' id='word_1_2' title='bbox 1571 296 1654 360; x_wconf 81' lang='lat' dir='ltr'><strong>IN</strong></span> <span class='ocrx_word' id='word_1_3' title='bbox 1687 296 2125 359; x_wconf 77' lang='lat' dir='ltr'><strong>LEVITICUM.</strong></span> <span class='ocrx_word' id='word_1_4' title='bbox 2150 322 2218 332; x_wconf 86' lang='grc'><strong><em>-</em></strong></span> <span class='ocrx_word' id='word_1_5' title='bbox 2254 298 2407 360; x_wconf 84' lang='lat' dir='ltr'><strong>LIB.</strong></span> <span class='ocrx_word' id='word_1_6' title='bbox 2450 300 2565 359; x_wconf 88' lang='lat' dir='ltr'><strong>III.</strong></span> 
     </span>
    </p>
   </div>
   <div class='ocr_carea' id='block_1_3' title="bbox 3595 294 3697 361">
    <p class='ocr_par' dir='ltr' id='par_1_3' title="bbox 3595 294 3697 361">
     <span class='ocr_line' id='line_1_3' title="bbox 3595 294 3697 361; baseline -0.02 0"><span class='ocrx_word' id='word_1_7' title='bbox 3595 294 3697 361; x_wconf 68' lang='lat' dir='ltr'><strong>9h</strong></span> 
     </span>
    </p>
   </div>
   <div class='ocr_carea' id='block_1_4' title="bbox 430 404 3700 481">
    <p class='ocr_par' dir='ltr' id='par_1_4' title="bbox 430 404 3700 481">
     <span class='ocr_line' id='line_1_4' title="bbox 430 404 3700 481; baseline -0.002 -8"><span class='ocrx_word' id='word_1_8' title='bbox 430 430 574 479; x_wconf 89' lang='lat' dir='ltr'><strong>mus,</strong></span> <span class='ocrx_word' id='word_1_9' title='bbox 610 422 665 469; x_wconf 89' lang='lat' dir='ltr'><strong>et</strong></span> <span class='ocrx_word' id='word_1_10' title='bbox 703 413 1052 478; x_wconf 86' lang='lat' dir='ltr'><strong>salvabimur,</strong></span> <span class='ocrx_word' id='word_1_11' title='bbox 1085 409 1230 465; x_wconf 90' lang='lat' dir='ltr'><strong>unde</strong></span> <span class='ocrx_word' id='word_1_12' title='bbox 1270 408 1343 461; x_wconf 86' lang='lat' dir='ltr'><strong>ait</strong></span> <span class='ocrx_word' id='word_1_13' title='bbox 1381 404 1577 461; x_wconf 77' lang='lat' dir='ltr'><strong>Paulus</strong></span> <span class='ocrx_word' id='word_1_14' title='bbox 1610 421 1624 461; x_wconf 88' lang='lat'><strong>:</strong></span> <span class='ocrx_word' id='word_1_15' title='bbox 1659 404 1856 460; x_wconf 78' lang='lat' dir='ltr'><strong>Factus</strong></span> <span class='ocrx_word' id='word_1_16' title='bbox 1893 421 2009 458; x_wconf 72' lang='lat' dir='ltr'><strong>Imm</strong></span> <span class='ocrx_word' id='word_1_17' title='bbox 2041 409 2085 463; x_wconf 80' lang='grc' dir='ltr'><strong>Α</strong></span> <span class='ocrx_word' id='word_1_18' title='bbox 2118 404 2173 459; x_wconf 87' lang='lat' dir='ltr'><strong>Si</strong></span> <span class='ocrx_word' id='word_1_19' title='bbox 2208 406 2354 461; x_wconf 90' lang='lat' dir='ltr'><strong>enim</strong></span> <span class='ocrx_word' id='word_1_20' title='bbox 2389 409 2622 464; x_wconf 83' lang='lat' dir='ltr'><strong>aliorum</strong></span> <span class='ocrx_word' id='word_1_21' title='bbox 2655 409 2949 481; x_wconf 85' lang='lat' dir='ltr'><strong>participes</strong></span> <span class='ocrx_word' id='word_1_22' title='bbox 2976 407 3274 466; x_wconf 79' lang='lat' dir='ltr'><strong>eﬂiciamur</strong></span> <span class='ocrx_word' id='word_1_23' title='bbox 3322 418 3700 481; x_wconf 75' lang='lat' dir='ltr'><strong>peccatorum,</strong></span> 
     </span>
    </p>
   </div>
   <div class='ocr_carea' id='block_1_5' title="bbox 427 498 2009 571">
    <p class='ocr_par' dir='ltr' id='par_1_5' title="bbox 427 498 2009 571">
     <span class='ocr_line' id='line_1_5' title="bbox 427 498 2009 571; baseline -0.006 -11"><span class='ocrx_word' id='word_1_24' title='bbox 427 505 630 561; x_wconf 66' lang='lat' dir='ltr'><strong>Judaei:</strong></span> <span class='ocrx_word' id='word_1_25' title='bbox 656 505 788 558; x_wconf 76' lang='lat' dir='ltr'><strong>sicut</strong></span> <span class='ocrx_word' id='word_1_26' title='bbox 814 502 1049 566; x_wconf 64' lang='lat' dir='ltr'><strong>Jnda’us,</strong></span> <span class='ocrx_word' id='word_1_27' title='bbox 1079 502 1159 555; x_wconf 84' lang='lat' dir='ltr'><strong>Itis</strong></span> <span class='ocrx_word' id='word_1_28' title='bbox 1188 502 1282 571; x_wconf 71' lang='lat' dir='ltr'><strong>qui</strong></span> <span class='ocrx_word' id='word_1_29' title='bbox 1309 500 1401 553; x_wconf 79' lang='lat' dir='ltr'><strong>sub</strong></span> <span class='ocrx_word' id='word_1_30' title='bbox 1434 500 1546 568; x_wconf 80' lang='lat' dir='ltr'><strong>tege</strong></span> <span class='ocrx_word' id='word_1_31' title='bbox 1572 507 1714 564; x_wconf 87' lang='lat' dir='ltr'><strong>sunt,</strong></span> <span class='ocrx_word' id='word_1_32' title='bbox 1740 499 1893 568; x_wconf 87' lang='lat' dir='ltr'><strong>quasi</strong></span> <span class='ocrx_word' id='word_1_33' title='bbox 1916 498 2009 550; x_wconf 85' lang='lat' dir='ltr'><strong>sub</strong></span> 
     </span>
    </p>
   </div>
   <div class='ocr_carea' id='block_1_6' title="bbox 431 588 2010 665">
    <p class='ocr_par' dir='ltr' id='par_1_6' title="bbox 431 588 2010 665">
     <span class='ocr_line' id='line_1_6' title="bbox 431 588 2010 665; baseline -0.007 -14"><span class='ocrx_word' id='word_1_34' title='bbox 431 598 542 665; x_wconf 79' lang='lat' dir='ltr'><strong>lege</strong></span> <span class='ocrx_word' id='word_1_35' title='bbox 578 613 776 660; x_wconf 81' lang='lat' dir='ltr'><strong>essem,</strong></span> <span class='ocrx_word' id='word_1_36' title='bbox 815 611 930 647; x_wconf 86' lang='lat' dir='ltr'><strong>cum</strong></span> <span class='ocrx_word' id='word_1_37' title='bbox 970 594 1080 662; x_wconf 85' lang='lat' dir='ltr'><strong>ipse</strong></span> <span class='ocrx_word' id='word_1_38' title='bbox 1124 593 1217 647; x_wconf 85' lang='lat' dir='ltr'><strong>sub</strong></span> <span class='ocrx_word' id='word_1_39' title='bbox 1257 593 1366 663; x_wconf 81' lang='lat' dir='ltr'><strong>lege</strong></span> <span class='ocrx_word' id='word_1_40' title='bbox 1403 607 1511 645; x_wconf 83' lang='lat' dir='ltr'><strong>non</strong></span> <span class='ocrx_word' id='word_1_41' title='bbox 1553 605 1712 646; x_wconf 82' lang='lat' dir='ltr'><strong>essent</strong></span> <span class='ocrx_word' id='word_1_42' title='bbox 1750 605 1767 642; x_wconf 92' lang='lat'><em>:</em></span> <span class='ocrx_word' id='word_1_43' title='bbox 1802 590 1882 643; x_wconf 79' lang='lat' dir='ltr'><strong>his</strong></span> <span class='ocrx_word' id='word_1_44' title='bbox 1921 588 2010 659; x_wconf 85' lang='lat' dir='ltr'><strong>qui</strong></span> 
     </span>
    </p>
   </div>
   <div class='ocr_carea' id='block_1_7' title="bbox 429 679 2012 757">
    <p class='ocr_par' dir='ltr' id='par_1_7' title="bbox 429 679 2012 757">
     <span class='ocr_line' id='line_1_7' title="bbox 429 679 2012 757; baseline -0.006 -16"><span class='ocrx_word' id='word_1_45' title='bbox 429 690 540 741; x_wconf 82' lang='lat' dir='ltr'><strong>sine</strong></span> <span class='ocrx_word' id='word_1_46' title='bbox 564 680 675 757; x_wconf 66' lang='lat' dir='ltr'><strong>lege</strong></span> <span class='ocrx_word' id='word_1_47' title='bbox 712 694 851 751; x_wconf 86' lang='lat' dir='ltr'><strong>sunt,</strong></span> <span class='ocrx_word' id='word_1_48' title='bbox 893 684 1047 754; x_wconf 82' lang='lat' dir='ltr'><strong>quasi</strong></span> <span class='ocrx_word' id='word_1_49' title='bbox 1084 685 1194 737; x_wconf 85' lang='lat' dir='ltr'><strong>sine</strong></span> <span class='ocrx_word' id='word_1_50' title='bbox 1233 683 1343 752; x_wconf 77' lang='lat' dir='ltr'><strong>iege</strong></span> <span class='ocrx_word' id='word_1_51' title='bbox 1389 698 1571 747; x_wconf 78' lang='lat' dir='ltr'><strong>essent,</strong></span> <span class='ocrx_word' id='word_1_52' title='bbox 1610 697 1729 735; x_wconf 83' lang='lat' dir='ltr'><strong>cum</strong></span> <span class='ocrx_word' id='word_1_53' title='bbox 1764 682 1872 749; x_wconf 84' lang='lat' dir='ltr'><strong>ipse</strong></span> <span class='ocrx_word' id='word_1_54' title='bbox 1901 679 2012 733; x_wconf 82' lang='lat' dir='ltr'><strong>sine</strong></span> 
     </span>
    </p>
   </div>
   <div class='ocr_carea' id='block_1_8' title="bbox 430 769 2012 843">
    <p class='ocr_par' dir='ltr' id='par_1_8' title="bbox 430 769 2012 843">
     <span class='ocr_line' id='line_1_8' title="bbox 430 769 2012 843; baseline -0.004 -14"><span class='ocrx_word' id='word_1_55' title='bbox 430 777 541 842; x_wconf 67' lang='lat' dir='ltr'><strong>(me</strong></span> <span class='ocrx_word' id='word_1_56' title='bbox 579 777 673 830; x_wconf 83' lang='lat' dir='ltr'><strong>Dei</strong></span> <span class='ocrx_word' id='word_1_57' title='bbox 704 793 806 830; x_wconf 87' lang='lat' dir='ltr'><strong>non</strong></span> <span class='ocrx_word' id='word_1_58' title='bbox 842 791 1025 840; x_wconf 77' lang='lat' dir='ltr'><strong>essent,</strong></span> <span class='ocrx_word' id='word_1_59' title='bbox 1057 777 1146 829; x_wconf 82' lang='lat' dir='ltr'><strong>sed</strong></span> <span class='ocrx_word' id='word_1_60' title='bbox 1179 776 1272 827; x_wconf 84' lang='lat' dir='ltr'><strong>sub</strong></span> <span class='ocrx_word' id='word_1_61' title='bbox 1287 775 1409 843; x_wconf 76' lang='lat' dir='ltr'><strong>‘tege</strong></span> <span class='ocrx_word' id='word_1_62' title='bbox 1442 788 1604 827; x_wconf 80' lang='lat' dir='ltr'><strong>essent</strong></span> <span class='ocrx_word' id='word_1_63' title='bbox 1637 772 1853 827; x_wconf 81' lang='lat' dir='ltr'><strong>Christi.</strong></span> <span class='ocrx_word' id='word_1_64' title='bbox 1886 769 2012 825; x_wconf 82' lang='lat' dir='ltr'><strong>0m-</strong></span> 
     </span>
    </p>
   </div>
   <div class='ocr_carea' id='block_1_9' title="bbox 431 861 2009 940">
    <p class='ocr_par' dir='ltr' id='par_1_9' title="bbox 431 861 2009 940">
     <span class='ocr_line' id='line_1_9' title="bbox 431 861 2009 940; baseline -0.003 -21"><span class='ocrx_word' id='word_1_65' title='bbox 431 870 582 923; x_wconf 83' lang='lat' dir='ltr'><strong>nibus</strong></span> <span class='ocrx_word' id='word_1_66' title='bbox 622 868 798 921; x_wconf 81' lang='lat' dir='ltr'><strong><em>omnia</em></strong></span> <span class='ocrx_word' id='word_1_67' title='bbox 841 869 1012 940; x_wconf 75' lang='lat' dir='ltr'><strong>factus</strong></span> <span class='ocrx_word' id='word_1_68' title='bbox 1059 884 1196 931; x_wconf 86' lang='lat' dir='ltr'><strong>sum,</strong></span> <span class='ocrx_word' id='word_1_69' title='bbox 1233 876 1291 919; x_wconf 78' lang='lat' dir='ltr'><strong>ut</strong></span> <span class='ocrx_word' id='word_1_70' title='bbox 1327 881 1504 919; x_wconf 83' lang='lat' dir='ltr'><strong>omnes</strong></span> <span class='ocrx_word' id='word_1_71' title='bbox 1542 864 1902 933; x_wconf 76' lang='lat' dir='ltr'><strong>tucrifacersm</strong></span> <span class='ocrx_word' id='word_1_72' title='bbox 1942 861 2009 915; x_wconf 78' lang='grc'><strong>³⁵.</strong></span> 
     </span>
    </p>
   </div>
   <div class='ocr_carea' id='block_1_10' title="bbox 431 956 2014 1027">
    <p class='ocr_par' dir='ltr' id='par_1_10' title="bbox 431 956 2014 1027">
     <span class='ocr_line' id='line_1_10' title="bbox 431 956 2014 1027; baseline -0.003 -16"><span class='ocrx_word' id='word_1_73' title='bbox 431 960 539 1013; x_wconf 79' lang='lat' dir='ltr'><strong>Sed</strong></span> <span class='ocrx_word' id='word_1_74' title='bbox 586 968 767 1014; x_wconf 88' lang='lat' dir='ltr'><strong>tamen</strong></span> <span class='ocrx_word' id='word_1_75' title='bbox 817 960 872 1014; x_wconf 91' lang='lat' dir='ltr'><strong>in</strong></span> <span class='ocrx_word' id='word_1_76' title='bbox 924 974 1131 1013; x_wconf 81' lang='lat' dir='ltr'><strong>morem</strong></span> <span class='ocrx_word' id='word_1_77' title='bbox 1180 958 1393 1023; x_wconf 86' lang='lat' dir='ltr'><strong>brucbi,</strong></span> <span class='ocrx_word' id='word_1_78' title='bbox 1433 956 1694 1027; x_wconf 86' lang='lat' dir='ltr'><strong>impetum</strong></span> <span class='ocrx_word' id='word_1_79' title='bbox 1738 956 1919 1011; x_wconf 80' lang='lat' dir='ltr'><strong>facere</strong></span> <span class='ocrx_word' id='word_1_80' title='bbox 1957 962 2014 1009; x_wconf 88' lang='lat' dir='ltr'><strong>et</strong></span> 
     </span>
    </p>
   </div>
   <div class='ocr_carea' id='block_1_11' title="bbox 432 1047 2013 1116">
    <p class='ocr_par' dir='ltr' id='par_1_11' title="bbox 432 1047 2013 1116">
     <span class='ocr_line' id='line_1_11' title="bbox 432 1047 2013 1116; baseline -0.002 -12"><span class='ocrx_word' id='word_1_81' title='bbox 432 1051 650 1105; x_wconf 76' lang='lat' dir='ltr'><strong>evolare</strong></span> <span class='ocrx_word' id='word_1_82' title='bbox 682 1066 908 1105; x_wconf 71' lang='lat' dir='ltr'><strong>necesse</strong></span> <span class='ocrx_word' id='word_1_83' title='bbox 941 1050 1225 1116; x_wconf 79' lang='lat' dir='ltr'><strong>habemus,</strong></span> <span class='ocrx_word' id='word_1_84' title='bbox 1256 1058 1317 1104; x_wconf 92' lang='lat' dir='ltr'><strong>ut</strong></span> <span class='ocrx_word' id='word_1_85' title='bbox 1347 1050 1488 1104; x_wconf 90' lang='lat' dir='ltr'><strong>sicut</strong></span> <span class='ocrx_word' id='word_1_86' title='bbox 1519 1048 1749 1112; x_wconf 83' lang='lat' dir='ltr'><strong>locusta,</strong></span> <span class='ocrx_word' id='word_1_87' title='bbox 1786 1047 1900 1101; x_wconf 86' lang='lat' dir='ltr'><strong>sive</strong></span> <span class='ocrx_word' id='word_1_88' title='bbox 1931 1055 2013 1101; x_wconf 82' lang='lat' dir='ltr'><strong>at-</strong></span> 
     </span>
    </p>
   </div>
   <div class='ocr_carea' id='block_1_12' title="bbox 443 1138 2009 1209">
    <p class='ocr_par' dir='ltr' id='par_1_12' title="bbox 443 1138 2009 1209">
     <span class='ocr_line' id='line_1_12' title="bbox 443 1138 2009 1209; baseline -0.001 -17"><span class='ocrx_word' id='word_1_89' title='bbox 443 1150 599 1195; x_wconf 89' lang='lat' dir='ltr'><strong>tacus</strong></span> <span class='ocrx_word' id='word_1_90' title='bbox 659 1155 816 1203; x_wconf 75' lang='lat' dir='ltr'><strong>esse,</strong></span> <span class='ocrx_word' id='word_1_91' title='bbox 866 1140 960 1208; x_wconf 92' lang='lat' dir='ltr'><strong>qui</strong></span> <span class='ocrx_word' id='word_1_92' title='bbox 1010 1155 1110 1209; x_wconf 87' lang='lat' dir='ltr'><strong>pro</strong></span> <span class='ocrx_word' id='word_1_93' title='bbox 1148 1138 1461 1207; x_wconf 76' lang='lat' dir='ltr'><strong>huiusmodi</strong></span> <span class='ocrx_word' id='word_1_94' title='bbox 1512 1146 1750 1193; x_wconf 87' lang='lat' dir='ltr'><strong>attacum</strong></span> <span class='ocrx_word' id='word_1_95' title='bbox 1801 1138 2009 1202; x_wconf 78' lang='lat' dir='ltr'><strong>dicunt,</strong></span> 
     </span>
    </p>
   </div>
   <div class='ocr_carea' id='block_1_13' title="bbox 431 1230 2016 1302">
    <p class='ocr_par' dir='ltr' id='par_1_13' title="bbox 431 1230 2016 1302">
     <span class='ocr_line' id='line_1_13' title="bbox 431 1230 2016 1302; baseline -0.001 -17"><span class='ocrx_word' id='word_1_96' title='bbox 431 1232 651 1287; x_wconf 73' lang='lat' dir='ltr'><strong>exsilire</strong></span> <span class='ocrx_word' id='word_1_97' title='bbox 694 1233 967 1302; x_wconf 84' lang='lat' dir='ltr'><strong>possimus</strong></span> <span class='ocrx_word' id='word_1_98' title='bbox 1020 1240 1076 1286; x_wconf 84' lang='lat' dir='ltr'><strong>ct</strong></span> <span class='ocrx_word' id='word_1_99' title='bbox 1115 1233 1374 1287; x_wconf 88' lang='lat' dir='ltr'><strong>emicare.</strong></span> <span class='ocrx_word' id='word_1_100' title='bbox 1421 1230 1511 1286; x_wconf 88' lang='lat' dir='ltr'><strong>Sic</strong></span> <span class='ocrx_word' id='word_1_101' title='bbox 1545 1230 1691 1285; x_wconf 84' lang='lat' dir='ltr'><strong>enim</strong></span> <span class='ocrx_word' id='word_1_102' title='bbox 1728 1240 1851 1299; x_wconf 92' lang='lat' dir='ltr'><strong>apte</strong></span> <span class='ocrx_word' id='word_1_103' title='bbox 1885 1246 2016 1285; x_wconf 89' lang='lat' dir='ltr'><strong>con-</strong></span> 
     </span>
    </p>
   </div>
   <div class='ocr_carea' id='block_1_14' title="bbox 429 1323 2013 1395">
    <p class='ocr_par' dir='ltr' id='par_1_14' title="bbox 429 1323 2013 1395">
     <span class='ocr_line' id='line_1_14' title="bbox 429 1323 2013 1395; baseline 0 -18"><span class='ocrx_word' id='word_1_104' title='bbox 429 1326 633 1390; x_wconf 78' lang='lat' dir='ltr'><strong>veniet,</strong></span> <span class='ocrx_word' id='word_1_105' title='bbox 658 1325 801 1393; x_wconf 87' lang='lat' dir='ltr'><strong>quod</strong></span> <span class='ocrx_word' id='word_1_106' title='bbox 825 1325 877 1377; x_wconf 92' lang='lat' dir='ltr'><strong>in</strong></span> <span class='ocrx_word' id='word_1_107' title='bbox 902 1325 1094 1378; x_wconf 77' lang='lat' dir='ltr'><strong>eodem</strong></span> <span class='ocrx_word' id='word_1_108' title='bbox 1131 1326 1398 1395; x_wconf 81' lang='lat' dir='ltr'><strong>pmpheta</strong></span> <span class='ocrx_word' id='word_1_109' title='bbox 1429 1324 1675 1393; x_wconf 79' lang='lat' dir='ltr'><strong>sequitur</strong></span> <span class='ocrx_word' id='word_1_110' title='bbox 1705 1342 1717 1376; x_wconf 93' lang='lat'>:</span> <span class='ocrx_word' id='word_1_111' title='bbox 1748 1323 1843 1379; x_wconf 81' lang='lat' dir='ltr'><strong>Sol</strong></span> <span class='ocrx_word' id='word_1_112' title='bbox 1870 1334 2013 1377; x_wconf 83' lang='lat' dir='ltr'><strong>ortus</strong></span> 
     </span>
    </p>
   </div>
   <div class='ocr_carea' id='block_1_15' title="bbox 430 1416 2015 1484">
    <p class='ocr_par' dir='ltr' id='par_1_15' title="bbox 430 1416 2015 1484">
     <span class='ocr_line' id='line_1_15' title="bbox 430 1416 2015 1484; baseline -0.001 -15"><span class='ocrx_word' id='word_1_113' title='bbox 430 1416 726 1470; x_wconf 69' lang='lat' dir='ltr'><strong>et&#39;clettatus</strong></span> <span class='ocrx_word' id='word_1_114' title='bbox 754 1426 849 1482; x_wconf 82' lang='lat' dir='ltr'><strong>est,</strong></span> <span class='ocrx_word' id='word_1_115' title='bbox 882 1427 932 1470; x_wconf 86' lang='lat' dir='ltr'><strong>et</strong></span> <span class='ocrx_word' id='word_1_116' title='bbox 962 1434 1063 1471; x_wconf 87' lang='lat' dir='ltr'><strong>non</strong></span> <span class='ocrx_word' id='word_1_117' title='bbox 1094 1426 1169 1471; x_wconf 84' lang='lat' dir='ltr'><strong>est</strong></span> <span class='ocrx_word' id='word_1_118' title='bbox 1196 1418 1434 1470; x_wconf 78' lang='lat' dir='ltr'><strong>inventus</strong></span> <span class='ocrx_word' id='word_1_119' title='bbox 1460 1416 1600 1471; x_wconf 83' lang='lat' dir='ltr'><strong>locus</strong></span> <span class='ocrx_word' id='word_1_120' title='bbox 1630 1417 1743 1484; x_wconf 80' lang='lat' dir='ltr'><strong>ejus</strong></span> <span class='ocrx_word' id='word_1_121' title='bbox 1774 1416 2015 1483; x_wconf 64' lang='lat' dir='ltr'><strong>&quot;:‘quo-</strong></span> 
     </span>
    </p>
   </div>
   <div class='ocr_carea' id='block_1_16' title="bbox 428 1508 2011 1579">
    <p class='ocr_par' dir='ltr' id='par_1_16' title="bbox 428 1508 2011 1579">
     <span class='ocr_line' id='line_1_16' title="bbox 428 1508 2011 1579; baseline 0 -18"><span class='ocrx_word' id='word_1_122' title='bbox 428 1511 600 1575; x_wconf 74' lang='lat' dir='ltr'><strong>niam,</strong></span> <span class='ocrx_word' id='word_1_123' title='bbox 632 1518 755 1564; x_wconf 89' lang='lat' dir='ltr'><strong>orto</strong></span> <span class='ocrx_word' id='word_1_124' title='bbox 789 1509 1017 1579; x_wconf 70' lang='lat' dir='ltr'><strong>iustitia:</strong></span> <span class='ocrx_word' id='word_1_125' title='bbox 1052 1508 1200 1576; x_wconf 85' lang='lat' dir='ltr'><strong>Sole,</strong></span> <span class='ocrx_word' id='word_1_126' title='bbox 1238 1510 1328 1579; x_wconf 89' lang='lat' dir='ltr'><strong>qui</strong></span> <span class='ocrx_word' id='word_1_127' title='bbox 1372 1508 1643 1562; x_wconf 78' lang='lat' dir='ltr'><strong>illuminat</strong></span> <span class='ocrx_word' id='word_1_128' title='bbox 1672 1508 2011 1573; x_wconf 86' lang='lat' dir='ltr'><strong>abscondita,</strong></span> 
     </span>
    </p>
   </div>
   <div class='ocr_carea' id='block_1_17' title="bbox 426 1600 2015 1670">
    <p class='ocr_par' dir='ltr' id='par_1_17' title="bbox 426 1600 2015 1670">
     <span class='ocr_line' id='line_1_17' title="bbox 426 1600 2015 1670; baseline 0 -17"><span class='ocrx_word' id='word_1_129' title='bbox 426 1600 669 1656; x_wconf 73' lang='lat' dir='ltr'><strong>cmi-cant</strong></span> <span class='ocrx_word' id='word_1_130' title='bbox 720 1610 885 1669; x_wconf 84' lang='lat' dir='ltr'><strong>atque</strong></span> <span class='ocrx_word' id='word_1_131' title='bbox 922 1601 1179 1656; x_wconf 82' lang='lat' dir='ltr'><strong>exsiliunt</strong></span> <span class='ocrx_word' id='word_1_132' title='bbox 1226 1602 1279 1654; x_wconf 88' lang='lat' dir='ltr'><strong>hi</strong></span> <span class='ocrx_word' id='word_1_133' title='bbox 1343 1600 1434 1670; x_wconf 85' lang='lat' dir='ltr'><strong>qui</strong></span> <span class='ocrx_word' id='word_1_134' title='bbox 1471 1615 1595 1654; x_wconf 91' lang='lat' dir='ltr'><strong>cum</strong></span> <span class='ocrx_word' id='word_1_135' title='bbox 1638 1600 2015 1667; x_wconf 85' lang='lat' dir='ltr'><strong>peccatoribus</strong></span> 
     </span>
    </p>
   </div>
   <div class='ocr_carea' id='block_1_18' title="bbox 426 1690 2015 1761">
    <p class='ocr_par' dir='ltr' id='par_1_18' title="bbox 426 1690 2015 1761">
     <span class='ocr_line' id='line_1_18' title="bbox 426 1690 2015 1761; baseline -0.001 -16"><span class='ocrx_word' id='word_1_136' title='bbox 426 1702 845 1759; x_wconf 85' lang='lat' dir='ltr'><strong>conversantur,</strong></span> <span class='ocrx_word' id='word_1_137' title='bbox 876 1693 942 1747; x_wconf 86' lang='lat' dir='ltr'><strong>ad</strong></span> <span class='ocrx_word' id='word_1_138' title='bbox 985 1692 1237 1748; x_wconf 80' lang='lat' dir='ltr'><strong>solatium</strong></span> <span class='ocrx_word' id='word_1_139' title='bbox 1270 1692 1519 1761; x_wconf 61' lang='lat' dir='ltr'><strong>institue,</strong></span> <span class='ocrx_word' id='word_1_140' title='bbox 1552 1699 1608 1745; x_wconf 88' lang='lat' dir='ltr'><strong>ct</strong></span> <span class='ocrx_word' id='word_1_141' title='bbox 1640 1706 1743 1747; x_wconf 90' lang='lat' dir='ltr'><strong>non</strong></span> <span class='ocrx_word' id='word_1_142' title='bbox 1786 1692 1895 1758; x_wconf 84' lang='lat' dir='ltr'><strong>jam</strong></span> <span class='ocrx_word' id='word_1_143' title='bbox 1936 1690 2015 1744; x_wconf 86' lang='lat' dir='ltr'><strong>lo-</strong></span> 
     </span>
    </p>
   </div>
   <div class='ocr_carea' id='block_1_19' title="bbox 2115 499 3701 573">
    <p class='ocr_par' dir='ltr' id='par_1_19' title="bbox 2115 499 3701 573">
     <span class='ocr_line' id='line_1_19' title="bbox 2115 499 3701 573; baseline 0.003 -19"><span class='ocrx_word' id='word_1_144' title='bbox 2115 499 2384 555; x_wconf 89' lang='lat' dir='ltr'><strong>immundi</strong></span> <span class='ocrx_word' id='word_1_145' title='bbox 2428 516 2601 572; x_wconf 90' lang='lat' dir='ltr'><strong>usque</strong></span> <span class='ocrx_word' id='word_1_146' title='bbox 2634 502 2700 557; x_wconf 92' lang='lat' dir='ltr'><strong>ad</strong></span> <span class='ocrx_word' id='word_1_147' title='bbox 2724 517 3009 573; x_wconf 82' lang='lat' dir='ltr'><strong>vesperam</strong></span> <span class='ocrx_word' id='word_1_148' title='bbox 3059 516 3467 573; x_wconf 89' lang='lat' dir='ltr'><strong>permanemus,</strong></span> <span class='ocrx_word' id='word_1_149' title='bbox 3510 502 3561 557; x_wconf 85' lang='lat' dir='ltr'><strong>id</strong></span> <span class='ocrx_word' id='word_1_150' title='bbox 3590 510 3701 563; x_wconf 89' lang='lat' dir='ltr'><strong>est.</strong></span> 
     </span>
    </p>
   </div>
   <div class='ocr_carea' id='block_1_20' title="bbox 2113 591 3697 664">
    <p class='ocr_par' dir='ltr' id='par_1_20' title="bbox 2113 591 3697 664">
     <span class='ocr_line' id='line_1_20' title="bbox 2113 591 3697 664; baseline 0.002 -20"><span class='ocrx_word' id='word_1_151' title='bbox 2113 606 2286 661; x_wconf 86' lang='lat' dir='ltr'><strong>usque</strong></span> <span class='ocrx_word' id='word_1_152' title='bbox 2312 591 2441 646; x_wconf 88' lang='lat' dir='ltr'><strong>dum</strong></span> <span class='ocrx_word' id='word_1_153' title='bbox 2474 607 2698 664; x_wconf 80' lang='lat' dir='ltr'><strong>agamus</strong></span> <span class='ocrx_word' id='word_1_154' title='bbox 2728 594 3129 663; x_wconf 80' lang='lat' dir='ltr'><strong>paenitentiam.</strong></span> <span class='ocrx_word' id='word_1_155' title='bbox 3156 593 3308 649; x_wconf 86' lang='lat' dir='ltr'><strong>lianc</strong></span> <span class='ocrx_word' id='word_1_156' title='bbox 3328 593 3474 648; x_wconf 90' lang='lat' dir='ltr'><strong>enim</strong></span> <span class='ocrx_word' id='word_1_157' title='bbox 3503 607 3697 663; x_wconf 76' lang='lat' dir='ltr'><strong>vespe-</strong></span> 
     </span>
    </p>
   </div>
   <div class='ocr_carea' id='block_1_21' title="bbox 2112 683 3697 756">
    <p class='ocr_par' dir='ltr' id='par_1_21' title="bbox 2112 683 3697 756">
     <span class='ocr_line' id='line_1_21' title="bbox 2112 683 3697 756; baseline 0 -20"><span class='ocrx_word' id='word_1_158' title='bbox 2112 699 2230 737; x_wconf 86' lang='lat' dir='ltr'><strong>ram</strong></span> <span class='ocrx_word' id='word_1_159' title='bbox 2262 683 2429 739; x_wconf 82' lang='lat' dir='ltr'><strong>David</strong></span> <span class='ocrx_word' id='word_1_160' title='bbox 2445 684 2556 738; x_wconf 90' lang='lat' dir='ltr'><strong>ait:</strong></span> <span class='ocrx_word' id='word_1_161' title='bbox 2592 684 2677 739; x_wconf 82' lang='lat' dir='ltr'><strong>Ad</strong></span> <span class='ocrx_word' id='word_1_162' title='bbox 2713 701 2979 754; x_wconf 80' lang='lat' dir='ltr'><strong>vesperam</strong></span> <span class='ocrx_word' id='word_1_163' title='bbox 3034 686 3394 741; x_wconf 82' lang='lat' dir='ltr'><strong>demorabitur</strong></span> <span class='ocrx_word' id='word_1_164' title='bbox 3411 685 3586 756; x_wconf 77' lang='lat' dir='ltr'><strong>ﬂetus,</strong></span> <span class='ocrx_word' id='word_1_165' title='bbox 3645 694 3697 739; x_wconf 82' lang='lat' dir='ltr'><strong>et</strong></span> 
     </span>
    </p>
   </div>
   <div class='ocr_carea' id='block_1_22' title="bbox 2113 777 3699 848">
    <p class='ocr_par' dir='ltr' id='par_1_22' title="bbox 2113 777 3699 848">
     <span class='ocr_line' id='line_1_22' title="bbox 2113 777 3699 848; baseline 0.001 -19"><span class='ocrx_word' id='word_1_166' title='bbox 2113 781 2184 830; x_wconf 87' lang='lat' dir='ltr'><strong>ad</strong></span> <span class='ocrx_word' id='word_1_167' title='bbox 2202 778 2527 831; x_wconf 85' lang='lat' dir='ltr'><strong>matutinum</strong></span> <span class='ocrx_word' id='word_1_168' title='bbox 2580 778 2858 833; x_wconf 72' lang='lat' dir='ltr'><strong>latitia&quot;.</strong></span> <span class='ocrx_word' id='word_1_169' title='bbox 2910 777 3205 848; x_wconf 82' lang='lat' dir='ltr'><strong>Propterea</strong></span> <span class='ocrx_word' id='word_1_170' title='bbox 3261 778 3430 833; x_wconf 79' lang='lat' dir='ltr'><strong>lavari</strong></span> <span class='ocrx_word' id='word_1_171' title='bbox 3481 792 3699 848; x_wconf 87' lang='lat' dir='ltr'><strong>quoque</strong></span> 
     </span>
    </p>
   </div>
   <div class='ocr_carea' id='block_1_23' title="bbox 2115 866 3694 939">
    <p class='ocr_par' dir='ltr' id='par_1_23' title="bbox 2115 866 3694 939">
     <span class='ocr_line' id='line_1_23' title="bbox 2115 866 3694 939; baseline 0.002 -18"><span class='ocrx_word' id='word_1_172' title='bbox 2115 866 2439 922; x_wconf 82' lang='lat' dir='ltr'><strong>vestimenta</strong></span> <span class='ocrx_word' id='word_1_173' title='bbox 2477 867 2755 938; x_wconf 84' lang='lat' dir='ltr'><strong>legislator</strong></span> <span class='ocrx_word' id='word_1_174' title='bbox 2784 869 3061 938; x_wconf 67' lang='lat' dir='ltr'><strong>praecepit,</strong></span> <span class='ocrx_word' id='word_1_175' title='bbox 3086 880 3275 939; x_wconf 80' lang='lat' dir='ltr'><strong>aperte</strong></span> <span class='ocrx_word' id='word_1_176' title='bbox 3295 872 3694 936; x_wconf 83' lang='lat' dir='ltr'><strong>demonstrans,</strong></span> 
     </span>
    </p>
   </div>
   <div class='ocr_carea' id='block_1_24' title="bbox 2114 959 3701 1029">
    <p class='ocr_par' dir='ltr' id='par_1_24' title="bbox 2114 959 3701 1029">
     <span class='ocr_line' id='line_1_24' title="bbox 2114 959 3701 1029; baseline -0.001 -17"><span class='ocrx_word' id='word_1_177' title='bbox 2114 959 2258 1028; x_wconf 90' lang='lat' dir='ltr'><strong>quod</strong></span> <span class='ocrx_word' id='word_1_178' title='bbox 2290 959 2557 1014; x_wconf 88' lang='lat' dir='ltr'><strong>immundi</strong></span> <span class='ocrx_word' id='word_1_179' title='bbox 2589 975 2800 1024; x_wconf 88' lang='lat' dir='ltr'><strong>sumus,</strong></span> <span class='ocrx_word' id='word_1_180' title='bbox 2827 975 2999 1029; x_wconf 87' lang='lat' dir='ltr'><strong>usque</strong></span> <span class='ocrx_word' id='word_1_181' title='bbox 3033 959 3164 1014; x_wconf 86' lang='lat' dir='ltr'><strong>dum</strong></span> <span class='ocrx_word' id='word_1_182' title='bbox 3215 960 3701 1015; x_wconf 85' lang='lat' dir='ltr'><strong>actionesnostras</strong></span> 
     </span>
    </p>
   </div>
   <div class='ocr_carea' id='block_1_25' title="bbox 2116 1051 2681 1122">
    <p class='ocr_par' dir='ltr' id='par_1_25' title="bbox 2116 1051 2681 1122">
     <span class='ocr_line' id='line_1_25' title="bbox 2116 1051 2681 1122; baseline 0.004 -18"><span class='ocrx_word' id='word_1_183' title='bbox 2116 1051 2368 1122; x_wconf 81' lang='lat' dir='ltr'><strong>laerymis</strong></span> <span class='ocrx_word' id='word_1_184' title='bbox 2387 1051 2681 1106; x_wconf 89' lang='lat' dir='ltr'><strong>diluamus.</strong></span> 
     </span>
    </p>
   </div>
   <div class='ocr_carea' id='block_1_26' title="bbox 2190 1143 3696 1214">
    <p class='ocr_par' dir='ltr' id='par_1_26' title="bbox 2190 1143 3696 1214">
     <span class='ocr_line' id='line_1_26' title="bbox 2190 1143 3696 1214; baseline -0.001 -17"><span class='ocrx_word' id='word_1_185' title='bbox 2190 1143 2350 1200; x_wconf 77' lang='lat' dir='ltr'><strong>Vens.</strong></span> <span class='ocrx_word' id='word_1_186' title='bbox 2381 1144 2472 1210; x_wconf 77' lang='lat'><strong>27,</strong></span> <span class='ocrx_word' id='word_1_187' title='bbox 2501 1144 2590 1200; x_wconf 75' lang='lat'><strong>28.</strong></span> <span class='ocrx_word' id='word_1_188' title='bbox 2635 1163 2653 1195; x_wconf 74' lang='grc' dir='ltr'><em>α</em></span> <span class='ocrx_word' id='word_1_189' title='bbox 2694 1143 2851 1210; x_wconf 87' lang='lat' dir='ltr'><strong>Quod</strong></span> <span class='ocrx_word' id='word_1_190' title='bbox 2881 1143 3126 1198; x_wconf 70' lang='lat' dir='ltr'><strong>ambulat</strong></span> <span class='ocrx_word' id='word_1_191' title='bbox 3157 1158 3321 1214; x_wconf 87' lang='lat' dir='ltr'><strong>super</strong></span> <span class='ocrx_word' id='word_1_192' title='bbox 3355 1158 3571 1208; x_wconf 88' lang='lat' dir='ltr'><strong>manus,</strong></span> <span class='ocrx_word' id='word_1_193' title='bbox 3632 1157 3696 1196; x_wconf 84' lang='lat' dir='ltr'><strong>ex</strong></span> 
     </span>
    </p>
   </div>
   <div class='ocr_carea' id='block_1_27' title="bbox 2117 1234 3698 1308">
    <p class='ocr_par' dir='ltr' id='par_1_27' title="bbox 2117 1234 3698 1308">
     <span class='ocr_line' id='line_1_27' title="bbox 2117 1234 3698 1308; baseline -0.001 -18"><span class='ocrx_word' id='word_1_194' title='bbox 2117 1237 2329 1291; x_wconf 89' lang='lat' dir='ltr'><strong>cunctis</strong></span> <span class='ocrx_word' id='word_1_195' title='bbox 2359 1236 2731 1292; x_wconf 86' lang='lat' dir='ltr'><strong>animantibus</strong></span> <span class='ocrx_word' id='word_1_196' title='bbox 2752 1239 2843 1308; x_wconf 88' lang='lat' dir='ltr'><strong>qui</strong></span> <span class='ocrx_word' id='word_1_197' title='bbox 2876 1236 3141 1291; x_wconf 85' lang='lat' dir='ltr'><strong>incedunt</strong></span> <span class='ocrx_word' id='word_1_198' title='bbox 3170 1237 3568 1305; x_wconf 85' lang='lat' dir='ltr'><strong>quadrupedia,</strong></span> <span class='ocrx_word' id='word_1_199' title='bbox 3593 1234 3698 1289; x_wconf 82' lang='lat' dir='ltr'><strong>im—</strong></span> 
     </span>
    </p>
   </div>
   <div class='ocr_carea' id='block_1_28' title="bbox 2119 1324 3699 1400">
    <p class='ocr_par' dir='ltr' id='par_1_28' title="bbox 2119 1324 3699 1400">
     <span class='ocr_line' id='line_1_28' title="bbox 2119 1324 3699 1400; baseline -0.003 -17"><span class='ocrx_word' id='word_1_200' title='bbox 2119 1330 2379 1384; x_wconf 88' lang='lat' dir='ltr'><strong>mundum</strong></span> <span class='ocrx_word' id='word_1_201' title='bbox 2406 1331 2527 1385; x_wconf 87' lang='lat' dir='ltr'><strong>erit.</strong></span> <span class='ocrx_word' id='word_1_202' title='bbox 2555 1330 2655 1397; x_wconf 87' lang='lat' dir='ltr'><strong>Qui</strong></span> <span class='ocrx_word' id='word_1_203' title='bbox 2688 1330 2925 1400; x_wconf 79' lang='lat' dir='ltr'><strong>tetigerit</strong></span> <span class='ocrx_word' id='word_1_204' title='bbox 2950 1329 3239 1385; x_wconf 88' lang='lat' dir='ltr'><strong>morticina</strong></span> <span class='ocrx_word' id='word_1_205' title='bbox 3261 1341 3473 1389; x_wconf 89' lang='lat' dir='ltr'><strong>eorum,</strong></span> <span class='ocrx_word' id='word_1_206' title='bbox 3502 1324 3699 1395; x_wconf 86' lang='lat' dir='ltr'><strong>pollui-</strong></span> 
     </span>
    </p>
   </div>
   <div class='ocr_carea' id='block_1_29' title="bbox 2120 1419 3699 1492">
    <p class='ocr_par' dir='ltr' id='par_1_29' title="bbox 2120 1419 3699 1492">
     <span class='ocr_line' id='line_1_29' title="bbox 2120 1419 3699 1492; baseline -0.003 -17"><span class='ocrx_word' id='word_1_207' title='bbox 2120 1430 2208 1475; x_wconf 87' lang='lat' dir='ltr'><strong>tur</strong></span> <span class='ocrx_word' id='word_1_208' title='bbox 2228 1437 2398 1492; x_wconf 83' lang='lat' dir='ltr'><strong>usque</strong></span> <span class='ocrx_word' id='word_1_209' title='bbox 2426 1422 2492 1476; x_wconf 90' lang='lat' dir='ltr'><strong>ad</strong></span> <span class='ocrx_word' id='word_1_210' title='bbox 2515 1437 2825 1491; x_wconf 81' lang='lat' dir='ltr'><strong>vesperum.</strong></span> <span class='ocrx_word' id='word_1_211' title='bbox 2864 1423 2931 1476; x_wconf 85' lang='lat' dir='ltr'><strong>Et</strong></span> <span class='ocrx_word' id='word_1_212' title='bbox 2977 1420 3067 1491; x_wconf 92' lang='lat' dir='ltr'><strong>qui</strong></span> <span class='ocrx_word' id='word_1_213' title='bbox 3106 1419 3409 1491; x_wconf 82' lang='lat' dir='ltr'><strong>portaverit</strong></span> <span class='ocrx_word' id='word_1_214' title='bbox 3442 1420 3699 1487; x_wconf 84' lang='lat' dir='ltr'><strong>hujusce-</strong></span> 
     </span>
    </p>
   </div>
   <div class='ocr_carea' id='block_1_30' title="bbox 2119 1510 3700 1578">
    <p class='ocr_par' dir='ltr' id='par_1_30' title="bbox 2119 1510 3700 1578">
     <span class='ocr_line' id='line_1_30' title="bbox 2119 1510 3700 1578; baseline -0.003 -12"><span class='ocrx_word' id='word_1_215' title='bbox 2119 1514 2264 1567; x_wconf 85' lang='lat' dir='ltr'><strong>modi</strong></span> <span class='ocrx_word' id='word_1_216' title='bbox 2293 1514 2579 1578; x_wconf 86' lang='lat' dir='ltr'><strong>cadavera,</strong></span> <span class='ocrx_word' id='word_1_217' title='bbox 2626 1514 2829 1567; x_wconf 86' lang='lat' dir='ltr'><strong>lavabit</strong></span> <span class='ocrx_word' id='word_1_218' title='bbox 2862 1513 3185 1568; x_wconf 83' lang='lat' dir='ltr'><strong>vestimenta</strong></span> <span class='ocrx_word' id='word_1_219' title='bbox 3218 1527 3336 1576; x_wconf 88' lang='lat' dir='ltr'><strong>sua,</strong></span> <span class='ocrx_word' id='word_1_220' title='bbox 3369 1518 3423 1565; x_wconf 89' lang='lat' dir='ltr'><strong>et</strong></span> <span class='ocrx_word' id='word_1_221' title='bbox 3457 1510 3700 1563; x_wconf 86' lang='lat' dir='ltr'><strong>immun-</strong></span> 
     </span>
    </p>
   </div>
   <div class='ocr_carea' id='block_1_31' title="bbox 2118 1600 3698 1675">
    <p class='ocr_par' dir='ltr' id='par_1_31' title="bbox 2118 1600 3698 1675">
     <span class='ocr_line' id='line_1_31' title="bbox 2118 1600 3698 1675; baseline -0.004 -16"><span class='ocrx_word' id='word_1_222' title='bbox 2118 1605 2221 1660; x_wconf 88' lang='lat' dir='ltr'><strong>dus</strong></span> <span class='ocrx_word' id='word_1_223' title='bbox 2252 1605 2551 1675; x_wconf 89' lang='lat' dir='ltr'><strong>critusque</strong></span> <span class='ocrx_word' id='word_1_224' title='bbox 2581 1604 2645 1660; x_wconf 90' lang='lat' dir='ltr'><strong>ad</strong></span> <span class='ocrx_word' id='word_1_225' title='bbox 2681 1620 2985 1675; x_wconf 73' lang='lat' dir='ltr'><strong>vesperam,</strong></span> <span class='ocrx_word' id='word_1_226' title='bbox 3031 1605 3160 1675; x_wconf 87' lang='lat' dir='ltr'><strong>quia</strong></span> <span class='ocrx_word' id='word_1_227' title='bbox 3211 1603 3395 1659; x_wconf 85' lang='lat' dir='ltr'><strong>omnia</strong></span> <span class='ocrx_word' id='word_1_228' title='bbox 3437 1602 3554 1656; x_wconf 70' lang='lat' dir='ltr'><strong>hinc</strong></span> <span class='ocrx_word' id='word_1_229' title='bbox 3600 1600 3698 1655; x_wconf 84' lang='lat' dir='ltr'><strong>im-</strong></span> 
     </span>
    </p>
   </div>
   <div class='ocr_carea' id='block_1_32' title="bbox 2123 1696 2732 1752">
    <p class='ocr_par' dir='ltr' id='par_1_32' title="bbox 2123 1696 2732 1752">
     <span class='ocr_line' id='line_1_32' title="bbox 2123 1696 2732 1752; baseline -0.002 -3"><span class='ocrx_word' id='word_1_230' title='bbox 2123 1696 2324 1752; x_wconf 88' lang='lat' dir='ltr'><strong>munda</strong></span> <span class='ocrx_word' id='word_1_231' title='bbox 2350 1705 2479 1751; x_wconf 88' lang='lat' dir='ltr'><strong>sunt</strong></span> <span class='ocrx_word' id='word_1_232' title='bbox 2503 1696 2675 1751; x_wconf 82' lang='lat' dir='ltr'><strong>vobis.</strong></span> <span class='ocrx_word' id='word_1_233' title='bbox 2713 1715 2732 1748; x_wconf 79' lang='grc' dir='ltr'><strong><em>ι</em></strong></span> 
     </span>
    </p>
   </div>
   <div class='ocr_carea' id='block_1_33' title="bbox 430 1760 3698 1857">
    <p class='ocr_par' dir='ltr' id='par_1_33' title="bbox 430 1760 3698 1857">
     <span class='ocr_line' id='line_1_33' title="bbox 430 1760 3698 1857; baseline -0.001 -20"><span class='ocrx_word' id='word_1_234' title='bbox 430 1802 528 1840; x_wconf 81' lang='lat' dir='ltr'><strong>cus</strong></span> <span class='ocrx_word' id='word_1_235' title='bbox 569 1786 785 1840; x_wconf 88' lang='lat' dir='ltr'><strong>illorum</strong></span> <span class='ocrx_word' id='word_1_236' title='bbox 836 1786 925 1839; x_wconf 85' lang='lat' dir='ltr'><strong>ille</strong></span> <span class='ocrx_word' id='word_1_237' title='bbox 975 1801 1097 1840; x_wconf 89' lang='lat' dir='ltr'><strong>esse</strong></span> <span class='ocrx_word' id='word_1_238' title='bbox 1153 1760 1521 1851; x_wconf 76' lang='lat' dir='ltr'><strong>cognoscitur,</strong></span> <span class='ocrx_word' id='word_1_239' title='bbox 1563 1786 1721 1853; x_wconf 81' lang='lat' dir='ltr'><strong>cujus</strong></span> <span class='ocrx_word' id='word_1_240' title='bbox 1773 1781 2012 1837; x_wconf 81' lang='lat' dir='ltr'><strong>habitum</strong></span> <span class='ocrx_word' id='word_1_241' title='bbox 2049 1760 2087 1813; x_wconf 72' lang='grc' dir='ltr'><strong><em>Β</em></strong></span> <span class='ocrx_word' id='word_1_242' title='bbox 2187 1786 2406 1841; x_wconf 77' lang='lat' dir='ltr'><strong>Nullum</strong></span> <span class='ocrx_word' id='word_1_243' title='bbox 2426 1787 2509 1841; x_wconf 75' lang='lat' dir='ltr'><strong>lex</strong></span> <span class='ocrx_word' id='word_1_244' title='bbox 2544 1786 2705 1841; x_wconf 77' lang='lat' dir='ltr'><strong>tacite</strong></span> <span class='ocrx_word' id='word_1_245' title='bbox 2736 1785 2983 1857; x_wconf 61' lang='lat' dir='ltr'><strong>punierit</strong></span> <span class='ocrx_word' id='word_1_246' title='bbox 3039 1793 3346 1855; x_wconf 77' lang='lat' dir='ltr'><strong>peccatum,</strong></span> <span class='ocrx_word' id='word_1_247' title='bbox 3403 1783 3499 1838; x_wconf 85' lang='lat' dir='ltr'><strong>sed</strong></span> <span class='ocrx_word' id='word_1_248' title='bbox 3547 1797 3698 1853; x_wconf 83' lang='lat' dir='ltr'><strong>quae-</strong></span> 
     </span>
    </p>
   </div>
   <div class='ocr_carea' id='block_1_34' title="bbox 429 1875 2013 1949">
    <p class='ocr_par' dir='ltr' id='par_1_34' title="bbox 429 1875 2013 1949">
     <span class='ocr_line' id='line_1_34' title="bbox 429 1875 2013 1949; baseline -0.003 -18"><span class='ocrx_word' id='word_1_249' title='bbox 429 1879 642 1949; x_wconf 88' lang='lat' dir='ltr'><strong>pridem</strong></span> <span class='ocrx_word' id='word_1_250' title='bbox 679 1879 1150 1945; x_wconf 83' lang='lat' dir='ltr'><strong>demonstrabant,</strong></span> <span class='ocrx_word' id='word_1_251' title='bbox 1183 1893 1307 1932; x_wconf 90' lang='lat' dir='ltr'><strong>cum</strong></span> <span class='ocrx_word' id='word_1_252' title='bbox 1354 1875 1757 1947; x_wconf 88' lang='lat' dir='ltr'><strong>quodammodo</strong></span> <span class='ocrx_word' id='word_1_253' title='bbox 1790 1883 2013 1928; x_wconf 81' lang='lat' dir='ltr'><strong>uteren-</strong></span> 
     </span>
    </p>
   </div>
   <div class='ocr_carea' id='block_1_35' title="bbox 432 1965 2011 2041">
    <p class='ocr_par' dir='ltr' id='par_1_35' title="bbox 432 1965 2011 2041">
     <span class='ocr_line' id='line_1_35' title="bbox 432 1965 2011 2041; baseline -0.003 -19"><span class='ocrx_word' id='word_1_254' title='bbox 432 1980 539 2038; x_wconf 87' lang='lat' dir='ltr'><strong>tur,</strong></span> <span class='ocrx_word' id='word_1_255' title='bbox 573 1985 712 2041; x_wconf 86' lang='lat' dir='ltr'><strong>quos</strong></span> <span class='ocrx_word' id='word_1_256' title='bbox 766 1980 823 2025; x_wconf 92' lang='lat' dir='ltr'><strong>et</strong></span> <span class='ocrx_word' id='word_1_257' title='bbox 855 1980 974 2025; x_wconf 85' lang='lat' dir='ltr'><strong>erat</strong></span> <span class='ocrx_word' id='word_1_258' title='bbox 1009 1985 1233 2025; x_wconf 88' lang='lat' dir='ltr'><strong>necesse</strong></span> <span class='ocrx_word' id='word_1_259' title='bbox 1271 1967 1486 2024; x_wconf 89' lang='lat' dir='ltr'><strong>salvari.</strong></span> <span class='ocrx_word' id='word_1_260' title='bbox 1523 1965 1879 2037; x_wconf 83' lang='lat' dir='ltr'><strong>Ophiomacbi</strong></span> <span class='ocrx_word' id='word_1_261' title='bbox 1916 1979 2011 2018; x_wconf 89' lang='lat' dir='ltr'><strong>au-</strong></span> 
     </span>
    </p>
   </div>
   <div class='ocr_carea' id='block_1_36' title="bbox 432 2055 2011 2130">
    <p class='ocr_par' dir='ltr' id='par_1_36' title="bbox 432 2055 2011 2130">
     <span class='ocr_line' id='line_1_36' title="bbox 432 2055 2011 2130; baseline -0.004 -17"><span class='ocrx_word' id='word_1_262' title='bbox 432 2070 540 2114; x_wconf 86' lang='lat' dir='ltr'><strong>tem</strong></span> <span class='ocrx_word' id='word_1_263' title='bbox 586 2061 655 2115; x_wconf 86' lang='lat' dir='ltr'><strong>ab</strong></span> <span class='ocrx_word' id='word_1_264' title='bbox 699 2060 1065 2130; x_wconf 75' lang='lat' dir='ltr'><strong>appellatione</strong></span> <span class='ocrx_word' id='word_1_265' title='bbox 1111 2058 1491 2113; x_wconf 78' lang='lat' dir='ltr'><strong>manifestatur</strong></span> <span class='ocrx_word' id='word_1_266' title='bbox 1532 2065 1586 2110; x_wconf 88' lang='lat' dir='ltr'><strong>et</strong></span> <span class='ocrx_word' id='word_1_267' title='bbox 1624 2055 1817 2120; x_wconf 87' lang='lat' dir='ltr'><strong>virtus,</strong></span> <span class='ocrx_word' id='word_1_268' title='bbox 1850 2069 2011 2124; x_wconf 90' lang='lat' dir='ltr'><strong>quem</strong></span> 
     </span>
    </p>
   </div>
   <div class='ocr_carea' id='block_1_37' title="bbox 430 2147 2012 2221">
    <p class='ocr_par' dir='ltr' id='par_1_37' title="bbox 430 2147 2012 2221">
     <span class='ocr_line' id='line_1_37' title="bbox 430 2147 2012 2221; baseline -0.003 -15"><span class='ocrx_word' id='word_1_269' title='bbox 430 2152 632 2208; x_wconf 83' lang='lat' dir='ltr'><strong>imitari</strong></span> <span class='ocrx_word' id='word_1_270' title='bbox 693 2153 897 2207; x_wconf 88' lang='lat' dir='ltr'><strong>bonum</strong></span> <span class='ocrx_word' id='word_1_271' title='bbox 959 2162 1064 2215; x_wconf 86' lang='lat' dir='ltr'><strong>est,</strong></span> <span class='ocrx_word' id='word_1_272' title='bbox 1104 2160 1160 2207; x_wconf 88' lang='lat' dir='ltr'><strong>et</strong></span> <span class='ocrx_word' id='word_1_273' title='bbox 1224 2147 1655 2221; x_wconf 83' lang='lat' dir='ltr'><strong>intelligibilibus</strong></span> <span class='ocrx_word' id='word_1_274' title='bbox 1711 2162 2012 2218; x_wconf 87' lang='lat' dir='ltr'><strong>repugnare</strong></span> 
     </span>
    </p>
   </div>
   <div class='ocr_carea' id='block_1_38' title="bbox 430 2242 2013 2313">
    <p class='ocr_par' dir='ltr' id='par_1_38' title="bbox 430 2242 2013 2313">
     <span class='ocr_line' id='line_1_38' title="bbox 430 2242 2013 2313; baseline -0.003 -14"><span class='ocrx_word' id='word_1_275' title='bbox 430 2245 839 2313; x_wconf 47' lang='lat' dir='ltr'><strong>serpentibus}:</strong></span> <span class='ocrx_word' id='word_1_276' title='bbox 892 2245 1305 2300; x_wconf 86' lang='lat' dir='ltr'><strong>reminiscentes</strong></span> <span class='ocrx_word' id='word_1_277' title='bbox 1376 2243 1540 2312; x_wconf 82' lang='lat' dir='ltr'><strong>quod,</strong></span> <span class='ocrx_word' id='word_1_278' title='bbox 1602 2258 1703 2295; x_wconf 89' lang='lat' dir='ltr'><strong>non</strong></span> <span class='ocrx_word' id='word_1_279' title='bbox 1748 2243 1814 2296; x_wconf 88' lang='lat' dir='ltr'><strong>sit</strong></span> <span class='ocrx_word' id='word_1_280' title='bbox 1870 2242 2013 2295; x_wconf 85' lang='lat' dir='ltr'><strong>nobis</strong></span> 
     </span>
    </p>
   </div>
   <div class='ocr_carea' id='block_1_39' title="bbox 429 2334 2015 2405">
    <p class='ocr_par' dir='ltr' id='par_1_39' title="bbox 429 2334 2015 2405">
     <span class='ocr_line' id='line_1_39' title="bbox 429 2334 2015 2405; baseline -0.001 -16"><span class='ocrx_word' id='word_1_281' title='bbox 429 2335 734 2390; x_wconf 82' lang='lat' dir='ltr'><strong>colluctatio</strong></span> <span class='ocrx_word' id='word_1_282' title='bbox 778 2337 1031 2392; x_wconf 82' lang='lat' dir='ltr'><strong>adversus</strong></span> <span class='ocrx_word' id='word_1_283' title='bbox 1074 2352 1285 2391; x_wconf 84' lang='lat' dir='ltr'><strong>carnem</strong></span> <span class='ocrx_word' id='word_1_284' title='bbox 1332 2345 1379 2391; x_wconf 82' lang='lat' dir='ltr'><strong>et</strong></span> <span class='ocrx_word' id='word_1_285' title='bbox 1426 2335 1758 2405; x_wconf 83' lang='lat' dir='ltr'><strong>sanguinem,</strong></span> <span class='ocrx_word' id='word_1_286' title='bbox 1798 2335 1888 2387; x_wconf 81' lang='lat' dir='ltr'><strong>sed</strong></span> <span class='ocrx_word' id='word_1_287' title='bbox 1917 2334 2015 2387; x_wconf 82' lang='lat' dir='ltr'><strong>ad-</strong></span> 
     </span>
    </p>
   </div>
   <div class='ocr_carea' id='block_1_40' title="bbox 428 2427 2015 2496">
    <p class='ocr_par' dir='ltr' id='par_1_40' title="bbox 428 2427 2015 2496">
     <span class='ocr_line' id='line_1_40' title="bbox 428 2427 2015 2496; baseline -0.001 -14"><span class='ocrx_word' id='word_1_288' title='bbox 428 2445 609 2482; x_wconf 76' lang='lat' dir='ltr'><strong>versus</strong></span> <span class='ocrx_word' id='word_1_289' title='bbox 634 2428 917 2496; x_wconf 71' lang='lat' dir='ltr'><strong>principes,</strong></span> <span class='ocrx_word' id='word_1_290' title='bbox 949 2437 998 2482; x_wconf 80' lang='lat' dir='ltr'><strong>et</strong></span> <span class='ocrx_word' id='word_1_291' title='bbox 1028 2436 1328 2496; x_wconf 73' lang='lat' dir='ltr'><strong>potestates,</strong></span> <span class='ocrx_word' id='word_1_292' title='bbox 1357 2429 1608 2480; x_wconf 84' lang='lat' dir='ltr'><strong>adversus</strong></span> <span class='ocrx_word' id='word_1_293' title='bbox 1639 2427 1818 2480; x_wconf 85' lang='lat' dir='ltr'><strong>mundi</strong></span> <span class='ocrx_word' id='word_1_294' title='bbox 1847 2437 2015 2480; x_wconf 79' lang='lat' dir='ltr'><strong>recto—</strong></span> 
     </span>
    </p>
   </div>
   <div class='ocr_carea' id='block_1_41' title="bbox 430 2517 2016 2586">
    <p class='ocr_par' dir='ltr' id='par_1_41' title="bbox 430 2517 2016 2586">
     <span class='ocr_line' id='line_1_41' title="bbox 430 2517 2016 2586; baseline -0.003 -15"><span class='ocrx_word' id='word_1_295' title='bbox 430 2535 512 2571; x_wconf 79' lang='lat' dir='ltr'><strong>res</strong></span> <span class='ocrx_word' id='word_1_296' title='bbox 560 2517 899 2572; x_wconf 80' lang='lat' dir='ltr'><strong>tenebrarum</strong></span> <span class='ocrx_word' id='word_1_297' title='bbox 942 2518 1156 2581; x_wconf 80' lang='lat' dir='ltr'><strong>harum,</strong></span> <span class='ocrx_word' id='word_1_298' title='bbox 1200 2526 1384 2571; x_wconf 82' lang='lat' dir='ltr'><strong>contra</strong></span> <span class='ocrx_word' id='word_1_299' title='bbox 1427 2517 1731 2583; x_wconf 75' lang='lat' dir='ltr'><strong>spiritantia</strong></span> <span class='ocrx_word' id='word_1_300' title='bbox 1768 2517 2016 2586; x_wconf 74' lang='lat' dir='ltr'><strong>nequitia:</strong></span> 
     </span>
    </p>
   </div>
   <div class='ocr_carea' id='block_1_42' title="bbox 429 2609 2014 2681">
    <p class='ocr_par' dir='ltr' id='par_1_42' title="bbox 429 2609 2014 2681">
     <span class='ocr_line' id='line_1_42' title="bbox 429 2609 2014 2681; baseline 0.001 -18"><span class='ocrx_word' id='word_1_301' title='bbox 429 2612 484 2663; x_wconf 86' lang='lat' dir='ltr'><strong>in</strong></span> <span class='ocrx_word' id='word_1_302' title='bbox 507 2611 798 2665; x_wconf 73' lang='lat' dir='ltr'><strong>cmicstibus</strong></span> <span class='ocrx_word' id='word_1_303' title='bbox 826 2610 893 2665; x_wconf 66' lang='grc' dir='ltr'><strong>⁸ο.</strong></span> <span class='ocrx_word' id='word_1_304' title='bbox 925 2610 990 2664; x_wconf 91' lang='lat' dir='ltr'><strong>lli</strong></span> <span class='ocrx_word' id='word_1_305' title='bbox 1017 2616 1145 2665; x_wconf 85' lang='lat' dir='ltr'><strong>sunt</strong></span> <span class='ocrx_word' id='word_1_306' title='bbox 1167 2611 1368 2681; x_wconf 85' lang='lat' dir='ltr'><strong>quippe</strong></span> <span class='ocrx_word' id='word_1_307' title='bbox 1395 2609 1761 2679; x_wconf 63' lang='lat' dir='ltr'><strong>intelligihiles</strong></span> <span class='ocrx_word' id='word_1_308' title='bbox 1790 2625 2014 2680; x_wconf 89' lang='lat' dir='ltr'><strong>serpen-</strong></span> 
     </span>
    </p>
   </div>
   <div class='ocr_carea' id='block_1_43' title="bbox 429 2703 1204 2769">
    <p class='ocr_par' dir='ltr' id='par_1_43' title="bbox 429 2703 1204 2769">
     <span class='ocr_line' id='line_1_43' title="bbox 429 2703 1204 2769; baseline -0.001 -12"><span class='ocrx_word' id='word_1_309' title='bbox 429 2712 529 2769; x_wconf 87' lang='lat' dir='ltr'><strong>tes,</strong></span> <span class='ocrx_word' id='word_1_310' title='bbox 546 2712 604 2758; x_wconf 87' lang='lat' dir='ltr'><strong>et</strong></span> <span class='ocrx_word' id='word_1_311' title='bbox 634 2704 883 2758; x_wconf 85' lang='lat' dir='ltr'><strong>venenati</strong></span> <span class='ocrx_word' id='word_1_312' title='bbox 915 2703 1204 2758; x_wconf 75' lang='lat' dir='ltr'><strong>dracones.</strong></span> 
     </span>
    </p>
   </div>
   <div class='ocr_carea' id='block_1_44' title="bbox 502 2791 2013 2861">
    <p class='ocr_par' dir='ltr' id='par_1_44' title="bbox 502 2791 2013 2861">
     <span class='ocr_line' id='line_1_44' title="bbox 502 2791 2013 2861; baseline -0.001 -15"><span class='ocrx_word' id='word_1_313' title='bbox 502 2793 660 2849; x_wconf 74' lang='lat' dir='ltr'><strong>Vens.</strong></span> <span class='ocrx_word' id='word_1_314' title='bbox 694 2794 885 2849; x_wconf 68' lang='lat'><strong>25-26.</strong></span> <span class='ocrx_word' id='word_1_315' title='bbox 917 2812 934 2844; x_wconf 72' lang='grc' dir='ltr'>ι</span> <span class='ocrx_word' id='word_1_316' title='bbox 971 2792 1246 2861; x_wconf 85' lang='lat' dir='ltr'><strong>Quidquid</strong></span> <span class='ocrx_word' id='word_1_317' title='bbox 1284 2806 1348 2846; x_wconf 80' lang='lat' dir='ltr'><strong>ex</strong></span> <span class='ocrx_word' id='word_1_318' title='bbox 1406 2791 1723 2847; x_wconf 81' lang='lat' dir='ltr'><strong>volucribus</strong></span> <span class='ocrx_word' id='word_1_319' title='bbox 1777 2802 2013 2861; x_wconf 88' lang='lat' dir='ltr'><strong>quatuor</strong></span> 
     </span>
    </p>
   </div>
   <div class='ocr_carea' id='block_1_45' title="bbox 428 2881 2013 2953">
    <p class='ocr_par' dir='ltr' id='par_1_45' title="bbox 428 2881 2013 2953">
     <span class='ocr_line' id='line_1_45' title="bbox 428 2881 2013 2953; baseline -0.001 -14"><span class='ocrx_word' id='word_1_320' title='bbox 428 2892 639 2939; x_wconf 89' lang='lat' dir='ltr'><strong>tantmn</strong></span> <span class='ocrx_word' id='word_1_321' title='bbox 674 2883 841 2938; x_wconf 86' lang='lat' dir='ltr'><strong>habet</strong></span> <span class='ocrx_word' id='word_1_322' title='bbox 891 2884 1082 2953; x_wconf 87' lang='lat' dir='ltr'><strong>pedes,</strong></span> <span class='ocrx_word' id='word_1_323' title='bbox 1129 2881 1468 2937; x_wconf 85' lang='lat' dir='ltr'><strong>exsecrabile</strong></span> <span class='ocrx_word' id='word_1_324' title='bbox 1526 2882 1633 2937; x_wconf 90' lang='lat' dir='ltr'><strong>erit</strong></span> <span class='ocrx_word' id='word_1_325' title='bbox 1689 2881 1895 2937; x_wconf 77' lang='lat' dir='ltr'><strong>vobis:</strong></span> <span class='ocrx_word' id='word_1_326' title='bbox 1957 2893 2013 2938; x_wconf 89' lang='lat' dir='ltr'><strong>ct</strong></span> 
     </span>
    </p>
   </div>
   <div class='ocr_carea' id='block_1_46' title="bbox 428 2974 2012 3046">
    <p class='ocr_par' dir='ltr' id='par_1_46' title="bbox 428 2974 2012 3046">
     <span class='ocr_line' id='line_1_46' title="bbox 428 2974 2012 3046; baseline 0.002 -17"><span class='ocrx_word' id='word_1_327' title='bbox 428 2975 1045 3046; x_wconf 86' lang='lat' dir='ltr'><strong>quicunquemorticina</strong></span> <span class='ocrx_word' id='word_1_328' title='bbox 1092 2990 1285 3031; x_wconf 90' lang='lat' dir='ltr'><strong>eorum</strong></span> <span class='ocrx_word' id='word_1_329' title='bbox 1331 2974 1593 3046; x_wconf 77' lang='lat' dir='ltr'><strong>tetigerit,</strong></span> <span class='ocrx_word' id='word_1_330' title='bbox 1625 2975 1919 3045; x_wconf 84' lang='lat' dir='ltr'><strong>polluetur,</strong></span> <span class='ocrx_word' id='word_1_331' title='bbox 1957 2985 2012 3032; x_wconf 89' lang='lat' dir='ltr'><strong>et</strong></span> 
     </span>
    </p>
   </div>
   <div class='ocr_carea' id='block_1_47' title="bbox 2117 1877 3696 1949">
    <p class='ocr_par' dir='ltr' id='par_1_47' title="bbox 2117 1877 3696 1949">
     <span class='ocr_line' id='line_1_47' title="bbox 2117 1877 3696 1949; baseline -0.004 -15"><span class='ocrx_word' id='word_1_332' title='bbox 2117 1893 2332 1949; x_wconf 89' lang='lat' dir='ltr'><strong>cunque</strong></span> <span class='ocrx_word' id='word_1_333' title='bbox 2361 1878 2605 1934; x_wconf 80' lang='lat' dir='ltr'><strong>actiones</strong></span> <span class='ocrx_word' id='word_1_334' title='bbox 2636 1893 2734 1948; x_wconf 89' lang='lat' dir='ltr'><strong>per</strong></span> <span class='ocrx_word' id='word_1_335' title='bbox 2760 1877 3135 1948; x_wconf 78' lang='lat' dir='ltr'><strong>evangelicum</strong></span> <span class='ocrx_word' id='word_1_336' title='bbox 3155 1882 3545 1930; x_wconf 85' lang='lat' dir='ltr'><strong>testamentum</strong></span> <span class='ocrx_word' id='word_1_337' title='bbox 3568 1889 3696 1943; x_wconf 87' lang='lat' dir='ltr'><strong>pro-</strong></span> 
     </span>
    </p>
   </div>
   <div class='ocr_carea' id='block_1_48' title="bbox 2118 1964 3698 2038">
    <p class='ocr_par' dir='ltr' id='par_1_48' title="bbox 2118 1964 3698 2038">
     <span class='ocr_line' id='line_1_48' title="bbox 2118 1964 3698 2038; baseline -0.004 -15"><span class='ocrx_word' id='word_1_338' title='bbox 2118 1969 2303 2024; x_wconf 65' lang='lat' dir='ltr'><strong>hibita:</strong></span> <span class='ocrx_word' id='word_1_339' title='bbox 2328 1977 2478 2032; x_wconf 88' lang='lat' dir='ltr'><strong>sunt,</strong></span> <span class='ocrx_word' id='word_1_340' title='bbox 2505 1968 2640 2023; x_wconf 86' lang='lat' dir='ltr'><strong>texit</strong></span> <span class='ocrx_word' id='word_1_341' title='bbox 2673 1967 2772 2022; x_wconf 82' lang='lat' dir='ltr'><strong>bas</strong></span> <span class='ocrx_word' id='word_1_342' title='bbox 2795 1968 2947 2038; x_wconf 89' lang='lat' dir='ltr'><strong>prius</strong></span> <span class='ocrx_word' id='word_1_343' title='bbox 2979 1965 3378 2038; x_wconf 68' lang='lat' dir='ltr'><strong>mnigmatibus,</strong></span> <span class='ocrx_word' id='word_1_344' title='bbox 3402 1974 3463 2020; x_wconf 91' lang='lat' dir='ltr'><strong>ut</strong></span> <span class='ocrx_word' id='word_1_345' title='bbox 3489 1964 3698 2018; x_wconf 79' lang='lat' dir='ltr'><strong>ntrius~</strong></span> 
     </span>
    </p>
   </div>
   <div class='ocr_carea' id='block_1_49' title="bbox 2113 2057 3698 2131">
    <p class='ocr_par' dir='ltr' id='par_1_49' title="bbox 2113 2057 3698 2131">
     <span class='ocr_line' id='line_1_49' title="bbox 2113 2057 3698 2131; baseline -0.006 -13"><span class='ocrx_word' id='word_1_346' title='bbox 2113 2078 2221 2131; x_wconf 86' lang='lat' dir='ltr'><strong>que</strong></span> <span class='ocrx_word' id='word_1_347' title='bbox 2264 2063 2564 2119; x_wconf 89' lang='lat' dir='ltr'><strong>sanctionis</strong></span> <span class='ocrx_word' id='word_1_348' title='bbox 2616 2062 3035 2117; x_wconf 83' lang='lat' dir='ltr'><strong>consonantiam</strong></span> <span class='ocrx_word' id='word_1_349' title='bbox 3107 2060 3332 2124; x_wconf 89' lang='lat' dir='ltr'><strong>dicens,</strong></span> <span class='ocrx_word' id='word_1_350' title='bbox 3383 2057 3698 2114; x_wconf 80' lang='lat' dir='ltr'><strong>confitearis</strong></span> 
     </span>
    </p>
   </div>
   <div class='ocr_carea' id='block_1_50' title="bbox 2119 2146 3697 2222">
    <p class='ocr_par' dir='ltr' id='par_1_50' title="bbox 2119 2146 3697 2222">
     <span class='ocr_line' id='line_1_50' title="bbox 2119 2146 3697 2222; baseline -0.005 -15"><span class='ocrx_word' id='word_1_351' title='bbox 2119 2154 2309 2214; x_wconf 75' lang='lat' dir='ltr'><strong>Deum.</strong></span> <span class='ocrx_word' id='word_1_352' title='bbox 2347 2153 2439 2222; x_wconf 91' lang='lat' dir='ltr'><strong>qui</strong></span> <span class='ocrx_word' id='word_1_353' title='bbox 2484 2152 2538 2206; x_wconf 91' lang='lat' dir='ltr'><strong>in</strong></span> <span class='ocrx_word' id='word_1_354' title='bbox 2591 2152 2671 2207; x_wconf 88' lang='lat' dir='ltr'><strong>eis</strong></span> <span class='ocrx_word' id='word_1_355' title='bbox 2701 2151 2914 2205; x_wconf 88' lang='lat' dir='ltr'><strong>locutus</strong></span> <span class='ocrx_word' id='word_1_356' title='bbox 2960 2159 3068 2216; x_wconf 84' lang='lat' dir='ltr'><strong>est,</strong></span> <span class='ocrx_word' id='word_1_357' title='bbox 3121 2150 3430 2219; x_wconf 85' lang='lat' dir='ltr'><strong>timensque</strong></span> <span class='ocrx_word' id='word_1_358' title='bbox 3474 2146 3697 2202; x_wconf 83' lang='lat' dir='ltr'><strong>recedas</strong></span> 
     </span>
    </p>
   </div>
   <div class='ocr_carea' id='block_1_51' title="bbox 2116 2242 3698 2315">
    <p class='ocr_par' dir='ltr' id='par_1_51' title="bbox 2116 2242 3698 2315">
     <span class='ocr_line' id='line_1_51' title="bbox 2116 2242 3698 2315; baseline -0.005 -16"><span class='ocrx_word' id='word_1_359' title='bbox 2116 2248 2183 2300; x_wconf 86' lang='lat' dir='ltr'><strong>ab</strong></span> <span class='ocrx_word' id='word_1_360' title='bbox 2205 2246 2461 2301; x_wconf 87' lang='lat' dir='ltr'><strong>omnibus</strong></span> <span class='ocrx_word' id='word_1_361' title='bbox 2512 2261 2634 2315; x_wconf 62' lang='lat' dir='ltr'><strong>quae</strong></span> <span class='ocrx_word' id='word_1_362' title='bbox 2684 2243 3109 2315; x_wconf 82' lang='lat' dir='ltr'><strong>prohibuerunt.</strong></span> <span class='ocrx_word' id='word_1_363' title='bbox 3174 2242 3233 2296; x_wconf 87' lang='lat' dir='ltr'><strong>In</strong></span> <span class='ocrx_word' id='word_1_364' title='bbox 3278 2249 3513 2312; x_wconf 86' lang='lat' dir='ltr'><strong>quatuor</strong></span> <span class='ocrx_word' id='word_1_365' title='bbox 3563 2254 3698 2306; x_wconf 79' lang='lat' dir='ltr'><strong>ergo</strong></span> 
     </span>
    </p>
   </div>
   <div class='ocr_carea' id='block_1_52' title="bbox 2119 2334 3692 2408">
    <p class='ocr_par' dir='ltr' id='par_1_52' title="bbox 2119 2334 3692 2408">
     <span class='ocr_line' id='line_1_52' title="bbox 2119 2334 3692 2408; baseline -0.005 -15"><span class='ocrx_word' id='word_1_366' title='bbox 2119 2339 2337 2403; x_wconf 81' lang='lat' dir='ltr'><strong>incedit,</strong></span> <span class='ocrx_word' id='word_1_367' title='bbox 2370 2337 2461 2408; x_wconf 88' lang='lat' dir='ltr'><strong>qui</strong></span> <span class='ocrx_word' id='word_1_368' title='bbox 2490 2337 2559 2392; x_wconf 90' lang='lat' dir='ltr'><strong>ad</strong></span> <span class='ocrx_word' id='word_1_369' title='bbox 2586 2336 2953 2408; x_wconf 84' lang='lat' dir='ltr'><strong>evangelicam</strong></span> <span class='ocrx_word' id='word_1_370' title='bbox 2990 2334 3461 2391; x_wconf 86' lang='lat' dir='ltr'><strong>conversationem</strong></span> <span class='ocrx_word' id='word_1_371' title='bbox 3482 2334 3692 2404; x_wconf 86' lang='lat' dir='ltr'><strong>migrat.</strong></span> 
     </span>
    </p>
   </div>
   <div class='ocr_carea' id='block_1_53' title="bbox 2116 2427 3694 2499">
    <p class='ocr_par' dir='ltr' id='par_1_53' title="bbox 2116 2427 3694 2499">
     <span class='ocr_line' id='line_1_53' title="bbox 2116 2427 3694 2499; baseline -0.004 -14"><span class='ocrx_word' id='word_1_372' title='bbox 2116 2432 2366 2487; x_wconf 85' lang='lat' dir='ltr'><strong>Ambulat</strong></span> <span class='ocrx_word' id='word_1_373' title='bbox 2403 2440 2586 2485; x_wconf 88' lang='lat' dir='ltr'><strong>autem</strong></span> <span class='ocrx_word' id='word_1_374' title='bbox 2613 2428 2666 2484; x_wconf 91' lang='lat' dir='ltr'><strong>in</strong></span> <span class='ocrx_word' id='word_1_375' title='bbox 2695 2429 2966 2496; x_wconf 81' lang='lat' dir='ltr'><strong>manibus,</strong></span> <span class='ocrx_word' id='word_1_376' title='bbox 2993 2427 3086 2499; x_wconf 88' lang='lat' dir='ltr'><strong>qui</strong></span> <span class='ocrx_word' id='word_1_377' title='bbox 3105 2435 3346 2497; x_wconf 70' lang='lat' dir='ltr'><strong>quaestus</strong></span> <span class='ocrx_word' id='word_1_378' title='bbox 3366 2439 3483 2480; x_wconf 89' lang='lat' dir='ltr'><strong>eam</strong></span> <span class='ocrx_word' id='word_1_379' title='bbox 3508 2439 3694 2489; x_wconf 85' lang='lat' dir='ltr'><strong>causa,</strong></span> 
     </span>
    </p>
   </div>
   <div class='ocr_carea' id='block_1_54' title="bbox 2119 2517 3694 2593">
    <p class='ocr_par' dir='ltr' id='par_1_54' title="bbox 2119 2517 3694 2593">
     <span class='ocr_line' id='line_1_54' title="bbox 2119 2517 3694 2593; baseline -0.005 -16"><span class='ocrx_word' id='word_1_380' title='bbox 2119 2525 2361 2593; x_wconf 90' lang='lat' dir='ltr'><strong>Iucrique</strong></span> <span class='ocrx_word' id='word_1_381' title='bbox 2385 2523 2561 2592; x_wconf 88' lang='lat' dir='ltr'><strong>turpis</strong></span> <span class='ocrx_word' id='word_1_382' title='bbox 2580 2520 2923 2591; x_wconf 84' lang='lat' dir='ltr'><strong>adipiscitur,</strong></span> <span class='ocrx_word' id='word_1_383' title='bbox 2979 2520 3233 2574; x_wconf 88' lang='lat' dir='ltr'><strong>manibus</strong></span> <span class='ocrx_word' id='word_1_384' title='bbox 3255 2518 3364 2573; x_wconf 89' lang='lat' dir='ltr'><strong>cito</strong></span> <span class='ocrx_word' id='word_1_385' title='bbox 3387 2517 3694 2586; x_wconf 89' lang='lat' dir='ltr'><strong>imponens,</strong></span> 
     </span>
    </p>
   </div>
   <div class='ocr_carea' id='block_1_55' title="bbox 2119 2604 3701 2680">
    <p class='ocr_par' dir='ltr' id='par_1_55' title="bbox 2119 2604 3701 2680">
     <span class='ocr_line' id='line_1_55' title="bbox 2119 2604 3701 2680; baseline -0.002 -16"><span class='ocrx_word' id='word_1_386' title='bbox 2119 2620 2178 2665; x_wconf 91' lang='lat' dir='ltr'><strong>ut</strong></span> <span class='ocrx_word' id='word_1_387' title='bbox 2207 2625 2270 2665; x_wconf 87' lang='lat' dir='ltr'><strong>ex</strong></span> <span class='ocrx_word' id='word_1_388' title='bbox 2301 2626 2364 2665; x_wconf 90' lang='lat' dir='ltr'><strong>ea</strong></span> <span class='ocrx_word' id='word_1_389' title='bbox 2396 2610 2673 2680; x_wconf 90' lang='lat' dir='ltr'><strong>quidpiam</strong></span> <span class='ocrx_word' id='word_1_390' title='bbox 2728 2609 2927 2678; x_wconf 90' lang='lat' dir='ltr'><strong>capiat.</strong></span> <span class='ocrx_word' id='word_1_391' title='bbox 2986 2606 3287 2662; x_wconf 85' lang='lat' dir='ltr'><strong>Commode</strong></span> <span class='ocrx_word' id='word_1_392' title='bbox 3324 2607 3412 2661; x_wconf 88' lang='lat' dir='ltr'><strong>hic</strong></span> <span class='ocrx_word' id='word_1_393' title='bbox 3441 2604 3701 2661; x_wconf 83' lang='lat' dir='ltr'><strong>omnibus</strong></span> 
     </span>
    </p>
   </div>
   <div class='ocr_carea' id='block_1_56' title="bbox 2119 2695 3697 2770">
    <p class='ocr_par' dir='ltr' id='par_1_56' title="bbox 2119 2695 3697 2770">
     <span class='ocr_line' id='line_1_56' title="bbox 2119 2695 3697 2770; baseline -0.003 -14"><span class='ocrx_word' id='word_1_394' title='bbox 2119 2712 2267 2757; x_wconf 80' lang='lat' dir='ltr'><strong>recte</strong></span> <span class='ocrx_word' id='word_1_395' title='bbox 2295 2709 2723 2757; x_wconf 83' lang='lat' dir='ltr'><strong>connumeratur</strong></span> <span class='ocrx_word' id='word_1_396' title='bbox 2770 2711 2933 2770; x_wconf 88' lang='lat' dir='ltr'><strong>atque</strong></span> <span class='ocrx_word' id='word_1_397' title='bbox 2959 2709 3309 2769; x_wconf 83' lang='lat' dir='ltr'><strong>comparatur</strong></span> <span class='ocrx_word' id='word_1_398' title='bbox 3339 2696 3548 2752; x_wconf 83' lang='lat' dir='ltr'><strong>bestiis.</strong></span> <span class='ocrx_word' id='word_1_399' title='bbox 3571 2695 3697 2751; x_wconf 81' lang='lat' dir='ltr'><strong>Sive</strong></span> 
     </span>
    </p>
   </div>
   <div class='ocr_carea' id='block_1_57' title="bbox 2116 2786 3701 2857">
    <p class='ocr_par' dir='ltr' id='par_1_57' title="bbox 2116 2786 3701 2857">
     <span class='ocr_line' id='line_1_57' title="bbox 2116 2786 3701 2857; baseline -0.006 -7"><span class='ocrx_word' id='word_1_400' title='bbox 2116 2795 2265 2850; x_wconf 85' lang='lat' dir='ltr'><strong>enim</strong></span> <span class='ocrx_word' id='word_1_401' title='bbox 2294 2792 2604 2847; x_wconf 89' lang='lat' dir='ltr'><strong>adulterum</strong></span> <span class='ocrx_word' id='word_1_402' title='bbox 2639 2791 2810 2857; x_wconf 90' lang='lat' dir='ltr'><strong>dicas,</strong></span> <span class='ocrx_word' id='word_1_403' title='bbox 2841 2790 2955 2845; x_wconf 88' lang='lat' dir='ltr'><strong>sive</strong></span> <span class='ocrx_word' id='word_1_404' title='bbox 2986 2804 3234 2853; x_wconf 88' lang='lat' dir='ltr'><strong>avarum,</strong></span> <span class='ocrx_word' id='word_1_405' title='bbox 3295 2788 3415 2843; x_wconf 86' lang='lat' dir='ltr'><strong>sive</strong></span> <span class='ocrx_word' id='word_1_406' title='bbox 3467 2786 3701 2843; x_wconf 85' lang='lat' dir='ltr'><strong>homici-</strong></span> 
     </span>
    </p>
   </div>
   <div class='ocr_carea' id='block_1_58' title="bbox 2116 2878 3699 2955">
    <p class='ocr_par' dir='ltr' id='par_1_58' title="bbox 2116 2878 3699 2955">
     <span class='ocr_line' id='line_1_58' title="bbox 2116 2878 3699 2955; baseline -0.006 -13"><span class='ocrx_word' id='word_1_407' title='bbox 2116 2889 2264 2955; x_wconf 89' lang='lat' dir='ltr'><strong>dam,</strong></span> <span class='ocrx_word' id='word_1_408' title='bbox 2306 2887 2423 2941; x_wconf 86' lang='lat' dir='ltr'><strong>sive</strong></span> <span class='ocrx_word' id='word_1_409' title='bbox 2449 2887 2837 2951; x_wconf 86' lang='lat' dir='ltr'><strong>detractorem,</strong></span> <span class='ocrx_word' id='word_1_410' title='bbox 2869 2882 2986 2938; x_wconf 85' lang='lat' dir='ltr'><strong>sive</strong></span> <span class='ocrx_word' id='word_1_411' title='bbox 3037 2881 3444 2951; x_wconf 86' lang='lat' dir='ltr'><strong>blasphemum,</strong></span> <span class='ocrx_word' id='word_1_412' title='bbox 3498 2878 3552 2934; x_wconf 88' lang='lat' dir='ltr'><strong>in</strong></span> <span class='ocrx_word' id='word_1_413' title='bbox 3609 2878 3699 2932; x_wconf 76' lang='lat' dir='ltr'><strong>his</strong></span> 
     </span>
    </p>
   </div>
   <div class='ocr_carea' id='block_1_59' title="bbox 2116 2969 3698 3049">
    <p class='ocr_par' dir='ltr' id='par_1_59' title="bbox 2116 2969 3698 3049">
     <span class='ocr_line' id='line_1_59' title="bbox 2116 2969 3698 3049; baseline -0.009 -12"><span class='ocrx_word' id='word_1_414' title='bbox 2116 2980 2373 3037; x_wconf 90' lang='lat' dir='ltr'><strong>omnibus</strong></span> <span class='ocrx_word' id='word_1_415' title='bbox 2398 2989 2503 3044; x_wconf 86' lang='lat' dir='ltr'><strong>est,</strong></span> <span class='ocrx_word' id='word_1_416' title='bbox 2548 2986 2735 3049; x_wconf 89' lang='lat' dir='ltr'><strong>utpote</strong></span> <span class='ocrx_word' id='word_1_417' title='bbox 2806 2976 3050 3031; x_wconf 90' lang='lat' dir='ltr'><strong>omnium</strong></span> <span class='ocrx_word' id='word_1_418' title='bbox 3106 2973 3348 3045; x_wconf 86' lang='lat' dir='ltr'><strong>peccatis</strong></span> <span class='ocrx_word' id='word_1_419' title='bbox 3390 2969 3698 3027; x_wconf 58' lang='lat' dir='ltr'><strong>communL</strong></span> 
     </span>
    </p>
   </div>
   <div class='ocr_carea' id='block_1_60' title="bbox 430 3059 3701 3152">
    <p class='ocr_par' dir='ltr' id='par_1_60' title="bbox 430 3059 3701 3152">
     <span class='ocr_line' id='line_1_60' title="bbox 430 3059 3701 3152; baseline -0.002 -30"><span class='ocrx_word' id='word_1_420' title='bbox 430 3068 537 3123; x_wconf 89' lang='lat' dir='ltr'><strong>erit</strong></span> <span class='ocrx_word' id='word_1_421' title='bbox 569 3067 887 3123; x_wconf 86' lang='lat' dir='ltr'><strong>immundus</strong></span> <span class='ocrx_word' id='word_1_422' title='bbox 924 3082 1096 3139; x_wconf 89' lang='lat' dir='ltr'><strong>usque</strong></span> <span class='ocrx_word' id='word_1_423' title='bbox 1128 3070 1194 3125; x_wconf 86' lang='lat' dir='ltr'><strong>ad</strong></span> <span class='ocrx_word' id='word_1_424' title='bbox 1222 3084 1532 3140; x_wconf 89' lang='lat' dir='ltr'><strong>vesperum.</strong></span> <span class='ocrx_word' id='word_1_425' title='bbox 1567 3069 1636 3124; x_wconf 90' lang='lat' dir='ltr'><strong>Et</strong></span> <span class='ocrx_word' id='word_1_426' title='bbox 1689 3069 1733 3124; x_wconf 91' lang='lat' dir='ltr'><strong>si</strong></span> <span class='ocrx_word' id='word_1_427' title='bbox 1784 3085 2011 3125; x_wconf 87' lang='lat' dir='ltr'><strong>necesse</strong></span> <span class='ocrx_word' id='word_1_428' title='bbox 2042 3094 2083 3152; x_wconf 67' lang='grc' dir='ltr'>ο</span> <span class='ocrx_word' id='word_1_429' title='bbox 2117 3087 2268 3138; x_wconf 90' lang='lat' dir='ltr'><strong>cans,</strong></span> <span class='ocrx_word' id='word_1_430' title='bbox 2311 3087 2408 3142; x_wconf 89' lang='lat' dir='ltr'><strong>per</strong></span> <span class='ocrx_word' id='word_1_431' title='bbox 2462 3069 2723 3140; x_wconf 80' lang='lat' dir='ltr'><strong>injustam</strong></span> <span class='ocrx_word' id='word_1_432' title='bbox 2782 3082 2979 3122; x_wconf 88' lang='lat' dir='ltr'><strong>manus</strong></span> <span class='ocrx_word' id='word_1_433' title='bbox 3038 3064 3466 3136; x_wconf 85' lang='lat' dir='ltr'><strong>impositionem.</strong></span> <span class='ocrx_word' id='word_1_434' title='bbox 3525 3059 3701 3132; x_wconf 78' lang='lat' dir='ltr'><strong>llujus</strong></span> 
     </span>
    </p>
   </div>
   <div class='ocr_carea' id='block_1_61' title="bbox 427 3160 2014 3231">
    <p class='ocr_par' dir='ltr' id='par_1_61' title="bbox 427 3160 2014 3231">
     <span class='ocr_line' id='line_1_61' title="bbox 427 3160 2014 3231; baseline 0.001 -15"><span class='ocrx_word' id='word_1_435' title='bbox 427 3160 614 3223; x_wconf 76' lang='lat' dir='ltr'><strong>fuerit,</strong></span> <span class='ocrx_word' id='word_1_436' title='bbox 648 3171 708 3215; x_wconf 89' lang='lat' dir='ltr'><strong>ut</strong></span> <span class='ocrx_word' id='word_1_437' title='bbox 737 3169 917 3230; x_wconf 87' lang='lat' dir='ltr'><strong>portet</strong></span> <span class='ocrx_word' id='word_1_438' title='bbox 944 3161 1221 3231; x_wconf 90' lang='lat' dir='ltr'><strong>quidpiam</strong></span> <span class='ocrx_word' id='word_1_439' title='bbox 1255 3162 1453 3216; x_wconf 89' lang='lat' dir='ltr'><strong>horum</strong></span> <span class='ocrx_word' id='word_1_440' title='bbox 1478 3170 1777 3228; x_wconf 88' lang='lat' dir='ltr'><strong>mortuum,</strong></span> <span class='ocrx_word' id='word_1_441' title='bbox 1810 3163 2014 3217; x_wconf 87' lang='lat' dir='ltr'><strong>lavabit</strong></span> 
     </span>
    </p>
   </div>
   <div class='ocr_carea' id='block_1_62' title="bbox 427 3250 2009 3322">
    <p class='ocr_par' dir='ltr' id='par_1_62' title="bbox 427 3250 2009 3322">
     <span class='ocr_line' id='line_1_62' title="bbox 427 3250 2009 3322; baseline 0.001 -17"><span class='ocrx_word' id='word_1_442' title='bbox 427 3252 754 3305; x_wconf 83' lang='lat' dir='ltr'><strong>vestimenta</strong></span> <span class='ocrx_word' id='word_1_443' title='bbox 783 3265 904 3312; x_wconf 87' lang='lat' dir='ltr'><strong>sua,</strong></span> <span class='ocrx_word' id='word_1_444' title='bbox 938 3260 994 3305; x_wconf 91' lang='lat' dir='ltr'><strong>et</strong></span> <span class='ocrx_word' id='word_1_445' title='bbox 1018 3251 1335 3306; x_wconf 89' lang='lat' dir='ltr'><strong>immundus</strong></span> <span class='ocrx_word' id='word_1_446' title='bbox 1366 3250 1471 3306; x_wconf 90' lang='lat' dir='ltr'><strong>erit</strong></span> <span class='ocrx_word' id='word_1_447' title='bbox 1525 3266 1700 3322; x_wconf 90' lang='lat' dir='ltr'><strong>usque</strong></span> <span class='ocrx_word' id='word_1_448' title='bbox 1743 3253 1812 3306; x_wconf 90' lang='lat' dir='ltr'><strong>ad</strong></span> <span class='ocrx_word' id='word_1_449' title='bbox 1872 3253 2009 3307; x_wconf 85' lang='lat' dir='ltr'><strong>solis</strong></span> 
     </span>
    </p>
   </div>
   <div class='ocr_carea' id='block_1_63' title="bbox 426 3339 2010 3415">
    <p class='ocr_par' dir='ltr' id='par_1_63' title="bbox 426 3339 2010 3415">
     <span class='ocr_line' id='line_1_63' title="bbox 426 3339 2010 3415; baseline 0.001 -20"><span class='ocrx_word' id='word_1_450' title='bbox 426 3356 705 3395; x_wconf 88' lang='lat' dir='ltr'><strong>occasum.</strong></span> <span class='ocrx_word' id='word_1_451' title='bbox 728 3339 904 3395; x_wconf 90' lang='lat' dir='ltr'><strong>Omne</strong></span> <span class='ocrx_word' id='word_1_452' title='bbox 938 3342 1141 3397; x_wconf 88' lang='lat' dir='ltr'><strong>animal</strong></span> <span class='ocrx_word' id='word_1_453' title='bbox 1167 3342 1311 3412; x_wconf 88' lang='lat' dir='ltr'><strong>quod</strong></span> <span class='ocrx_word' id='word_1_454' title='bbox 1358 3342 1525 3397; x_wconf 87' lang='lat' dir='ltr'><strong>habet</strong></span> <span class='ocrx_word' id='word_1_455' title='bbox 1578 3342 1798 3413; x_wconf 89' lang='lat' dir='ltr'><strong>quidem</strong></span> <span class='ocrx_word' id='word_1_456' title='bbox 1834 3359 2010 3415; x_wconf 86' lang='lat' dir='ltr'><strong>ungu-</strong></span> 
     </span>
    </p>
   </div>
   <div class='ocr_carea' id='block_1_64' title="bbox 424 3427 2009 3494">
    <p class='ocr_par' dir='ltr' id='par_1_64' title="bbox 424 3427 2009 3494">
     <span class='ocr_line' id='line_1_64' title="bbox 424 3427 2009 3494; baseline 0.003 -13"><span class='ocrx_word' id='word_1_457' title='bbox 424 3427 552 3494; x_wconf 83' lang='lat' dir='ltr'><strong>lam,</strong></span> <span class='ocrx_word' id='word_1_458' title='bbox 585 3429 681 3484; x_wconf 89' lang='lat' dir='ltr'><strong>sed</strong></span> <span class='ocrx_word' id='word_1_459' title='bbox 709 3445 819 3483; x_wconf 92' lang='lat' dir='ltr'><strong>non</strong></span> <span class='ocrx_word' id='word_1_460' title='bbox 842 3429 1039 3484; x_wconf 85' lang='lat' dir='ltr'><strong>dividit</strong></span> <span class='ocrx_word' id='word_1_461' title='bbox 1063 3444 1206 3494; x_wconf 89' lang='lat' dir='ltr'><strong>eam,</strong></span> <span class='ocrx_word' id='word_1_462' title='bbox 1234 3446 1340 3485; x_wconf 89' lang='lat' dir='ltr'><strong>nec</strong></span> <span class='ocrx_word' id='word_1_463' title='bbox 1364 3431 1625 3490; x_wconf 85' lang='lat' dir='ltr'><strong>ruminat.</strong></span> <span class='ocrx_word' id='word_1_464' title='bbox 1662 3431 2009 3485; x_wconf 86' lang='lat' dir='ltr'><strong>immundum</strong></span> 
     </span>
    </p>
   </div>
   <div class='ocr_carea' id='block_1_65' title="bbox 422 3522 2004 3593">
    <p class='ocr_par' dir='ltr' id='par_1_65' title="bbox 422 3522 2004 3593">
     <span class='ocr_line' id='line_1_65' title="bbox 422 3522 2004 3593; baseline -0.001 -16"><span class='ocrx_word' id='word_1_465' title='bbox 422 3523 546 3586; x_wconf 86' lang='lat' dir='ltr'><strong>erit,</strong></span> <span class='ocrx_word' id='word_1_466' title='bbox 581 3534 636 3577; x_wconf 89' lang='lat' dir='ltr'><strong>et</strong></span> <span class='ocrx_word' id='word_1_467' title='bbox 665 3522 928 3593; x_wconf 83' lang='lat' dir='ltr'><strong>quidquid</strong></span> <span class='ocrx_word' id='word_1_468' title='bbox 976 3523 1217 3593; x_wconf 81' lang='lat' dir='ltr'><strong>tetigerit</strong></span> <span class='ocrx_word' id='word_1_469' title='bbox 1266 3523 1420 3588; x_wconf 91' lang='lat' dir='ltr'><strong>illud,</strong></span> <span class='ocrx_word' id='word_1_470' title='bbox 1462 3523 1952 3579; x_wconf 89' lang='lat' dir='ltr'><strong>contaminabitur.</strong></span> <span class='ocrx_word' id='word_1_471' title='bbox 1986 3545 2004 3576; x_wconf 72' lang='grc' dir='ltr'><strong><em>ι</em></strong></span> 
     </span>
    </p>
   </div>
   <div class='ocr_carea' id='block_1_66' title="bbox 494 3614 2012 3687">
    <p class='ocr_par' dir='ltr' id='par_1_66' title="bbox 494 3614 2012 3687">
     <span class='ocr_line' id='line_1_66' title="bbox 494 3614 2012 3687; baseline 0.003 -18"><span class='ocrx_word' id='word_1_472' title='bbox 494 3614 648 3680; x_wconf 83' lang='lat' dir='ltr'><strong>Quod</strong></span> <span class='ocrx_word' id='word_1_473' title='bbox 679 3615 933 3685; x_wconf 88' lang='lat' dir='ltr'><strong>reptibile</strong></span> <span class='ocrx_word' id='word_1_474' title='bbox 969 3614 1272 3670; x_wconf 87' lang='lat' dir='ltr'><strong>volatilium</strong></span> <span class='ocrx_word' id='word_1_475' title='bbox 1298 3632 1420 3686; x_wconf 68' lang='lat' dir='ltr'><strong>qua:</strong></span> <span class='ocrx_word' id='word_1_476' title='bbox 1469 3617 1522 3670; x_wconf 91' lang='lat' dir='ltr'><strong>in</strong></span> <span class='ocrx_word' id='word_1_477' title='bbox 1554 3627 1791 3687; x_wconf 86' lang='lat' dir='ltr'><strong>quatuor</strong></span> <span class='ocrx_word' id='word_1_478' title='bbox 1814 3619 2012 3673; x_wconf 86' lang='lat' dir='ltr'><strong>ambu-</strong></span> 
     </span>
    </p>
   </div>
   <div class='ocr_carea' id='block_1_67' title="bbox 423 3707 2013 3783">
    <p class='ocr_par' dir='ltr' id='par_1_67' title="bbox 423 3707 2013 3783">
     <span class='ocr_line' id='line_1_67' title="bbox 423 3707 2013 3783; baseline 0.006 -25"><span class='ocrx_word' id='word_1_479' title='bbox 423 3707 539 3761; x_wconf 84' lang='lat' dir='ltr'><strong>lant</strong></span> <span class='ocrx_word' id='word_1_480' title='bbox 563 3708 751 3777; x_wconf 90' lang='lat' dir='ltr'><strong>pedes,</strong></span> <span class='ocrx_word' id='word_1_481' title='bbox 785 3723 882 3763; x_wconf 88' lang='lat' dir='ltr'><strong>eos</strong></span> <span class='ocrx_word' id='word_1_482' title='bbox 918 3708 1011 3779; x_wconf 90' lang='lat' dir='ltr'><strong>qui</strong></span> <span class='ocrx_word' id='word_1_483' title='bbox 1080 3709 1382 3764; x_wconf 85' lang='lat' dir='ltr'><strong>abutuntur</strong></span> <span class='ocrx_word' id='word_1_484' title='bbox 1428 3711 1741 3783; x_wconf 84' lang='lat' dir='ltr'><strong>evangelica</strong></span> <span class='ocrx_word' id='word_1_485' title='bbox 1777 3712 1906 3775; x_wconf 89' lang='lat' dir='ltr'><strong>vita,</strong></span> <span class='ocrx_word' id='word_1_486' title='bbox 1957 3724 2013 3767; x_wconf 87' lang='lat' dir='ltr'><strong>et</strong></span> 
     </span>
    </p>
   </div>
   <div class='ocr_carea' id='block_1_68' title="bbox 426 3798 2006 3872">
    <p class='ocr_par' dir='ltr' id='par_1_68' title="bbox 426 3798 2006 3872">
     <span class='ocr_line' id='line_1_68' title="bbox 426 3798 2006 3872; baseline 0.005 -23"><span class='ocrx_word' id='word_1_487' title='bbox 426 3798 590 3850; x_wconf 86' lang='lat' dir='ltr'><strong>vitam</strong></span> <span class='ocrx_word' id='word_1_488' title='bbox 617 3806 896 3852; x_wconf 86' lang='lat' dir='ltr'><strong>sectantur</strong></span> <span class='ocrx_word' id='word_1_489' title='bbox 929 3798 1155 3853; x_wconf 89' lang='lat' dir='ltr'><strong>solidam</strong></span> <span class='ocrx_word' id='word_1_490' title='bbox 1177 3809 1232 3854; x_wconf 93' lang='lat' dir='ltr'><strong>et</strong></span> <span class='ocrx_word' id='word_1_491' title='bbox 1260 3800 1620 3866; x_wconf 88' lang='lat' dir='ltr'><strong>immundam,</strong></span> <span class='ocrx_word' id='word_1_492' title='bbox 1658 3802 2006 3872; x_wconf 81' lang='lat' dir='ltr'><strong>significent;</strong></span> 
     </span>
    </p>
   </div>
   <div class='ocr_carea' id='block_1_69' title="bbox 426 3886 2007 3958">
    <p class='ocr_par' dir='ltr' id='par_1_69' title="bbox 426 3886 2007 3958">
     <span class='ocr_line' id='line_1_69' title="bbox 426 3886 2007 3958; baseline 0.002 -17"><span class='ocrx_word' id='word_1_493' title='bbox 426 3886 673 3941; x_wconf 82' lang='lat' dir='ltr'><strong>dividere</strong></span> <span class='ocrx_word' id='word_1_494' title='bbox 702 3896 886 3941; x_wconf 85' lang='lat' dir='ltr'><strong>autem</strong></span> <span class='ocrx_word' id='word_1_495' title='bbox 942 3886 1222 3956; x_wconf 88' lang='lat' dir='ltr'><strong>ungulam,</strong></span> <span class='ocrx_word' id='word_1_496' title='bbox 1284 3889 1427 3943; x_wconf 90' lang='lat' dir='ltr'><strong>sicut</strong></span> <span class='ocrx_word' id='word_1_497' title='bbox 1496 3888 1585 3943; x_wconf 89' lang='lat' dir='ltr'><strong>hic</strong></span> <span class='ocrx_word' id='word_1_498' title='bbox 1647 3886 2007 3958; x_wconf 84' lang='lat' dir='ltr'><strong>Septuaginta</strong></span> 
     </span>
    </p>
   </div>
   <div class='ocr_carea' id='block_1_70' title="bbox 424 3977 2010 4051">
    <p class='ocr_par' dir='ltr' id='par_1_70' title="bbox 424 3977 2010 4051">
     <span class='ocr_line' id='line_1_70' title="bbox 424 3977 2010 4051; baseline 0.002 -20"><span class='ocrx_word' id='word_1_499' title='bbox 424 3978 636 4041; x_wconf 89' lang='lat' dir='ltr'><strong>dicunt,</strong></span> <span class='ocrx_word' id='word_1_500' title='bbox 664 3978 757 4031; x_wconf 87' lang='lat' dir='ltr'><strong>sed</strong></span> <span class='ocrx_word' id='word_1_501' title='bbox 784 3994 892 4031; x_wconf 90' lang='lat' dir='ltr'><strong>non</strong></span> <span class='ocrx_word' id='word_1_502' title='bbox 925 3977 1224 4044; x_wconf 89' lang='lat' dir='ltr'><strong>ruminare,</strong></span> <span class='ocrx_word' id='word_1_503' title='bbox 1250 3978 1302 4032; x_wconf 89' lang='lat' dir='ltr'><strong>id</strong></span> <span class='ocrx_word' id='word_1_504' title='bbox 1324 3990 1410 4033; x_wconf 90' lang='lat' dir='ltr'><strong>est</strong></span> <span class='ocrx_word' id='word_1_505' title='bbox 1430 3979 1624 4050; x_wconf 86' lang='lat' dir='ltr'><strong>legem,</strong></span> <span class='ocrx_word' id='word_1_506' title='bbox 1650 3980 2010 4051; x_wconf 86' lang='lat' dir='ltr'><strong>quemadmo-</strong></span> 
     </span>
    </p>
   </div>
   <div class='ocr_carea' id='block_1_71' title="bbox 425 4067 2011 4135">
    <p class='ocr_par' dir='ltr' id='par_1_71' title="bbox 425 4067 2011 4135">
     <span class='ocr_line' id='line_1_71' title="bbox 425 4067 2011 4135; baseline 0.003 -13"><span class='ocrx_word' id='word_1_507' title='bbox 425 4068 555 4122; x_wconf 90' lang='lat' dir='ltr'><strong>dum</strong></span> <span class='ocrx_word' id='word_1_508' title='bbox 592 4076 831 4135; x_wconf 80' lang='lat' dir='ltr'><strong>Oportet.</strong></span> <span class='ocrx_word' id='word_1_509' title='bbox 897 4067 1174 4134; x_wconf 87' lang='lat' dir='ltr'><strong>meditari,</strong></span> <span class='ocrx_word' id='word_1_510' title='bbox 1228 4077 1286 4123; x_wconf 90' lang='lat' dir='ltr'><strong>et</strong></span> <span class='ocrx_word' id='word_1_511' title='bbox 1342 4068 1581 4125; x_wconf 88' lang='lat' dir='ltr'><strong>litteram</strong></span> <span class='ocrx_word' id='word_1_512' title='bbox 1643 4070 1892 4125; x_wconf 88' lang='lat' dir='ltr'><strong>dividere</strong></span> <span class='ocrx_word' id='word_1_513' title='bbox 1941 4072 2011 4127; x_wconf 87' lang='lat' dir='ltr'><strong>ab</strong></span> 
     </span>
    </p>
   </div>
   <div class='ocr_carea' id='block_1_72' title="bbox 424 4158 2008 4233">
    <p class='ocr_par' dir='ltr' id='par_1_72' title="bbox 424 4158 2008 4233">
     <span class='ocr_line' id='line_1_72' title="bbox 424 4158 2008 4233; baseline 0.003 -20"><span class='ocrx_word' id='word_1_514' title='bbox 424 4158 641 4229; x_wconf 71' lang='lat' dir='ltr'><strong>Spiritu,</strong></span> <span class='ocrx_word' id='word_1_515' title='bbox 665 4158 757 4215; x_wconf 88' lang='lat' dir='ltr'><strong>sed</strong></span> <span class='ocrx_word' id='word_1_516' title='bbox 790 4175 900 4215; x_wconf 89' lang='lat' dir='ltr'><strong>non</strong></span> <span class='ocrx_word' id='word_1_517' title='bbox 932 4175 996 4214; x_wconf 90' lang='lat' dir='ltr'><strong>ea</strong></span> <span class='ocrx_word' id='word_1_518' title='bbox 1036 4174 1159 4230; x_wconf 75' lang='lat' dir='ltr'><strong>quae</strong></span> <span class='ocrx_word' id='word_1_519' title='bbox 1198 4160 1254 4215; x_wconf 91' lang='lat' dir='ltr'><strong>in</strong></span> <span class='ocrx_word' id='word_1_520' title='bbox 1294 4176 1357 4215; x_wconf 88' lang='lat' dir='ltr'><strong>ea</strong></span> <span class='ocrx_word' id='word_1_521' title='bbox 1382 4161 1586 4233; x_wconf 83' lang='lat' dir='ltr'><strong>scripta</strong></span> <span class='ocrx_word' id='word_1_522' title='bbox 1617 4170 1747 4217; x_wconf 87' lang='lat' dir='ltr'><strong>sunt</strong></span> <span class='ocrx_word' id='word_1_523' title='bbox 1768 4164 2008 4232; x_wconf 84' lang='lat' dir='ltr'><strong>Operari,</strong></span> 
     </span>
    </p>
   </div>
   <div class='ocr_carea' id='block_1_73' title="bbox 423 4254 2007 4327">
    <p class='ocr_par' dir='ltr' id='par_1_73' title="bbox 423 4254 2007 4327">
     <span class='ocr_line' id='line_1_73' title="bbox 423 4254 2007 4327; baseline 0.004 -20"><span class='ocrx_word' id='word_1_524' title='bbox 423 4269 606 4325; x_wconf 87' lang='lat' dir='ltr'><strong>neque</strong></span> <span class='ocrx_word' id='word_1_525' title='bbox 651 4254 725 4311; x_wconf 87' lang='lat' dir='ltr'><strong>ita</strong></span> <span class='ocrx_word' id='word_1_526' title='bbox 784 4255 1203 4322; x_wconf 82' lang='lat' dir='ltr'><strong>conversari,in</strong></span> <span class='ocrx_word' id='word_1_527' title='bbox 1250 4258 1585 4327; x_wconf 73' lang='lat' dir='ltr'><strong>praecedenti</strong></span> <span class='ocrx_word' id='word_1_528' title='bbox 1641 4259 2007 4315; x_wconf 86' lang='lat' dir='ltr'><strong>ostendimus.</strong></span> 
     </span>
    </p>
   </div>
   <div class='ocr_carea' id='block_1_74' title="bbox 422 4345 2003 4418">
    <p class='ocr_par' dir='ltr' id='par_1_74' title="bbox 422 4345 2003 4418">
     <span class='ocr_line' id='line_1_74' title="bbox 422 4345 2003 4418; baseline 0.003 -17"><span class='ocrx_word' id='word_1_529' title='bbox 422 4345 577 4402; x_wconf 88' lang='lat' dir='ltr'><strong>Unde</strong></span> <span class='ocrx_word' id='word_1_530' title='bbox 601 4348 912 4403; x_wconf 89' lang='lat' dir='ltr'><strong>necessarie</strong></span> <span class='ocrx_word' id='word_1_531' title='bbox 939 4361 1131 4403; x_wconf 88' lang='lat' dir='ltr'><strong>eorum</strong></span> <span class='ocrx_word' id='word_1_532' title='bbox 1192 4350 1506 4416; x_wconf 88' lang='lat' dir='ltr'><strong>morticina,</strong></span> <span class='ocrx_word' id='word_1_533' title='bbox 1542 4351 1596 4406; x_wconf 91' lang='lat' dir='ltr'><strong>id</strong></span> <span class='ocrx_word' id='word_1_534' title='bbox 1625 4360 1708 4407; x_wconf 86' lang='lat' dir='ltr'><strong>est</strong></span> <span class='ocrx_word' id='word_1_535' title='bbox 1737 4351 2003 4418; x_wconf 89' lang='lat' dir='ltr'><strong>actiones,</strong></span> 
     </span>
    </p>
   </div>
   <div class='ocr_carea' id='block_1_75' title="bbox 2118 3153 3695 3229">
    <p class='ocr_par' dir='ltr' id='par_1_75' title="bbox 2118 3153 3695 3229">
     <span class='ocr_line' id='line_1_75' title="bbox 2118 3153 3695 3229; baseline -0.007 -11"><span class='ocrx_word' id='word_1_536' title='bbox 2118 3163 2403 3218; x_wconf 88' lang='lat' dir='ltr'><strong>morticina</strong></span> <span class='ocrx_word' id='word_1_537' title='bbox 2426 3170 2557 3216; x_wconf 86' lang='lat' dir='ltr'><strong>sunt</strong></span> <span class='ocrx_word' id='word_1_538' title='bbox 2590 3161 2644 3214; x_wconf 90' lang='lat' dir='ltr'><strong>bi</strong></span> <span class='ocrx_word' id='word_1_539' title='bbox 2689 3159 2891 3229; x_wconf 87' lang='lat' dir='ltr'><strong>quibus</strong></span> <span class='ocrx_word' id='word_1_540' title='bbox 2958 3157 3213 3213; x_wconf 84' lang='lat' dir='ltr'><strong>manibus</strong></span> <span class='ocrx_word' id='word_1_541' title='bbox 3282 3154 3562 3226; x_wconf 88' lang='lat' dir='ltr'><strong>imposuit,</strong></span> <span class='ocrx_word' id='word_1_542' title='bbox 3642 3153 3695 3207; x_wconf 89' lang='lat' dir='ltr'><strong>in</strong></span> 
     </span>
    </p>
   </div>
   <div class='ocr_carea' id='block_1_76' title="bbox 2116 3246 3700 3326">
    <p class='ocr_par' dir='ltr' id='par_1_76' title="bbox 2116 3246 3700 3326">
     <span class='ocr_line' id='line_1_76' title="bbox 2116 3246 3700 3326; baseline -0.006 -16"><span class='ocrx_word' id='word_1_543' title='bbox 2116 3257 2251 3326; x_wconf 85' lang='lat' dir='ltr'><strong>ipsis</strong></span> <span class='ocrx_word' id='word_1_544' title='bbox 2281 3255 2428 3309; x_wconf 88' lang='lat' dir='ltr'><strong>enim</strong></span> <span class='ocrx_word' id='word_1_545' title='bbox 2460 3252 2663 3325; x_wconf 89' lang='lat' dir='ltr'><strong>patitur</strong></span> <span class='ocrx_word' id='word_1_546' title='bbox 2699 3251 2908 3323; x_wconf 89' lang='lat' dir='ltr'><strong>peccati</strong></span> <span class='ocrx_word' id='word_1_547' title='bbox 2941 3261 3196 3305; x_wconf 90' lang='lat' dir='ltr'><strong>mortem.</strong></span> <span class='ocrx_word' id='word_1_548' title='bbox 3228 3247 3329 3314; x_wconf 85' lang='lat' dir='ltr'><strong>Qui</strong></span> <span class='ocrx_word' id='word_1_549' title='bbox 3362 3263 3494 3318; x_wconf 90' lang='lat' dir='ltr'><strong>ergo</strong></span> <span class='ocrx_word' id='word_1_550' title='bbox 3528 3246 3700 3317; x_wconf 86' lang='lat' dir='ltr'><strong>tangit</strong></span> 
     </span>
    </p>
   </div>
   <div class='ocr_carea' id='block_1_77' title="bbox 2114 3338 3699 3416">
    <p class='ocr_par' dir='ltr' id='par_1_77' title="bbox 2114 3338 3699 3416">
     <span class='ocr_line' id='line_1_77' title="bbox 2114 3338 3699 3416; baseline -0.007 -14"><span class='ocrx_word' id='word_1_551' title='bbox 2114 3363 2199 3412; x_wconf 87' lang='lat' dir='ltr'><strong>ea,</strong></span> <span class='ocrx_word' id='word_1_552' title='bbox 2220 3354 2276 3402; x_wconf 87' lang='lat' dir='ltr'><strong>et</strong></span> <span class='ocrx_word' id='word_1_553' title='bbox 2300 3347 2391 3416; x_wconf 89' lang='lat' dir='ltr'><strong>qui</strong></span> <span class='ocrx_word' id='word_1_554' title='bbox 2423 3344 2684 3402; x_wconf 86' lang='lat' dir='ltr'><strong>levaverit</strong></span> <span class='ocrx_word' id='word_1_555' title='bbox 2712 3359 2778 3399; x_wconf 86' lang='lat' dir='ltr'><strong>ex</strong></span> <span class='ocrx_word' id='word_1_556' title='bbox 2803 3344 2904 3408; x_wconf 83' lang='lat' dir='ltr'><strong>eis,</strong></span> <span class='ocrx_word' id='word_1_557' title='bbox 2961 3353 3110 3397; x_wconf 90' lang='lat' dir='ltr'><strong>recte</strong></span> <span class='ocrx_word' id='word_1_558' title='bbox 3131 3339 3423 3410; x_wconf 86' lang='lat' dir='ltr'><strong>polluitur;</strong></span> <span class='ocrx_word' id='word_1_559' title='bbox 3459 3340 3550 3410; x_wconf 86' lang='lat' dir='ltr'><strong>qui</strong></span> <span class='ocrx_word' id='word_1_560' title='bbox 3580 3338 3699 3407; x_wconf 56' lang='lat' dir='ltr'><strong>qui-</strong></span> 
     </span>
    </p>
   </div>
   <div class='ocr_carea' id='block_1_78' title="bbox 2114 3430 3697 3510">
    <p class='ocr_par' dir='ltr' id='par_1_78' title="bbox 2114 3430 3697 3510">
     <span class='ocr_line' id='line_1_78' title="bbox 2114 3430 3697 3510; baseline -0.006 -16"><span class='ocrx_word' id='word_1_561' title='bbox 2114 3443 2238 3495; x_wconf 86' lang='lat' dir='ltr'><strong>dem</strong></span> <span class='ocrx_word' id='word_1_562' title='bbox 2274 3439 2550 3510; x_wconf 88' lang='lat' dir='ltr'><strong>tangitea,</strong></span> <span class='ocrx_word' id='word_1_563' title='bbox 2584 3437 2639 3492; x_wconf 91' lang='lat' dir='ltr'><strong>id</strong></span> <span class='ocrx_word' id='word_1_564' title='bbox 2670 3446 2776 3500; x_wconf 89' lang='lat' dir='ltr'><strong>est,</strong></span> <span class='ocrx_word' id='word_1_565' title='bbox 2816 3436 2909 3506; x_wconf 86' lang='lat' dir='ltr'><strong>qui</strong></span> <span class='ocrx_word' id='word_1_566' title='bbox 2940 3440 3321 3499; x_wconf 85' lang='lat' dir='ltr'><strong>conversatur,</strong></span> <span class='ocrx_word' id='word_1_567' title='bbox 3347 3432 3516 3497; x_wconf 90' lang='lat' dir='ltr'><strong>dicit;</strong></span> <span class='ocrx_word' id='word_1_568' title='bbox 3570 3430 3697 3501; x_wconf 88' lang='lat' dir='ltr'><strong>quia</strong></span> 
     </span>
    </p>
   </div>
   <div class='ocr_carea' id='block_1_79' title="bbox 2113 3522 3693 3599">
    <p class='ocr_par' dir='ltr' id='par_1_79' title="bbox 2113 3522 3693 3599">
     <span class='ocr_line' id='line_1_79' title="bbox 2113 3522 3693 3599; baseline -0.008 -13"><span class='ocrx_word' id='word_1_569' title='bbox 2113 3532 2432 3586; x_wconf 86' lang='lat' dir='ltr'><strong>nullatenus</strong></span> <span class='ocrx_word' id='word_1_570' title='bbox 2518 3536 2899 3599; x_wconf 89' lang='lat' dir='ltr'><strong>competenter</strong></span> <span class='ocrx_word' id='word_1_571' title='bbox 2952 3524 3277 3596; x_wconf 87' lang='lat' dir='ltr'><strong>dignitatem</strong></span> <span class='ocrx_word' id='word_1_572' title='bbox 3321 3522 3693 3592; x_wconf 83' lang='lat' dir='ltr'><strong>arripuerunt.</strong></span> 
     </span>
    </p>
   </div>
   <div class='ocr_carea' id='block_1_80' title="bbox 2113 3610 3697 3687">
    <p class='ocr_par' dir='ltr' id='par_1_80' title="bbox 2113 3610 3697 3687">
     <span class='ocr_line' id='line_1_80' title="bbox 2113 3610 3697 3687; baseline -0.003 -18"><span class='ocrx_word' id='word_1_573' title='bbox 2113 3632 2276 3687; x_wconf 87' lang='lat' dir='ltr'><strong>quam</strong></span> <span class='ocrx_word' id='word_1_574' title='bbox 2302 3624 2678 3687; x_wconf 87' lang='lat' dir='ltr'><strong>cauponantes</strong></span> <span class='ocrx_word' id='word_1_575' title='bbox 2707 3615 2838 3669; x_wconf 80' lang='lat' dir='ltr'><strong>olim</strong></span> <span class='ocrx_word' id='word_1_576' title='bbox 2872 3613 3213 3674; x_wconf 85' lang='lat' dir='ltr'><strong>omnimodo.</strong></span> <span class='ocrx_word' id='word_1_577' title='bbox 3241 3626 3341 3681; x_wconf 91' lang='lat' dir='ltr'><strong>per</strong></span> <span class='ocrx_word' id='word_1_578' title='bbox 3373 3610 3697 3679; x_wconf 86' lang='lat' dir='ltr'><strong>hancjusti-</strong></span> 
     </span>
    </p>
   </div>
   <div class='ocr_carea' id='block_1_81' title="bbox 2116 3703 3696 3775">
    <p class='ocr_par' dir='ltr' id='par_1_81' title="bbox 2116 3703 3696 3775">
     <span class='ocr_line' id='line_1_81' title="bbox 2116 3703 3696 3775; baseline -0.004 -12"><span class='ocrx_word' id='word_1_579' title='bbox 2116 3708 2258 3763; x_wconf 84' lang='lat' dir='ltr'><strong>ticali</strong></span> <span class='ocrx_word' id='word_1_580' title='bbox 2278 3715 2437 3773; x_wconf 90' lang='lat' dir='ltr'><strong>sunt,</strong></span> <span class='ocrx_word' id='word_1_581' title='bbox 2462 3707 2508 3762; x_wconf 82' lang='lat' dir='ltr'><strong>si</strong></span> <span class='ocrx_word' id='word_1_582' title='bbox 2543 3714 2667 3775; x_wconf 90' lang='lat' dir='ltr'><strong>post</strong></span> <span class='ocrx_word' id='word_1_583' title='bbox 2685 3707 2801 3762; x_wconf 63' lang='lat' dir='ltr'><strong>haec</strong></span> <span class='ocrx_word' id='word_1_584' title='bbox 2826 3706 2881 3760; x_wconf 90' lang='lat' dir='ltr'><strong>in</strong></span> <span class='ocrx_word' id='word_1_585' title='bbox 2908 3705 3149 3774; x_wconf 86' lang='lat' dir='ltr'><strong>antiquis</strong></span> <span class='ocrx_word' id='word_1_586' title='bbox 3185 3703 3568 3773; x_wconf 85' lang='lat' dir='ltr'><strong>iniquitatibus</strong></span> <span class='ocrx_word' id='word_1_587' title='bbox 3585 3718 3696 3757; x_wconf 89' lang='lat' dir='ltr'><strong>non</strong></span> 
     </span>
    </p>
   </div>
   <div class='ocr_carea' id='block_1_82' title="bbox 2115 3790 3700 3864">
    <p class='ocr_par' dir='ltr' id='par_1_82' title="bbox 2115 3790 3700 3864">
     <span class='ocr_line' id='line_1_82' title="bbox 2115 3790 3700 3864; baseline -0.001 -17"><span class='ocrx_word' id='word_1_588' title='bbox 2115 3802 2490 3863; x_wconf 86' lang='lat' dir='ltr'><strong>permaneant.</strong></span> <span class='ocrx_word' id='word_1_589' title='bbox 2519 3792 2626 3847; x_wconf 90' lang='lat' dir='ltr'><strong>Sed</strong></span> <span class='ocrx_word' id='word_1_590' title='bbox 2646 3794 2805 3864; x_wconf 87' lang='lat' dir='ltr'><strong>etqui</strong></span> <span class='ocrx_word' id='word_1_591' title='bbox 2840 3793 3139 3863; x_wconf 87' lang='lat' dir='ltr'><strong>portaverit</strong></span> <span class='ocrx_word' id='word_1_592' title='bbox 3161 3808 3227 3846; x_wconf 87' lang='lat' dir='ltr'><strong>ex</strong></span> <span class='ocrx_word' id='word_1_593' title='bbox 3258 3793 3362 3857; x_wconf 88' lang='lat' dir='ltr'><strong>his,</strong></span> <span class='ocrx_word' id='word_1_594' title='bbox 3389 3790 3555 3847; x_wconf 87' lang='lat' dir='ltr'><strong>veluti</strong></span> <span class='ocrx_word' id='word_1_595' title='bbox 3572 3806 3700 3860; x_wconf 87' lang='lat' dir='ltr'><strong>por-</strong></span> 
     </span>
    </p>
   </div>
   <div class='ocr_carea' id='block_1_83' title="bbox 2115 3873 3714 3955">
    <p class='ocr_par' dir='ltr' id='par_1_83' title="bbox 2115 3873 3714 3955">
     <span class='ocr_line' id='line_1_83' title="bbox 2115 3873 3714 3955; baseline 0.001 -15"><span class='ocrx_word' id='word_1_596' title='bbox 2115 3897 2239 3941; x_wconf 90' lang='lat' dir='ltr'><strong>tans</strong></span> <span class='ocrx_word' id='word_1_597' title='bbox 2272 3887 2467 3940; x_wconf 88' lang='lat' dir='ltr'><strong>falsum</strong></span> <span class='ocrx_word' id='word_1_598' title='bbox 2508 3886 2908 3950; x_wconf 87' lang='lat' dir='ltr'><strong>testimonium,</strong></span> <span class='ocrx_word' id='word_1_599' title='bbox 2932 3885 3279 3955; x_wconf 89' lang='lat' dir='ltr'><strong>perhibendo</strong></span> <span class='ocrx_word' id='word_1_600' title='bbox 3337 3893 3393 3939; x_wconf 87' lang='lat' dir='ltr'><strong>et</strong></span> <span class='ocrx_word' id='word_1_601' title='bbox 3447 3873 3714 3947; x_wconf 45' lang='lat' dir='ltr'><strong>docendo:</strong></span> 
     </span>
    </p>
   </div>
   <div class='ocr_carea' id='block_1_84' title="bbox 2114 3977 3403 4049">
    <p class='ocr_par' dir='ltr' id='par_1_84' title="bbox 2114 3977 3403 4049">
     <span class='ocr_line' id='line_1_84' title="bbox 2114 3977 3403 4049; baseline 0.002 -19"><span class='ocrx_word' id='word_1_602' title='bbox 2114 3978 2361 4048; x_wconf 85' lang='lat' dir='ltr'><strong>dignum,</strong></span> <span class='ocrx_word' id='word_1_603' title='bbox 2393 3978 2490 4047; x_wconf 91' lang='lat' dir='ltr'><strong>qui</strong></span> <span class='ocrx_word' id='word_1_604' title='bbox 2526 3977 2786 4049; x_wconf 87' lang='lat' dir='ltr'><strong>indignus</strong></span> <span class='ocrx_word' id='word_1_605' title='bbox 2807 3986 2911 4033; x_wconf 88' lang='lat' dir='ltr'><strong>est.</strong></span> <span class='ocrx_word' id='word_1_606' title='bbox 3397 3988 3403 3994; x_wconf 85' lang='lat'><strong><em>&#39;</em></strong></span> 
     </span>
    </p>
   </div>
   <div class='ocr_carea' id='block_1_85' title="bbox 2186 4068 3699 4145">
    <p class='ocr_par' dir='ltr' id='par_1_85' title="bbox 2186 4068 3699 4145">
     <span class='ocr_line' id='line_1_85' title="bbox 2186 4068 3699 4145; baseline -0.002 -19"><span class='ocrx_word' id='word_1_607' title='bbox 2186 4072 2497 4127; x_wconf 80' lang='lat' dir='ltr'><strong>Immundas</strong></span> <span class='ocrx_word' id='word_1_608' title='bbox 2527 4073 2628 4125; x_wconf 81' lang='lat' dir='ltr'><strong>erit</strong></span> <span class='ocrx_word' id='word_1_609' title='bbox 2643 4087 2805 4143; x_wconf 86' lang='lat' dir='ltr'><strong>usque</strong></span> <span class='ocrx_word' id='word_1_610' title='bbox 2828 4072 2900 4125; x_wconf 84' lang='lat' dir='ltr'><strong>ad</strong></span> <span class='ocrx_word' id='word_1_611' title='bbox 2918 4085 3208 4140; x_wconf 78' lang='lat' dir='ltr'><strong>vesperam.</strong></span> <span class='ocrx_word' id='word_1_612' title='bbox 3231 4068 3407 4137; x_wconf 87' lang='lat' dir='ltr'><strong>Quam</strong></span> <span class='ocrx_word' id='word_1_613' title='bbox 3443 4070 3699 4145; x_wconf 79' lang='lat' dir='ltr'><strong>superius</strong></span> 
     </span>
    </p>
   </div>
   <div class='ocr_carea' id='block_1_86' title="bbox 2113 4161 3697 4235">
    <p class='ocr_par' dir='ltr' id='par_1_86' title="bbox 2113 4161 3697 4235">
     <span class='ocr_line' id='line_1_86' title="bbox 2113 4161 3697 4235; baseline -0.002 -16"><span class='ocrx_word' id='word_1_614' title='bbox 2113 4164 2353 4219; x_wconf 63' lang='lat' dir='ltr'><strong>diximus</strong></span> <span class='ocrx_word' id='word_1_615' title='bbox 2403 4162 2807 4235; x_wconf 73' lang='lat' dir='ltr'><strong>paenitentiam.</strong></span> <span class='ocrx_word' id='word_1_616' title='bbox 2858 4161 3075 4219; x_wconf 86' lang='lat' dir='ltr'><strong>Lavans</strong></span> <span class='ocrx_word' id='word_1_617' title='bbox 3130 4170 3316 4219; x_wconf 86' lang='lat' dir='ltr'><strong>autent</strong></span> <span class='ocrx_word' id='word_1_618' title='bbox 3370 4161 3697 4226; x_wconf 83' lang='lat' dir='ltr'><strong>vestimenta</strong></span> 
     </span>
    </p>
   </div>
   <div class='ocr_carea' id='block_1_87' title="bbox 2114 4255 2489 4311">
    <p class='ocr_par' dir='ltr' id='par_1_87' title="bbox 2114 4255 2489 4311">
     <span class='ocr_line' id='line_1_87' title="bbox 2114 4255 2489 4311; baseline 0 0"><span class='ocrx_word' id='word_1_619' title='bbox 2114 4255 2489 4311; x_wconf 80' lang='lat' dir='ltr'><strong>mandabitur.</strong></span> 
     </span>
    </p>
   </div>
   <div class='ocr_carea' id='block_1_88' title="bbox 2182 4342 3701 4417">
    <p class='ocr_par' dir='ltr' id='par_1_88' title="bbox 2182 4342 3701 4417">
     <span class='ocr_line' id='line_1_88' title="bbox 2182 4342 3701 4417; baseline -0.003 -18"><span class='ocrx_word' id='word_1_620' title='bbox 2182 4345 2347 4403; x_wconf 78' lang='lat' dir='ltr'><strong>Vens.</strong></span> <span class='ocrx_word' id='word_1_621' title='bbox 2377 4345 2567 4401; x_wconf 76' lang='grc'><strong>29-51.</strong></span> <span class='ocrx_word' id='word_1_622' title='bbox 2601 4363 2621 4396; x_wconf 84' lang='grc'>‹</span> <span class='ocrx_word' id='word_1_623' title='bbox 2657 4345 2773 4403; x_wconf 86' lang='lat' dir='ltr'><strong>Hoc</strong></span> <span class='ocrx_word' id='word_1_624' title='bbox 2802 4360 3019 4417; x_wconf 89' lang='lat' dir='ltr'><strong>quoque</strong></span> <span class='ocrx_word' id='word_1_625' title='bbox 3047 4342 3415 4414; x_wconf 87' lang='lat' dir='ltr'><strong>inter-polluta</strong></span> <span class='ocrx_word' id='word_1_626' title='bbox 3479 4351 3701 4413; x_wconf 34' lang='lat' dir='ltr'><strong>reputas</strong></span> 
     </span>
    </p>
   </div>
   <div class='ocr_carea' id='block_1_89' title="bbox 424 4424 3699 4518">
    <p class='ocr_par' dir='ltr' id='par_1_89' title="bbox 424 4424 3699 4518">
     <span class='ocr_line' id='line_1_89' title="bbox 424 4424 3699 4518; baseline -0.002 -25"><span class='ocrx_word' id='word_1_627' title='bbox 424 4444 477 4494; x_wconf 85' lang='lat' dir='ltr'><strong>in</strong></span> <span class='ocrx_word' id='word_1_628' title='bbox 513 4440 715 4511; x_wconf 89' lang='lat' dir='ltr'><strong>quibus</strong></span> <span class='ocrx_word' id='word_1_629' title='bbox 734 4442 946 4514; x_wconf 88' lang='lat' dir='ltr'><strong>peccati</strong></span> <span class='ocrx_word' id='word_1_630' title='bbox 973 4451 1149 4499; x_wconf 90' lang='lat' dir='ltr'><strong>morte</strong></span> <span class='ocrx_word' id='word_1_631' title='bbox 1178 4444 1473 4510; x_wconf 83' lang='lat' dir='ltr'><strong>intereunt,</strong></span> <span class='ocrx_word' id='word_1_632' title='bbox 1502 4445 1691 4518; x_wconf 83' lang='lat' dir='ltr'><strong>fugere</strong></span> <span class='ocrx_word' id='word_1_633' title='bbox 1718 4446 2003 4516; x_wconf 83' lang='lat' dir='ltr'><strong>praecepit,</strong></span> <span class='ocrx_word' id='word_1_634' title='bbox 2039 4424 2084 4479; x_wconf 80' lang='lat' dir='ltr'><strong>D</strong></span> <span class='ocrx_word' id='word_1_635' title='bbox 2112 4439 2279 4504; x_wconf 87' lang='lat' dir='ltr'><strong>bitur,</strong></span> <span class='ocrx_word' id='word_1_636' title='bbox 2309 4441 2377 4496; x_wconf 88' lang='lat' dir='ltr'><strong>de</strong></span> <span class='ocrx_word' id='word_1_637' title='bbox 2410 4441 2497 4496; x_wconf 87' lang='lat' dir='ltr'><strong>his</strong></span> <span class='ocrx_word' id='word_1_638' title='bbox 2534 4456 2657 4513; x_wconf 79' lang='lat' dir='ltr'><strong>qua:</strong></span> <span class='ocrx_word' id='word_1_639' title='bbox 2710 4445 3004 4493; x_wconf 84' lang='lat' dir='ltr'><strong>moventur</strong></span> <span class='ocrx_word' id='word_1_640' title='bbox 3038 4436 3093 4490; x_wconf 84' lang='lat' dir='ltr'><strong>in</strong></span> <span class='ocrx_word' id='word_1_641' title='bbox 3127 4444 3293 4497; x_wconf 78' lang='lat' dir='ltr'><strong>terra,</strong></span> <span class='ocrx_word' id='word_1_642' title='bbox 3327 4433 3587 4494; x_wconf 85' lang='lat' dir='ltr'><strong>mustela,</strong></span> <span class='ocrx_word' id='word_1_643' title='bbox 3641 4440 3699 4486; x_wconf 89' lang='lat' dir='ltr'><strong>et</strong></span> 
     </span>
    </p>
   </div>
   <div class='ocr_carea' id='block_1_90' title="bbox 421 4532 2004 4609">
    <p class='ocr_par' dir='ltr' id='par_1_90' title="bbox 421 4532 2004 4609">
     <span class='ocr_line' id='line_1_90' title="bbox 421 4532 2004 4609; baseline 0.006 -25"><span class='ocrx_word' id='word_1_644' title='bbox 421 4540 478 4584; x_wconf 81' lang='lat' dir='ltr'><strong>et</strong></span> <span class='ocrx_word' id='word_1_645' title='bbox 508 4532 658 4587; x_wconf 89' lang='lat' dir='ltr'><strong>nullo</strong></span> <span class='ocrx_word' id='word_1_646' title='bbox 692 4532 852 4587; x_wconf 90' lang='lat' dir='ltr'><strong>modo</strong></span> <span class='ocrx_word' id='word_1_647' title='bbox 879 4532 1193 4604; x_wconf 88' lang='lat' dir='ltr'><strong>participari</strong></span> <span class='ocrx_word' id='word_1_648' title='bbox 1235 4536 1461 4601; x_wconf 89' lang='lat' dir='ltr'><strong>talibus,</strong></span> <span class='ocrx_word' id='word_1_649' title='bbox 1514 4552 1617 4591; x_wconf 88' lang='lat' dir='ltr'><strong>nec</strong></span> <span class='ocrx_word' id='word_1_650' title='bbox 1680 4538 2004 4609; x_wconf 81' lang='lat' dir='ltr'><strong>contingere</strong></span> 
     </span>
    </p>
   </div>
   <div class='ocr_carea' id='block_1_91' title="bbox 421 4621 2000 4697">
    <p class='ocr_par' dir='ltr' id='par_1_91' title="bbox 421 4621 2000 4697">
     <span class='ocr_line' id='line_1_91' title="bbox 421 4621 2000 4697; baseline 0.005 -22"><span class='ocrx_word' id='word_1_651' title='bbox 421 4636 506 4675; x_wconf 83' lang='lat' dir='ltr'><strong>ea.</strong></span> <span class='ocrx_word' id='word_1_652' title='bbox 549 4621 665 4675; x_wconf 80' lang='lat' dir='ltr'><strong>Non</strong></span> <span class='ocrx_word' id='word_1_653' title='bbox 701 4621 877 4676; x_wconf 90' lang='lat' dir='ltr'><strong>solum</strong></span> <span class='ocrx_word' id='word_1_654' title='bbox 898 4630 1083 4678; x_wconf 89' lang='lat' dir='ltr'><strong>autem</strong></span> <span class='ocrx_word' id='word_1_655' title='bbox 1135 4633 1444 4696; x_wconf 85' lang='lat' dir='ltr'><strong>tangentes,</strong></span> <span class='ocrx_word' id='word_1_656' title='bbox 1480 4627 1573 4681; x_wconf 90' lang='lat' dir='ltr'><strong>sed</strong></span> <span class='ocrx_word' id='word_1_657' title='bbox 1612 4636 2000 4697; x_wconf 74' lang='lat' dir='ltr'><strong>ctportantes,</strong></span> 
     </span>
    </p>
   </div>
   <div class='ocr_carea' id='block_1_92' title="bbox 421 4714 2008 4788">
    <p class='ocr_par' dir='ltr' id='par_1_92' title="bbox 421 4714 2008 4788">
     <span class='ocr_line' id='line_1_92' title="bbox 421 4714 2008 4788; baseline 0.007 -21"><span class='ocrx_word' id='word_1_658' title='bbox 421 4721 517 4767; x_wconf 90' lang='lat' dir='ltr'><strong>aut</strong></span> <span class='ocrx_word' id='word_1_659' title='bbox 544 4714 877 4784; x_wconf 82' lang='lat' dir='ltr'><strong>accipientes</strong></span> <span class='ocrx_word' id='word_1_660' title='bbox 918 4715 1193 4785; x_wconf 85' lang='lat' dir='ltr'><strong>quidpiam</strong></span> <span class='ocrx_word' id='word_1_661' title='bbox 1220 4734 1286 4773; x_wconf 87' lang='lat' dir='ltr'><strong>ex</strong></span> <span class='ocrx_word' id='word_1_662' title='bbox 1342 4718 1421 4773; x_wconf 89' lang='lat' dir='ltr'><strong>eis</strong></span> <span class='ocrx_word' id='word_1_663' title='bbox 1452 4719 1793 4788; x_wconf 88' lang='lat' dir='ltr'><strong>polluuntur.</strong></span> <span class='ocrx_word' id='word_1_664' title='bbox 1820 4720 2008 4780; x_wconf 80' lang='lat' dir='ltr'><strong>Portat</strong></span> 
     </span>
    </p>
   </div>
   <div class='ocr_carea' id='block_1_93' title="bbox 421 4803 2002 4873">
    <p class='ocr_par' dir='ltr' id='par_1_93' title="bbox 421 4803 2002 4873">
     <span class='ocr_line' id='line_1_93' title="bbox 421 4803 2002 4873; baseline 0.008 -20"><span class='ocrx_word' id='word_1_665' title='bbox 421 4809 603 4854; x_wconf 88' lang='lat' dir='ltr'><strong>autem</strong></span> <span class='ocrx_word' id='word_1_666' title='bbox 626 4810 869 4872; x_wconf 79' lang='lat' dir='ltr'><strong>peccata,</strong></span> <span class='ocrx_word' id='word_1_667' title='bbox 898 4803 990 4873; x_wconf 92' lang='lat' dir='ltr'><strong>qui</strong></span> <span class='ocrx_word' id='word_1_668' title='bbox 1011 4804 1145 4859; x_wconf 90' lang='lat' dir='ltr'><strong>dicit</strong></span> <span class='ocrx_word' id='word_1_669' title='bbox 1184 4805 1384 4859; x_wconf 88' lang='lat' dir='ltr'><strong>malum</strong></span> <span class='ocrx_word' id='word_1_670' title='bbox 1419 4805 1643 4873; x_wconf 89' lang='lat' dir='ltr'><strong>bonum,</strong></span> <span class='ocrx_word' id='word_1_671' title='bbox 1669 4818 1726 4863; x_wconf 90' lang='lat' dir='ltr'><strong>et</strong></span> <span class='ocrx_word' id='word_1_672' title='bbox 1754 4825 2002 4866; x_wconf 86' lang='lat' dir='ltr'><strong>amarum</strong></span> 
     </span>
    </p>
   </div>
   <div class='ocr_carea' id='block_1_94' title="bbox 419 4893 2002 4969">
    <p class='ocr_par' dir='ltr' id='par_1_94' title="bbox 419 4893 2002 4969">
     <span class='ocr_line' id='line_1_94' title="bbox 419 4893 2002 4969; baseline 0.006 -22"><span class='ocrx_word' id='word_1_673' title='bbox 419 4893 600 4957; x_wconf 86' lang='lat' dir='ltr'><strong>dulce,</strong></span> <span class='ocrx_word' id='word_1_674' title='bbox 632 4902 687 4948; x_wconf 85' lang='lat' dir='ltr'><strong>et</strong></span> <span class='ocrx_word' id='word_1_675' title='bbox 715 4894 970 4949; x_wconf 87' lang='lat' dir='ltr'><strong>tenebras</strong></span> <span class='ocrx_word' id='word_1_676' title='bbox 998 4896 1197 4961; x_wconf 89' lang='lat' dir='ltr'><strong>lucem,</strong></span> <span class='ocrx_word' id='word_1_677' title='bbox 1242 4897 1388 4967; x_wconf 89' lang='lat' dir='ltr'><strong>quod</strong></span> <span class='ocrx_word' id='word_1_678' title='bbox 1422 4896 1570 4955; x_wconf 86' lang='lat' dir='ltr'><strong>Isaiae</strong></span> <span class='ocrx_word' id='word_1_679' title='bbox 1600 4902 1886 4969; x_wconf 75' lang='lat' dir='ltr'><strong>prophetae</strong></span> <span class='ocrx_word' id='word_1_680' title='bbox 1914 4917 2002 4957; x_wconf 83' lang='lat' dir='ltr'><strong>re-</strong></span> 
     </span>
    </p>
   </div>
   <div class='ocr_carea' id='block_1_95' title="bbox 422 4986 2004 5058">
    <p class='ocr_par' dir='ltr' id='par_1_95' title="bbox 422 4986 2004 5058">
     <span class='ocr_line' id='line_1_95' title="bbox 422 4986 2004 5058; baseline 0.008 -23"><span class='ocrx_word' id='word_1_681' title='bbox 422 4986 784 5055; x_wconf 80' lang='lat' dir='ltr'><strong>prehenditur</strong></span> <span class='ocrx_word' id='word_1_682' title='bbox 810 5002 943 5042; x_wconf 89' lang='lat' dir='ltr'><strong>voce</strong></span> <span class='ocrx_word' id='word_1_683' title='bbox 982 4986 1049 5052; x_wconf 79' lang='lat'><strong>&quot;,</strong></span> <span class='ocrx_word' id='word_1_684' title='bbox 1086 4988 1213 5057; x_wconf 87' lang='lat' dir='ltr'><strong>quia</strong></span> <span class='ocrx_word' id='word_1_685' title='bbox 1262 5005 1359 5058; x_wconf 91' lang='lat' dir='ltr'><strong>per</strong></span> <span class='ocrx_word' id='word_1_686' title='bbox 1391 4990 1495 5043; x_wconf 88' lang='lat' dir='ltr'><strong>hoc</strong></span> <span class='ocrx_word' id='word_1_687' title='bbox 1529 5005 1793 5045; x_wconf 78' lang='lat' dir='ltr'><strong>exercens</strong></span> <span class='ocrx_word' id='word_1_688' title='bbox 1837 4992 2004 5049; x_wconf 86' lang='lat' dir='ltr'><strong>alium</strong></span> 
     </span>
    </p>
   </div>
   <div class='ocr_carea' id='block_1_96' title="bbox 421 5077 2007 5155">
    <p class='ocr_par' dir='ltr' id='par_1_96' title="bbox 421 5077 2007 5155">
     <span class='ocr_line' id='line_1_96' title="bbox 421 5077 2007 5155; baseline 0.007 -26"><span class='ocrx_word' id='word_1_689' title='bbox 421 5077 487 5129; x_wconf 85' lang='lat' dir='ltr'><strong>ad</strong></span> <span class='ocrx_word' id='word_1_690' title='bbox 522 5078 892 5148; x_wconf 88' lang='lat' dir='ltr'><strong>iniquitatem,</strong></span> <span class='ocrx_word' id='word_1_691' title='bbox 926 5090 980 5134; x_wconf 89' lang='lat' dir='ltr'><strong>et</strong></span> <span class='ocrx_word' id='word_1_692' title='bbox 999 5080 1238 5136; x_wconf 87' lang='lat' dir='ltr'><strong>invitans</strong></span> <span class='ocrx_word' id='word_1_693' title='bbox 1266 5083 1332 5136; x_wconf 89' lang='lat' dir='ltr'><strong>ad</strong></span> <span class='ocrx_word' id='word_1_694' title='bbox 1386 5083 1588 5137; x_wconf 88' lang='lat' dir='ltr'><strong>malum</strong></span> <span class='ocrx_word' id='word_1_695' title='bbox 1622 5098 1651 5138; x_wconf 90' lang='lat' dir='ltr'><strong>a</strong></span> <span class='ocrx_word' id='word_1_696' title='bbox 1684 5100 1794 5153; x_wconf 92' lang='lat' dir='ltr'><strong>quo</strong></span> <span class='ocrx_word' id='word_1_697' title='bbox 1825 5086 2007 5155; x_wconf 89' lang='lat' dir='ltr'><strong>prohi-</strong></span> 
     </span>
    </p>
   </div>
   <div class='ocr_carea' id='block_1_97' title="bbox 423 5166 2004 5242">
    <p class='ocr_par' dir='ltr' id='par_1_97' title="bbox 423 5166 2004 5242">
     <span class='ocr_line' id='line_1_97' title="bbox 423 5166 2004 5242; baseline 0.008 -25"><span class='ocrx_word' id='word_1_698' title='bbox 423 5166 551 5219; x_wconf 77' lang='lat' dir='ltr'><strong>bere</strong></span> <span class='ocrx_word' id='word_1_699' title='bbox 566 5166 851 5233; x_wconf 87' lang='lat' dir='ltr'><strong>debuerat,</strong></span> <span class='ocrx_word' id='word_1_700' title='bbox 888 5184 1054 5238; x_wconf 87' lang='lat' dir='ltr'><strong>super</strong></span> <span class='ocrx_word' id='word_1_701' title='bbox 1080 5171 1436 5241; x_wconf 84' lang='lat' dir='ltr'><strong>semetipsum</strong></span> <span class='ocrx_word' id='word_1_702' title='bbox 1477 5174 1881 5242; x_wconf 83' lang='lat' dir='ltr'><strong>quodammodo</strong></span> <span class='ocrx_word' id='word_1_703' title='bbox 1911 5191 2004 5230; x_wconf 78' lang='lat' dir='ltr'><strong>su-</strong></span> 
     </span>
    </p>
   </div>
   <div class='ocr_carea' id='block_1_98' title="bbox 424 5254 2002 5338">
    <p class='ocr_par' dir='ltr' id='par_1_98' title="bbox 424 5254 2002 5338">
     <span class='ocr_line' id='line_1_98' title="bbox 424 5254 2002 5338; baseline 0.008 -29"><span class='ocrx_word' id='word_1_704' title='bbox 424 5254 582 5325; x_wconf 79' lang='lat' dir='ltr'><strong>scipit</strong></span> <span class='ocrx_word' id='word_1_705' title='bbox 608 5258 818 5329; x_wconf 85' lang='lat' dir='ltr'><strong>jugum.</strong></span> <span class='ocrx_word' id='word_1_706' title='bbox 852 5261 969 5315; x_wconf 76' lang='lat' dir='ltr'><strong>Non</strong></span> <span class='ocrx_word' id='word_1_707' title='bbox 1006 5270 1189 5316; x_wconf 90' lang='lat' dir='ltr'><strong>autem</strong></span> <span class='ocrx_word' id='word_1_708' title='bbox 1252 5272 1470 5333; x_wconf 87' lang='lat' dir='ltr'><strong>oportet</strong></span> <span class='ocrx_word' id='word_1_709' title='bbox 1521 5266 1833 5337; x_wconf 86' lang='lat' dir='ltr'><strong>quempiam</strong></span> <span class='ocrx_word' id='word_1_710' title='bbox 1872 5283 2002 5338; x_wconf 80' lang='lat' dir='ltr'><strong>pec-</strong></span> 
     </span>
    </p>
   </div>
   <div class='ocr_carea' id='block_1_99' title="bbox 424 5350 2005 5425">
    <p class='ocr_par' dir='ltr' id='par_1_99' title="bbox 424 5350 2005 5425">
     <span class='ocr_line' id='line_1_99' title="bbox 424 5350 2005 5425; baseline 0.008 -23"><span class='ocrx_word' id='word_1_711' title='bbox 424 5356 605 5402; x_wconf 85' lang='lat' dir='ltr'><strong>catum</strong></span> <span class='ocrx_word' id='word_1_712' title='bbox 645 5350 871 5405; x_wconf 89' lang='lat' dir='ltr'><strong>alterius</strong></span> <span class='ocrx_word' id='word_1_713' title='bbox 910 5353 964 5406; x_wconf 90' lang='lat' dir='ltr'><strong>in</strong></span> <span class='ocrx_word' id='word_1_714' title='bbox 1008 5354 1362 5425; x_wconf 88' lang='lat' dir='ltr'><strong>semetipsum</strong></span> <span class='ocrx_word' id='word_1_715' title='bbox 1411 5357 1707 5413; x_wconf 68' lang='lat' dir='ltr'><strong>transferre</strong></span> <span class='ocrx_word' id='word_1_716' title='bbox 1741 5375 1753 5409; x_wconf 88' lang='lat'><strong>:</strong></span> <span class='ocrx_word' id='word_1_717' title='bbox 1788 5359 1861 5414; x_wconf 92' lang='lat' dir='ltr'><strong>ob</strong></span> <span class='ocrx_word' id='word_1_718' title='bbox 1901 5360 2005 5415; x_wconf 86' lang='lat' dir='ltr'><strong>hoc</strong></span> 
     </span>
    </p>
   </div>
   <div class='ocr_carea' id='block_1_100' title="bbox 421 5438 2004 5516">
    <p class='ocr_par' dir='ltr' id='par_1_100' title="bbox 421 5438 2004 5516">
     <span class='ocr_line' id='line_1_100' title="bbox 421 5438 2004 5516; baseline 0.009 -22"><span class='ocrx_word' id='word_1_719' title='bbox 421 5438 569 5494; x_wconf 85' lang='lat' dir='ltr'><strong>enim</strong></span> <span class='ocrx_word' id='word_1_720' title='bbox 602 5449 658 5496; x_wconf 88' lang='lat' dir='ltr'><strong>et</strong></span> <span class='ocrx_word' id='word_1_721' title='bbox 686 5440 855 5497; x_wconf 77' lang='lat' dir='ltr'><strong>David</strong></span> <span class='ocrx_word' id='word_1_722' title='bbox 890 5444 966 5498; x_wconf 86' lang='lat' dir='ltr'><strong>ait</strong></span> <span class='ocrx_word' id='word_1_723' title='bbox 998 5460 1013 5496; x_wconf 84' lang='lat'><strong>:</strong></span> <span class='ocrx_word' id='word_1_724' title='bbox 1061 5445 1130 5499; x_wconf 87' lang='lat' dir='ltr'><strong>Et</strong></span> <span class='ocrx_word' id='word_1_725' title='bbox 1162 5448 1224 5500; x_wconf 88' lang='lat' dir='ltr'><strong>ab</strong></span> <span class='ocrx_word' id='word_1_726' title='bbox 1256 5447 1446 5502; x_wconf 83' lang='lat' dir='ltr'><strong>alienis</strong></span> <span class='ocrx_word' id='word_1_727' title='bbox 1474 5464 1630 5516; x_wconf 70' lang='lat' dir='ltr'><strong>parce</strong></span> <span class='ocrx_word' id='word_1_728' title='bbox 1650 5466 1795 5505; x_wconf 84' lang='lat' dir='ltr'><strong>servo</strong></span> <span class='ocrx_word' id='word_1_729' title='bbox 1817 5459 1906 5506; x_wconf 91' lang='lat' dir='ltr'><strong>tuo</strong></span> <span class='ocrx_word' id='word_1_730' title='bbox 1937 5453 2004 5508; x_wconf 63' lang='grc' dir='ltr'><strong>δ’.</strong></span> 
     </span>
    </p>
   </div>
   <div class='ocr_carea' id='block_1_101' title="bbox 489 5639 1060 5707">
    <p class='ocr_par' dir='ltr' id='par_1_101' title="bbox 489 5639 1060 5707">
     <span class='ocr_line' id='line_1_101' title="bbox 489 5639 1060 5707; baseline 0.004 -12"><span class='ocrx_word' id='word_1_731' title='bbox 489 5639 533 5672; x_wconf 79' lang='grc'><strong>³⁸</strong></span> <span class='ocrx_word' id='word_1_732' title='bbox 558 5640 575 5695; x_wconf 93' lang='grc'><strong>1</strong></span> <span class='ocrx_word' id='word_1_733' title='bbox 600 5640 724 5697; x_wconf 80' lang='lat' dir='ltr'><strong>Cor.</strong></span> <span class='ocrx_word' id='word_1_734' title='bbox 762 5657 835 5703; x_wconf 67' lang='grc' dir='ltr'><strong>ιχ.</strong></span> <span class='ocrx_word' id='word_1_735' title='bbox 864 5642 1060 5707; x_wconf 60' lang='lat'><strong>9.0.5”.</strong></span> 
     </span>
    </p>
   </div>
   <div class='ocr_carea' id='block_1_102' title="bbox 418 5712 1248 5781">
    <p class='ocr_par' dir='ltr' id='par_1_102' title="bbox 418 5712 1248 5781">
     <span class='ocr_line' id='line_1_102' title="bbox 418 5712 1248 5781; baseline 0.007 -16"><span class='ocrx_word' id='word_1_736' title='bbox 418 5725 565 5777; x_wconf 75' lang='lat' dir='ltr'><strong>xxxx,</strong></span> <span class='ocrx_word' id='word_1_737' title='bbox 602 5712 652 5767; x_wconf 83' lang='lat'><strong>6.</strong></span> <span class='ocrx_word' id='word_1_738' title='bbox 733 5713 776 5745; x_wconf 72' lang='grc'>⁸³</span> <span class='ocrx_word' id='word_1_739' title='bbox 803 5714 960 5769; x_wconf 77' lang='lat' dir='ltr'><strong>l‘rov.</strong></span> <span class='ocrx_word' id='word_1_740' title='bbox 997 5732 1121 5781; x_wconf 75' lang='lat' dir='ltr'><strong>xxx,</strong></span> <span class='ocrx_word' id='word_1_741' title='bbox 1160 5717 1248 5773; x_wconf 67' lang='grc'><strong>24.</strong></span> 
     </span>
    </p>
   </div>
   <div class='ocr_carea' id='block_1_103' title="bbox 2112 4527 3696 4601">
    <p class='ocr_par' dir='ltr' id='par_1_103' title="bbox 2112 4527 3696 4601">
     <span class='ocr_line' id='line_1_103' title="bbox 2112 4527 3696 4601; baseline -0.003 -14"><span class='ocrx_word' id='word_1_742' title='bbox 2112 4548 2257 4596; x_wconf 89' lang='lat' dir='ltr'><strong>mus,</strong></span> <span class='ocrx_word' id='word_1_743' title='bbox 2298 4539 2355 4588; x_wconf 91' lang='lat' dir='ltr'><strong>et</strong></span> <span class='ocrx_word' id='word_1_744' title='bbox 2417 4532 2749 4595; x_wconf 84' lang='lat' dir='ltr'><strong>crocodilus,</strong></span> <span class='ocrx_word' id='word_1_745' title='bbox 2817 4527 3235 4601; x_wconf 77' lang='lat' dir='ltr'><strong>singulajuxta</strong></span> <span class='ocrx_word' id='word_1_746' title='bbox 3280 4542 3455 4599; x_wconf 76' lang='lat' dir='ltr'><strong>genus</strong></span> <span class='ocrx_word' id='word_1_747' title='bbox 3511 4541 3696 4592; x_wconf 88' lang='lat' dir='ltr'><strong>suum,</strong></span> 
     </span>
    </p>
   </div>
   <div class='ocr_carea' id='block_1_104' title="bbox 2114 4616 3677 4695">
    <p class='ocr_par' dir='ltr' id='par_1_104' title="bbox 2114 4616 3677 4695">
     <span class='ocr_line' id='line_1_104' title="bbox 2114 4616 3677 4695; baseline -0.002 -18"><span class='ocrx_word' id='word_1_748' title='bbox 2114 4623 2333 4695; x_wconf 81' lang='grc' dir='ltr'><strong>μυγάλη</strong></span> <span class='ocrx_word' id='word_1_749' title='bbox 2366 4620 3077 4686; x_wconf 63' lang='lat' dir='ltr'><strong>etcbamceleon,etslellio,</strong></span> <span class='ocrx_word' id='word_1_750' title='bbox 3107 4635 3170 4673; x_wconf 88' lang='lat' dir='ltr'><strong>ac</strong></span> <span class='ocrx_word' id='word_1_751' title='bbox 3198 4618 3422 4681; x_wconf 89' lang='lat' dir='ltr'><strong>lacerta,</strong></span> <span class='ocrx_word' id='word_1_752' title='bbox 3445 4626 3500 4673; x_wconf 89' lang='lat' dir='ltr'><strong>et</strong></span> <span class='ocrx_word' id='word_1_753' title='bbox 3533 4616 3677 4689; x_wconf 81' lang='lat' dir='ltr'><strong>talpa</strong></span> 
     </span>
    </p>
   </div>
   <div class='ocr_carea' id='block_1_105' title="bbox 2113 4710 3703 4783">
    <p class='ocr_par' dir='ltr' id='par_1_105' title="bbox 2113 4710 3703 4783">
     <span class='ocr_line' id='line_1_105' title="bbox 2113 4710 3703 4783; baseline -0.001 -15"><span class='ocrx_word' id='word_1_754' title='bbox 2113 4716 2298 4772; x_wconf 86' lang='lat' dir='ltr'><strong>omnia</strong></span> <span class='ocrx_word' id='word_1_755' title='bbox 2339 4717 2474 4783; x_wconf 64' lang='lat' dir='ltr'><strong>haec,</strong></span> <span class='ocrx_word' id='word_1_756' title='bbox 2498 4715 2782 4773; x_wconf 84' lang='lat' dir='ltr'><strong>immunda</strong></span> <span class='ocrx_word' id='word_1_757' title='bbox 2810 4722 2960 4770; x_wconf 89' lang='lat' dir='ltr'><strong>sunt.</strong></span> <span class='ocrx_word' id='word_1_758' title='bbox 3004 4712 3108 4779; x_wconf 89' lang='lat' dir='ltr'><strong>Qui</strong></span> <span class='ocrx_word' id='word_1_759' title='bbox 3143 4711 3383 4783; x_wconf 87' lang='lat' dir='ltr'><strong>tetigerit</strong></span> <span class='ocrx_word' id='word_1_760' title='bbox 3407 4710 3703 4768; x_wconf 83' lang='lat' dir='ltr'><strong>morticina</strong></span> 
     </span>
    </p>
   </div>
   <div class='ocr_carea' id='block_1_106' title="bbox 2114 4806 3535 4879">
    <p class='ocr_par' dir='ltr' id='par_1_106' title="bbox 2114 4806 3535 4879">
     <span class='ocr_line' id='line_1_106' title="bbox 2114 4806 3535 4879; baseline -0.002 -18"><span class='ocrx_word' id='word_1_761' title='bbox 2114 4825 2330 4873; x_wconf 77' lang='lat' dir='ltr'><strong>eorum,</strong></span> <span class='ocrx_word' id='word_1_762' title='bbox 2355 4808 2674 4864; x_wconf 86' lang='lat' dir='ltr'><strong>immundus</strong></span> <span class='ocrx_word' id='word_1_763' title='bbox 2698 4808 2805 4862; x_wconf 85' lang='lat' dir='ltr'><strong>erit</strong></span> <span class='ocrx_word' id='word_1_764' title='bbox 2827 4820 3002 4879; x_wconf 81' lang='lat' dir='ltr'><strong>usque</strong></span> <span class='ocrx_word' id='word_1_765' title='bbox 3032 4806 3099 4862; x_wconf 90' lang='lat' dir='ltr'><strong>ad</strong></span> <span class='ocrx_word' id='word_1_766' title='bbox 3140 4821 3469 4877; x_wconf 71' lang='lat' dir='ltr'><strong>vesperutm</strong></span> <span class='ocrx_word' id='word_1_767' title='bbox 3495 4823 3535 4858; x_wconf 73' lang='lat' dir='ltr'><strong>s-</strong></span> 
     </span>
    </p>
   </div>
   <div class='ocr_carea' id='block_1_107' title="bbox 2189 4898 3697 4971">
    <p class='ocr_par' dir='ltr' id='par_1_107' title="bbox 2189 4898 3697 4971">
     <span class='ocr_line' id='line_1_107' title="bbox 2189 4898 3697 4971; baseline -0.003 -15"><span class='ocrx_word' id='word_1_768' title='bbox 2189 4902 2300 4957; x_wconf 81' lang='lat' dir='ltr'><strong>Nec</strong></span> <span class='ocrx_word' id='word_1_769' title='bbox 2338 4916 2485 4958; x_wconf 87' lang='lat' dir='ltr'><strong>nunc</strong></span> <span class='ocrx_word' id='word_1_770' title='bbox 2557 4900 2651 4955; x_wconf 88' lang='lat' dir='ltr'><strong>Dei</strong></span> <span class='ocrx_word' id='word_1_771' title='bbox 2712 4908 3020 4959; x_wconf 86' lang='lat' dir='ltr'><strong>creaturam</strong></span> <span class='ocrx_word' id='word_1_772' title='bbox 3075 4898 3355 4971; x_wconf 79' lang='lat' dir='ltr'><strong>legislator</strong></span> <span class='ocrx_word' id='word_1_773' title='bbox 3406 4912 3697 4965; x_wconf 78' lang='lat' dir='ltr'><strong>accusans,</strong></span> 
     </span>
    </p>
   </div>
   <div class='ocr_carea' id='block_1_108' title="bbox 2116 4988 3702 5059">
    <p class='ocr_par' dir='ltr' id='par_1_108' title="bbox 2116 4988 3702 5059">
     <span class='ocr_line' id='line_1_108' title="bbox 2116 4988 3702 5059; baseline -0.006 -11"><span class='ocrx_word' id='word_1_774' title='bbox 2116 4993 2400 5050; x_wconf 88' lang='lat' dir='ltr'><strong>immunda</strong></span> <span class='ocrx_word' id='word_1_775' title='bbox 2430 4992 2623 5054; x_wconf 84' lang='lat' dir='ltr'><strong>haberi</strong></span> <span class='ocrx_word' id='word_1_776' title='bbox 2654 4991 2770 5051; x_wconf 81' lang='lat' dir='ltr'><strong>inec</strong></span> <span class='ocrx_word' id='word_1_777' title='bbox 2803 4989 3067 5059; x_wconf 87' lang='lat' dir='ltr'><strong>praecepit</strong></span> <span class='ocrx_word' id='word_1_778' title='bbox 3099 4988 3380 5053; x_wconf 88' lang='lat' dir='ltr'><strong>animalia;</strong></span> <span class='ocrx_word' id='word_1_779' title='bbox 3409 5001 3537 5040; x_wconf 90' lang='lat' dir='ltr'><strong>nam</strong></span> <span class='ocrx_word' id='word_1_780' title='bbox 3560 5002 3702 5057; x_wconf 89' lang='lat' dir='ltr'><strong>quo-</strong></span> 
     </span>
    </p>
   </div>
   <div class='ocr_carea' id='block_1_109' title="bbox 2116 5077 3698 5151">
    <p class='ocr_par' dir='ltr' id='par_1_109' title="bbox 2116 5077 3698 5151">
     <span class='ocr_line' id='line_1_109' title="bbox 2116 5077 3698 5151; baseline -0.005 -12"><span class='ocrx_word' id='word_1_781' title='bbox 2116 5084 2281 5139; x_wconf 89' lang='lat' dir='ltr'><strong>modo</strong></span> <span class='ocrx_word' id='word_1_782' title='bbox 2310 5100 2383 5142; x_wconf 77' lang='lat' dir='ltr'><strong>ea,</strong></span> <span class='ocrx_word' id='word_1_783' title='bbox 2414 5084 2522 5140; x_wconf 89' lang='lat' dir='ltr'><strong>alio</strong></span> <span class='ocrx_word' id='word_1_784' title='bbox 2552 5083 2756 5137; x_wconf 69' lang='lat' dir='ltr'><strong>divina:</strong></span> <span class='ocrx_word' id='word_1_785' title='bbox 2780 5081 3079 5151; x_wconf 79' lang='lat' dir='ltr'><strong>Scripturze</strong></span> <span class='ocrx_word' id='word_1_786' title='bbox 3125 5079 3245 5135; x_wconf 90' lang='lat' dir='ltr'><strong>loco</strong></span> <span class='ocrx_word' id='word_1_787' title='bbox 3284 5077 3528 5148; x_wconf 86' lang='lat' dir='ltr'><strong>reperies</strong></span> <span class='ocrx_word' id='word_1_788' title='bbox 3577 5092 3698 5131; x_wconf 81' lang='lat' dir='ltr'><strong>esse</strong></span> 
     </span>
    </p>
   </div>
   <div class='ocr_carea' id='block_1_110' title="bbox 2114 5166 3701 5245">
    <p class='ocr_par' dir='ltr' id='par_1_110' title="bbox 2114 5166 3701 5245">
     <span class='ocr_line' id='line_1_110' title="bbox 2114 5166 3701 5245; baseline -0.01 -9"><span class='ocrx_word' id='word_1_789' title='bbox 2114 5181 2328 5237; x_wconf 81' lang='lat' dir='ltr'><strong>laudata</strong></span> <span class='ocrx_word' id='word_1_790' title='bbox 2358 5177 2381 5231; x_wconf 88' lang='lat'><strong>?</strong></span> <span class='ocrx_word' id='word_1_791' title='bbox 2419 5176 2677 5231; x_wconf 86' lang='lat' dir='ltr'><strong>Salomon</strong></span> <span class='ocrx_word' id='word_1_792' title='bbox 2704 5173 2905 5245; x_wconf 90' lang='lat' dir='ltr'><strong>quippe</strong></span> <span class='ocrx_word' id='word_1_793' title='bbox 2937 5174 2990 5228; x_wconf 91' lang='lat' dir='ltr'><strong>in</strong></span> <span class='ocrx_word' id='word_1_794' title='bbox 3017 5170 3331 5226; x_wconf 86' lang='lat' dir='ltr'><strong>Proverbiis</strong></span> <span class='ocrx_word' id='word_1_795' title='bbox 3357 5167 3526 5223; x_wconf 89' lang='lat' dir='ltr'><strong>dicit:</strong></span> <span class='ocrx_word' id='word_1_796' title='bbox 3551 5166 3701 5232; x_wconf 80' lang='lat' dir='ltr'><strong>Qua-</strong></span> 
     </span>
    </p>
   </div>
   <div class='ocr_carea' id='block_1_111' title="bbox 2118 5261 3701 5331">
    <p class='ocr_par' dir='ltr' id='par_1_111' title="bbox 2118 5261 3701 5331">
     <span class='ocr_line' id='line_1_111' title="bbox 2118 5261 3701 5331; baseline -0.008 -4"><span class='ocrx_word' id='word_1_797' title='bbox 2118 5283 2236 5328; x_wconf 82' lang='lat' dir='ltr'><strong>tuor</strong></span> <span class='ocrx_word' id='word_1_798' title='bbox 2289 5279 2409 5327; x_wconf 83' lang='lat' dir='ltr'><strong>sunt</strong></span> <span class='ocrx_word' id='word_1_799' title='bbox 2456 5269 2678 5323; x_wconf 87' lang='lat' dir='ltr'><strong>minima</strong></span> <span class='ocrx_word' id='word_1_800' title='bbox 2736 5276 2914 5329; x_wconf 64' lang='lat' dir='ltr'><strong>terra,</strong></span> <span class='ocrx_word' id='word_1_801' title='bbox 2948 5275 2997 5319; x_wconf 86' lang='lat' dir='ltr'><strong>et</strong></span> <span class='ocrx_word' id='word_1_802' title='bbox 3053 5266 3164 5317; x_wconf 70' lang='lat' dir='ltr'><strong>Ita&#39;c</strong></span> <span class='ocrx_word' id='word_1_803' title='bbox 3195 5270 3319 5317; x_wconf 84' lang='lat' dir='ltr'><strong>sunt</strong></span> <span class='ocrx_word' id='word_1_804' title='bbox 3371 5261 3701 5331; x_wconf 80' lang='lat' dir='ltr'><strong>sapientiora</strong></span> 
     </span>
    </p>
   </div>
   <div class='ocr_carea' id='block_1_112' title="bbox 2116 5353 3698 5430">
    <p class='ocr_par' dir='ltr' id='par_1_112' title="bbox 2116 5353 3698 5430">
     <span class='ocr_line' id='line_1_112' title="bbox 2116 5353 3698 5430; baseline -0.006 -14"><span class='ocrx_word' id='word_1_805' title='bbox 2116 5361 2438 5430; x_wconf 82' lang='lat' dir='ltr'><strong>sapientibus</strong></span> <span class='ocrx_word' id='word_1_806' title='bbox 2458 5359 2524 5414; x_wconf 65' lang='grc'><strong><em>³⁵³.</em></strong></span> <span class='ocrx_word' id='word_1_807' title='bbox 2553 5358 2698 5413; x_wconf 83' lang='lat' dir='ltr'><strong>Inter</strong></span> <span class='ocrx_word' id='word_1_808' title='bbox 2722 5374 2844 5427; x_wconf 69' lang='lat' dir='ltr'><strong>qua:</strong></span> <span class='ocrx_word' id='word_1_809' title='bbox 2902 5357 3191 5427; x_wconf 60' lang='lat' dir='ltr'><strong>leporem,</strong></span> <span class='ocrx_word' id='word_1_810' title='bbox 3222 5355 3339 5409; x_wconf 83' lang='lat' dir='ltr'><strong>sive</strong></span> <span class='ocrx_word' id='word_1_811' title='bbox 3396 5353 3698 5412; x_wconf 80' lang='lat' dir='ltr'><strong>secundum</strong></span> 
     </span>
    </p>
   </div>
   <div class='ocr_carea' id='block_1_113' title="bbox 2118 5440 3729 5524">
    <p class='ocr_par' dir='ltr' id='par_1_113' title="bbox 2118 5440 3729 5524">
     <span class='ocr_line' id='line_1_113' title="bbox 2118 5440 3729 5524; baseline -0.006 -17"><span class='ocrx_word' id='word_1_812' title='bbox 2118 5453 2498 5524; x_wconf 70' lang='lat' dir='ltr'><strong>Septuaginta,</strong></span> <span class='ocrx_word' id='word_1_813' title='bbox 2565 5452 2884 5507; x_wconf 88' lang='lat' dir='ltr'><strong>erinaceum</strong></span> <span class='ocrx_word' id='word_1_814' title='bbox 2907 5457 2960 5503; x_wconf 91' lang='lat' dir='ltr'><strong>et</strong></span> <span class='ocrx_word' id='word_1_815' title='bbox 2993 5446 3299 5503; x_wconf 87' lang='lat' dir='ltr'><strong>stellioncm</strong></span> <span class='ocrx_word' id='word_1_816' title='bbox 3325 5442 3694 5517; x_wconf 79' lang='lat' dir='ltr'><strong>computavit:</strong></span> <span class='ocrx_word' id='word_1_817' title='bbox 3722 5440 3729 5447; x_wconf 84' lang='grc'><em>’</em></span> 
     </span>
    </p>
   </div>
   <div class='ocr_carea' id='block_1_114' title="bbox 1138 5642 3693 5726">
    <p class='ocr_par' dir='ltr' id='par_1_114' title="bbox 1138 5642 3693 5726">
     <span class='ocr_line' id='line_1_114' title="bbox 1138 5642 3693 5726; baseline -0.002 -24"><span class='ocrx_word' id='word_1_818' title='bbox 1138 5646 1188 5726; x_wconf 59' lang='grc' dir='ltr'><strong>³ξ</strong></span> <span class='ocrx_word' id='word_1_819' title='bbox 1210 5647 1420 5726; x_wconf 65' lang='lat' dir='ltr'><strong>i‘iahum</strong></span> <span class='ocrx_word' id='word_1_820' title='bbox 1448 5668 1532 5717; x_wconf 80' lang='lat' dir='ltr'><strong>tu,</strong></span> <span class='ocrx_word' id='word_1_821' title='bbox 1568 5654 1648 5706; x_wconf 86' lang='lat' dir='ltr'><strong>l7.</strong></span> <span class='ocrx_word' id='word_1_822' title='bbox 1728 5651 1772 5687; x_wconf 79' lang='lat'><strong>&quot;</strong></span> <span class='ocrx_word' id='word_1_823' title='bbox 1805 5653 2005 5726; x_wconf 83' lang='lat' dir='ltr'><strong>Ephes.</strong></span> <span class='ocrx_word' id='word_1_824' title='bbox 2045 5671 2114 5720; x_wconf 77' lang='lat' dir='ltr'><strong>vi,</strong></span> <span class='ocrx_word' id='word_1_825' title='bbox 2152 5654 2230 5708; x_wconf 73' lang='lat' dir='ltr'><strong>l2.</strong></span> <span class='ocrx_word' id='word_1_826' title='bbox 2309 5655 2348 5687; x_wconf 73' lang='lat'>“</span> <span class='ocrx_word' id='word_1_827' title='bbox 2381 5654 2483 5711; x_wconf 80' lang='lat' dir='ltr'><strong>isa.</strong></span> <span class='ocrx_word' id='word_1_828' title='bbox 2522 5667 2784 5724; x_wconf 68' lang='lat' dir='ltr'><strong>v,tseqq.</strong></span> <span class='ocrx_word' id='word_1_829' title='bbox 2867 5650 2909 5682; x_wconf 80' lang='lat'>&quot;</span> <span class='ocrx_word' id='word_1_830' title='bbox 2936 5646 3078 5706; x_wconf 79' lang='lat' dir='ltr'><strong>Psal.</strong></span> <span class='ocrx_word' id='word_1_831' title='bbox 3110 5662 3268 5715; x_wconf 71' lang='lat' dir='ltr'><strong>mu,</strong></span> <span class='ocrx_word' id='word_1_832' title='bbox 3298 5645 3387 5707; x_wconf 66' lang='grc' dir='ltr'><strong>η.</strong></span> <span class='ocrx_word' id='word_1_833' title='bbox 3484 5645 3529 5679; x_wconf 73' lang='grc'><strong>⁸⁸</strong></span> <span class='ocrx_word' id='word_1_834' title='bbox 3549 5642 3693 5702; x_wconf 64' lang='lat' dir='ltr'><strong>Pr].</strong></span> 
     </span>
    </p>
   </div>
  </div>
