4044 6224
390 330 501 401 915

1577 347 1724 405 RES
1735 346 1936 407 YClIlI
1980 347 2453 408 PRESBYTERI

3540 336 3648 404 916

392 466 629 525 quorum
653 468 820 507 unum
850 452 1105 524 superius
1143 471 1267 510 cum
1333 457 1543 512 camelo
1567 465 1624 513 et
1654 459 1860 529 lepore,
1912 469 1968 514 ut
1998 465 2043 523 Α
2069 472 2346 518 caecantur
2373 463 2538 518 oculi.
2594 462 2729 530 Quia
2763 476 2891 534 ergo
2933 461 2988 516 in
3021 460 3107 516 liis
3120 461 3314 517 animae
3378 456 3651 530 contingit

394 543 762 608 immundum,
793 543 878 599 lex
912 547 1210 601 accusavit.
1268 546 1546 604 Stellionis
1598 560 1780 607 autem
1823 568 1970 607 nunc

392 637 732 691 mentionem
752 635 908 693 fecit.
940 637 1061 694 Non
1078 655 1208 712 ergo
1238 653 1432 699 natura
1475 659 1662 699 eorum
1694 646 1970 700 immunda

390 739 496 792 est,
545 730 641 784 sed
669 746 773 786 nec
794 733 977 788 omnis
1014 736 1198 803 actio;
1227 753 1350 792 nam
1386 741 1661 809 quomodo
1719 751 1972 811 poterant

392 818 495 872 ista
525 818 773 875 laudari?
801 820 910 877 Sed
948 826 1195 894 quaedam
1221 828 1365 882 circa
1402 830 1521 899 ipsa
1557 840 1688 885 sunt
1724 831 1971 885 actiones

393 918 535 976 aptae
577 908 1049 969 irrationabilibus
1096 917 1428 972 animalibus
1471 928 1526 973 et
1582 935 1705 988 quae
1762 920 1970 975 nullum

390 996 660 1062 judicium
704 999 950 1071 exigunt,
998 1019 1120 1073 quze
1185 1020 1288 1061 nec
1314 1007 1472 1063 nobis
1493 1022 1634 1079 aptae
1668 1019 1818 1076 sunt,
1870 1027 1973 1063 nec

388 1087 614 1156 proprie
642 1100 846 1146 nostra:
869 1103 1034 1148 sunt:
1061 1106 1226 1166 atque
1257 1109 1544 1169 propterea
1575 1103 1839 1171 quandoa
1870 1119 1972 1156 uo-

394 1177 480 1233 bis
497 1180 911 1253 continguntur,
932 1184 1242 1247 immundos
1268 1205 1368 1245 nos
1397 1191 1623 1249 iaciunt.
1650 1194 1753 1249 Per
1772 1205 1972 1249 terram

398 1284 529 1324 vero
563 1287 775 1341 repere,
802 1288 913 1328 non
939 1284 1024 1330 est
1080 1277 1387 1343 hominum,
1419 1282 1622 1351 quibus
1652 1298 1972 1339 concessum

397 1375 480 1416 est
514 1374 571 1418 ut
599 1365 733 1419 recti
778 1366 1059 1434 incedant,
1109 1371 1416 1442 cteluinque
1450 1376 1783 1445 respiciant:
1824 1377 1969 1444 quia,

400 1470 567 1524 super
598 1466 797 1510 terram
833 1473 1022 1528 repere
1045 1502 1060 1527 ,
1094 1471 1178 1516 est
1214 1465 1430 1519 sordida
1460 1482 1625 1536 opera
1652 1476 1975 1536 terrenaque

400 1564 614 1616 gerere.
644 1547 776 1615 Quae
798 1564 895 1620 per
923 1548 1287 1609 dill'erentiam
1312 1557 1647 1623 animalium,
1680 1576 1801 1628 qua:
1829 1577 1975 1615 nunc

400 1640 741 1695 dinumerata
761 1652 887 1697 sunt
909 1644 1182 1714 legislator
1201 1647 1559 1718 signiﬁcavit;
1581 1651 1656 1704 ait
1685 1651 1828 1706 enim
1860 1655 1937 1707 sic
1961 1671 1970 1705 :

468 1730 583 1784 Hoc
617 1749 823 1803 quoque
848 1734 985 1789 inter
1013 1737 1221 1805 polluta
1255 1741 1608 1810 reputabitur,
1636 1744 1700 1796 de
1732 1745 1810 1797 his
1862 1761 1977 1814 quia

397 1834 672 1876 moventur
701 1824 943 1881 interra.
978 1826 1095 1882 Non
1148 1832 1275 1900 quia
1333 1833 1514 1902 aliqua
1539 1836 1785 1905 repentia
1843 1848 1973 1890 sunt

395 1912 618 1975 munda,
651 1929 814 1968 omne
853 1918 1000 1971 enim
1033 1935 1172 1987 opus
1197 1922 1340 1990 quod
1366 1939 1467 1992 per
1508 1934 1708 1978 terram
1751 1927 1892 1996 repit
1921 1937 1975 1981 et

398 2002 656 2068 trahitur,
685 2006 804 2060 sine
840 2007 1006 2062 dubio
1040 2009 1383 2067 immundum
1414 2024 1519 2069 est.
1550 2015 1783 2086 Propter
1826 2024 1972 2089 quod

396 2093 597 2147 Paulus
623 2095 749 2149 talia
780 2096 848 2152 de
874 2098 960 2152 bis
999 2101 1092 2169 qui
1122 2114 1295 2173 agunt
1319 2119 1404 2168 ea,
1438 2106 1655 2162 dicebat
1684 2128 1696 2162 :
1727 2108 1963 2173 Quorum

394 2183 538 2235 Deus
571 2194 751 2238 venter
794 2196 890 2251 est,
920 2198 969 2241 et
1006 2191 1179 2260 gloria
1212 2193 1267 2245 in
1299 2196 1600 2265 confusione
1627 2214 1827 2264 eorum,
1885 2204 1976 2270 qui

396 2283 605 2328 terrena
650 2278 865 2346 sapiunt
889 2281 955 2333 ".
1015 2282 1096 2343 Ad
1166 2285 1328 2353 hujus
1354 2296 1535 2341 autem
1597 2291 1972 2360 probationem

395 2365 560 2434 paulo
582 2377 707 2436 post
744 2369 993 2427 invenies
1011 2372 1375 2443 legislatorem
1410 2378 1687 2434 dicentem
1721 2400 1733 2434 :

467 2456 631 2513 Omne
649 2462 787 2529 quod
806 2471 976 2531 reptat
1020 2480 1176 2534 super
1226 2478 1443 2535 terram,
1472 2471 1826 2529 abominabile
1852 2478 1973 2542 erit,

395 2568 489 2605 nec
510 2553 811 2607 adsumitur
836 2556 891 2608 in
913 2555 1105 2612 cibum.
1129 2557 1270 2630 Ergo
1288 2576 1488 2631 genera
1518 2580 1667 2620 nunc
1696 2568 1972 2636 reptilium

396 2642 790 2713 dinumeravit,
816 2662 927 2701 non
955 2649 1100 2718 quod
1135 2650 1240 2705 alia
1298 2653 1654 2722 sintmunda,
1719 2658 1826 2712 alia
1868 2661 1974 2713 im-

394 2733 623 2799 munda,
664 2735 763 2790 sed
797 2746 855 2791 ut
869 2753 966 2808 per
984 2738 1099 2794 hazc
1124 2754 1526 2812 consequenter
1549 2747 1765 2817 reptilia
1786 2752 1975 2819 respui

396 2822 695 2888 discamus,
727 2839 795 2880 ex
837 2826 1032 2882 horum
1065 2831 1172 2886 vita
1197 2846 1362 2887 omne
1415 2851 1590 2905 genus
1615 2838 1975 2909 conjicientes

396 2916 694 2986 reptilium.
744 2918 971 2976 Mustela
997 2924 1143 2978 enim
1194 2927 1397 2981 animal
1450 2938 1534 2984 est
1590 2930 1861 2998 dolosum,
1923 2943 1977 2988 et

398 3007 554 3062 valde
583 3008 745 3066 furtis
779 3026 1000 3068 vacans.
1034 3014 1154 3070 Mus
1201 3027 1432 3087 propter
1459 3002 1664 3075 ventris
1684 3021 1976 3093 ingluviem

2074 569 2240 620 mors,
2270 555 2558 611 morticina
2582 565 2731 610 recte
2758 554 3109 609 nominantur
3133 572 3145 607 :
3177 562 3230 607 et
3257 569 3349 621 qui
3366 567 3431 606 ea
3450 552 3642 622 tangit,

2073 649 2127 701 id
2193 658 2298 713 est,
2352 650 2446 718 qui
2506 649 2561 703 in
2585 650 2666 705 eis
2695 649 2976 720 polluitur,
3008 649 3149 703 sicut
3182 657 3238 702 et
3255 646 3456 701 Paulus
3517 647 3642 701 ait:

2072 736 2277 791 Bonum
2314 750 2388 793 est
2435 741 2635 795 homini
2658 741 2930 795 mulierem
2960 757 3063 793 non
3105 749 3324 809 tangere
3358 738 3425 805 “,
3458 738 3647 807 procul

2073 827 2239 883 dubio
2277 829 2593 885 immundus
2623 840 2732 886 est.
2757 830 2902 885 Nihil
2932 830 3081 885 enim
3120 829 3201 884 sic
3223 828 3499 882 hominem
3529 825 3651 896 pol-

2074 919 2194 982 luit,
2239 928 2297 973 ut
2328 931 2635 988 peccatum.
2680 920 2864 992 Usque
2894 921 3024 976 dum
3088 934 3315 990 vespera
3371 918 3644 980 veniente.

2075 1012 2141 1063 de
2181 1028 2285 1080 qua
2315 1011 2479 1066 David
2500 1014 2764 1069 dicebat:
2819 1014 2901 1067 Ad
2965 1028 3236 1083 vesperum
3287 1011 3649 1065 demorabitur

2074 1105 2332 1171 ﬂetus";
2386 1098 2488 1159 ait'
2527 1116 2710 1161 autem
2780 1107 2847 1161 de
2909 1104 3231 1176 pmnitentia
3272 1100 3643 1174 intelligibili:

2077 1197 2454 1266 puriﬁcatione
2483 1199 2776 1255 diluamus.

2150 1286 2307 1341 Vens.
2338 1287 2427 1350 52,
2462 1289 2549 1343 55.
2580 1308 2599 1340 ι
2621 1288 2682 1342 Et
2716 1305 2880 1359 super
2909 1290 3052 1359 quod
3082 1286 3652 1357 cecideritquidquam

2076 1381 2144 1432 de
2180 1379 2481 1433 morticinis
2511 1395 2723 1445 eorum,
2746 1379 3030 1449 polluitur,
3068 1390 3175 1433 tam
3215 1392 3309 1432 vas
3330 1377 3564 1447 ligneum
3593 1382 3651 1429 et

2079 1471 2488 1535 vestimentum,
2521 1485 2682 1537 quam
2716 1470 2874 1539 pellis
2916 1479 2973 1524 et
3003 1468 3242 1523 cilicium
3286 1484 3298 1520 :
3332 1475 3389 1520 et
3423 1467 3477 1519 in
3510 1481 3652 1534 quo-

2079 1575 2296 1630 cunque
2345 1559 2404 1614 ﬁt
2435 1575 2592 1630 opus,
2636 1562 2916 1628 tingentur
2977 1575 3117 1629 aqua
3157 1569 3214 1613 et
3247 1558 3449 1628 polluta
3486 1564 3649 1609 erunt

2082 1667 2251 1721 usque
2274 1653 2340 1705 ad
2382 1667 2686 1721 vesperam,
2715 1662 2770 1706 et
2835 1653 2912 1707 sic
2939 1662 3128 1721 postea
3205 1650 3645 1704 inundabuntur.

2081 1742 2188 1799 Vas
2212 1753 2398 1798 autem
2433 1744 2617 1807 ﬁctile,
2651 1744 2705 1798 in
2743 1744 2886 1813 quod
2934 1745 3128 1797 horum
3159 1742 3452 1812 quidquam
3508 1740 3654 1793 intro

2081 1835 2360 1899 ceciderit,
2394 1835 2690 1905 polluetur,
2754 1844 2804 1890 et
2840 1834 3047 1889 idcirco
3094 1832 3456 1903 frangendum
3483 1840 3582 1883 est.
3627 1847 3650 1880 ι

2150 1926 2472 1982 Admirabili
2513 1927 2963 1981 divisioneetiam
2998 1941 3143 1980 nunc
3164 1921 3655 1992 utiturlcgislator;

2090 2017 2217 2086 quia
2285 2018 2431 2072 enim
2490 2015 2783 2085 aliquando
2841 2030 2907 2068 ex
2956 2013 3308 2085 negligentia,
3360 2009 3656 2078 aliquando

2078 2122 2369 2177 peccamus
2399 2122 2468 2161 ex
2493 2121 2659 2175 opere
2714 2107 3086 2174 malorumque
3130 2104 3336 2167 studio,
3388 2104 3530 2157 sicut
3574 2101 3655 2155 illi

2078 2200 2145 2252 de
2181 2198 2379 2267 quibus
2407 2196 2664 2251 Salomon
2698 2197 2749 2249 in
2790 2194 3097 2250 Proverbiis
3118 2196 3331 2249 diccbat
3366 2209 3382 2247 :
3412 2191 3511 2249 Cui
3545 2196 3658 2247 υιιιΡ

2077 2290 2241 2359 Cujus
2270 2291 2411 2359 patri
2448 2290 2564 2342 rw?
2604 2289 2687 2341 cui
2719 2288 2853 2341 irw?
2886 2289 2968 2341 cui
3006 2289 3133 2341 rixa:
3156 2289 3181 2341 ?
3211 2289 3295 2341 cui
3328 2289 3441 2341 sine
3489 2304 3651 2339 causa

2080 2382 2437 2435 vulnera?cui
2462 2380 2676 2449 suffusio
2722 2381 2994 2433 oculorum
3020 2382 3045 2433 ?
3074 2380 3266 2433 Nonne
3305 2381 3383 2432 Itis
3421 2381 3509 2446 qui
3539 2389 3653 2431 stu-

2080 2473 2199 2525 dent
2228 2474 2345 2524 vino
2383 2482 2429 2524 et
2449 2481 2636 2525 vacant
2671 2471 2927 2524 calicibus
2958 2471 3329 2540 cpotandis”?
3366 2469 3532 2524 licctc
3554 2470 3654 2522 hos

2084 2565 2230 2617 inter
2256 2578 2349 2616 eos
2386 2564 2481 2632 qui
2516 2572 2743 2632 tangunt
2766 2562 3074 2626 morticina,
3103 2563 3307 2632 posuit.
3349 2561 3453 2627 Qui
3521 2576 3651 2614 vero

2083 2672 2179 2724 per
2213 2654 2556 2708 evenienteni
2589 2655 2782 2709 animm
2830 2654 3239 2725 negligentiam,
3271 2663 3325 2707 et
3360 2653 3429 2706 ob
3464 2663 3652 2722 stupo-

2083 2763 2195 2801 rem
2235 2746 2616 2815 delectumque
2640 2746 2901 2800 virtutum
2934 2746 3277 2815 delinquunt,
3301 2745 3651 2815 quemadmo-

2082 2838 2213 2891 dum
2292 2837 2459 2891 David
2524 2852 2754 2907 surgens
2814 2836 3034 2891 meridie
3073 2836 3141 2890 de
3205 2846 3375 2890 strato
3413 2851 3539 2900 suo,
3598 2844 3657 2887 et

2082 2925 2368 2980 ambulans
2405 2925 2458 2978 in
2506 2924 2725 2988 solario,
2766 2935 2821 2979 ct
2860 2924 2999 2979 Uria:
3037 2940 3261 2979 uxorein
3292 2925 3556 2978 lavantem
3593 2938 3659 2976 se

2084 3018 2293 3080 videns,
2333 3026 2578 3085 captusa
2611 3017 2839 3070 muliere
2900 3026 3006 3082 est,
3045 3033 3166 3086 qua:
3225 3017 3388 3073 nimis
3430 3015 3657 3086 pulchra

370 3099 569 3154 ‘multa
597 3101 839 3171 quotidie
869 3104 1110 3173 pericula
1174 3108 1429 3165 sustinet.
1484 3109 1804 3166 Crocodilus
1855 3113 1974 3168 duri
2006 3144 2047 3198 ε
2083 3118 2216 3175 erat,
2248 3107 2685 3177 quiadulterium
2718 3108 2878 3161 simul
2930 3108 3393 3178 homicidiumque
3428 3104 3661 3162 coinmi-

406 3190 566 3257 corii,
601 3200 655 3246 et
673 3193 978 3250 malitiosus
1028 3206 1130 3263 est,
1172 3198 1395 3269 lutoque
1442 3204 1703 3271 pascitur.
1745 3205 1975 3276 Μυγάλη

396 3281 599 3336 animal
624 3293 710 3339 est
735 3288 1122 3355 compositum,
1152 3306 1265 3344 non
1311 3302 1526 3362 natura,
1556 3296 1654 3350 sed
1693 3297 1817 3351 vita:
1844 3312 1977 3351 con-

397 3372 606 3429 ditione
629 3375 695 3430 ad
723 3376 1082 3435 deridendum
1099 3392 1309 3452 aptum,
1336 3385 1388 3439 id
1413 3396 1517 3448 est,
1549 3388 1776 3443 utdolos
1795 3389 1974 3453 iaciat,

403 3473 460 3518 et
491 3466 685 3536 rapiat,
711 3477 1069 3540 ventremque
1098 3473 1307 3543 repleat
1333 3494 1343 3527 :
1393 3487 1613 3546 propter
1640 3479 1785 3548 quod
1826 3495 1977 3533 coui-

399 3557 636 3626 positum
686 3574 885 3614 nomen
924 3564 1139 3632 accepit
1210 3580 1278 3618 ex
1343 3576 1573 3636 utroque
1609 3570 1852 3634 animali,
1913 3587 1978 3624 ex

398 3662 509 3715 quo
541 3647 660 3703 hac
691 3648 857 3704 habet
889 3651 1040 3706 vitia.
1069 3652 1401 3710 Cbameleon
1451 3657 1506 3710 in
1550 3658 1693 3718 malo
1750 3658 1979 3712 misere-

399 3739 526 3804 scit,
554 3749 609 3793 et
628 3755 741 3810 pra:
770 3741 1088 3799 inﬁrmitate
1122 3754 1470 3800 mansuetum
1521 3763 1642 3803 esse
1684 3764 1745 3804 se
1801 3750 1975 3820 lingit,

397 3846 521 3883 eum
558 3830 634 3884 sit
664 3829 1091 3888 immansuetum
1118 3822 1337 3891 animal.
1360 3837 1567 3904 Stellio,
1600 3839 1652 3893 id
1671 3849 1774 3904 est,
1802 3841 1978 3893 ἀσκα-

397 3916 668 3988 λαὸὠτης,
694 3918 861 3974 nimis
896 3923 1116 3990 quidem
1166 3926 1449 3993 parvulus,
1492 3927 1576 3981 vel
1613 3929 1977 3991 miserrimus,

400 4026 709 4068 venenosus
762 4022 945 4068 tamen
973 4025 1075 4069 est.
1119 4015 1342 4070 Lacerta
1374 4016 1429 4069 in
1457 4018 1723 4085 sepulcris
1748 4020 1973 4073 habitat.

398 4101 570 4172 'l‘alpa
600 4116 809 4175 ,crecum
843 4116 927 4161 est
957 4105 1159 4160 animal
1190 4107 1334 4175 quod
1365 4108 1431 4162 de
1462 4118 1604 4163 terra
1629 4119 1925 4178 generatur
1954 4104 1971 4163 ἐ

400 4193 593 4247 dicunt
628 4194 773 4249 enim
809 4210 930 4249 eam
974 4194 1043 4249 de
1076 4204 1216 4249 terra
1262 4196 1421 4249 simul
1467 4206 1523 4251 ct
1556 4196 1733 4265 pluvia
1805 4199 1978 4251 creari

399 4293 657 4353 corrupto
708 4286 843 4349 luto,
890 4300 1016 4339 cum
1066 4284 1218 4355 prius
1277 4286 1517 4355 pluviam
1567 4287 1820 4356 suscipit.
1850 4287 1977 4342 llat'c

398 4392 529 4448 ergo
560 4376 839 4432 immunda
873 4386 1001 4431 sunt
1029 4377 1095 4431 de
1134 4377 1389 4431 omnibus
1440 4394 1561 4446 qua:
1596 4390 1792 4448 repunt
1814 4396 1978 4448 super

2083 3201 2173 3264 sit,
2210 3200 2263 3253 in
2298 3190 2619 3254 lios'cadere
2650 3199 2936 3253 morticina
2978 3199 3255 3253 dicuntur.
3294 3197 3479 3268 Neque
3510 3199 3659 3252 enim

2083 3293 2182 3362 ipsi
2226 3293 2291 3347 ad
2323 3292 3052 3362 peccatumfestinaverunt,
3082 3292 3177 3346 sed
3228 3292 3546 3346 inciderunt
3598 3291 3657 3345 in

2083 3385 2180 3447 eis,
2214 3391 2269 3436 et
2298 3380 2698 3451 quodammodo
2771 3396 2937 3449 super
2998 3396 3055 3434 sc
3113 3381 3316 3434 cadens
3370 3390 3650 3450 peccatum

2082 3474 2408 3543 suscipiunt.
2435 3470 2571 3537 Quia
2602 3480 2782 3524 autem
2820 3472 3047 3525 omnino
3064 3480 3445 3541 susceperunt,
3475 3482 3650 3525 etnon

2083 3567 2421 3628 restiterunt,
2451 3574 2738 3633 propterea
2768 3573 2916 3617 recte
2952 3564 3219 3620 immundi
3247 3575 3395 3626 sunt,
3434 3576 3538 3619 tam
3559 3580 3651 3619 vas

2085 3658 2331 3728 ligneum
2374 3666 2427 3709 et
2461 3655 2871 3716 vestimentum,
2915 3672 3077 3724 quam
3104 3656 3261 3725 pellis
3293 3666 3346 3711 et
3375 3656 3642 3711 cilicium:

2083 3746 2135 3798 id
2171 3755 2273 3809 est,
2302 3745 2415 3799 sive
2442 3760 2593 3797 oram
2652 3745 2830 3799 levem
2872 3744 3161 3813 quamdam
3224 3753 3277 3798 et
3318 3745 3644 3799 mediocrem

2082 3835 2300 3898 habeat,
2333 3832 2456 3887 talia
2486 3839 2616 3885 sunt
2648 3832 2793 3884 enini
2822 3848 2948 3886 vasa
2973 3831 3169 3901 lignea,
3205 3843 3295 3885 aut
3330 3834 3398 3886 ad
3442 3833 3650 3902 tingcn~

2080 3925 2207 3980 dum
2274 3921 2653 3985 suﬁieienteni,
2724 3921 2867 3974 sicut
2908 3929 2993 3973 est
3052 3920 3466 3986 vestimentum,
3537 3920 3648 3975 sive

2081 4016 2407 4085 patientem,
2434 4027 2596 4081 quam
2633 4011 2788 4079 pellis
2817 4011 3110 4081 signiﬁcat,
3132 4011 3245 4064 sive
3268 4026 3389 4065 eam
3426 4027 3546 4081 qua:
3570 4021 3649 4064 est

2080 4105 2421 4175 patientium,
2463 4103 2602 4157 hanc
2634 4103 2780 4157 enim
2811 4102 3069 4164 cilicium,
3099 4102 3214 4156 sive
3229 4118 3418 4158 saccus
3432 4101 3639 4170 signiﬁ«

2081 4208 2187 4252 cat.
2226 4195 2462 4249 Omnino
2490 4202 2672 4247 autem
2704 4208 2797 4247 vas
2832 4202 2937 4259 est,
2979 4195 3033 4248 in
3065 4209 3174 4264 quo
3204 4210 3342 4263 opus
3365 4194 3537 4263 possit
3568 4194 3647 4263 agi

2093 4287 2339 4351 virtutis;
2382 4286 2459 4339 sic
2494 4284 2913 4354 enimintelligis
2963 4285 3016 4338 in
3049 4300 3376 4354 quocunque
3403 4285 3459 4338 ﬁt
3491 4301 3643 4354 opus.

2151 4376 2365 4429 Polluta
2392 4385 2545 4428 erunt
2573 4392 2731 4445 usque
2770 4377 2841 4428 ad
2872 4391 3156 4443 vesperam.
3206 4375 3263 4431 ld
3321 4392 3422 4441 cst,
3486 4394 3652 4446 nsque

400 4479 624 4536 terram,
647 4483 758 4524 non
782 4468 908 4538 quia
948 4468 1051 4523 alia
1099 4484 1207 4522 non
1243 4478 1390 4523 sunt.
1426 4468 1656 4539 Propter
1692 4471 1834 4540 quod
1865 4472 1979 4539 pol—
2008 4467 2054 4523 υ
2085 4474 2298 4534 tempus
2318 4463 2670 4533 pmnitcntiae.
2718 4464 2982 4534 'l‘ingetur
3057 4476 3239 4520 autem
3266 4481 3406 4536 aqua
3428 4468 3647 4529 lavacri,

399 4562 663 4619 lationem
695 4562 955 4632 majorem
990 4563 1212 4628 habent,
1262 4560 1379 4616 sive
1410 4561 1692 4614 malitiam.

470 4651 651 4705 Omnis
691 4655 781 4727 qui
841 4654 1067 4724 tetigerit
1109 4653 1390 4707 morticina
1432 4669 1632 4717 eorum,
1675 4654 1978 4707 immundus

401 4744 501 4795 erit
531 4759 693 4812 usque
715 4745 785 4796 ad
807 4761 1093 4813 vesperam.
1140 4744 1285 4800 Bene
1324 4762 1453 4817 ergo
1492 4745 1685 4814 probat
1715 4746 1977 4800 intentio-

403 4847 530 4887 nem
561 4831 888 4902 legislatoris
940 4833 1056 4904 ipsa
1093 4834 1288 4889 littera.
1359 4832 1413 4888 Si
1483 4834 1629 4888 enim
1694 4836 1974 4890 immunda

403 4929 599 4974 natura
627 4931 812 4977 essent
863 4937 925 4976 ea
975 4938 1096 4991 qua:
1128 4939 1273 4977 nunc
1304 4923 1447 4978 dicta
1506 4933 1635 4977 sunt
1695 4924 1973 4989 animalia,

400 5020 679 5080 Oporteret
707 5012 1049 5066 immundum
1074 5010 1199 5066 'esse
1236 5022 1292 5066 et
1335 5012 1428 5081 qui
1471 5026 1535 5066 ea
1574 5012 1813 5066 viventia
1861 5023 1976 5067 tan-

400 5111 589 5172 geret.
631 5116 779 5156 nunc
826 5110 1009 5156 autem
1035 5102 1126 5170 qui
1168 5100 1405 5172 tetigerit
1473 5101 1758 5154 morticina
1791 5118 1977 5158 eorum

400 5193 521 5262 ipse
556 5191 705 5247 solus
731 5192 1047 5247 immundus
1064 5201 1169 5247 est.
1214 5190 1507 5245 Morticina
1539 5200 1724 5244 autem
1764 5206 1976 5254 eorum,

402 5295 533 5340 sunt
600 5285 869 5355 praedictae
929 5286 1197 5351 notiones,
1253 5284 1308 5338 id
1371 5294 1454 5339 est
1511 5284 1689 5351 dolus,
1748 5283 1976 5351 furtum,

406 5375 721 5444 duplicitas,
751 5378 867 5433 sive
915 5379 1113 5441 ironia,
1179 5388 1234 5431 et
1299 5377 1444 5431 circa
1494 5377 1598 5432 alia
1663 5379 1974 5448 occupatio,

408 5476 621 5519 necnon
665 5465 810 5520 circa
850 5475 1065 5522 terrena
1119 5467 1399 5522 festinatio
1444 5483 1457 5520 :
1516 5481 1580 5520 ex
1616 5483 1722 5535 qua
1778 5470 1981 5525 mentis

468 5663 515 5695 ⁵³
581 5670 813 5744 Philipp.
872 5696 972 5744 ιιι,
1029 5683 1114 5737 l9.

1249 5680 1349 5738 “l
1406 5680 1530 5737 Cor.
1590 5697 1711 5744 vti,
1769 5680 1820 5736 l.

416 5752 557 5807 svnt,
593 5742 678 5801 18.

1948 5679 1989 5708 ιτ
2042 5676 2182 5732 Psal.
2248 5693 2421 5743 nix,
2477 5676 2530 5729 6.

2082 4558 2167 4611 vel
2204 4557 2580 4625 lacrymarum,
2622 4564 2676 4610 ct
2728 4557 3099 4612 inundabitur.
3132 4556 3240 4612 Vas
3268 4569 3449 4613 autem
3468 4558 3647 4624 ﬁctile,

2079 4651 2170 4721 qui
2208 4657 2351 4702 totus
2389 4656 2635 4701 terrenus
2659 4656 2760 4709 est,
2803 4647 2857 4701 id
2885 4657 2987 4712 est,
3024 4649 3135 4703 luto
3168 4650 3350 4704 sasculi
3390 4664 3649 4719 consper-

2081 4754 2195 4793 sus.
2259 4738 2317 4791 ln
2357 4738 2461 4792 hoc
2507 4738 2554 4791 si
2630 4736 2885 4792 inciderit
2948 4739 3316 4803 morticiuum,
3364 4751 3647 4810 peccatum

2080 4829 2223 4905 quod
2247 4830 2311 4884 ad
2345 4841 2572 4884 mortem
2635 4838 2737 4893 est,
2796 4831 3135 4901 interiusque
3202 4847 3325 4886 eum
3379 4842 3647 4903 penetret,

2083 4923 2501 4990 domineturque
2535 4921 2606 4987 ei,
2640 4921 2782 4975 sicut
2844 4922 3015 4977 David
3045 4924 3258 4977 dicebat
3291 4944 3306 4980 :
3374 4923 3439 4978 Et
3482 4925 3650 4978 induit

2082 5031 2136 5067 se
2169 5013 2584 5066 maledictionem
2614 5012 2748 5064 sicut
2778 5014 3161 5079 vestimentum,
3196 5025 3243 5068 et
3270 5017 3485 5070 intravit
3521 5016 3653 5069 sicut

2085 5122 2223 5177 aqua
2261 5107 2315 5157 in
2342 5106 2600 5158 interiora
2641 5105 2754 5173 ejus
2779 5105 2845 5171 ",
2903 5107 2992 5175 qui
3052 5122 3161 5159 non
3221 5107 3395 5161 solum
3450 5107 3653 5179 ingredi

2085 5198 2545 5259 maledictionem,
2577 5197 2671 5251 sed
2700 5208 2754 5252 et
2806 5199 3075 5253 dominari
3122 5200 3176 5253 in
3211 5216 3297 5265 eo,
3333 5201 3388 5254 in
3414 5218 3522 5271 quo
3572 5202 3654 5254 in-

2087 5305 2266 5360 gressa
2297 5300 2399 5355 est,
2438 5289 2608 5343 dicit:
2645 5290 2953 5344 necessarie
2980 5291 3113 5345 illud
3138 5294 3347 5346 conteri
3372 5292 3652 5363 praecepit.

2087 5381 2274 5449 Neque
2294 5378 2438 5432 enim
2472 5379 2591 5447 ejus
2614 5378 2957 5432 immunditia
3006 5379 3148 5433 sicut
3199 5378 3452 5441 alim-um,
3501 5378 3656 5433 facile

2088 5467 2303 5538 purgari
2334 5475 2531 5536 potest,
2552 5466 2737 5521 labore
2765 5466 2967 5536 quippe
3000 5467 3192 5529 multo,
3226 5476 3279 5521 et
3305 5466 3651 5529 contritione,

2669 5670 2714 5703 δ’
2744 5671 2903 5728 Prov.
2955 5687 3127 5728 xxiii.
3199 5672 3289 5727 ‘29.
3448 5669 3655 5731 "Psal.
