4044 6224
381 292 487 359 917

1497 293 1592 355 IN
1619 290 2058 353 LEVITICUM.
2096 311 2165 323 -·
2198 289 2344 351 LIB.
2378 291 2493 351 III.

3544 287 3642 351 918

380 419 439 465 et
475 407 878 478 quodammodo
931 407 1317 461 reformatione
1355 407 1602 459 contritae
1636 411 1799 472 atque
1852 402 1948 455 hu-
1990 404 2034 457 A
2063 396 2579 465 cdntemplalionem
2635 395 2896 466 spiritus,
2937 394 3081 466 quod
3132 396 3550 465 cognoscimus,
3605 397 3649 450 si

379 499 603 555 miliatm
656 500 857 554 mentis
896 508 1036 568 eget,
1061 498 1201 553 sicut
1259 498 1336 552 ait
1377 496 1562 559 David,
1624 496 1667 550 si
1709 494 1960 549 mundari

382 591 521 645 vult.
564 589 722 645 Unde
752 600 807 644 et
843 591 1038 644 beatus
1069 589 1269 643 Paulus
1296 590 1342 620 ⁵⁸
1382 601 1507 641 eum
1532 587 1626 656 qui
1655 600 1779 640 cum
1795 598 1964 639 uxore

384 681 555 750 patris
585 679 884 733 fornicatus
908 688 1008 743 est,
1029 679 1082 732 in
1106 687 1313 731 tantmn
1340 677 1615 737 contrivit.
1642 684 1701 729 ut
1748 676 1964 730 Satanas

391 786 516 840 eum
556 769 791 823 traderet
822 770 875 822 in
908 770 1132 823 interitu
1178 769 1378 830 carnis,
1426 776 1698 837 quatenus
1757 766 1810 821 in
1870 766 1963 819 tali

387 858 719 914 contritione
750 858 986 912 salvaret
1014 858 1291 928 spiritum.

459 946 623 1001 Vens.
666 947 754 1001 54.
788 965 808 998 ι
847 946 1035 1004 Omnis
1057 948 1212 1003 cibus
1238 963 1398 1017 quem
1430 948 1740 1011 comeditis,
1778 949 1823 1001 si
1844 946 1965 1001 fusa

391 1038 556 1092 fuerit
583 1053 748 1108 super
770 1054 895 1094 cum
926 1055 1087 1108 aqua,
1118 1040 1430 1094 immundus
1448 1040 1557 1094 erit
1582 1058 1595 1093 :
1627 1047 1684 1094 et
1713 1054 1875 1094 omne
1899 1039 1963 1092 li-

387 1146 561 1201 quens
574 1133 717 1201 quod
733 1133 936 1187 bibitur
950 1133 1016 1187 de
1030 1132 1284 1187 universo
1296 1131 1788 1195 vase,immundum
1804 1132 1925 1185 erit.
1941 1150 1959 1183 ι

459 1220 652 1276 Cibum
681 1237 803 1277 esse
829 1232 883 1276 et
911 1232 1095 1291 potum
1114 1224 1185 1291 ,in
1252 1223 1399 1276 omni
1433 1237 1562 1276 vase
1600 1222 1770 1276 bonas
1799 1222 1966 1276 actio-

393 1325 493 1365 nes
521 1310 893 1380 intelligimus.
923 1311 1218 1381 Propterea
1246 1313 1393 1366 euim
1432 1312 1594 1366 dixit:
1615 1310 1781 1365 Cibus
1801 1327 1962 1380 quem

393 1401 703 1465 comeditis,
733 1402 1016 1470 etliqnens
1041 1404 1184 1470 quod
1219 1403 1447 1464 bibitur,
1515 1402 1640 1471 quia
1699 1402 1964 1456 malarum

393 1494 667 1548 actionum
696 1504 751 1548 et
772 1495 924 1549 cibus
940 1504 994 1548 et
1022 1504 1184 1564 potus
1214 1495 1550 1565 prohibetur,
1577 1496 1627 1549 id
1655 1503 1758 1560 est,
1779 1511 1966 1549 eormn

391 1576 837 1637 communicatio:
858 1584 915 1637 Si
945 1597 1074 1653 ergo
1094 1583 1145 1636 in
1165 1584 1340 1652 aliqua
1370 1584 1635 1636 bonarum
1668 1585 1963 1650 actionum,

383 1688 507 1741 quae
538 1672 593 1725 in
626 1674 774 1726 onmi
799 1687 924 1727 vase
953 1681 1101 1735 sunt,
1136 1674 1186 1726 id
1217 1683 1318 1736 est,
1349 1674 1403 1727 in
1426 1675 1577 1727 omni
1608 1674 1829 1727 homine
1854 1675 1968 1728 sive

2069 487 2362 542 verborum
2439 487 2946 556 interpretationem
3023 487 3325 541 secundum
3391 487 3649 542 virtutem

2069 592 2223 631 suam
2250 577 2474 631 scrutati
2498 577 2789 633 fuerimus.
2821 578 2963 644 Quid
2989 578 3137 632 enim
3162 577 3361 632 clibani
3389 579 3474 633 vel
3509 578 3652 635 forte

2072 665 2440 736 chytropodes
2491 675 2785 731 uocentur,
2845 664 3135 720 morticino
3187 665 3243 719 in
3282 664 3365 719 eis
3423 667 3651 719 cadente

2069 757 2260 811 mure?
2299 757 2355 810 Si
2394 766 2577 811 autem
2611 757 2812 811 clibani
2872 766 2928 812 et
2965 758 3329 828 chytropodes
3357 763 3648 823 uocentur,

2071 849 2340 918 quomodo
2380 865 2489 903 non
2519 850 2692 920 magis
2742 865 3004 918 aquarum
3031 850 3405 913 collectiones,
3439 849 3494 902 in
3527 849 3651 917 qui-

2073 940 2174 994 bus
2206 939 2476 1008 contingit
2507 940 2761 994 animalia
2799 941 2913 993 haec
2968 939 3266 994 incidentia
3310 946 3650 1008 computres-

2071 1030 2233 1084 ccre?
2264 1030 2371 1084 Sed
2400 1029 2529 1099 quid
2559 1038 2717 1098 putas
2748 1029 2943 1082 clibani
2988 1030 3072 1083 vel
3094 1028 3456 1098 chytropodes
3480 1027 3649 1097 signi-

2071 1116 2271 1173 ﬁcant?
2318 1118 2601 1187 Magistros
2644 1117 2918 1181 videlicet,
2970 1118 3023 1169 in
3074 1116 3274 1186 quibus
3322 1114 3429 1171 cibi
3482 1129 3649 1171 sacrae

2071 1209 2333 1264 doctrinae
2360 1219 2690 1279 coquuntur,
2724 1208 3060 1279 operationis
3092 1208 3326 1277 Spiritus
3364 1206 3489 1278 igne
3521 1222 3653 1276 sup-

2073 1300 2268 1368 posito.
2297 1301 2417 1355 Non
2451 1309 2536 1355 est
2587 1310 2771 1356 autem
2827 1300 3050 1365 mirum,
3107 1300 3350 1356 clibanos
3401 1315 3495 1357 eos
3553 1315 3651 1369 per

2077 1393 2445 1459 metaphoram
2494 1400 2547 1445 et
2573 1393 2937 1462 chytropodas
2960 1391 3243 1461 appellari,
3270 1392 3394 1460 quia
3418 1391 3473 1445 in
3508 1394 3650 1446 mul-

2077 1483 2148 1536 tis
2184 1482 2389 1537 scimus
2424 1484 2661 1537 divinam
2693 1484 3035 1553 Seripturam
3059 1483 3257 1539 talibus
3294 1499 3446 1539 usam
3475 1486 3652 1539 nomi-

2076 1575 2257 1629 nibus.
2304 1575 2436 1628 Nam
2488 1576 2655 1629 David
2706 1574 2884 1640 Moab,
2928 1575 2983 1630 id
3031 1584 3114 1631 est
3154 1584 3365 1645 gentes,
3419 1577 3651 1632 lebetetn

2077 1668 2392 1736 appellavit,
2429 1668 2506 1722 ait
2530 1669 2712 1721 enim:
2746 1670 2900 1722 Moab
2935 1668 3041 1722 olla
3088 1669 3197 1737 spei
3229 1670 3416 1722 mere"
3438 1710 3453 1732 ,
3487 1685 3653 1739 prop-

386 1765 654 1837 principe,
685 1766 800 1820 sive
831 1766 1065 1836 plebeio,
1104 1765 1217 1819 sive
1240 1766 1505 1834 sapiente,
1532 1766 1646 1819 sive
1686 1766 1953 1835 imperito,

2077 1768 2158 1812 ter
2188 1759 2529 1827 baptismatis
2550 1774 2738 1829 aquas,
2774 1774 2895 1829 quae
2929 1759 2985 1813 in
3039 1761 3121 1815 eis
3151 1759 3426 1813 calcﬁunt.
3463 1760 3568 1815 Sed
3598 1770 3654 1816 et

388 1873 552 1911 unum
581 1857 859 1927 quodlibet
885 1871 1077 1912 eorum
1105 1872 1226 1926 qua:
1287 1856 1430 1910 dicta
1493 1867 1641 1923 sunt,
1702 1858 1959 1912 inciderit

386 1946 817 2012 morticinorum,
869 1948 1178 2002 necessario
1205 1947 1519 2005 immundus
1543 1949 1669 2002 erit.
1694 1949 1825 2003 Nam
1848 1952 1958 2007 ,etsi

383 2052 493 2091 non
538 2036 620 2091 'ab
660 2038 816 2092 initio
866 2039 1005 2091 mala
1064 2038 1297 2107 quadam
1348 2038 1653 2094 intentione
1686 2041 1958 2095 actionem

385 2130 581 2182 bonam
608 2129 856 2198 coeperit,
877 2129 1017 2183 sicut
1045 2129 1099 2182 hi
1130 2128 1340 2183 faciunt
1378 2130 1493 2198 qui,
1538 2141 1763 2199 propter
1791 2148 1957 2202 nego-

385 2219 664 2274 tiationem
722 2221 808 2274 vel
868 2220 1104 2282 lucrum,
1161 2221 1420 2290 pietatem
1488 2221 1717 2291 lingunt,
1775 2234 1958 2291 postea

386 2318 569 2364 autem
596 2311 848 2365 inciderit
896 2311 1097 2365 actioni
1137 2311 1257 2379 ejus
1325 2310 1602 2380 superbia.
1665 2311 1821 2365 dolus
1866 2322 1959 2367 aut

389 2400 711 2469 hypocrisis,
749 2400 833 2453 vel
858 2401 1035 2454 simile
1085 2399 1387 2469 quidpiam,
1411 2400 1556 2469 quod
1590 2401 1957 2468 morticinum,

388 2499 575 2558 utpote
623 2500 853 2545 mortem
885 2491 1283 2560 quodammodo
1331 2491 1671 2561 participanti
1702 2492 1958 2559 inferens,

385 2582 605 2647 dicitur,
671 2582 775 2635 erit
827 2591 884 2635 et
940 2581 1029 2636 hic
1075 2582 1408 2646 immundus,
1468 2582 1663 2636 bonam
1692 2584 1962 2652 siquidem

389 2671 656 2725 actionem
681 2673 821 2726 mala
853 2673 1273 2741 subingrediens
1312 2673 1546 2727 intentio
1574 2674 1783 2743 polluit.
1821 2672 1961 2739 Quid

386 2768 566 2813 autem
603 2761 810 2814 addidit
839 2761 963 2831 legi,
1005 2776 1125 2830 quae
1154 2769 1239 2815 est
1262 2761 1329 2814 de
1354 2760 1520 2823 cibo?

460 2854 519 2909 Si
568 2856 687 2925 {usa
746 2856 901 2924 fuerit
933 2871 1089 2924 super
1134 2871 1253 2907 eum
1306 2870 1466 2924 aqua.
1499 2852 1770 2912 Ostendit.
1835 2855 1962 2922 quia

394 2958 506 3007 eas,
539 2959 661 3013 qua:
692 2953 821 2998 sunt
849 2955 974 3014 post
1003 2944 1291 3014 baptisma,
1325 2945 1568 2999 actiones
1602 2946 1870 3014 qumsivit,
1911 2953 1966 2999 ct

389 3050 569 3091 sermo
605 3035 654 3090 ei
707 3038 774 3090 de
822 3034 968 3090 ﬁdeli
1006 3045 1060 3090 et
1118 3037 1392 3105 baptizato
1443 3044 1571 3097 est,
1631 3036 1699 3090 de
1762 3035 1965 3091 infideli

389 3139 572 3184 autem
611 3130 882 3184 actionem
926 3130 1075 3184 illam
1101 3130 1439 3183 mentionem
1482 3127 1629 3182 facit.
1654 3129 1808 3192 Quod
1842 3144 1969 3197 pro-

387 3220 484 3274 bat
503 3220 694 3275 beatus
734 3221 934 3275 Paulus
962 3220 1184 3275 dicens:
1222 3219 1416 3288 Scripsi
1448 3219 1590 3272 vobis
1619 3219 1677 3270 in
1707 3215 1969 3287 Epistolu,

392 3326 497 3364 non
545 3312 867 3366 commisceri
912 3312 1240 3382 fornicariis,
1302 3327 1405 3364 non
1447 3311 1626 3380 utique
1673 3310 1972 3378 fornicariis

391 3403 553 3471 hujus
588 3404 792 3466 mundi,
824 3413 917 3456 aut
960 3405 1161 3459 avaris.
1211 3411 1307 3455 aut
1350 3402 1651 3470 rapacibus,
1690 3410 1783 3453 aut
1818 3400 1971 3454 idolis

390 3495 754 3561 servientibus,
786 3495 986 3563 alioqui
1012 3495 1305 3549 debueratis
1338 3494 1401 3547 de
1436 3496 1531 3546 hoc
1562 3494 1756 3546 mundo
1784 3493 1969 3546 exisse.

391 3583 549 3638 Nunc
569 3595 746 3638 autem
785 3585 970 3653 scripsi
1011 3584 1170 3647 vobis,
1200 3584 1245 3637 si
1271 3583 1315 3637 is
1338 3584 1427 3653 qui
1449 3584 1617 3652 frater
1645 3581 1970 3643 nominatur,

393 3689 468 3730 est
490 3678 795 3746 fornicator,
825 3686 917 3730 aut
938 3677 1261 3740 immundus,
1302 3684 1397 3727 aut
1426 3685 1640 3738 avarus,
1693 3683 1785 3727 aut
1819 3674 1973 3728 idolis

392 3768 644 3829 serviens,
673 3777 766 3821 aut
785 3767 1093 3833 maledicus,
1126 3775 1218 3821 aut
1247 3765 1496 3829 ebriosus,
1529 3774 1618 3818 aut
1637 3781 1826 3833 rapax,
1854 3781 1972 3818 cum

392 3859 758 3928 hujuscemodi
794 3877 884 3914 nec
899 3861 1068 3914 cibum
1094 3874 1319 3914 sumere.
1346 3857 1484 3922 Quid
1507 3859 1644 3911 cnim
1666 3858 1792 3911 mihi
1806 3858 1867 3911 de
1893 3858 1973 3910 his

395 3951 486 4019 qui
511 3952 638 4022 [oris
653 3962 795 4013 sunt,
812 3952 1060 4021 judicare
1080 3953 1122 3984 ³⁸
1148 3952 1170 4005 ?
1192 3950 1248 4004 In
1275 3960 1487 4005 tantum
1527 3949 1710 4003 nullus
1728 3948 1775 4003 ei
1793 3963 1974 4003 sermo

396 4048 484 4093 est
509 4042 575 4094 de
599 4040 835 4107 actione,
880 4043 999 4097 sive
1031 4042 1447 4097 conversatione
1481 4053 1669 4094 eorum
1702 4038 1794 4107 qui
1840 4037 1973 4092 foris

398 4141 549 4188 sunt.

469 4221 635 4276 Vnus.
671 4223 762 4287 55,
793 4222 882 4277 '56.
931 4242 950 4274 ε
979 4222 1045 4276 Et
1061 4221 1411 4293 quidquidde
1453 4222 1757 4277 morticinis
1782 4222 1973 4278 istius—

400 4313 544 4368 modi
598 4314 860 4368 ceciderit
930 4328 1096 4383 super
1123 4314 1276 4379 illud,
1313 4314 1657 4368 immundum
1687 4315 1812 4369 erit.
1845 4313 1972 4369 Sive

2066 1849 2315 1903 Ezechiel
2331 1850 2561 1905 lebetem
2578 1850 2879 1905 Jerusalem
2901 1850 3265 1920 appellat,sed
3293 1851 3513 1930 plenum
3531 1866 3651 1905 car-

2064 1939 2227 1994 nibus
2240 1940 2433 2004 ",sive
2453 1948 2511 1994 ut
2531 1941 2905 2013 Septuaginta,
2928 1957 3161 1995 veneno:
3189 1942 3334 1995 viros
3351 1941 3405 1996 in
3427 1956 3489 1996 ea
3514 1942 3653 1996 male

2064 2033 2324 2088 docentes
2380 2042 2436 2090 et
2488 2035 2736 2090 viventes
2783 2034 3114 2107 significans.
3157 2034 3465 2091 Secundum
3508 2038 3651 2094 hanc

2064 2137 2192 2192 ergo
2214 2124 2494 2187 rationem,
2512 2124 2708 2178 clibani
2726 2134 2781 2180 et
2802 2124 3183 2195 chytropodes,
3200 2126 3396 2194 quibus
3414 2141 3653 2197 coquan-

2066 2225 2154 2270 tur
2178 2216 2305 2279 cibi,
2338 2217 2591 2272 videlicet
2621 2218 2798 2287 populi
2831 2218 3112 2283 doctrinae,
3145 2219 3251 2274 dici
3277 2230 3525 2289 possunt.
3559 2221 3654 2277 llis

2066 2320 2193 2375 ergo
2222 2306 2267 2358 si
2309 2306 2559 2360 inciderit
2585 2307 2950 2373 morticinum,
2990 2309 3045 2363 id
3067 2316 3171 2373 est,
3206 2309 3250 2364 si
3281 2311 3484 2379 peccati
3506 2326 3652 2366 mor-

2066 2395 2320 2451 tilicantis
2369 2399 2508 2451 actio
2535 2399 2943 2468 supervenerit,
2994 2399 3258 2454 immundi
3305 2400 3442 2455 ﬁunt
3469 2409 3525 2455 et
3550 2402 3650 2457 de-

2066 2496 2353 2541 struuntur
2373 2506 2385 2541 :
2403 2488 2538 2552 Quia
2564 2491 2656 2559 qui
2678 2491 2860 2544 docent
2887 2506 2986 2544 non
3011 2492 3183 2562 furari
3202 2492 3473 2562 furantur,
3485 2502 3536 2546 et
3559 2495 3649 2563 qui

2065 2579 2353 2644 praedicant
2409 2596 2510 2632 non
2574 2580 2823 2633 ntoechari
2888 2582 3214 2635 machantur
3247 2580 3341 2648 “;
3398 2583 3649 2638 doctrina

2070 2666 2339 2735 siquidem
2389 2667 2532 2721 bona
2561 2676 2664 2732 est,
2715 2680 2826 2720 non
2865 2678 2949 2721 est
2997 2667 3300 2723 immunda.
3330 2668 3443 2721 Nec
3466 2668 3650 2724 divina

2071 2766 2292 2826 propter
2325 2758 2429 2812 hoc
2457 2759 2835 2813 abominamur
2869 2758 3107 2827 eloquia,
3136 2760 3283 2828 quod
3312 2774 3379 2812 ex
3412 2761 3494 2817 eis
3523 2761 3649 2831 qui-

2076 2850 2198 2903 dam
2229 2850 2413 2904 forsan
2464 2850 2728 2904 immundi
2778 2851 3168 2920 praedicatores
3194 2851 3374 2907 effecti
3419 2862 3568 2917 sunt,
3596 2864 3651 2909 et

2071 2948 2361 3009 propterea
2407 2941 2606 3003 fontes,
2648 2942 2903 2996 videlicet
2949 2942 3225 3011 opulentis
3267 2943 3557 2999 doctrinm:
3596 2953 3652 3000 et

2075 3032 2342 3087 cisternas
2388 3033 2503 3088 sive
2560 3033 2731 3098 lacus,
2765 3033 2978 3103 linguas
3016 3034 3303 3103 loquentes
3332 3037 3648 3103 mediocria,

2076 3135 2131 3180 et
2166 3125 2467 3180 doctrinam
2501 3134 2800 3180 mutuatum
2837 3125 3122 3183 habentes.
3156 3127 3263 3183 Sed
3283 3139 3340 3183 et
3373 3126 3652 3185 collectio.-

2076 3228 2176 3270 nes
2206 3229 2489 3283 aquarum,
2534 3229 2631 3269 eos
2655 3215 2751 3283 qui
2800 3216 3040 3285 undique
3088 3217 3401 3286 bujusmodi
3460 3220 3654 3275 verbo-

2076 3320 2198 3358 rum
2225 3303 2557 3359 afﬂuentiam
2586 3318 2938 3378 congregant,
2968 3323 3091 3363 esse
3111 3311 3346 3365 mundus
3378 3311 3656 3381 legislatur-

2076 3396 2229 3450 dixit.
2259 3395 2366 3451 Sed
2399 3412 2562 3467 quam
2602 3400 3047 3469 consequentiam
3101 3401 3314 3466 habuit,
3342 3411 3403 3458 ut
3438 3403 3508 3459 de
3555 3404 3650 3459 ctio

2075 3488 2232 3542 banis
2258 3497 2314 3543 et
2337 3490 2684 3561 chytropodis
2708 3491 2960 3560 loquens,
3002 3492 3369 3549 subinferret:

2147 3577 2395 3648 Exceptis
2440 3581 2671 3651 fontibus
2711 3583 3017 3652 aquarum?
3063 3581 3168 3639 Sed
3191 3584 3316 3653 quia
3364 3600 3462 3654 per
3509 3585 3652 3640 illam

2077 3670 2368 3738 magistros
2393 3670 2435 3724 si
2444 3670 2742 3741 gniﬁcavit,
2756 3673 3066 3727 necessarie
3085 3674 3264 3728 fontes
3289 3683 3345 3729 et
3362 3674 3652 3739 cisternas,

2076 3769 2131 3814 et
2158 3761 2507 3817 collectiones
2535 3777 2798 3831 aquarum
2832 3765 3091 3828 subdidit,
3113 3778 3254 3832 quae,
3289 3765 3433 3820 sicut
3468 3775 3657 3820 osten-

2077 3866 2199 3904 sum
2227 3860 2330 3917 est,
2358 3852 2412 3905 in
2444 3853 2692 3907 doctrina
2741 3854 3108 3922 accipiuntur.
3144 3855 3373 3924 Propter
3403 3857 3547 3924 quod
3584 3857 3653 3912 ad

2076 3938 2474 3994 Samaritanam
2528 3939 2793 3995 Dominus
2823 3940 3074 3996 dicebat:
3127 3941 3433 4013 Quicunque
3468 3943 3652 3997 biberit

2079 4029 2141 4089 de
2169 4046 2312 4100 aqua
2370 4047 2531 4101 quam
2568 4047 2660 4100 ego
2699 4032 2833 4086 dabo
2867 4034 2934 4099 ei,
2992 4049 3097 4087 non
3130 4034 3271 4088 sitiet
3304 4034 3515 4096 iterum,
3561 4035 3653 4089 sed

2076 4122 2165 4190 ﬁet
2198 4123 2255 4177 in
2282 4139 2343 4176 eo
2391 4124 2506 4194 fons
2537 4140 2689 4192 aqua:
2722 4124 2962 4178 salientis
3015 4126 3071 4179 in
3102 4126 3263 4180 uitam
3297 4125 3609 4182 cateruam"
3637 4168 3650 4181 .

2080 4212 2226 4268 Bene
2264 4223 2445 4269 autem
2483 4214 2566 4271 lex
2602 4214 2873 4269 subdidit:

2147 4304 2248 4371 Qui
2266 4307 2537 4361 morticina
2556 4324 2732 4361 eorum
2751 4305 3404 4379 ιειίθενὶιηροιιαειιινυϋί
3427 4305 3658 4376 Septua-

402 4403 621 4469 clibani,
659 4403 777 4459 sive
807 4404 1172 4473 chytropodes
1223 4405 1576 4460 destruantur
1604 4414 1660 4461 et
1709 4405 1972 4461 immundi
2009 4430 2051 4483 ο
2081 4398 2227 4468 ginta
2286 4396 2485 4452 edunt:
2518 4396 2623 4462 Qui
2656 4414 2775 4452 vero
2796 4399 3017 4467 tetigerit
3042 4415 3246 4453 omnem
3267 4398 3656 4452 immunditiam

401 4499 585 4544 erunt.
624 4490 826 4546 Fontes
847 4507 999 4557 vero,
1033 4502 1091 4547 et
1123 4493 1395 4555 cisternae,
1424 4502 1478 4548 et
1506 4496 1687 4549 onmis
1711 4511 1975 4565 aquarum

401 4583 772 4652 congregatio,
840 4584 1044 4638 munda
1097 4584 1222 4641 erit.
1275 4583 1380 4650 Qui
1441 4585 1732 4641 morticina
1787 4602 1978 4643 eorum

406 4676 661 4741 tetigerit,
687 4676 978 4745 polluetur.
1005 4694 1024 4726 ι

434 4800 439 4805 -
476 4767 742 4820 Extranea
765 4767 1167 4836 quodammodo
1194 4781 1317 4821 esse
1352 4781 1438 4828 ca,
1475 4768 1543 4821 de
1585 4770 1785 4838 quibus
1831 4785 1979 4825 nunc

405 4858 603 4913 tractat
627 4860 919 4930 legislator,
941 4869 1251 4928 apparent:
1301 4860 1458 4928 cujus
1485 4861 1628 4914 enim
1669 4863 1746 4914 rei
1804 4864 1977 4933 gratia

402 4951 652 5004 clibanos
691 4959 746 5004 et
774 4949 1136 5019 cbytropodas
1171 4950 1223 5003 in
1251 4958 1460 5004 tantum
1490 4951 1567 5004 ait
1595 4966 1717 5006 esse
1752 4951 1984 5007 immun-

404 5044 509 5097 dos
559 5051 619 5096 ut
672 5057 866 5097 eorum
914 5041 1328 5096 inundationem
1378 5043 1735 5113 pra’ciperet;
1805 5044 1983 5099 fontes

406 5146 539 5184 vero
568 5139 625 5183 et
653 5131 942 5195 cisternas,
969 5130 1211 5199 aliasque
1251 5131 1702 5201 congregatioues
1720 5149 1979 5201 aquarum

406 5235 528 5274 csse
566 5221 798 5273 mundas
845 5219 1101 5288 scripsit?
1150 5219 1233 5274 An
1279 5219 1463 5274 forsan
1512 5222 1638 5289 quia
1701 5222 1816 5277 haec
1871 5239 1980 5277 non

406 5308 587 5359 solent
620 5305 832 5374 pollui?
866 5305 920 5358 Si
944 5305 1090 5359 enim
1127 5322 1392 5375 aquarum
1430 5309 1780 5365 collectioues
1800 5312 1980 5382 pollu-

408 5397 595 5451 tiones‘
637 5406 851 5452 nostras
892 5398 1126 5464 diluunt,
1181 5401 1456 5469 quomodo
1509 5402 1673 5472 pollui
1717 5407 1982 5473 possunt?

406 5487 644 5543 Omnino
693 5503 824 5559 ergo
879 5489 1127 5544 invenies
1176 5492 1543 5547 coluerentem
1598 5493 1732 5563 legis
1785 5496 1981 5551 litterae.

2086 4489 2279 4543 anima:
2340 4489 2732 4543 morticinorum
2773 4491 3007 4559 ipsorum
3040 4531 3057 4556 ,
3088 4491 3388 4544 immundus
3433 4491 3554 4545 erit.
3591 4492 3657 4545 Et

2081 4582 2321 4634 animam
2366 4579 2715 4642 addiderunt,
2750 4596 2821 4634 ne
2850 4581 2989 4635 forte
3011 4581 3216 4650 putetis
3243 4581 3311 4636 de
3340 4582 3656 4652 repentibus

2086 4671 2434 4727 sensibilibus
2453 4682 2546 4727 aut
2575 4672 2763 4728 bestiis
2796 4673 2903 4728 dici
2946 4693 2959 4727 :
2993 4689 3119 4728 nam
3152 4684 3339 4729 eorum
3365 4675 3457 4745 qui
3489 4678 3652 4746 tangit

2087 4764 2393 4828 morticina,
2435 4779 2542 4819 non
2585 4767 2818 4828 .animre,
2843 4767 2938 4822 sed
2968 4767 3214 4836 corporis
3255 4767 3654 4823 immunditiam

2089 4854 2280 4924 tangit.
2336 4854 2478 4924 Ergo
2530 4854 2598 4909 de
2638 4854 2951 4911 doctoribus
2982 4856 3390 4927 intelligendum
3435 4855 3663 4924 est,qui

2085 4949 2348 5003 iunnuudi
2400 4949 2525 5004 facti
2582 4962 2713 5007 sunt
2781 4950 3060 5007 immunda
3115 4953 3349 5024 quadam
3412 4961 3468 5006 et
3515 4953 3655 5005 ntala

2084 5040 2317 5094 actione.
2381 5041 2585 5095 llorum
2643 5043 2788 5096 enim
2842 5044 3126 5111 doctrinis,
3184 5043 3402 5113 quando
3454 5042 3655 5097 iuerint

2084 5131 2383 5184 secundum
2425 5131 2595 5201 legem
2648 5132 2765 5196 Dei,
2809 5134 3120 5197 intendere,
3168 5134 3428 5204 operibus
3466 5148 3659 5187 eorum

2084 5231 2268 5274 autem
2295 5222 2444 5276 nullo
2478 5225 2639 5277 modo
2667 5225 3092 5288 communicare,
3138 5239 3241 5278 nec
3288 5231 3520 5279 tractare
3568 5238 3652 5279 ea.

2087 5313 2170 5367 vel
2219 5313 2442 5367 omnino
2507 5315 2822 5385 contingere
2878 5316 3176 5380 debemus,
3245 5313 3661 5369 reminiscentes

2089 5406 2378 5459 verborum
2409 5406 2524 5470 Dei,
2559 5423 2679 5475 qua:
2709 5408 2775 5462 ad
2803 5406 3273 5462 conﬁrmationem
3302 5405 3653 5476 praesentium:

2088 5501 2222 5554 dixit
2248 5502 2312 5555 ad
2340 5503 2620 5571 pepulum,
2653 5503 2767 5557 sive
2798 5500 3125 5571 discipulos:
3160 5498 3329 5568 Super
3355 5497 3656 5555 cathedram

464 5686 511 5719 ⁸⁸
549 5694 771 5762 ιαοωσ,
804 5698 917 5752 l-S.
981 5700 1022 5730 ιι
1062 5698 1190 5753 ibid.
1229 5699 1382 5754 s-te.
1460 5703 1504 5732 δ’
1539 5700 1805 5770 Ρείιηικ,
1836 5702 1920 5756 to.

2075 5700 2438 5767 Ezeclx.xr,7.
2514 5697 2931 5764 ⁵⁸1ὶυιυ.η,21.
3011 5693 3547 5764 “icazt.tv,13,ll.
