4030 6240
499 358 612 433 919

1698 374 2061 443 HESYCHH
2106 377 2580 446 PBESBYTERI
2616 354 2633 367 ’

3661 398 3789 462 920

500 472 665 543 Moysi
695 471 941 528 sederunt
975 473 1172 529 Scriba:
1189 485 1236 530 et
1271 476 1548 533 Pltariswi.
1594 480 1787 536 Omnia
1837 501 2083 553 quwcmt-
2114 494 2156 545 Α
2188 493 2440 560 medelis,
2471 496 2599 564 quia
2628 496 2994 557 abominabile
3027 511 3130 557 est.
3166 503 3346 560 Nolite
3387 509 3785 565 contaminare

499 582 599 635 qua
631 564 809 619 dicunt
836 568 999 632 vobis,
1034 567 1193 636 facile
1217 580 1264 624 et
1286 574 1538 628 custodite
1554 592 1573 639 ;
1593 584 1875 633 secundum
1904 591 2079 635 autem

496 672 656 726 opera
688 673 869 711 eorum
891 659 1051 713 nolite
1071 662 1247 731 facere
1261 664 1306 695 ⁸⁸
1328 705 1340 717 .

568 741 729 800 Vnus.
749 746 841 811 57,
867 748 963 807 58.,
992 767 1009 799 ι
1047 749 1109 804 Si.
1136 751 1391 807 ceciderit
1417 770 1584 826 super
1617 771 1940 826 sementem,
1965 779 2074 818 non

492 835 690 905 polluit
720 852 862 892 eam.
920 838 1012 895 Sin
1045 850 1230 897 autem
1268 846 1536 916 quiSpiam
1580 865 1719 919 aqua
1774 865 2073 910 sementem

493 928 797 995 perfuderit
816 939 872 984 et
911 940 1100 1001 postea
1151 936 1455 993 morticinis
1484 948 1623 995 tacta
1674 942 1860 1009 fuerit,
1928 946 2073 1002 illico

492 1018 785 1086 polluetur.
825 1038 847 1071 ι

561 1107 707 1163 Nihil
734 1110 1101 1171 indiseussum
1138 1117 1393 1188 relinquit
1429 1122 1721 1192 legislator.
1755 1128 1860 1182 sed
1885 1133 2068 1186 omnia

490 1199 546 1253 in
586 1201 940 1273 subsequenti
966 1208 1208 1276 discutit,
1244 1213 1633 1282 perfectionem
1680 1218 1813 1289 legis
1850 1224 2067 1292 spirita-

489 1293 594 1347 lem
624 1295 856 1363 probare
894 1299 1231 1368 desiderans,
1282 1307 1383 1360 etsi
1429 1308 1743 1378 imperfecta
1778 1314 1863 1368 eis
1914 1318 2062 1371 vide-

488 1383 648 1440 batur
675 1390 895 1456 quando
925 1390 1095 1444 solam
1123 1393 1477 1450 intuebantur
1511 1398 1768 1455 litteram.
1800 1403 2065 1460 Diﬂ‘eren-

489 1476 620 1530 tiam
680 1478 971 1548 igiturhic
1026 1483 1348 1546 inﬁdelium,
1381 1490 1472 1557 qui
1517 1493 1749 1547 necdum
1808 1495 2063 1566 baptizati

485 1578 614 1622 sunt
638 1572 881 1640 exponit,
915 1583 973 1627 et
999 1589 1187 1630 semen
1239 1588 1499 1649 utrosque
1549 1585 1805 1652 appellat,
1871 1598 2061 1658 utpote

481 1661 573 1728 qui
626 1675 985 1731 susceperunt
1040 1668 1190 1736 regni
1223 1671 1689 1738 praedicationem.
1735 1675 1810 1731 De
1862 1682 2059 1750 (ptihus

483 1747 744 1806 Domintm
791 1756 1104 1822 parabolam
1146 1759 1369 1816 seminis
1416 1772 1748 1834 proponens,
1806 1747 2053 1826 diccbat:

476 1840 682 1897 Bonum
706 1860 902 1919 semen,
929 1848 1031 1916 ﬁlii
1067 1860 1190 1904 sunt
1229 1855 1392 1924 regni;
1426 1861 1526 1910 sed»
1548 1874 1722 1912 senisu
1758 1864 1896 1931 quod
1936 1880 2053 1917 ηερε

476 1933 602 1986 dum
635 1937 956 1992 semiuatum
987 1942 1149 2008 est",
1187 1945 1331 1999 unde
1350 1945 1705 2020 Septuaginta
1737 1952 2048 2010 ediderunt:

475 2023 666 2079 Semen
691 2030 922 2084 salivam
957 2033 1098 2102 quod
1139 2038 1512 2106 seminabitur,
1547 2042 1718 2109 id'est;
1763 2048 1904 2115 quod
1932 2064 2049 2101 πρε.

474 2117 598 2168 dum
626 2119 946 2173 seminatum
980 2132 1076 2189 est,
1134 2127 1516 2184 seminandum
1558 2143 1739 2188 autem
1794 2146 1896 2202 cst,
1933 2137 2050 2194 illus

471 2206 565 2274 qui
600 2208 832 2267 necdum
867 2210 1126 2282 baptizati
1157 2226 1304 2284 sunt,
1346 2218 1653 2290 baptizandi
1679 2237 1860 2282 autem
1898 2241 2046 2293 sunt,

469 2307 618 2353 recte
657 2302 971 2371 appellavit,
1019 2322 1183 2374 super
1230 2310 1329 2365 hos
1377 2313 1423 2366 si
1475 2316 1605 2383 quid
1658 2319 2044 2386 praedictorum

469 2393 883 2451 morticinorum
919 2398 1099 2466 cadat,
1140 2402 1263 2471 quia
1321 2405 1555 2460 necdum
1583 2410 1850 2465 cautelam
1904 2429 2045 2484 mys-

467 2482 728 2539 teriorum
757 2500 1109 2558 acceperunt,
1148 2506 1250 2547 nec
1279 2494 1544 2567 integram
1579 2497 1672 2553 Dei
1707 2482 2039 2571 agnitionem

463 2577 938 2644 conquisiverunt,
978 2597 1101 2652 qum
1121 2583 1243 2639 illos
1278 2588 1447 2650 possit
1476 2604 1757 2646 removere
1785 2607 1814 2646 a
1848 2609 2039 2664 super-

462 2664 815 2721 venientibus
867 2684 932 2724 ex
988 2673 1317 2744 negligentia
1371 2682 1627 2748 peccatis,
1680 2684 1867 2739 mundi
1917 2701 2038 2742 esse

460 2755 740 2822 dicuntur,
777 2770 1002 2828 propter
1053 2764 1369 2832 prmdictam
1408 2784 1627 2825 causam
1664 2775 1818 2827 venia
1869 2777 2033 2847 digni.

459 2842 636 2913 Super
662 2860 800 2915 quos
826 2863 956 2905 vero
1012 2850 1130 2906 fusa
1182 2853 1346 2910 fuerit
1399 2872 1557 2926 aqua,
1593 2860 1847 2917 videlicet
1906 2842 2037 2936 bap-

458 2935 715 3004 tismatis,
749 2939 803 2994 hi
841 2945 1153 2999 necessario
1189 2945 1455 3002 immundi
1490 2949 1648 3016 fiunt,
1684 2954 1727 3008 si
1774 2971 1940 3009 unum
1971 2973 2035 3011 ex

457 3026 564 3093 his,
592 3042 713 3098 qua:
728 3033 1030 3090 morticina
1056 3048 1202 3103 sunt,
1233 3055 1400 3110 super
1418 3057 1513 3097 eos
1547 3043 1829 3101 inciderit:
1868 3064 2031 3117 opor-

2182 583 2391 639 auimas
2446 597 2681 655 vestras,
2739 605 2841 646 nec
2872 595 3105 664 tangatis
3134 596 3429 667 quidquam
3469 613 3663 654 eorum
3692 616 3782 657 ne

2180 673 2444 730 immundi
2472 678 2611 733 sitis.
2649 698 2669 730 ι
3078 742 3087 750 ,

2246 763 2368 822 Jam
2407 778 2461 822 et
2495 769 2607 825 haec
2652 774 2907 841 superius
2960 775 3230 847 legislator
3273 780 3545 849 exposuit.
3600 778 3777 838 Nunc

2176 865 2355 911 autem
2390 859 2516 915 ideo
2566 864 2785 933 repetit,
2831 875 2889 918 ut
2944 866 3214 937 frequenti
3274 871 3631 927 meditatione
3689 876 3770 929 ad

2176 951 2593 1009 custodiendam
2625 957 2798 1027 legero
2830 971 3048 1017 moveat
3082 964 3420 1020 auditorem.
3472 965 3769 1032 Quamob-

2174 1054 2287 1093 rem
2321 1051 2422 1095 cta
2452 1044 2610 1103 nobis
2643 1049 3048 1119 recapitulauda
3080 1064 3227 1120 sunt,
3254 1055 3381 1124 quia
3409 1065 3462 1110 et
3491 1058 3766 1127 quiddam

2171 1132 2298 1185 novi
2331 1134 2556 1191 addidit.
2595 1139 2850 1206 praesenti
2896 1142 3187 1207 sanctioni,
3253 1148 3619 1203 necessariam
3670 1149 3765 1206 eis

2169 1224 2435 1292 adjiciens
2462 1227 2733 1281 actionem
2763 1231 3149 1289 meditationis.
3181 1233 3313 1300 Quae
3359 1246 3579 1307 reptant
3618 1255 3771 1312 ergo

2168 1330 2334 1384 super
2367 1324 2589 1382 terram,
2622 1319 2676 1372 hi
2731 1330 2860 1374 sunt
2887 1322 2976 1391 qui
3020 1332 3232 1378 terrena
3263 1326 3520 1395 sapiunt:
3565 1339 3623 1383 et
3654 1332 3761 1400 qui

2168 1406 2453 1462 lutulentis
2487 1419 2792 1479 pascuntur
2820 1414 3148 1478 actionibus,
3201 1432 3368 1486 super
3395 1431 3604 1488 pectus,
3630 1424 3760 1478 sive

2165 1510 2332 1565 super
2374 1507 2620 1552 ventrem
2668 1500 2920 1556 similiter
2971 1505 3314 1574 gradiuntur,
3352 1510 3759 1583 gastrimargia:

2164 1601 2388 1656 operam
2429 1589 2643 1646 dantes.
2700 1591 2756 1644 ln
2793 1605 3030 1663 quatuor
3077 1599 3401 1668 gradiuntur
3437 1618 3602 1674 super
3635 1614 3755 1661 ten-

2162 1693 2276 1732 ram
2304 1720 2317 1743 ,
2371 1680 2466 1748 qui
2516 1681 2901 1750 praedicatione
2948 1688 3383 1757 evangelicorum
3427 1690 3693 1747 librorum
3730 1738 3748 1759 ,

2161 1783 2261 1837 pro
2294 1783 2361 1824 eo
2391 1770 2534 1838 quod
2574 1770 2723 1826 salus
2761 1771 2814 1824 in
2849 1772 2929 1825 eis
2977 1783 3332 1841 peccatorum
3392 1778 3744 1847 praedicatur,

2159 1861 2462 1914 abutuntur
2497 1861 2551 1915 in
2582 1861 2918 1916 luxuriosam
2968 1862 3162 1918 vitam:
3191 1880 3300 1919 non
3349 1866 3744 1939 intelligentes,

2154 1954 2280 2021 quia
2308 1960 2648 2022 peccatores,
2679 1968 2790 2007 non
2822 1962 2881 2007 ut
2905 1965 3161 2024 maneant
3192 1967 3527 2025 peccatores,
3556 1960 3653 2014 sed
3678 1972 3746 2015 ut

2154 2052 2370 2099 cvssent
2403 2060 2432 2097 a
2464 2044 2724 2115 peccatis,
2756 2056 3010 2113 provocat
3035 2047 3376 2116 praedicatio.
3407 2049 3512 2105 Sed
3538 2051 3618 2107 eis
3640 2052 3757 2120 qui

2153 2136 2209 2187 in
2233 2144 2469 2204 quatuor
2520 2135 2821 2202 ambulant,
2885 2136 3111 2201 addidit,
3176 2148 3231 2193 et
3274 2141 3475 2195 multos
3528 2141 3749 2197 habent

2151 2227 2339 2295 pedes,
2372 2226 2690 2288 ostendens,
2718 2228 2843 2296 quia
2877 2229 3004 2283 licet
3034 2230 3079 2283 si
3117 2245 3223 2284 non
3250 2230 3424 2285 solum
3453 2248 3521 2285 ex
3561 2247 3740 2286 etan-

2150 2318 2341 2388 gelicis
2364 2317 2539 2382 libris,
2572 2320 2666 2372 sed
2700 2334 2767 2374 ex
2790 2320 2915 2374 aliis
2929 2319 3249 2391 Scripturis,
3276 2330 3440 2391 atque
3459 2338 3525 2375 ex
3553 2322 3736 2387 varia,

2149 2412 2291 2464 sicut
2324 2409 2454 2479 ipsis
2468 2409 2705 2476 videtur,
2737 2411 2985 2467 doctrina
3008 2412 3111 2466 hoc
3137 2412 3731 2482 conﬁrmarecupiunt,

2147 2509 2309 2554 erunt
2335 2508 2397 2553 et
2419 2500 2500 2555 sic
2532 2500 2914 2556 immundiJ-It
2946 2513 3005 2558 ut
3033 2502 3273 2559 breviter
3302 2502 3536 2568 dicatur,
3559 2519 3734 2559 omne

2144 2592 2288 2660 quod
2355 2601 2535 2661 reptat
2590 2607 2756 2662 super
2811 2602 3031 2659 terram,
3084 2594 3141 2648 id
3205 2604 3309 2661 est,
3357 2595 3447 2664 qui
3507 2604 3729 2649 terrena

2144 2683 2395 2751 sapiunt,
2421 2683 2696 2739 declinare
2719 2699 2823 2740 nos
2857 2696 3074 2755 oportet
3117 2696 3174 2739 et
3220 2684 3499 2756 refugere,
3539 2687 3729 2740 sciet)-

2143 2784 2243 2837 tes,
2281 2774 2407 2843 quia
2439 2788 2628 2829 eorum
2669 2763 3094 2831 communicatio
3134 2776 3347 2847 polluit,
3379 2785 3437 2831 et
3468 2776 3727 2834 similiter

2142 2866 2459 2921 immundus
2478 2875 2559 2920 est
2588 2881 2777 2938 agens,
2813 2867 3105 2938 agentique
3147 2882 3504 2922 concurrens.

2211 2956 2372 3013 Vens.
2405 2957 2494 3022 44,
2529 2958 2619 3012 45.
2658 2976 2678 3009 ι
2704 2958 2817 3029 Ego
2839 2957 2982 3015 enim
3001 2974 3120 3013 sum
3136 2956 3400 3012 Dominus
3426 2956 3571 3011 Deus
3620 2970 3723 3009 ve.-

2137 3058 2270 3104 ster.
2301 3048 2488 3105 Sancti
2527 3059 2721 3116 estote,
2763 3050 3020 3120 quoniam
3051 3060 3108 3106 et
3160 3065 3262 3120 ego
3303 3060 3524 3104 sanctus
3570 3064 3721 3106 sunt.-

458 3125 639 3173 tuerat
667 3121 871 3191 quippe
903 3127 1038 3179 tanti
1066 3129 1513 3200 participatione,
1555 3133 1696 3189 dona
1729 3136 1794 3190 ad
1843 3153 2030 3192 eorum
2062 3146 2104 3203 (ι
2138 3141 2215 3195 Ne
2243 3141 2499 3211 polluatis
2533 3142 2744 3196 animas
2794 3150 3004 3197 vestras
3043 3143 3097 3196 in
3121 3141 3270 3198 omni
3323 3141 3524 3210 reptili,
3572 3142 3722 3210 quod

454 3210 734 3277 pertinere
763 3215 1087 3272 custodiam.
1147 3217 1339 3275 Terret
1397 3223 1559 3295 igitur
1614 3224 1756 3281 Deus
1803 3230 2028 3299 spiritus

453 3311 551 3351 cos
593 3299 684 3367 qui
736 3300 864 3356 olim
928 3318 1294 3378 perceperunt
1337 3313 1626 3383 baptisma,
1684 3328 1744 3371 ut
1793 3334 1902 3372 non
1962 3338 2026 3375 cx

452 3388 779 3460 negligentia
808 3402 1100 3462 peccantes
1139 3398 1405 3456 immundi
1450 3403 1603 3459 fiant.

529 3480 684 3537 Vens.
723 3483 813 3548 59,
846 3483 935 3540 40.
973 3506 993 3539 ί
1023 3488 1080 3543 Si
1106 3500 1379 3547 mortuum
1409 3493 1573 3551 fuerit
1621 3501 1842 3567 animal,
1880 3506 2024 3573 quod

451 3572 576 3627 licet
613 3574 770 3631 vobis
818 3578 1121 3646 comedere,
1154 3585 1247 3652 qui
1303 3586 1537 3642 cadaver
1598 3591 1715 3660 ejus
1765 3594 2021 3665 tetigerit,

447 3663 763 3722 immundus
792 3668 900 3722 ‘erit
933 3685 1107 3741 usque
1128 3673 1194 3727 ad
1228 3690 1532 3746 vesperam.
1563 3679 1633 3740 Et
1651 3682 1741 3750 qui
1769 3663 2021 3739 comede.-

446 3758 517 3811 rit
550 3773 614 3812 ex
645 3774 712 3815 eo
729 3761 1028 3832 quidpiam,
1065 3776 1228 3837 atque
1268 3773 1588 3839 portaverit,
1621 3776 1821 3830 lavabit
1856 3779 2023 3832 vesti-

445 3859 630 3905 menta
653 3865 772 3919 sua,
805 3866 859 3910 et
893 3856 1208 3915 immundus
1236 3864 1340 3916 erit
1365 3879 1536 3934 usque
1561 3867 1628 3922 ad
1660 3883 1961 3939 vesperam.
2001 3893 2017 3922 ι

513 3940 979 4006 Quemadmodum
1020 3960 1339 4019 peccatores
1375 3971 1759 4026 permanentes
1800 3961 1853 4015 in
1893 3979 2020 4032 pee-

443 4033 599 4099 catis,
621 4035 970 4094 abominandi
1002 4053 1149 4108 sunt,
1181 4061 1524 4117 nequaquam
1545 4061 1727 4106 autem
1759 4056 2020 4109 receden-

452 4135 532 4180 tes
564 4141 629 4181 ac
672 4130 1038 4197 pmnitentes:
1075 4135 1146 4189 ita
1179 4138 1345 4205 justis
1373 4143 1520 4195 omni
1571 4143 1753 4199 studio
1782 4161 2020 4202 concur-

445 4218 675 4272 rendum
707 4230 807 4284 est,
862 4223 1163 4280 scientibus
1193 4229 1353 4283 nobis
1393 4233 1517 4300 quia
1548 4249 1613 4288 ex
1648 4236 1729 4289 eis
1780 4240 2019 4295 sanctifi-

440 4324 649 4365 camur.
713 4311 770 4364 Si
831 4323 1012 4369 autem
1073 4319 1271 4373 mortui
1328 4320 1530 4376 fuerint
1606 4327 1752 4395 gravi
1809 4331 2017 4398 peccati

441 4411 635 4465 morte,
670 4417 781 4458 non
825 4405 1090 4461 debemus
1143 4418 1365 4480 tangere
1412 4412 1623 4468 illorum
1679 4418 1864 4482 vitam,
1915 4436 2016 4474 nec

2135 3243 2386 3288 movetur
2422 3249 2590 3304 super
2614 3244 2835 3289 terram.
2873 3235 2984 3304 Ego
3009 3233 3271 3289 Dominus
3303 3234 3394 3303 qui
3429 3233 3589 3287 eduxi
3622 3248 3725 3287 vos

2132 3323 2201 3379 de
2237 3334 2380 3378 terra
2408 3312 2649 3395 Egypti,
2668 3336 2920 3379 utcsscm
2949 3323 3101 3378 vobis
3130 3323 3293 3378 Deus.
3326 3321 3507 3377 Sancti
3540 3321 3718 3385 eritis,

2134 3416 2261 3484 quia
2299 3427 2356 3470 et
2379 3431 2480 3486 ego
2513 3426 2736 3471 sanctus
2766 3431 2908 3471 sum.
2945 3436 2962 3466 ι

2203 3504 2441 3561 Omnino
2473 3506 2728 3576 prohibet
2757 3521 2878 3560 esse
2908 3519 3009 3559 nos
3041 3504 3219 3559 socios
3247 3516 3438 3558 eorum
3475 3502 3566 3571 qui
3606 3510 3720 3555 ter-

2134 3611 2262 3650 rena
2294 3597 2510 3666 sapiunt
2534 3615 2547 3651 :
2580 3612 2682 3651 nec
2707 3597 2750 3651 si
2774 3605 3025 3666 potentes
3045 3597 3264 3666 quidam
3283 3595 3412 3658 sint,
3438 3610 3541 3648 nec
3567 3593 3611 3648 si
3632 3592 3719 3663 ju-

2132 3686 2335 3742 stitiam
2362 3695 2457 3742 aut
2472 3687 2794 3757 sapientiam
2821 3687 3046 3758 ﬁngant,
3066 3702 3166 3742 nec
3189 3687 3233 3742 si
3253 3685 3394 3741 forte
3411 3685 3723 3741 sacerdotio

2133 3780 2218 3834 vel
2263 3780 2578 3850 aliqualihet
2607 3779 2935 3837 amiciuntur
2963 3778 3256 3848 dignitate.
3281 3777 3438 3832 Unde
3473 3777 3718 3835 breviter

2130 3874 2372 3927 omnium
2426 3872 2734 3942 repentium
2764 3886 2886 3941 qua:
2941 3885 3107 3939 super
3151 3879 3351 3924 terram
3400 3878 3711 3931 moventur,

2130 3966 2463 4021 mentionem
2485 3963 2633 4025 fecit,
2651 3978 2761 4018 non
2792 3963 3108 4033 simpliciter
3124 3963 3228 4017 hoc
3255 3963 3399 4032 quod
3416 3969 3499 4017 est
3519 3974 3712 4029 repere

2132 4072 2419 4127 respuens,
2455 4056 2549 4110 sed
2584 4070 2750 4124 super
2777 4064 2977 4110 terram
3014 4070 3240 4123 repere;
3274 4068 3399 4107 nam
3434 4051 3709 4106 humiliari

2126 4149 2344 4220 quidem
2402 4148 2605 4201 bonum
2661 4155 2775 4212 est,
2837 4155 2897 4198 ut
2961 4156 3142 4201 autem
3167 4145 3234 4199 ad
3299 4154 3571 4198 terrenam
3611 4142 3709 4197 dev

2126 4241 2360 4295 clinetur
2409 4237 2731 4308 sapientiam
2754 4279 2769 4303 ,
2796 4251 2905 4290 non
2937 4244 3022 4290 est
3068 4237 3291 4299 bonum,
3318 4248 3423 4289 nec
3455 4233 3599 4319 utilis
3623 4240 3707 4288 est

2124 4334 2410 4388 animabus
2441 4334 2560 4387 talis
2586 4330 2888 4397 humilitas,
2910 4346 2941 4385 a
2969 4346 3074 4401 qua
3109 4331 3343 4384 liberare
3374 4329 3597 4386 volens:

2196 4427 2308 4497 Ego
2327 4443 2465 4489 sum,
2501 4424 2697 4493 inquit,
2730 4424 2985 4478 Dominus
3019 4423 3155 4477 Deus
3186 4431 3374 4477 vester.
3417 4420 3473 4476 Id
3501 4429 3605 4486 est,
3636 4422 3705 4474 ad

439 4508 631 4549 eorum
664 4499 1097 4553 conversationis
1127 4516 1247 4555 esse
1277 4505 1847 4574 participes,scieutes
1873 4515 2019 4581 quod
2057 4502 2098 4556 Ῑ)
2124 4519 2280 4587 cujus
2299 4518 2588 4587 imaginem
2609 4516 2739 4570 facti
2768 4517 2923 4581 estis,
2953 4525 3014 4569 ut
3037 4514 3277 4570 cmlestia
3310 4512 3553 4582 sapiatis,
3576 4528 3703 4566 eum

440 4585 486 4636 si
513 4585 635 4652 quis
688 4588 947 4657 tetigerit.
981 4592 1292 4647 immundus
1345 4595 1469 4661 erit,
1522 4613 1805 4670 usquequo
1853 4605 2015 4658 etiam

442 4676 559 4745 ipse
593 4680 876 4746 poeniteat.
907 4682 1011 4737 Sed
1051 4695 1103 4738 et
1147 4686 1237 4755 qui
1271 4690 1573 4744 conuerterit
1599 4694 1665 4746 de
1716 4697 2018 4752 morticinis

440 4782 652 4835 eorum,
683 4770 744 4824 id
760 4782 863 4837 est,
898 4775 1119 4842 quieos
1172 4778 1497 4847 defenderit,
1532 4785 1686 4852 quasi
1718 4786 2015 4844 advocatus

441 4868 791 4929 peccatorum
840 4863 1105 4932 ipsorum,
1145 4868 1226 4921 vel
1273 4871 1581 4938 auxiliator,
1615 4884 1667 4929 ct
1723 4890 2010 4950 propterea

438 4952 655 5009 illorum
692 4954 746 5009 in
802 4971 863 5010 se
910 4968 1133 5027 peccata
1180 4963 1509 5033 suscipiens,
1567 4984 1793 5027 necesse
1853 4974 2016 5028 habet

435 5046 618 5101 lavare
658 5049 983 5105 vestimenta
1042 5067 1161 5120 sua,
1193 5054 1445 5112 videlicet
1489 5060 1755 5129 actiones,
1802 5066 1925 5133 quia
1961 5077 2016 5120 ct

436 5137 552 5207 ipse
581 5154 756 5209 usque
786 5142 852 5197 ad
886 5157 1198 5211 vesperum,
1231 5147 1283 5201 id
1310 5158 1415 5213 est,
1453 5165 1626 5220 usque
1666 5142 2015 5224 dum'pceni-

436 5236 565 5297 teat,
598 5230 914 5289 immundus
943 5235 1066 5292 erit.

509 5322 670 5380 Vm.
710 5326 903 5383 ιιι-ιδ.
948 5347 966 5380 ι
994 5327 1170 5385 Omne
1192 5332 1342 5401 quod
1379 5342 1555 5404 reptat
1587 5351 1752 5407 super
1788 5348 2009 5403 terram.

434 5416 799 5473 abominabile
825 5421 950 5487 erit,
981 5436 1084 5478 nec
1135 5434 1450 5480 assumetur
1486 5429 1538 5480 in
1598 5431 1802 5485 cihum.
1836 5435 2011 5498 Quid-

435 5508 561 5574 quid
590 5510 964 5581 quadrupedis
992 5529 1158 5585 super
1179 5526 1370 5587 peetus
1419 5520 1683 5589 graditur,
1729 5534 1785 5578 et
1811 5526 2016 5580 multus

437 5592 599 5655 habet
619 5598 806 5665 pedes,
832 5600 949 5655 sive
978 5618 1143 5674 super
1183 5607 1408 5667 humum
1464 5610 1719 5678 trahitur,
1754 5629 1862 5667 non
1922 5631 2016 5672 co-

531 5777 578 5819 εδ
608 5777 797 5839 Matth.
828 5797 981 5852 nui,
1011 5785 1066 5852 2,
1098 5790 1150 5843 3.
1260 5792 1304 5823 ⁵⁷
1337 5790 1503 5846 Matth
1561 5808 1680 5860 xm,
1729 5795 1825 5855 ’ὅθι

2118 4610 2210 4679 qui
2249 4610 2306 4663 in
2333 4608 2486 4663 caelis
2532 4607 2739 4662 habitat
2771 4607 3048 4661 imitantes
3075 4624 3089 4662 :
3118 4614 3351 4676 propter
3382 4604 3528 4675 quod
3572 4603 3695 4659 sub

2117 4700 2283 4755 didit:

2185 4790 2367 4845 Sancti
2398 4790 2564 4854 erilis,
2599 4791 2721 4859 quia
2752 4799 2966 4861 sanctus
2989 4806 3123 4844 sum.
3149 4788 3250 4855 Qui
3274 4805 3383 4844 non
3405 4790 3509 4845 hoc
3534 4789 3675 4843 adde

2116 4893 2217 4948 ret,
2246 4897 2422 4952 neque
2456 4882 2761 4951 duplicaret
2793 4883 2846 4935 in
2865 4882 3022 4937 nobis
3045 4882 3556 4945 sanctiticationcm,
3597 4881 3705 4935 nisi

2120 4977 2240 5040 ejus
2260 4990 2507 5030 essemus
2538 4975 2828 5044 participes
2880 4986 2937 5031 et
2972 4986 3255 5031 consortes
3305 4976 3426 5045 ejus
3460 4976 3694 5031 sanctiliv

2119 5068 2348 5123 rationis
2392 5068 2597 5132 ell‘ecti,
2652 5067 2927 5122 custodire
2960 5084 3078 5121 eam
3127 5083 3225 5138 per
3273 5068 3699 5138 philosophiam.

2116 5168 2171 5213 et
2204 5169 2444 5214 sanctam
2481 5160 2951 5221 conversationem
2983 5174 3121 5228 opus
3154 5157 3479 5212 haberemus
3513 5175 3527 5211 :
3560 5159 3707 5211 unde

2117 5250 2190 5303 ait
2212 5270 2224 5303 :

2186 5341 2266 5397 Ne
2285 5343 2534 5412 polluatis
2562 5345 2771 5397 animos
2797 5353 3011 5397 rastros.
3042 5342 3283 5397 Primum
3308 5343 3552 5411 quidem,
3577 5344 3704 5413 quia

2119 5438 2379 5490 donatum
2426 5446 2511 5491 est
2557 5436 2772 5500 animas,
2822 5429 3060 5489 esse'ad
3116 5433 3404 5505 imaginem
3460 5434 3589 5488 Dei:
3650 5447 3706 5488 et

2118 5528 2355 5581 maxime
2393 5527 2446 5581 in
2479 5542 2542 5581 ea
2591 5542 2711 5581 csse
2771 5526 3261 5582 sanctificationem
3314 5525 3452 5589 vult,
3508 5535 3707 5595 utpote

2119 5635 2238 5689 qua-
2270 5617 2631 5689 principatum
2662 5634 2828 5697 super
2859 5634 3020 5673 omne
3051 5617 3249 5672 animal
3283 5626 3453 5678 tenet.
3488 5614 3699 5681 Deinde
