4030 6240
461 390 564 491 εβί

463 486 707 564 ostendit
741 498 1098 574 pollutionem
1122 508 1284 566 quam
1306 487 1431 548 odio
1462 491 1646 552 habet,
1683 505 1791 543 non
1820 503 1939 554 esse
1972 486 2038 539 de
2070 490 2112 544 Α

465 596 696 655 mortuis
718 591 1061 663 corporibus,
1094 596 1187 643 aut
1217 585 1352 640 cibis
1375 581 1691 647 immundis,
1718 576 2038 649 corporibus

466 690 609 747 sicut
639 686 861 758 quidam
888 690 1082 753 putant
1102 678 1318 744 factam,
1361 677 1456 731 sed
1511 689 1652 740 eam,
1684 688 1808 742 quae
1834 669 2039 725 anima-

467 784 573 841 bus
601 796 670 836 ex
700 778 1005 835 actionibus
1030 772 1187 849 malis
1219 769 1421 825 evenit.
1461 767 1656 821 Dicens
1710 774 1890 819 autem
1929 776 2038 815 non

471 880 723 944 oportere
749 871 805 925 in
839 865 1050 923 cunctis
1081 861 1366 932 reptilibus
1416 874 1537 927 quae
1565 864 1852 911 moventur
1880 867 2043 921 super

473 975 696 1029 terram,
747 960 957 1017 animas
987 964 1203 1012 nostras
1226 951 1414 1024 pollui,
1464 948 1687 1004 omnino
1725 953 2043 1014 competen-

476 1062 558 1109 ter
586 1050 826 1107 addidit:

546 1138 660 1209 Ego
703 1136 959 1190 Dominus
988 1132 1078 1204 qui
1111 1130 1266 1184 eduxi
1302 1144 1388 1182 vos
1426 1126 1489 1179 de
1520 1132 1660 1178 terra
1703 1119 1938 1190 Egypti,
1990 1127 2046 1172 ut

477 1245 638 1285 essem
665 1227 805 1282 vobis
834 1227 889 1279 in
909 1225 1093 1277 Deum.
1113 1222 1218 1276 Per
1247 1217 1562 1288 Egyptum,
1585 1210 1797 1283 Egypti
1819 1211 2048 1265 demon-

478 1329 657 1375 strans
688 1318 849 1381 mala,
887 1326 943 1371 et
979 1313 1161 1369 omnia
1193 1325 1355 1380 opera
1386 1307 1755 1361 tenebrarum.
1786 1303 2051 1373 [Egyptus

478 1410 623 1465 enim
683 1405 1096 1464 contenebratio
1142 1403 1548 1469 interpretatur.
1572 1394 1782 1461 Quibus
1833 1394 1877 1448 si
1930 1392 2054 1462 quis

448 1497 605 1555 ‘vcre
628 1513 817 1554 carere
865 1494 1120 1556 voluerit,
1169 1500 1223 1546 et
1271 1504 1396 1544 cum
1443 1486 1536 1557 qui
1589 1501 1717 1539 vere
1750 1491 1835 1539 est
1885 1481 2051 1547 Deus,

479 1591 681 1647 habere
709 1603 868 1643 suum
899 1587 1088 1649 Deum,
1113 1597 1226 1636 non
1258 1580 1430 1636 solum
1480 1574 1833 1632 idololatriam
1865 1589 2055 1629 cavere

481 1683 661 1747 debet,
709 1680 802 1735 sed
831 1679 874 1734 si
915 1692 1045 1733 vere
1069 1676 1117 1731 ei
1143 1674 1426 1729 adhaerere
1468 1670 1758 1733 desiderat,
1807 1667 1933 1738 quia
1968 1667 2057 1721 ille

482 1781 703 1827 sanctus
721 1779 825 1838 est,
855 1771 972 1841 ipse
994 1782 1211 1838 quoque
1237 1761 1649 1820 sanctimoniam
1672 1758 1910 1823 studeat,
1940 1748 2059 1813 sine

486 1879 592 1934 qua
624 1876 788 1916 nemo
821 1858 1025 1915 videbit
1063 1859 1250 1911 Deum.

554 1971 715 2028 Vens.
744 1971 836 2037 46,
870 1972 961 2026 47.
1003 1987 1020 2021 ι
1057 1968 1164 2027 Ista
1204 1974 1289 2022 est
1310 1965 1396 2019 lex
1426 1961 1786 2018 animantium
1819 1968 1875 2014 et
1906 1961 2061 2015 volu-

484 2082 659 2131 crum,
688 2072 744 2120 et
785 2063 966 2120 omnis
1007 2065 1202 2116 animae
1254 2057 1489 2115 viventis
1553 2070 1674 2125 quae
1715 2063 1965 2109 movetur
2005 2053 2060 2106 in

484 2174 625 2226 aqua
677 2166 734 2213 et
771 2163 951 2226 reptat
994 2154 1049 2208 in
1099 2161 1264 2215 terra,
1315 2160 1376 2204 ut
1415 2145 1758 2204 dillerentias
1801 2143 2063 2199 noveritis

487 2247 675 2303 mundi
705 2256 761 2301 et
786 2244 1071 2307 immundi,
1113 2252 1174 2298 et
1210 2240 1397 2296 sciatis
1450 2237 1582 2308 quid
1636 2235 1922 2291 comedere
1969 2242 2065 2287 aut

487 2339 618 2407 quid
648 2352 908 2407 respuere
936 2334 1204 2391 debeatis.
1230 2351 1248 2384 ι

561 2426 1029 2497 Recapitulatione
1076 2438 1228 2478 more
1275 2438 1374 2477 suo
1403 2435 1550 2475 nunc
1585 2420 1749 2475 etiam
1792 2416 2066 2488 legislator

492 2518 682 2581 utitur,
721 2526 782 2571 ut
808 2515 994 2570 norint
1023 2515 1288 2587 legentes,
1320 2512 1389 2567 de
1423 2512 1622 2581 quibus
1644 2511 1756 2579 jam
1798 2509 1881 2562 lex
1910 2507 2064 2569 dixit,

493 2617 550 2662 et
569 2605 724 2662 facile
742 2621 806 2660 ea
829 2612 1263 2675 perscrutentur.
1286 2601 1439 2670 Quod
1461 2610 1643 2655 autem
1674 2613 1822 2653 nunc
1841 2596 2066 2660 addidit,

494 2698 812 2754 admirabile
836 2697 1120 2765 omnisque
1145 2696 1366 2765 plenum
1391 2693 1705 2763 juvaminis,
1741 2690 2070 2745 notandum-

494 2806 601 2861 que
630 2797 747 2843 est:
793 2788 1059 2858 prolatam
1091 2786 1294 2854 quippe
1316 2783 1452 2838 dixit
1511 2784 1681 2852 legem
1714 2780 2070 2835 dinumeratis

494 2879 860 2936 animalibus:
895 2892 999 2931 nec
1024 2876 1199 2931 solum
1233 2884 1292 2928 ut
1326 2883 1545 2943 separet
1589 2872 1732 2926 inter
1763 2871 1964 2924 munda
2017 2877 2073 2922 ct

496 2969 801 3033 immunda,
830 2967 925 3021 sed
966 2973 1025 3020 ut
1063 2963 1237 3019 sciant
1268 2963 1362 3017 ﬁlii
1402 2962 1587 3027 Israel,
1621 2960 1704 3017 vel
1748 2968 2075 3030 cognoscant

498 3062 646 3121 inter
685 3059 1027 3115 viviﬁcantes
1074 3072 1159 3122 ea,
1190 3071 1311 3125 quae.
1338 3054 1721 3108 comeduntur.
1775 3050 1915 3122 Ergo
1960 3066 2073 3105 non

1592 376 1673 439 IN
1709 370 2145 472 LEVI'I‘ICUM.
2180 393 2246 404 -
2288 364 2432 426 LIB.
2469 361 2586 423 III.

3610 341 3716 405 92%

2142 481 2209 535 de
2241 478 2439 549 quibus
2471 470 2769 533 dubitatur,
2790 476 3024 536 quorum
3055 456 3447 516 dubitationem
3470 452 3717 508 docendo

2138 566 2555 638 compescimus,
2598 559 2817 630 quando
2858 555 2991 628 legis
3046 550 3308 609 doctrinae
3337 543 3718 603 convenientia

2140 663 2420 717 docemus.

2739 739 2969 798 CAPUT
3010 737 3127 793 XII.

2216 841 2377 897 Vens.
2412 839 2528 894 1-5.
2573 858 2591 890 ‹
2632 837 2870 891 Locutus
2919 841 3004 888 est
3054 828 3317 884 Dominus
3379 823 3448 879 ad
3497 822 3719 894 Moysen
3788 868 3795 873 .

2143 934 2360 989 dicens:
2399 931 2646 1002 Loquere
2676 927 2802 983 ﬁliis
2844 923 3028 984 Israel,
3064 929 3121 976 ct
3148 919 3294 974 dices
3327 916 3395 970 ad
3425 929 3552 969 eos:
3605 912 3723 966 Mu-

2144 1028 2246 1080 lier
2275 1025 2318 1079 si
2341 1029 2594 1091 suscepto
2617 1017 2825 1074 semine
2847 1012 3121 1085 pepererit
3142 1008 3462 1071 masculum,
3487 1006 3723 1058 immun-

2147 1119 2215 1173 da
2265 1117 2370 1191 crit
2435 1123 2642 1183 septem
2691 1109 2919 1170 diebus,
2979 1106 3133 1173 juxta
3188 1101 3304 1155 dies
3364 1093 3725 1167 separationis

2152 1216 2465 1264 menstrua).
2530 1203 2626 1258 Die
2693 1209 2887 1255 octavo
2940 1191 3363 1251 eircumcidetur
3404 1185 3723 1241 infantulus.

2152 1303 2271 1371 Ipsa
2300 1315 2429 1354 vero
2453 1296 2669 1367 triginta
2702 1292 2896 1348 diebus
2935 1285 3179 1342 manebit
3205 1285 3260 1336 in
3294 1279 3555 1349 sanguine
3578 1275 3728 1345 puri-

2153 1391 2422 1447 ﬁcationis
2457 1403 2589 1443 suae.
2625 1386 2800 1437 Omne
2850 1387 3097 1433 sanctum
3130 1389 3240 1428 non
3289 1376 3491 1437 tanget,
3525 1374 3581 1420 et
3625 1379 3729 1418 nec

2155 1484 2489 1556 ingredietur
2545 1473 2949 1535 sanctuarium,
3007 1469 3182 1523 donec
3234 1462 3565 1533 impleantur
3612 1454 3730 1509 dies

2157 1576 2492 1653 purgationis
2536 1574 2677 1641 ejus.
2734 1570 2830 1622 Sin
2885 1573 3069 1618 autem
3121 1558 3378 1614 feminam
3433 1550 3726 1624 pepererit,

2158 1642 2436 1727 immunda
2478 1665 2584 1720 erit
2632 1659 2844 1717 duabus
2874 1650 3333 1711 hebdomadibus,
3368 1646 3519 1714 juxta
3564 1642 3730 1695 ritum

2158 1763 2334 1816 ﬂuxus
2367 1753 2652 1812 menstrui.
2687 1750 2752 1803 Et
2789 1745 3069 1812 sexaginta
3103 1747 3155 1793 et
3184 1754 3278 1792 sex
3307 1734 3500 1789 diebus
3548 1744 3733 1784 mane-

2114 1819 2131 1863 ;
2160 1852 2240 1907 bit
2273 1850 2328 1904 in
2356 1847 2620 1917 sanguine
2655 1833 3054 1912 puriﬁcationis
3081 1845 3214 1884 sum.
3253 1846 3271 1878 ι

2234 1910 2518 1994 Μαηίΐθεῖε
2577 1910 2672 1988 θεέ
2731 1923 3060 2001 legislatoris
3118 1918 3381 1979 intentio,
3452 1910 3735 1980 antiquum

2163 2030 2376 2105 generis
2412 2025 2633 2082 humani
2666 2015 3024 2091 signiﬁcantis
3046 2023 3357 2069 excessum,
3412 2010 3573 2072 atque
3616 2000 3739 2053 ideo

2163 2138 2230 2178 ex
2265 2118 2521 2175 omnibus
2548 2114 2636 2168 bis
2657 2108 2907 2167 conferre
2932 2103 3088 2160 nobis
3128 2097 3422 2158 desiderat,
3453 2101 3514 2145 ut
3569 2088 3740 2143 evite-

2164 2228 2286 2268 mus
2324 2209 2617 2266 saeculares
2637 2218 2747 2268 res,
2782 2209 2839 2255 et
2871 2197 3113 2252 actiones
3144 2188 3345 2248 carnis,
3367 2189 3555 2252 utpote
3581 2176 3742 2232 nobis

2166 2321 2277 2361 non
2307 2304 2447 2359 bene
2487 2296 2792 2355 valentibus
2822 2289 3106 2362 proﬂigare
3135 2275 3572 2337 sanctimoniam,
3625 2270 3744 2324 sine

2166 2414 2271 2469 qua
2306 2409 2470 2450 nemo
2508 2388 2714 2446 videbit
2743 2387 2934 2440 Deum.
2965 2379 3101 2435 Nam
3127 2371 3364 2430 mundus
3397 2364 3616 2436 quidem
3646 2375 3745 2431 per

2169 2491 2413 2559 seipsum
2453 2485 2632 2540 bonus
2662 2487 2766 2544 est,
2829 2484 3008 2531 ortum
3058 2467 3187 2522 solis
3245 2474 3491 2520 cernere,
3535 2455 3743 2516 lunam,

2170 2582 2460 2649 stellasque
2517 2575 2713 2631 coelum
2774 2570 3122 2625 coronantes,
3174 2566 3371 2611 terram
3431 2548 3744 2606 distentam,

2172 2674 2426 2728 dill'usum
2465 2682 2633 2729 mare,
2656 2672 2711 2717 ut
2735 2677 2803 2716 ex
2833 2658 2917 2710 his
2952 2652 3208 2707 omnibus
3235 2642 3499 2714 sapientia
3526 2637 3750 2706 colliga-e

2174 2775 2262 2820 tur
2321 2771 2376 2818 et
2434 2758 2758 2828 conjiciatur
2805 2747 3050 2819 (lpiﬁcis.
3108 2738 3368 2795 Similiter
3426 2741 3480 2786 et
3549 2739 3751 2796 corpus

2173 2857 2377 2911 bonum
2416 2859 2519 2916 est,
2554 2856 2608 2903 et
2637 2844 2801 2900 nimis
2835 2842 3039 2895 bonum
3076 2830 3221 2903 quod
3260 2823 3498 2882 nobisin
3537 2818 3751 2873 virtuti—

2174 2950 2277 3003 bus
2304 2909 2622 3000 collaborat.
2667 2936 2842 2990 liabet
2874 2930 3018 2985 cnim
3046 2926 3470 2979 instrumentum
3503 2913 3569 2967 ad
3591 2909 3753 2982 glori-—

2177 3038 2448 3096 ﬁcandum
2509 3033 2701 3096 Deum,
2748 3027 3010 3095 linguam,
3068 3017 3311 3082 aliosque
3348 3006 3441 3078 qui
3482 3007 3535 3059 in
3594 2999 3753 3056 nobis

498 3093 637 3121 ιιιιῦι
692 3093 1027 3115 unum-num:
1074 3093 1159 3122 ιιι,
1190 3093 1311 3125 ..νων
1339 3093 1721 3108 υνι--υυυιιιυιι,
1779 3093 1913 3122 ...δν
1962 3093 2073 3105 ην..
2178 3093 2239 3096 -τν
2688 3093 2695 3096 ν
2837 3093 2849 3095 ν

498 3152 609 3210 cibi
648 3166 750 3207 nos
788 3149 1022 3208 mundos
1077 3148 1313 3203 reddunt
1351 3162 1455 3201 nec
1508 3146 1775 3216 polluunt,
1829 3144 1923 3198 sed
1972 3158 2074 3196 nos
2099 3136 2141 3191 C
2176 3143 2540 3189 suntscnsus,
2562 3139 2659 3195 per
2681 3133 2817 3190 quos
2836 3111 3192 3184 respicientes
3212 3112 3519 3160 creaturam
3541 3093 3752 3157 mundi.

2692 3213 2702 3216 _
2767 3210 2780 3216 -
3093 3200 3105 3216 ι
3142 3214 3202 3216 ,,-
3252 3192 3396 3216 -12--.)
3453 3191 3729 3216 εηι-ςηηοοο

500 3259 617 3311 eos,
650 3242 917 3312 siquidem
947 3255 1048 3296 nos
1082 3240 1421 3296 viviﬁcamus
1440 3254 1505 3291 ea
1553 3252 1673 3307 quae
1692 3234 2073 3291 comeduntur.

500 3337 569 3393 Et
593 3334 1048 3406 quemadmodum
1097 3333 1276 3389 omnis
1304 3331 1457 3387 cibus
1482 3331 1679 3393 bonus,
1715 3337 1764 3382 et
1788 3328 1919 3381 nihil
1936 3327 2079 3396 reji—

500 3429 739 3482 cieudum
775 3437 869 3489 est,
905 3426 1041 3496 quod
1073 3441 1190 3481 cum
1220 3423 1518 3493 gratiarum
1536 3422 1741 3475 actione
1770 3418 2074 3488 percipitur,

498 3518 861 3587 sanctiﬁcatur
895 3517 1034 3571 etaim
1086 3531 1179 3583 per
1222 3523 1434 3569 verbum
1492 3512 1611 3575 Dei,
1646 3512 1790 3566 sicut
1817 3509 1892 3564 ait
1941 3508 2081 3562 I’au—

500 3611 616 3669 Ius.
649 3617 697 3663 et
742 3609 1036 3666 orationem
1061 3607 1105 3638 ⁵⁸
1137 3620 1150 3659 :
1182 3606 1262 3660 sic
1304 3621 1366 3658 ea
1414 3619 1535 3672 quae
1581 3601 1968 3662 comeduntur,
2017 3614 2079 3652 ea

501 3700 756 3754 videlicet
810 3714 933 3767 quas
967 3697 1219 3751 nutriunt
1249 3694 1506 3758 animam,
1557 3693 1608 3746 id
1636 3701 1740 3756 est,
1775 3691 1944 3745 bonas
1989 3705 2083 3744 ac-

507 3790 704 3855 tiones,
746 3804 848 3843 nos
880 3786 1240 3849 viviﬁcantus,
1293 3785 1337 3838 si
1392 3785 1532 3837 bene
1582 3783 1663 3836 eis
1696 3790 1937 3837 utamur.
1986 3779 2082 3834 Sin

506 3888 693 3935 autem
747 3880 909 3942 male,
964 3876 1461 3937 nonviviﬁcamus,
1516 3873 1613 3926 sed
1668 3870 2083 3927 mortiﬁcamus.

506 3971 609 4037 Qui
641 3969 787 4024 enim
832 3984 898 4022 ex
933 3965 1221 4036 iniquitate
1262 3964 1390 4019 facit
1439 3965 1860 4033 eleemosynam,
1898 3959 2087 4015 morti-

510 4067 637 4123 ticat
667 4062 787 4131 ejus
819 4060 1103 4122 virtutem,
1138 4058 1253 4112 sive
1285 4057 1603 4127 potentiam.
1660 4053 1725 4108 Et
1753 4053 1897 4123 quia
1952 4050 2088 4106 cibis

509 4153 806 4215 abstinent,
843 4165 943 4221 per
994 4149 1236 4219 linguam
1275 4162 1401 4202 vero
1456 4145 1716 4200 fratribus
1768 4143 2085 4207 detrahunt,

507 4246 577 4301 de
602 4244 802 4313 quibus
828 4241 999 4297 llavid
1025 4241 1193 4297 dicit:
1226 4240 1330 4306 Qui
1360 4239 1611 4293 devorant
1652 4237 1850 4306 plebem
1893 4252 2086 4297 meam,

506 4336 641 4390 sicut
670 4350 842 4389 escam
885 4333 1134 4402 panis";
1179 4330 1508 4385 mortiﬁcant
1564 4329 1622 4382 hi
1677 4325 2085 4388 abstinentiam,

509 4434 729 4497 propter
756 4425 900 4494 quod
932 4422 1283 4482 beatitudinis
1317 4430 1420 4483 est,
1458 4434 1616 4474 nosse
1661 4418 1972 4472 discernere
2004 4431 2089 4469 tn-

2179 3236 2451 3292 omneque
2476 3218 2597 3288 ejus
2628 3210 2900 3273 solatium,
2956 3218 3053 3273 per
3093 3200 3209 3254 haec
3248 3192 3397 3250 aliud
3453 3191 3753 3248 intuentes,

2178 3316 2503 3385 conjicimus
2540 3316 2594 3362 ct
2618 3321 2684 3359 ex
2718 3302 2805 3356 his
2835 3312 2955 3368 quae
2986 3293 3127 3349 facta
3157 3296 3306 3353 sunt,
3354 3299 3416 3340 ea
3461 3295 3583 3350 quae
3630 3283 3759 3331 sunt

2178 3363 2494 3462 invisibilia.
2528 3396 2634 3452 Sed
2670 3393 2792 3464 quia
2825 3399 2880 3444 et
2901 3384 3099 3442 saeculo
3129 3389 3186 3436 ct
3234 3390 3399 3433 carne
3422 3372 3559 3425 male
3598 3363 3761 3423 simul

2180 3499 2263 3556 usi
2292 3509 2503 3557 sumus,
2533 3492 2605 3545 ita
2631 3494 2691 3542 ut
2723 3482 2985 3539 Dominus
3009 3478 3074 3532 de
3093 3471 3296 3528 mundo
3326 3467 3563 3523 diceret:
3600 3458 3759 3513 Mun-

2180 3593 2276 3646 dus
2313 3590 2369 3643 in
2394 3553 2626 3655 maligno
2676 3578 2877 3649 positus
2904 3580 2981 3627 est
3002 3570 3081 3634 °°;
3113 3565 3314 3620 Paulus
3342 3567 3524 3614 autem
3554 3573 3566 3608 :
3603 3553 3761 3605 Video

2182 3684 2343 3737 aliam
2376 3679 2538 3747 legem
2564 3675 2619 3727 in
2647 3668 2887 3725 membris
2906 3663 3055 3728 meis,
3090 3661 3466 3726 repugnantem
3496 3645 3596 3716 legi
3618 3652 3762 3696 men-

2184 3774 2248 3825 tis
2302 3783 2430 3823 mea:
2450 3767 2534 3830 ";
2586 3771 2640 3816 et
2672 3772 2910 3813 rursus:
2958 3752 3070 3821 Ego
3117 3756 3294 3800 autem
3341 3736 3573 3793 carnalis
3624 3746 3761 3791 sum,

2182 3860 2509 3919 venundatus
2563 3852 2655 3907 sub
2710 3843 3025 3919 peccato“;
3080 3847 3135 3917 et
3177 3848 3368 3890 rursus
3410 3847 3425 3884 :
3475 3824 3762 3893 Manifesta

2186 3960 2363 4005 autem
2384 3954 2505 4000 sunt
2532 3957 2691 4015 opera
2724 3937 2899 3994 carnis
2918 3951 2936 3987 :
2966 3946 3083 4003 qua:
3122 3912 3243 3982 sunt
3265 3919 3566 3996 faruicatio,
3610 3911 3767 3968 adul-

2188 4043 2345 4103 teria,
2376 4033 2737 4096 immunditia,
2771 4040 2818 4085 et
2848 4040 2963 4093 qua:
2992 4023 3071 4076 Itis
3096 4017 3295 4074 similia
3335 4011 3541 4075 sunt”,
3588 4007 3655 4061 ab
3682 4004 3767 4058 his

2188 4133 2274 4187 lex
2298 4144 2397 4185 nos
2426 4127 2659 4182 liberare
2688 4126 2940 4181 conatur,
2979 4121 3035 4167 et
3068 4111 3136 4165 de
3168 4108 3272 4161 hac
3320 4120 3377 4157 re
3410 4099 3581 4154 multa
3633 4092 3769 4147 scri-

2188 4227 2320 4280 bere
2351 4236 2461 4275 non
2489 4225 2666 4272 cessat
2700 4211 3010 4280 aenigmata,
3054 4202 3195 4257 sicut
3226 4206 3283 4252 et
3327 4207 3479 4249 nunc
3525 4200 3770 4241 commu—

2190 4319 2283 4373 nia
2329 4322 2384 4369 et
2414 4307 2690 4382 specialia.
2719 4300 2943 4358 Intende
2983 4294 3181 4366 quibus
3226 4286 3408 4343 verbis
3434 4282 3500 4337 ad
3553 4278 3770 4346 Moysen

2197 4407 2461 4463 Dominus
2514 4402 2731 4455 locutus
2780 4401 2864 4449 est
2893 4432 2909 4456 ,
2946 4398 3005 4466 ut
3057 4386 3148 4440 ille
3209 4380 3333 4436 ﬁliis
3379 4371 3538 4430 Israel
3580 4367 3769 4423 eadem

512 4462 719 4497 ,ηυμυ
756 4462 900 4494 quo...
933 4462 1283 4482 .........u..,.....
1317 4462 1420 4483 ναι,
1458 4462 1616 4474 "ww
1662 4462 1970 4472 ...υ--..πη
2198 4462 2215 4463 κ
2255 4462 2261 4463 γ

512 4529 594 4576 tcr
625 4517 955 4573 viviﬁcantia
987 4530 1071 4581 ea,
1108 4530 1229 4584 quae
1280 4513 1664 4575 comeduntur,
1709 4509 1987 4573 animalia,
2036 4516 2093 4560 et
2127 4482 2165 4533 υ
2196 4500 2361 4556 verba
2394 4493 2747 4550 ministraret.
2771 4484 3030 4539 Faciebat
3054 4484 3236 4532 autem
3273 4472 3377 4525 hoc
3404 4481 3514 4520 non
3546 4462 3768 4517 frustra,

3126 4568 3138 4584 ι
3197 4565 3306 4584 ξφ--
3341 4557 3552 4584 -..ελλητ
3607 4548 3767 4584 Μηνρί

514 4624 578 4661 ea
618 4622 740 4676 qua:
778 4622 890 4660 non
921 4604 1306 4667 comeduntur,
1328 4603 1380 4657 id
1405 4612 1509 4666 est,
1541 4602 1684 4656 inter
1714 4616 1808 4654 eos
1831 4599 1921 4668 qui
1952 4596 2092 4651 bene

514 4700 657 4759 bona
717 4706 904 4768 agunt,
941 4705 998 4753 et
1049 4697 1220 4752 malas
1273 4694 1539 4749 actiones.
1586 4692 1714 4747 Ilaec
1761 4697 1891 4745 sunt
1946 4688 2092 4742 enim

516 4792 769 4846 animalia
791 4805 912 4860 qua:
960 4804 1070 4843 non
1114 4787 1498 4852 comeduntur,
1559 4795 1613 4840 ct
1672 4785 1933 4839 discernit
1982 4800 2091 4837 non

516 4879 693 4933 solum
722 4878 923 4943 sciens,
949 4877 1041 4931 sed
1078 4877 1166 4945 qui
1191 4877 1474 4932 scientiam
1499 4874 1787 4931 conﬁrmat
1815 4873 2091 4943 operibus.

518 4972 672 5037 Quod
714 4972 869 5039 pauci
897 4971 953 5023 in
985 4970 1089 5025 hoc
1125 4969 1347 5023 student
1377 4965 1598 5030 saeculo,
1628 4964 1810 5018 multis
1842 4980 1960 5018 eam
1998 4979 2098 5033 per

518 5063 675 5117 dolos
728 5060 1118 5122 iuﬁcientibus,
1171 5059 1466 5128 multisque
1514 5055 1950 5111 adulterantihus
2001 5069 2098 5124 per

521 5153 855 5222 hypocrisin,
889 5161 947 5205 ut
977 5151 1195 5219 quidam
1234 5151 1345 5219 jam
1376 5149 1647 5213 dubitent,
1681 5149 1843 5200 etiam
1877 5146 1929 5199 in
1960 5145 2098 5199 veris

525 5244 700 5304 bonis,
744 5258 865 5311 qua:
902 5243 1009 5295 sint
1042 5241 1399 5304 comedenda,
1431 5255 1550 5308 quae
1595 5253 1704 5291 non
1741 5236 2097 5299 comedenda,

527 5340 746 5399 propter
771 5330 913 5399 quod
945 5329 1017 5383 ait
1039 5347 1051 5382 :

594 5422 698 5474 Ista
730 5431 804 5474 est
843 5421 943 5474 lea‘.
978 5420 1090 5474 Non
1124 5422 1299 5475 solum
1325 5419 1690 5479 discernendi.
1741 5418 1835 5472 sed
1887 5414 2093 5470 sciendi

527 5515 661 5572 ﬁlios
698 5513 882 5568 Israel.
935 5511 1354 5583 Coguoscuntur
1392 5520 1595 5577 autem,
1635 5510 1714 5564 vel
1752 5509 2001 5564 sciuntur
2031 5524 2094 5561 ca

614 5739 657 5769 ⁵⁸
685 5737 702 5790 l
731 5737 868 5789 Tim.
909 5753 979 5799 tv,
1014 5738 1061 5791 ιι.

1142 5739 1185 5768 ‘9
1221 5735 1361 5791 I‘sul.
1388 5751 1481 5798 ut,
1508 5734 1559 5786 ὅ.

528 5802 567 5835 ⁵³
602 5807 768 5868 Exod.
795 5824 885 5873 xx,
918 5808 995 5860 I‘J.

1663 5731 1931 5787 “lJoau.
1970 5745 2019 5793 v,
2058 5728 2143 5782 l9.

2196 4592 2292 4649 sed
2339 4588 2514 4658 palam
2547 4584 2949 4637 demonstrans,
2996 4568 3140 4639 quod
3197 4565 3311 4634 ipse
3338 4557 3554 4630 quidem
3607 4548 3769 4619 Moysi

2197 4642 2529 4757 loqueretur,
2561 4684 2621 4729 ut
2643 4672 2710 4727 ad
2738 4662 3142 4735 intelligendam
3180 4657 3436 4711 virtutem
3474 4646 3609 4717 legis
3654 4642 3773 4696 ido-

2196 4740 2337 4828 neo:
2378 4740 2589 4838 Moyses
2635 4770 2815 4816 autem
2886 4752 3108 4825 populo,
3162 4755 3223 4801 ut
3263 4743 3389 4814 quia
3436 4753 3547 4793 non
3598 4740 3772 4788 totum

2198 4861 2470 4935 capiebat,
2514 4870 2619 4910 nec
2669 4847 2912 4922 spiritale
2970 4840 3246 4909 suscipere
3291 4831 3628 4888 mandatum,
3672 4835 3776 4875 nec

2203 4923 2311 5009 Deo
2334 4953 2589 5021 loquente
2618 4942 2808 4998 audire
2830 4939 3031 5007 legem,
3073 4927 3389 4986 sublimiora
3439 4923 3775 4974 narrantem.

2205 5046 2343 5099 llinc
2379 5003 2526 5096 enim
2556 5035 2701 5107 quod
2734 5034 2853 5102 ipso
2875 5003 2986 5083 Deo
3011 5026 3182 5095 legem
3206 5021 3389 5081 dante,
3431 5009 3685 5066 dicebant
3710 5003 3779 5057 ad

2203 5139 2452 5207 Moyscn:
2483 5133 2715 5200 Loquere
2746 5136 2800 5181 tu
2824 5123 2988 5185 nobis,
3024 5129 3073 5174 et
3103 5116 3412 5170 audiemus:
3447 5120 3549 5158 nou
3594 5101 3780 5164 loqua-

3252 5201 3263 5207 -
3438 5192 3480 5207 ,ι
3568 5187 3673 5207 ομ,
3731 5193 3778 5207 Α,

2206 5187 2419 5207 ’”““⁷-ἷ”⁷”
2573 5187 2584 5200 υ

2206 5238 2291 5280 tur
2319 5223 2465 5276 nobis
2506 5219 2785 5279 Dominus,
2838 5228 2903 5266 ne
2955 5211 3089 5280 forte
3130 5192 3517 5257 moriamur“.
3568 5187 3674 5241 Sed
3728 5193 3782 5237 et

2208 5310 2483 5368 humiliter
2513 5321 2631 5361 eam
2655 5311 2816 5371 atque
2840 5294 3141 5352 secundum
3183 5289 3476 5342 humanam
3511 5272 3784 5347 possibili-

2207 5415 2393 5464 tatem,
2439 5398 2660 5453 homine
2686 5392 2937 5448 videlicet
2962 5384 3229 5441 tradcntc,
3255 5371 3578 5441 suscipiunt,
3619 5374 3681 5419 ut
3717 5362 3785 5417 ad

2206 5496 2453 5568 spiritum
2504 5486 2761 5560 paulatim
2803 5478 3152 5536 ascendatur.
3193 5469 3297 5524 I‘cr
3326 5465 3566 5519 litteram
3622 5457 3786 5528 igitur

2224 5726 2265 5755 ⁴·¹
2303 5722 2459 5778 [ἴτω.
2502 5734 2596 5771 \‘ll,
2648 5708 2739 5762 ‘3‘).
2854 5702 2896 5730 θ’
2927 5696 3059 5752 illiti.
3107 5695 3189 5750 Η.
3302 5689 3346 5720 ⁵³
3375 5686 3554 5742 (ἓςιιξὶῐς
3579 5695 3639 5745 V,
3691 5673 3773 5726 l9-
