4030 6240
275 236 386 305 θΞἎ

1476 236 1841 297 HESYCIIII
1879 232 2355 296 PRESBYTERI

3467 219 3582 288 924

284 368 478 411 semen
506 350 814 421 suscipiens
843 357 927 405 est
951 347 1169 416 mulier,
1202 363 1326 419 quae
1364 349 1465 405 viri
1499 351 1742 420 concipit
1797 365 1863 404 ex
1894 356 1940 411 Α
1968 357 2150 403 autem
2203 347 2396 402 diebus
2431 346 2506 400 ait
2560 353 2789 401 matrem
2842 359 2963 400 esse
3020 343 3355 397 immundam
3456 346 3575 398 Aut

280 445 523 502 semine.
556 443 708 499 Hanc
731 452 941 512 septem
975 441 1172 496 diebus
1201 457 1323 497 esse
1350 443 1685 497 immundam
1729 443 1878 519 dicit,

285 545 346 594 et
371 535 757 607 quamobrem?
786 534 1037 588 videlicet
1058 533 1186 602 quia
1222 543 1374 588 sator
1407 535 1722 589 immundus
1771 545 1877 607 est,

291 635 484 696 utpote
538 626 714 679 haeres
743 624 939 689 Adam,
973 624 1066 692 qui
1099 610 1197 689 per
1232 625 1723 693 transgressionem
1779 625 1882 677 im-

287 718 529 773 mundus
558 715 734 771 factus
755 756 768 779 ,
796 725 961 785 atque
998 718 1069 769 ita
1119 714 1244 769 Evae
1270 716 1484 780 mistus,
1524 731 1685 769 omne
1708 730 1881 785 genus

288 809 591 863 humanum
645 806 774 861 fecit
809 806 1181 860 immundum.
1214 807 1417 875 Aperte
1462 815 1644 858 autem
1681 806 1786 860 hoc
1824 806 1876 859 in

275 908 442 949 sacra
474 892 758 961 Scriptura
802 893 1093 961 legitur”,
1127 892 1270 961 quod
1311 902 1601 962 postquam
1638 894 1772 947 exiit
1810 893 1878 947 de

290 986 567 1054 paradiso,
606 985 890 1053 mulierem
928 1000 1081 1037 suam
1112 984 1280 1037 Adam
1307 984 1581 1057 cognovit,
1609 993 1772 1052 atque
1804 983 1877 1036 ita

290 1076 483 1131 deduci
508 1075 995 1142 cmpithumanum
1027 1091 1216 1144 genus.
1254 1076 1473 1145 Septem
1528 1086 1709 1129 autem
1763 1077 1878 1130 dies

292 1163 420 1218 ideo
472 1164 757 1223 mulierem
818 1179 941 1217 esse
1012 1164 1272 1233 praecepit
1328 1166 1702 1232 immundam,
1750 1166 1874 1234 quia

290 1255 489 1320 Adam,
510 1271 606 1323 per
639 1255 796 1322 cujus
818 1270 1004 1309 semen
1026 1256 1269 1326 suscepit
1296 1257 1719 1323 immunditiam,
1752 1274 1876 1313 cum

295 1362 499 1415 genere
521 1346 683 1399 vitam
721 1355 964 1400 nostram
995 1348 1206 1416 polluit.
1266 1347 1485 1418 Septem
1525 1346 1734 1405 dierum
1774 1367 1876 1404 nu-

294 1453 480 1492 merus
518 1438 784 1507 significat
834 1455 931 1508 per
975 1455 1139 1509 quem
1202 1448 1445 1510 tempora
1493 1443 1872 1498 revolvuntur.

294 1530 527 1597 Propter
552 1530 694 1598 quod
754 1530 915 1583 etiam
947 1532 1067 1598 ejus
1101 1533 1319 1602 requies
1371 1535 1600 1602 septima
1629 1535 1765 1601 dics,
1819 1535 1875 1590 id

295 1632 403 1685 est,
476 1620 811 1688 iutelligibile
877 1633 1129 1689 speratur
1198 1624 1518 1679 Sabbatum.
1591 1624 1873 1691 Quomodo

1987 440 2128 495 forte
2165 440 2291 511 quia
2315 438 2697 493 inobedientiaa
2720 452 2885 493 causa
2915 435 3026 490 Eva
3076 434 3298 490 seducta
3328 437 3572 499 exstitit.

1987 533 2349 607 transgressio
2375 541 2580 597 autem,
2614 533 2729 586 sive
2762 531 3130 586 inobcdientia
3165 528 3575 584 immunditiam

1984 626 2143 679 nobis
2213 624 2542 692 sordemque
2597 622 2890 688 contraxit,
2946 622 3071 675 ideo
3129 621 3233 676 hoc
3290 618 3432 691 quod
3482 634 3577 675 ess

1983 714 2236 783 amplius,
2279 712 2558 781 legislator
2584 712 2639 765 in
2700 712 2982 766 mulierem
3020 712 3315 767 convertit.
3350 712 3457 767 Sed
3512 722 3577 767 et

1982 805 2333 875 qumrendum
2374 814 2459 858 est
2512 820 2610 859 cur
2656 804 2817 872 hujus
2848 804 2922 857 rei
2953 805 3147 874 gratia,
3194 804 3249 857 in
3301 806 3575 876 sanguine

1982 894 2383 963 purificationis
2411 909 2525 948 sua:
2555 909 2776 947 manere
2804 894 3086 947 mulierem
3125 894 3401 964 praecepit,
3455 911 3576 950 non

1980 985 2242 1055 sanguine
2271 985 2515 1050 sordido,
2540 985 2635 1039 sed
2681 986 2734 1038 in
2784 986 3048 1056 sanguine
3088 985 3314 1050 mundo,
3359 985 3411 1040 id
3458 996 3570 1053 est,

1982 1075 2376 1144 purificationis
2420 1075 2563 1145 ejus.
2616 1075 2758 1129 sicut
2806 1074 2859 1128 in
2911 1075 3014 1141 his,
3070 1091 3192 1145 quae
3228 1086 3565 1145 sequuntur,

1979 1167 2310 1222 ostenditur.

2053 1256 2181 1312 lltec
2206 1273 2358 1310 omne
2386 1267 2627 1311 sanctum
2662 1273 2763 1309 non
2824 1259 3014 1328 tangit,
3059 1267 3105 1311 et
3149 1259 3202 1311 in
3258 1262 3574 1313 sanctuario

1980 1366 2079 1401 non
2119 1350 2414 1419 ingreditur
2452 1365 2615 1418 usque
2641 1349 2766 1401 dum
2793 1350 3156 1416 compleantur
3180 1351 3288 1405 dies
3314 1350 3575 1420 puriﬁca-

1978 1438 2131 1490 tionis
2170 1437 2304 1506 ejus.
2338 1436 2392 1489 Si
2420 1452 2548 1506 ergo
2577 1436 2629 1489 in
2664 1437 2927 1507 sanguine
2971 1438 3176 1492 mundo
3209 1439 3426 1509 triginta
3457 1448 3574 1494 tres

1977 1529 2096 1583 dies
2118 1536 2175 1582 et
2209 1543 2372 1581 omne
2403 1538 2652 1582 sanetum
2689 1544 2798 1582 non
2833 1529 3024 1599 tangit,
3065 1538 3120 1583 et
3153 1531 3207 1583 iu
3255 1530 3574 1585 sanctuario

1976 1636 2086 1674 non
2117 1619 2442 1692 ingreditur,
2489 1619 2633 1674 unde
2681 1619 2993 1688 hujusmodi
3049 1636 3293 1686 causam,
3337 1621 3445 1674 nisi
3497 1638 3569 1675 ex

295 1721 476 1764 autem
521 1720 764 1764 nostram
800 1711 991 1779 polluit
1021 1713 1228 1768 vitam?
1256 1713 1525 1770 lnducens
1548 1717 1594 1769 ei
1621 1717 1879 1772 maledic-
1909 1701 1951 1755 Β
1981 1712 2192 1766 dierum
2223 1710 2662 1781 perscrutalione
2688 1710 3066 1780 τερρτῐθιηιιεῖ
3094 1710 3336 1781 Τι’ἱεῖηιε
3360 1714 3572 1784 quippe

299 1804 500 1856 tionem
532 1811 587 1855 et
624 1802 960 1857 transferens
990 1805 1057 1859 ad
1082 1807 1382 1873 miseriam,
1418 1823 1537 1861 eam
1569 1825 1730 1878 quam
1762 1825 1879 1863 sor-

297 1894 382 1947 titi
412 1894 692 1947 fueramus
730 1894 799 1948 ab
843 1893 1001 1949 initio
1043 1896 1465 1953 beatitudinem.
1506 1900 1661 1965 Quod
1708 1900 1881 1952 mani-

295 1985 497 2039 festum
529 1996 609 2040 est
638 2000 703 2039 ex
736 1985 842 2051 bis,
875 2002 996 2056 quae
1027 1988 1168 2043 Deus
1197 1991 1264 2045 ad
1307 1991 1475 2045 Adam
1507 1993 1675 2047 dicit:
1716 1991 1882 2045 Male-

295 2080 438 2133 dicta
499 2087 642 2132 terra
696 2080 752 2132 in
806 2083 1047 2148 operibus
1096 2085 1236 2147 tuis,
1295 2086 1508 2153 spinas,
1566 2094 1614 2137 et
1665 2084 1880 2138 tribulos

296 2171 615 2239 germinabit
664 2170 759 2224 tibi
780 2172 861 2225 ".
926 2172 1219 2244 Propterea
1286 2185 1342 2229 et
1398 2191 1548 2229 nuitc
1608 2176 1882 2246 legislator

297 2263 434 2318 dixit
463 2281 477 2316 :

370 2356 675 2411 Secundum
703 2355 815 2410 dies
847 2358 1200 2426 separationis
1250 2368 1531 2414 menstruae
1562 2375 1580 2411 :
1609 2360 1697 2413 vel
1742 2359 1884 2415 sicut

296 2444 689 2517 Septuaginta:
724 2446 1027 2501 Secundum
1063 2450 1172 2502 dies
1218 2451 1551 2519 purgationis
1602 2463 1885 2507 nienstruce

298 2539 575 2594 immunda
603 2540 723 2592 erit.
750 2539 890 2604 Quid
937 2550 1117 2594 autem
1143 2541 1248 2597 hoc
1281 2541 1373 2606 sit,
1415 2543 1507 2596 alii
1557 2542 1885 2613 interpretes

297 2628 517 2697 planius
579 2629 922 2683 ediderunt:
968 2632 1329 2701 Symmachus
1384 2632 1605 2701 quidem
1672 2634 1881 2701 dicens,

298 2721 587 2773 secundum
645 2721 756 2774 dies
816 2722 1208 2790 separationis,
1267 2723 1587 2792 aﬂlictionis;
1660 2723 1874 2793 Apuila,

298 2812 651 2880 separationis
686 2851 700 2877 ,
757 2814 1023 2878 miserim;
1074 2814 1452 2884 Theodotion,
1507 2819 1884 2892 separatiouis,

301 2903 496 2957 doloris
543 2904 679 2973 ejus.
727 2903 945 2959 Miseria
987 2914 1192 2969 autem,
1247 2916 1303 2962 et
1351 2908 1591 2965 afﬂictio.
1626 2919 1683 2963 et
1733 2910 1887 2965 dolor

1982 1811 2036 1857 et
2059 1812 2170 1857 tres
2193 1803 2310 1856 dies
2343 1802 2466 1856 ideo
2491 1802 2732 1867 tradidit,
2761 1812 2817 1856 ut
2858 1801 3088 1871 adjectis
3119 1811 3351 1872 septem,
3378 1805 3573 1859 cuncti

1981 1893 2335 1965 quadraginta
2396 1892 2548 1947 fiant.
2603 1892 2763 1948 Aliud
2817 1908 2947 1964 ergo
3001 1909 3103 1963 per
3162 1894 3267 1949 hoc
3292 1894 3576 1965 legislator

1982 1987 2273 2058 significat.
2311 1986 2449 2053 Quia
2478 2002 2609 2055 ergo
2641 1988 2695 2040 in
2732 1987 2924 2041 diebus
2953 1988 3312 2058 quadraginta
3352 2004 3575 2042 mascu-

1982 2078 2068 2132 lus
2107 2078 2311 2132 dicitur
2350 2079 2531 2133 infans
2575 2077 2820 2145 formari,
2851 2079 2960 2133 duo
3004 2079 3121 2133 haec
3170 2095 3268 2148 per
3314 2095 3397 2145 ea,
3446 2096 3575 2150 qua:

1983 2171 2124 2226 dicta
2156 2179 2284 2223 sunt
2302 2170 2635 2238 probantur:
2673 2170 2726 2223 id
2763 2181 2865 2235 est,
2899 2169 3025 2239 quia
3055 2170 3170 2238 ipse
3196 2170 3414 2239 quidem
3441 2172 3575 2226 sub-

1985 2262 2193 2317 stantia
2240 2261 2460 2330 generis
2513 2261 2741 2315 humani
2791 2261 2994 2314 munda
3042 2268 3144 2326 est,
3206 2263 3347 2316 sicut
3395 2278 3422 2316 a
3462 2261 3578 2318 Deo

1985 2363 2192 2409 creata:
2237 2351 2427 2407 Onmia
2470 2352 2642 2418 enim,
2694 2367 2811 2421 qua:
2848 2353 2969 2422 fecit
3008 2352 3165 2418 Deus,
3214 2364 3363 2407 erant
3416 2354 3578 2407 valde

1986 2447 2120 2500 bona
2138 2445 2181 2478 θ’
2204 2487 2217 2511 ,
2248 2453 2305 2499 et
2344 2444 2516 2498 multo
2552 2442 2725 2515 magis
2750 2444 2935 2497 homo.
2966 2442 3194 2513 Propter
3232 2445 3374 2514 quod
3407 2445 3478 2498 ait
3514 2445 3576 2500 in

1986 2537 2252 2605 sanguine
2333 2535 2571 2600 mundo,
2635 2536 2750 2589 sive
2822 2533 3222 2604 puriﬁcationis
3284 2536 3576 2591 mulierem

1987 2630 2196 2683 sedere.
2221 2627 2359 2694 Quia
2385 2636 2569 2682 autem
2590 2642 2690 2696 per
2712 2625 3118 2681 successionem
3144 2625 3270 2680 Adae
3298 2635 3580 2696 transgre-

1987 2720 2187 2775 dientis
2226 2720 2387 2774 laesus
2422 2728 2523 2784 est,
2565 2717 2874 2773 necessarie
2911 2732 3031 2786 qua:
3078 2732 3266 2772 semen
3309 2717 3573 2787 susrepit,

1988 2826 2039 2868 et
2066 2812 2339 2881 concepit,
2365 2827 2529 2866 omne
2567 2818 2818 2865 sanctum
2847 2796 2963 2863 non
2996 2810 3188 2879 tangit,
3235 2818 3289 2864 et
3329 2810 3382 2862 in
3414 2823 3580 2863 sanc-

1989 2905 2164 2959 tuario
2190 2920 2298 2958 non
2322 2903 2673 2974 ingredietur,
2701 2916 2874 2971 usque
2896 2901 3023 2955 dum
3050 2902 3430 2970 compleantur
3456 2900 3582 2955 dies

302 3002 437 3048 tunc
484 3010 605 3049 esse
652 2997 838 3066 coepit,
895 3008 1180 3068 postquam
1229 3009 1513 3069 separatus
1573 3016 1604 3057 a
1636 3002 1886 3071 paradiso
1914 3030 1957 3088 ε
1990 2995 2584 3067 puriﬁcationis_ejus:
2628 2994 2679 3049 id
2716 3002 2820 3060 est,
2865 3008 3040 3063 usque
3069 2994 3197 3047 dum
3251 2992 3576 3061 complean—

302 3086 497 3151 Adam,
539 3096 781 3141 nostram
816 3090 1043 3143 Sortitus
1063 3100 1147 3151 est
1194 3092 1383 3153 vitam,
1410 3094 1537 3163 quia
1587 3094 1643 3147 in
1689 3095 1888 3150 sudore

302 3177 484 3230 vultus
513 3178 802 3232 comedere
835 3195 1030 3249 panem
1084 3184 1437 3236 condemnati
1487 3200 1695 3240 sumus.
1749 3185 1889 3242 lluic

303 3268 487 3322 sensui
515 3268 819 3338 planiorem
889 3279 945 3324 et
988 3273 1399 3327 indubitabilem
1441 3276 1649 3331 addidit
1694 3277 1889 3347 proba-

305 3359 535 3425 tionem,
563 3375 688 3414 cum
723 3361 891 3415 dicit:

377 3449 475 3503 Die
514 3460 697 3503 octauo
742 3452 1144 3505 circumcidetur
1196 3454 1520 3522 infantulus.
1569 3455 1693 3510 Dies
1742 3457 1887 3511 enim

302 3548 549 3606 octavus,
575 3540 832 3611 quoniam
851 3542 1101 3612 septimae
1124 3543 1229 3598 diei
1255 3586 1270 3611 ,
1295 3560 1417 3614 qua:
1443 3545 1618 3616 imago
1645 3554 1729 3600 est
1748 3563 1889 3617 pra:-

301 3631 474 3685 sentis
511 3632 652 3699 vita),
681 3632 946 3699 succedit,
973 3633 1198 3704 ﬁguram
1228 3638 1365 3706 gerit
1392 3635 1758 3692 futurisaeculi
1786 3681 1800 3705 ,
1834 3639 1890 3693 in

300 3727 421 3788 quo
452 3733 674 3774 carnem
706 3721 960 3790 pra-putii
1012 3723 1458 3777 circumcidimus
1481 3766 1494 3790 ,
1520 3740 1684 3795 opera
1710 3727 1889 3781 carnis

301 3812 483 3865 omnia
499 3813 863 3882 deponentes:
882 3823 1009 3869 tunc
1033 3815 1234 3885 quippe
1252 3831 1361 3870 non
1380 3816 1555 3871 solum
1575 3832 1683 3870 non
1705 3833 1893 3887 pecca-

306 3899 432 3966 turi,
457 3900 549 3955 sed
572 3916 674 3956 nec
704 3902 1021 3969 comesturi,
1050 3916 1142 3958 aut
1175 3904 1419 3971 bibituri,
1445 3916 1536 3960 aut
1558 3907 1777 3977 nupturi
1798 3924 1892 3962 su-

302 4007 444 4046 mus.
468 3990 682 4047 Erimus
719 4001 902 4048 autem
929 3996 1323 4065 proculdubio,
1341 3998 1482 4052 sicut
1506 3999 1579 4053 ait
1602 4000 1885 4063 Dominus.

301 4096 366 4135 ea:
392 4083 815 4150 corruptibilibus
855 4086 1307 4157 incorruptibiles,
1341 4089 1484 4144 sicut
1529 4091 1704 4161 angeli
1732 4093 1804 4144 5":
1835 4102 1890 4148 et

301 4170 489 4225 mundi
557 4173 733 4226 modis
797 4174 1076 4240 omnibus,
1120 4191 1187 4229 ex
1240 4176 1538 4233 immundis
1598 4179 1883 4235 ellicimm‘.

300 4262 607 4316 Semiuatur
650 4264 831 4333 igitur,
860 4265 937 4319 ait
982 4266 1204 4332 Paulus,
1267 4268 1322 4321 in
1361 4271 1696 4339 corruptione
1716 4272 1797 4336 “;
1841 4273 1886 4327 si

1991 3096 2078 3141 tur
2106 3088 2222 3142 dies
2250 3087 2631 3158 quadraginta,
2658 3086 2711 3140 in
2743 3086 2941 3155 quibus
2975 3099 3111 3154 puer
3138 3085 3420 3139 formatur.
3454 3083 3578 3153 Ipsa

1989 3177 2192 3246 quippe
2240 3176 2417 3247 imago
2468 3176 2586 3243 Dei,
2645 3176 2927 3229 mundatio
2969 3184 3053 3230 est.
3093 3184 3302 3229 natura!
3348 3183 3579 3237 nostrae,

1990 3267 2237 3336 quamvis
2260 3265 2425 3320 fuerit
2458 3265 2758 3320 sordidata.
2798 3264 2938 3336 Ergo
2975 3280 3313 3335 nequaquam
3364 3265 3581 3336 ingredi

1991 3358 2046 3410 in
2082 3358 2411 3422 sanctuario,
2442 3372 2545 3412 nec
2572 3372 2736 3411 omne
2763 3365 3009 3411 sanctum
3044 3365 3264 3425 tangere
3318 3355 3583 3426 pratccpti

1992 3450 2293 3515 fueramus,
2355 3448 2462 3507 nisi
2510 3450 2688 3519 imago
2756 3448 2850 3502 Dei
2917 3448 3089 3504 semel
3141 3447 3339 3502 donata
3389 3456 3583 3502 nostro

1993 3542 2202 3611 generi,
2256 3548 2573 3595 sanctorum
2627 3540 2785 3595 nobis
2845 3539 3193 3609 praestitisset
3246 3539 3576 3609 ingressum.

1994 3632 2222 3701 Propter
2274 3647 2436 3701 quam
2480 3630 2795 3686 salvandam
2837 3631 2951 3701 ipse
2987 3646 3207 3700 quoque
3257 3630 3579 3683 incarnatus

1993 3731 2076 3776 est
2103 3722 2384 3786 Dominus,
2426 3736 2581 3775 suam
2616 3720 2907 3792 imaginem
2968 3721 3181 3774 salvare
3214 3718 3420 3773 volens.
3465 3720 3579 3774 Sed

1993 3812 2045 3864 in
2107 3811 2464 3883 quadraginta
2523 3811 2716 3867 diebus
2767 3812 2833 3865 ad
2881 3811 3080 3866 caelum
3149 3826 3270 3865 eam
3334 3808 3572 3874 sustulit,

1992 3904 2294 3959 secundum
2314 3904 2459 3975 quod
2485 3920 2605 3958 eam
2633 3904 2915 3960 hominem
2968 3905 3264 3973 plasmans,
3302 3903 3353 3955 in
3414 3901 3576 3956 vulva

1992 3996 2180 4061 donat,
2211 4004 2266 4048 et
2291 4005 2423 4050 tunc
2457 3997 2523 4050 ad
2555 4011 2746 4051 verum
2793 3995 3167 4050 sanctuarium
3228 4004 3418 4049 natura
3473 4009 3578 4048 no—

1994 4101 2104 4144 stra
2132 4088 2451 4158 ingreditur.
2487 4090 2689 4158 Aperte
2725 4095 2905 4142 autem
2935 4089 3053 4143 haec
3074 4089 3370 4157 probantur
3395 4101 3492 4157 per
3510 4103 3576 4141 ea

1992 4193 2112 4248 qua:
2166 4178 2233 4232 de
2277 4194 2477 4248 genere
2537 4177 2777 4231 femineo
2836 4178 3181 4232 sanciuntur.
3241 4175 3379 4242 Quia
3427 4177 3574 4230 enim

1991 4270 2320 4341 octogesima
2350 4271 2439 4325 die
2469 4270 2691 4325 formari
2735 4270 2794 4323 in
2838 4278 2994 4323 utero
3040 4267 3255 4323 feminae
3294 4253 3597 4330 dicuntum-

298 4352 464 4422 igitur
502 4357 557 4408 in
596 4360 950 4425 corruptione
1012 4358 1317 4412 seminatur
1374 4376 1576 4430 corpus
1621 4362 1876 4429 animale,
1916 4390 1956 4444 υ
1988 4362 2327 4416 tantumdem
2358 4377 2647 4416 numerum
2679 4363 2747 4415 ad
2772 4361 3148 4430 imple-tionem
3185 4359 3398 4414 dierum
3424 4360 3576 4428 puri-

300 4443 472 4515 surgit
502 4460 704 4515 corpus
723 4446 999 4516 spiritale;
1035 4464 1165 4520 ergo
1194 4449 1287 4504 hic
1307 4459 1390 4504 est
1410 4451 1604 4505 modus
1659 4461 1882 4522 prepter

298 4551 460 4606 quem
486 4535 751 4591 infantem
774 4549 968 4593 octavo
1001 4540 1089 4595 dic
1126 4541 1282 4611 jubet
1339 4542 1676 4598 circumcidi.
1708 4544 1875 4599 Incir-

300 4627 602 4682 cumcisum
628 4638 813 4684 autem
849 4632 1032 4701 perire
1088 4634 1155 4687 de
1208 4634 1410 4705 populo
1465 4652 1565 4691 suo
1616 4637 1877 4703 ostendit,

297 4717 425 4786 quia
452 4724 579 4772 ante
605 4716 1100 4789 circumcisionem,
1128 4724 1546 4780 abominabilem
1576 4727 1739 4782 habet
1759 4744 1880 4783 car-

297 4821 424 4861 nem
456 4815 512 4862 et
548 4807 908 4877 immundam,
950 4821 1171 4883 propter
1221 4830 1415 4870 causas
1443 4816 1696 4872 videlicet
1743 4833 1881 4887 quas

298 4899 554 4971 superius
577 4900 834 4958 diximus.
864 4902 1159 4960 Mundatur
1203 4915 1385 4962 autem
1439 4924 1538 4979 per
1590 4910 1881 4966 circumci-

297 4990 532 5057 sionem,
567 5007 689 5061 qua:
730 4991 1021 5065 imaginem
1066 4997 1206 5067 gerit
1258 5000 1677 5056 resurrectionis
1734 5018 1882 5055 mor-

299 5093 535 5137 tuorum.
554 5082 686 5139 Illud
711 5096 894 5141 autem
925 5087 1092 5143 nimis
1117 5091 1594 5159 qumrcndumest,
1615 5095 1881 5164 quamob-

304 5188 422 5227 rem
486 5174 806 5233 circumcidi
869 5180 958 5235 lex
1029 5181 1615 5252 praecipienshipsius
1660 5186 1878 5256 quidem

297 5264 698 5323 immunditiam
725 5279 886 5336 tacet,
926 5281 1154 5327 matrem
1183 5282 1364 5328 autem
1400 5274 1734 5331 immundam
1758 5293 1879 5332 esse

299 5350 452 5417 dicit,
494 5369 666 5424 usque
692 5358 760 5412 ad
780 5358 928 5415 diem
980 5361 1033 5415 in
1062 5378 1170 5432 quo
1209 5363 1389 5417 infans
1424 5365 1873 5421 circumciditur:

297 5450 490 5497 octavo
550 5446 752 5517 quippe
804 5453 1062 5522 praecepit
1127 5455 1214 5509 die
1271 5455 1612 5522 circumcidi,
1669 5468 1876 5528 septem

370 5636 414 5668 “
465 5638 602 5695 Gen.
634 5659 708 5711 tv,
744 5645 788 5699 Ι.

1989 4452 2259 4507 licationis
2284 4467 2496 4521 earum,
2531 4466 2652 4523 quae
2680 4464 2871 4506 semen
2899 4450 3234 4521 suscipiunt,
3294 4449 3572 4521 prmcepit,

1988 4546 2064 4601 ait
2094 4544 2242 4600 enim
2282 4544 2392 4600 sic:

2058 4636 2116 4693 Si
2168 4637 2414 4703 feminam
2445 4636 2666 4706 peperit,
2720 4637 2994 4691 immunda
3023 4636 3120 4690 erit
3139 4635 3341 4688 duabus
3378 4633 3574 4687 hebdo-

1989 4730 2228 4784 madibus
2257 4746 2268 4780 :
2296 4730 2454 4800 juxta
2489 4732 2649 4783 ritum
2694 4732 2870 4798 [luxus
2931 4731 3203 4783 menstrui.

2004 4804 2017 4815 ’
2056 4821 2122 4877 Et
2177 4836 2300 4875 cum
2355 4830 2570 4891 oportet
2617 4822 3027 4890 quatuordecim
3082 4823 3298 4886 dicere,
3333 4838 3442 4876 non
3494 4821 3575 4877 sic

1982 4910 2161 4972 dicit,
2213 4909 2308 4964 sed
2379 4910 2593 4963 duabus
2654 4910 3108 4969 hebdomadibus.
3164 4911 3316 4977 juxta
3393 4912 3561 4965 ritum

1983 5000 2161 5056 fluxus
2200 5000 2487 5055 menstrui.
2512 5002 2742 5070 PrOpter
2766 5003 2909 5071 quod
2941 5001 3006 5055 ad
3040 5002 3191 5056 illum
3248 5018 3348 5057 nos
3401 5013 3576 5058 trans-

1991 5092 2157 5146 mittit
2212 5107 2456 5156 sensum,
2516 5092 2568 5147 id
2601 5103 2704 5157 est,
2731 5101 2791 5148 ut
2850 5094 2904 5147 iu
2956 5104 3164 5164 septem
3212 5096 3431 5165 quidem
3461 5095 3577 5150 die-

1987 5185 2090 5240 bus
2136 5201 2257 5240 esse
2286 5186 2579 5240 humanam
2628 5187 2793 5239 vitam
2822 5206 2835 5240 :
2861 5185 3037 5242 fluxus
3079 5197 3260 5242 autem
3308 5187 3576 5241 menstrui

1986 5276 2334 5331 aﬂlictionem
2385 5279 2523 5347 ejus,
2571 5287 2627 5333 et
2687 5278 2956 5342 dolorem,
2982 5288 3037 5333 et
3087 5279 3360 5333 miseriam
3410 5278 3575 5333 intel-

1985 5368 2236 5438 ligantus.
2260 5367 2402 5423 Dixit
2442 5379 2620 5423 autem
2661 5368 2873 5424 duabus
2921 5370 3353 5425 hebdomadibus
3404 5378 3572 5432 recte,

1988 5461 2112 5529 quia
2171 5460 2335 5529 duplo
2399 5477 2569 5529 genus
2621 5460 2885 5513 muliebre.
2945 5461 3227 5513 multatum
3305 5460 3573 5528 estzquia

888 5651 930 5679 δυ
961 5650 1101 5706 Ceu.
1136 5668 1214 5720 ut,
1259 5653 1340 5721 l7,
1389 5653 1469 5707 18.
1550 5655 1591 5685 ⁵⁷
1623 5652 1813 5710 Matth.
1849 5672 1881 5709 χ

2013 5658 2099 5712 50.
2178 5657 2413 5712 “itior.
2451 5674 2536 5721 xv,
2582 5658 2656 5711 Η..
2741 5660 2783 5690 ⁶⁹
2812 5659 2943 5713 Gen.
2985 5676 3020 5724 ι,
3047 5660 3135 5713 5i.
