4030 6240
430 330 537 397 925

1539 332 1620 394 IN
1659 331 2096 394 LEVITICUM-
2136 357 2205 370 -
2237 335 2386 397 LIB.
2425 335 2524 399 IV.

419 460 566 513 enim
616 463 673 510 et
720 451 890 508 Adam
950 448 1409 510 maledictioncm,
1470 447 1523 500 in
1555 447 1754 501 sudore
1799 447 1982 502 vultus
2017 454 2060 509 Α
2088 447 2230 517 quod
2269 462 2560 512 accusans,
2621 447 2717 503 sed
2758 448 2993 504 ‘matrem
3082 457 3334 509 naturam
3403 448 3680 523 appellat:

420 550 503 605 sui
556 546 891 602 manducans
938 557 1131 612 panem
1190 554 1373 593 suum.
1417 538 1591 592 Habet
1642 538 1806 592 etiam
1879 537 1993 606 ipsa

422 649 643 698 terram.
682 636 961 705 spinas.et
1001 630 1223 685 tribulos
1263 628 1679 699 germinantem,
1711 640 1831 694 qua:
1873 640 1997 678 eum

422 748 485 785 ex
545 741 686 783 terra
742 735 859 780 orta
929 724 1018 787 sit,
1078 723 1131 775 in
1180 730 1381 774 terram
1467 718 1775 773 revertitur.
1828 715 2002 769 [labet

423 821 585 875 etiam
614 833 828 888 plenam
876 813 1167 885 specialem
1208 829 1223 865 :
1265 810 1328 864 In
1351 809 1568 862 tristitia
1617 807 1792 877 paries
1842 806 2000 875 ﬁlios,

424 922 471 967 et
518 918 587 965 ad
630 914 802 965 uirum
846 920 994 961 tuum
1053 904 1316 959 conversio
1362 911 1472 965 tito,
1537 909 1583 953 et
1632 902 1743 969 ipse
1787 901 1864 952 tui
1911 901 2004 952 do-

424 1004 707 1058 minabitur
726 1000 793 1054 το.
836 999 902 1053 Et
944 1006 1229 1067 propterea
1272 994 1502 1053 duabus,
1550 991 1748 1059 inquit,
1798 990 2006 1045 hebdo-

424 1094 671 1149 madibus
720 1089 995 1145 immunda
1043 1087 1168 1150 erit,
1210 1086 1361 1155 juxta
1408 1085 1571 1137 ritum
1621 1082 1799 1136 fluxus
1852 1097 2009 1136 men-

428 1182 896 1252 strui.Sexaginta
925 1187 1104 1234 autem
1136 1186 1191 1232 et
1237 1191 1332 1230 sex
1379 1176 1570 1231 diebus
1627 1177 1681 1228 iu
1745 1174 2009 1243 sanguine

425 1274 648 1337 mundo,
702 1273 754 1326 id
780 1282 881 1334 est,
911 1271 970 1323 in
1000 1269 1377 1339 puriﬁcatione
1427 1266 1657 1330 sedebit,
1688 1276 1873 1319 saneta
1903 1280 2010 1317 non

427 1374 651 1433 tangens
678 1405 692 1428 ,
725 1377 897 1429 usque
954 1361 1081 1414 dum
1116 1359 1493 1428 compleantur
1542 1357 1659 1411 dies
1712 1357 2008 1424 octoginta.

425 1451 666 1515 Quatuor
692 1448 838 1501 enim
860 1457 916 1501 et
958 1447 1167 1507 decem,
1201 1460 1365 1515 super
1400 1443 1677 1513 sexaginta
1697 1458 1788 1497 sex
1810 1441 2010 1505 addita,

425 1544 701 1611 octoginta
730 1541 941 1594 faciunt
968 1540 1056 1600 .in
1091 1539 1291 1608 quibus
1327 1537 1529 1591 femina
1563 1538 1846 1591 formatur.
1878 1534 2014 1604 Ergo

428 1637 546 1687 sine
613 1633 791 1701 aliqua
849 1630 1189 1684 dubitatione
1254 1630 1528 1699 legislator
1568 1627 1824 1687 ostendit.
1890 1627 2015 1695 quia

424 1723 767 1779 immundun
823 1721 1025 1775 factum
1072 1720 1362 1774 maledicto
1404 1728 1651 1773 nostrum
1676 1733 1864 1789 genus,
1913 1734 2013 1771 ne-

2099 536 2496 589 immunditiam
2543 537 2746 605 peccati
2787 538 2915 591 Adze
2943 546 2998 591 et
3032 536 3159 591 Eva!
3205 537 3260 590 in
3304 552 3467 592 omne
3508 550 3684 607 genus

2102 636 2347 680 nostrum
2375 627 2718 681 descendisse
2734 627 3064 697 signiﬁcans.
3083 628 3146 683 Et
3175 639 3463 699 propterea
3500 642 3682 698 quan-

2103 716 2173 771 do
2227 717 2480 785 completi
2512 716 2733 771 fuerunt
2760 717 2877 771 dies
2920 718 3332 787 puriﬁcationis,
3384 718 3687 772 secundum

2107 807 2422 876 praedictum
2464 808 2706 870 modum,
2765 809 3091 863 sacriﬁcium
3148 825 3249 879 pro
3269 820 3495 880 peccato
3533 808 3692 878 jubet

2108 898 2309 951 oﬂ‘erri.
2340 897 2476 963 Quia
2527 907 2582 952 et
2623 914 2822 968 agnum
2861 900 3177 953 anniculam
3223 901 3278 954 in
3310 899 3691 955 holocaustum

2109 996 2240 1041 tunc
2278 988 2541 1042 immolari
2599 989 2876 1057 praecepit,
2929 990 3213 1044 evidenter
3248 991 3378 1044 illud
3425 990 3691 1056 ostendit,

2109 1088 2163 1132 et
2190 1080 2453 1149 approbat
2483 1080 2872 1147 consideranti,
2933 1083 3059 1151 quia
3121 1082 3212 1137 Dei
3277 1083 3455 1153 imago
3509 1082 3692 1152 perfe-

2111 1171 2344 1224 ctionem
2393 1171 2575 1239 generi
2615 1181 2803 1227 nostro
2859 1173 3068 1228 tribuit.
3125 1173 3261 1228 Nam
3313 1173 3691 1228 formationem

2110 1262 2329 1329 quidem
2361 1262 2477 1316 dies
2515 1265 2810 1318 ostendunt
2861 1265 3251 1331 mundationis,
3303 1266 3693 1335 perfectionem

2114 1362 2294 1406 autem
2341 1354 2661 1409 sacriﬁcium
2708 1356 3032 1410 liolocausti.
3060 1357 3404 1411 Manifestum
3424 1365 3506 1410 est
3524 1356 3694 1422 enim,

2117 1446 2240 1513 quia
2270 1445 2532 1515 integram
2567 1455 2619 1500 et
2656 1447 2950 1516 perfectam
2977 1448 3450 1503 conversationem
3478 1447 3696 1501 denun-

2122 1537 2213 1589 tiat
2242 1537 2631 1590 liolocauStum.
2678 1538 2782 1591 Sed
2827 1548 2882 1591 et
2924 1554 3118 1608 agnum
3151 1538 3461 1592 anniculam
3505 1538 3698 1590 imma-

2121 1630 2358 1681 calatum
2403 1629 2668 1684 sacriﬁcio
2707 1631 3004 1699 deputavit,
3034 1647 3098 1684 ex
3122 1642 3352 1701 utroque
3402 1633 3696 1703 designans

2120 1718 2530 1787 perfectionem.
2556 1720 2695 1785 Quid
2724 1721 2869 1773 enim
2933 1730 3015 1775 est
3083 1737 3300 1790 agnum,
3357 1731 3446 1775 aut
3494 1722 3694 1790 aliquid

428 1829 697 1884 quaquam
749 1813 979 1867 intraret
1031 1813 1085 1866 in
1134 1813 1359 1872 sanctis.
1420 1812 1524 1867 nisi
1577 1827 1676 1881 per
1724 1810 2011 1881 imaginem
2048 1800 2085 1852 Β
2116 1811 2221 1864 tale
2280 1811 2425 1866 aliud
2486 1812 2541 1865 iu
2608 1811 2917 1875 sacriﬁcio,~
2961 1813 3100 1865 forte
3144 1827 3253 1864 non
3326 1811 3695 1865 invenientem

432 1902 542 1964 Dei,
588 1917 747 1970 quam
780 1901 948 1954 semel
992 1901 1242 1953 sortitum
1302 1908 1405 1963 est,
1463 1908 1515 1953 et
1570 1909 1859 1968 propterea
1918 1913 2010 1951 su-

394 1995 724 2064 .scipientes
765 2004 951 2047 semen
1006 1992 1280 2050 mulieres.
1325 1990 1867 2045 diebusformationis
1918 2005 2016 2058 pa-

428 2080 741 2134 riendarum
795 2079 1163 2148 parvulorum,
1200 2081 1267 2134 de
1310 2080 1512 2134 sanctis
1546 2087 1817 2133 vetantur.
1861 2078 2016 2144 Quod

429 2170 472 2223 si
506 2170 640 2226 dicis
665 2187 677 2221 :
703 2168 1065 2235 Quamobrem
1094 2183 1206 2223 non
1250 2169 1419 2239 magis
1441 2169 1497 2221 in
1527 2179 1683 2223 utero
1734 2168 2014 2231 habentes,

429 2261 623 2315 diebus
664 2259 1026 2323 formationis,
1064 2260 1133 2314 de
1164 2261 1368 2315 sanctis
1404 2269 1607 2314 matres
1632 2260 2017 2325 prohibentur?

430 2352 630 2406 frustra
665 2353 769 2405 hoc
800 2352 1102 2423 interrogas
1134 2369 1146 2405 :
1179 2352 1446 2406 incertum
1491 2359 1578 2405 est
1608 2351 1756 2404 enim
1790 2352 1862 2417 ei,
1895 2368 2017 2421 qua:

431 2442 648 2508 gravida
698 2450 801 2507 est,
828 2451 1010 2496 utrum
1061 2458 1266 2496 marem
1309 2457 1408 2495 seu
1458 2442 1726 2495 feminam.
1778 2443 2017 2511 paritura

432 2541 534 2586 est:
574 2542 629 2587 et
660 2532 805 2586 unde
838 2532 1182 2587 manifestum
1212 2548 1331 2587 esse
1367 2541 1581 2602 poterat
1611 2534 2017 2602 quotquotdie-

431 2620 533 2673 bus
567 2620 850 2688 oportebat
879 2635 996 2674 eam
1023 2621 1091 2675 de
1123 2621 1326 2675 sanctis
1343 2622 1632 2690 prohibere
1658 2622 1681 2674 ?
1718 2622 1856 2693 Ergo
1901 2639 2018 2677 ma-

432 2712 626 2767 nifesta
657 2720 740 2767 est
772 2728 930 2768 causa
961 2728 1060 2782 pro
1088 2728 1195 2782 qua
1225 2714 1340 2768 base
1370 2714 1648 2785 legislator
1680 2714 1738 2769 in
1768 2715 1873 2770 illis
1906 2715 2014 2770 dis~

430 2802 640 2871 posuit.

501 2892 663 2949 Vens.
679 2895 792 2949 6-8.
818 2914 835 2947 ι
859 2895 1100 2966 Curaque
1115 2896 1311 2967 expleti
1328 2897 1531 2952 fuerint
1555 2898 1669 2952 dies
1686 2897 2020 2968 puriﬁcatio-

432 2984 518 3038 nis
533 2986 929 3055 ejus.protilio,
971 2987 1083 3043 sive
1118 3003 1216 3057 pro
1248 2988 1375 3053 ﬁlia,
1404 2988 1614 3044 deferat
1636 3005 1833 3060 agnum
1862 2989 2020 3043 anni-

434 3073 616 3127 culum
650 3074 1120 3141 inbolocaustum,
1143 3086 1199 3132 et
1232 3078 1437 3147 pullum
1471 3078 1885 3155 columbre,sive
1907 3088 2020 3133 tur-

435 3173 610 3218 turem
629 3181 727 3234 pro
754 3175 997 3235 peccato,
1017 3168 1084 3221 ad
1105 3168 1302 3222 ostium
1322 3169 1658 3224 tabernaculi
1696 3170 2015 3234 testimonii,

435 3264 490 3309 et
531 3257 705 3311 tradat
743 3258 1032 3335 sacerdoti,
1074 3260 1166 3328 qui
1205 3260 1399 3315 offerat
1437 3261 1524 3315 illa
1543 3276 1724 3316 coram
1764 3262 2016 3326 Domino,

435 3355 494 3398 et
529 3355 680 3417 roget
720 3363 821 3416 pro
855 3364 939 3416 ea,
965 3358 1019 3405 et
1040 3351 1119 3405 sic
1146 3352 1501 3406 mandabitur
1536 3368 1566 3406 a
1594 3352 1862 3423 proﬂuvio
1895 3369 2019 3408 san-

434 3438 617 3505 guinis
675 3438 782 3493 sui.
848 3438 953 3494 Ista
996 3449 1079 3496 est
1135 3442 1218 3497 lex
1280 3444 1541 3512 parientis
1592 3445 1916 3509 masculum,
1947 3461 2015 3500 ac

435 3527 711 3583 lennrinam.
744 3530 901 3595 Quod
956 3531 1004 3586 si
1047 3548 1158 3587 non
1209 3534 1479 3588 invenerit
1520 3550 1713 3588 manus
1742 3536 1883 3604 ejus,
1912 3552 2016 3591 nec

434 3618 634 3686 poterit
676 3620 873 3675 offerre
894 3637 1115 3691 agnum,
1149 3633 1328 3677 sumat
1373 3625 1510 3678 duos
1566 3633 1804 3679 turtures
1841 3627 2015 3696 pullos

434 3708 720 3776 columbae,
757 3713 1027 3769 unum.in
1075 3713 1452 3768 holocaustum
1498 3755 1512 3778 ,
1553 3728 1607 3769 et
1634 3716 1862 3770 alterum
1919 3731 2018 3786 pro

438 3808 679 3867 peccato,
723 3802 1005 3871 orabitque
1058 3818 1158 3871 pro
1209 3819 1273 3858 eo
1316 3805 1591 3867 sacerdos,
1625 3814 1679 3859 et
1728 3805 1807 3859 sic
1857 3821 2018 3859 mun-

438 3890 671 3945 dabitur.
684 3910 703 3944 ι

500 3980 693 4035 Totam
739 3984 825 4037 hic
875 3984 1233 4040 intentionem
1271 4002 1422 4040 suam
1481 3985 1752 4058 legislator
1776 3989 2013 4058 aperuit,

438 4072 563 4139 quia
594 4073 948 4141 pollutionem
980 4092 1101 4130 non-
1133 4086 1313 4131 motus
1340 4078 1615 4133 naturales
1653 4079 1859 4134 faciunt
1883 4097 1896 4134 :
1920 4082 2016 4136 sed

441 4166 746 4223 peccatum.
792 4159 859 4213 de
901 4174 1011 4229 quo
1080 4159 1249 4215 David
1307 4161 1523 4215 dicebat
1558 4179 1570 4214 :
1608 4162 1740 4215 Ecce
1794 4163 1930 4215 enim
1963 4165 2019 4216 in

438 4247 804 4316 iniquitatibus
869 4261 1142 4321 conceptus
1193 4270 1330 4318 sunt,
1359 4262 1406 4306 et
1464 4253 1520 4306 in
1559 4254 1761 4307 delictis
1822 4257 2018 4324 peperit

440 4354 521 4391 me
575 4352 743 4395 mater
773 4360 889 4397 mea
929 4346 995 4397 ⁷³.
1036 4346 1155 4400 Non
1197 4361 1310 4401 sua:
1364 4346 1554 4400 matris
1600 4355 1882 4416 peccatum
1922 4347 2023 4400 ali-

1389 4546 1735 4556 ——————.—_

2119 1904 2447 1966 columbam,
2486 1913 2580 1957 aut
2621 1912 2912 1968 turturem,
2947 1904 3169 1967 offerre,
3197 1911 3249 1957 ct
3275 1903 3451 1958 curad
3493 1905 3694 1956 ostium

2120 1998 2447 2053 tabernaculi
2483 1999 2801 2065 testimonii,
2851 1999 2916 2054 ad
2964 2000 3299 2054 sacerdotem
3369 2000 3693 2054 sacriﬁcium

2117 2094 2354 2156 ducitur,
2394 2103 2449 2148 et
2482 2095 2753 2163 quomodo
2796 2101 2922 2146 ante
2949 2093 3237 2146 Dominum
3281 2091 3530 2152 offertur.
3558 2109 3697 2161 quo-

2118 2184 2279 2237 modo
2312 2184 2476 2237 etiam
2528 2183 2844 2254 propitiatio
2897 2199 2992 2252 per
3028 2182 3360 2236 sacerdotem
3421 2182 3698 2236 obtinetur

2118 2274 2397 2346 etagitur,
2464 2275 2516 2327 in
2581 2275 2772 2328 multis
2823 2273 3106 2328 sacriﬁciis
3164 2274 3370 2329 dictum
3430 2281 3532 2339 est,
3577 2288 3699 2342 qua:

2119 2382 2217 2436 pro
2293 2366 2528 2435 peccatis
2588 2366 2908 2419 oﬁeruntttr.
2970 2366 3076 2419 Sed
3153 2364 3241 2418 hic
3303 2374 3523 2434 propter
3597 2364 3700 2418 hoc

2120 2455 2335 2510 interim
2398 2457 2720 2527 legislatoris
2784 2457 3103 2527 sapientiam
3156 2456 3511 2526 obstupesee,
3573 2455 3699 2524 quia

2119 2548 2337 2602 evenire
2417 2557 2629 2618 poterat
2699 2558 2756 2603 ut
2828 2550 3110 2603 studentes
3170 2549 3339 2618 legem
3414 2547 3696 2601 dicerent:

2119 2635 2275 2702 Quali
2311 2637 2693 2707 deprecatione
2727 2638 2945 2708 pariens
2986 2636 3244 2690 infantem
3276 2650 3412 2704 Opus
3444 2635 3699 2698 habebat,

2120 2746 2239 2808 quae
2283 2731 2395 2799 ipsa
2426 2746 2533 2785 non
2568 2730 2845 2800 peccavit?
2881 2745 2987 2783 non
3018 2728 3162 2783 etiim
3207 2744 3271 2782 ex
3323 2726 3699 2792 fornicatione,

2120 2824 2215 2879 sed
2256 2825 2322 2879 de
2374 2824 2575 2894 nuptiis
2595 2822 2887 2895 generavit.
2932 2820 3278 2891 Interpretari
3320 2819 3701 2874 necessitatem

2120 2921 2283 2991 hujus
2323 2920 2720 2991 deprecationis
2764 2920 2969 2981 volens,
3021 2918 3225 2973 addidit
3258 2935 3271 2972 :

2191 3012 2258 3067 Et
2285 3013 2553 3066 mundabit
2583 2996 2700 3065 eum
2741 3028 2772 3065 a
2823 3008 3367 3080 proﬂuviosanguiuis
3413 3008 3516 3061 sui.
3559 3005 3702 3059 Pro-

2121 3104 2345 3159 fluvium
2416 3103 2715 3174 sanguinis,
2766 3102 3187 3158 inobedientiam
3266 3100 3505 3154 dicens:
3556 3098 3741 3171 unde.

2121 3194 2480 3257 immunditia,
2532 3204 2589 3249 ct
2644 3209 2800 3262 pmna
2846 3194 2965 3262 ejus
3005 3193 3088 3246 'in
3135 3200 3307 3246 totum
3376 3204 3547 3260 genus
3599 3189 3704 3244 bu-

2120 3302 2339 3341 manum
2378 3284 2557 3349 ﬂuxit,
2594 3301 2756 3356 quam
2786 3293 2841 3340 et
2885 3300 2988 3340 nos
3043 3286 3395 3354 deponamus,
3440 3282 3702 3336 sacriﬁcia
3736 3344 3757 3351 κ

2116 3394 2216 3449 pro
2249 3378 2406 3434 nobis
2438 3395 2559 3448 qua:
2614 3379 2754 3433 dicta
2794 3388 2943 3442 sunt,
2967 3378 3257 3432 offerentes
3286 3395 3298 3430 :
3336 3376 3472 3430 duos
3526 3384 3704 3429 tortu.

2116 3486 2205 3525 res
2240 3481 2334 3525 aut
2389 3471 2524 3525 duos
2554 3470 2727 3540 pullos
2773 3471 3168 3534 columbarum,
3208 3468 3343 3539 legis
3396 3467 3704 3522 meditatio-

2123 3577 2248 3617 nem
2289 3562 2935 3632 contemplationemque.
2997 3570 3051 3616 et
3092 3561 3396 3626 scientiam,
3446 3560 3560 3613 sive
3613 3575 3708 3612 co-

2123 3654 2421 3724 gnitionem
2454 3672 2467 3708 :
2498 3655 2689 3708 borum
2736 3653 2879 3707 enim
2930 3652 3130 3706 habere
3171 3651 3395 3720 ﬁguram
3446 3649 3705 3718 prmdieta

2125 3744 2374 3798 animalia
2409 3746 2836 3799 demonstratum
2865 3754 2966 3798 est.
3000 3744 3137 3809 Quia
3167 3751 3347 3795 autem
3378 3739 3705 3808 negligentia

2124 3834 2259 3903 legis
2310 3834 2703 3888 immunditiam
2741 3834 3049 3887 hominibus
3084 3830 3402 3890 introduxit,
3426 3827 3705 3882 meditatio

2125 3933 2180 3976 et
2220 3922 2447 3977 scientia
2497 3939 2597 3991 per
2627 3938 2787 3991 quam
2816 3922 3101 3976 manifeste
3122 3919 3393 3973 correctio
3427 3916 3698 3985 provenit,

2120 4013 2384 4066 mundare
2430 4013 2767 4081 liberamque
2817 4027 2918 4065 nos
2979 4011 3047 4065 ab
3096 4010 3240 4063 illata
3286 4008 3491 4076 pridem
3543 4023 3702 4076 poma

2123 4103 2339 4173 poterit,
2389 4104 2445 4157 in
2467 4103 2683 4159 Christo
2714 4103 2842 4158 Jesu
2874 4103 3101 4157 Domino
3136 4110 3345 4162 nostro,
3411 4114 3505 4168 per
3538 4113 3704 4168 quem

2120 4204 2175 4249 et
2205 4211 2329 4249 cum
2365 4211 2474 4265 quo
2502 4196 2671 4266 gloria
2702 4194 2870 4261 Patri,
2898 4202 2954 4249 et
3004 4194 3161 4260 Filio,
3190 4191 3489 4261 etSpiritui
3511 4199 3707 4247 saneto

2124 4285 2179 4339 in
2214 4286 2407 4341 saecula
2451 4286 2794 4341 saeculorum.
2851 4286 3046 4340 Amen.

506 4536 1369 4555 3’:—-L———-——___—..A

1539 4735 1895 4824 LIBER
2002 4737 2583 4842 QUARTUS.

1020 5094 1442 5159 ΡΒΑΕΕΑΤΙΟ.

511 5194 978 5262 importunitatem
1026 5194 1140 5248 ﬁeri
1180 5195 1422 5267 plerique
1491 5197 1877 5253 festivitatibus
1905 5215 2008 5269 pu-

446 5294 580 5348 tant,
631 5286 722 5338 sed
759 5285 1011 5339 nesciunt
1047 5289 1192 5354 quod
1221 5302 1452 5355 summe,
1477 5290 1592 5344 sive
1634 5290 1873 5359 capitulo
1930 5290 2013 5344 fe-

439 5370 702 5425 stivitatis
744 5371 1107 5438 invideant,et
1148 5376 1214 5430 ad
1243 5376 1513 5433 deteriora
1539 5378 1860 5434 festivitates
1899 5387 2013 5434 tra-

442 5459 617 5512 hunt:
651 5474 757 5512 non
792 5460 971 5515 animo
994 5461 1213 5531 quippe,
1248 5467 1342 5519 sed
1380 5481 1605 5535 corpore
1638 5467 1857 5522 student
1882 5467 2018 5521 festa

444 5545 752 5603 celebrare:
786 5552 928 5605 unde
965 5567 1073 5605 non
1114 5555 1448 5626 negligenter
1484 5575 1545 5612 ea
1595 5560 1794 5624 dicere,
1838 5560 1931 5614 sed
1954 5577 2018 5613 ex

513 5745 559 5781 '°
592 5746 726 5805 Gen.
759 5765 840 5810 lit,
876 5751 960 5806 13.
1059 5757 1101 5788 ⁷³
1130 5754 1271 5811 Psal.
1300 5770 1350 5818 ι..
1378 5756 1429 5811 7.

2041 5104 2085 5159 D
2114 5117 2278 5170 opere
2335 5102 2611 5156 festinant.
2656 5099 2768 5153 Hoc
2809 5099 2969 5154 etiam
3017 5107 3316 5171 patiuntur,
3362 5099 3456 5169 qui
3506 5099 3699 5168 ianuas

2114 5194 2168 5248 iu
2215 5194 2303 5248 die
2338 5194 2649 5262 nuptiarum
2710 5192 3022 5247 cantoribus
3067 5202 3157 5246 aut
3199 5189 3512 5246 citharoedis
3551 5189 3699 5242 clau-

2118 5292 2327 5348 serunt,
2391 5282 2481 5351 qui
2541 5282 2754 5352 plausu,
2804 5291 2858 5336 et
2902 5296 3230 5353 organorum
3270 5289 3455 5344 cantu,
3489 5279 3698 5347 lampa-

2119 5374 2382 5442 dibnsque
2415 5372 2746 5442 nuptialibus
2808 5372 3061 5428 destituta
3115 5370 3386 5439 sponsalia
3443 5380 3696 5439 carpenta

2123 5464 2473 5533 praemittunt,
2543 5463 2741 5534 quique
2815 5480 2874 5517 se
2925 5461 3129 5516 amicos
3195 5461 3381 5531 sponsi
3432 5461 3694 5525 dicentes,

2125 5560 2374 5615 cursibus
2417 5560 2602 5625 sacris,
2637 5570 2691 5614 et
2715 5559 2877 5625 tubis,
2928 5558 3074 5613 cultu
3102 5559 3425 5613 festivitates
3458 5558 3695 5629 privarit,
