4044 6224
420 295 586 363 997'

1612 307 1973 371 HESYCHII
2018 308 2490 373 PRESBYTERI
2564 374 2567 377 .

3582 315 3692 380 928

416 422 539 479 quae
594 407 693 464 sibi
746 408 1011 476 exhiberi,
1065 418 1119 466 et
1156 411 1364 481 nuptiis
1401 426 1637 483 sponsae,
1675 426 1862 488 utpote
1902 417 1990 473 cui
2021 427 2064 477 Α
2092 418 2193 485 dit,
2244 420 2339 474 sed
2396 430 2451 475 et
2490 435 2652 476 sanos
2695 422 2751 475 in
2793 421 3004 477 fervore
3053 419 3419 492 aegritudinis,
3462 426 3517 473 et
3545 431 3689 474 saeva

416 501 709 556 favendum
750 512 888 567 erat,
937 517 1060 556 cum
1110 503 1254 557 domi
1305 506 1684 576 susciperetur
1710 550 1724 574 ,
1764 518 2000 579 optaret.

416 590 521 645 Sed
583 590 834 646 Christus
891 607 1002 646 non
1060 593 1171 647 ita:
1232 610 1360 650 nam
1421 598 1688 653 exsisteus
1729 598 1997 665 Verbum,

413 670 1015 752 festivitates'implicat
1037 684 1273 754 eloquio.
1307 687 1372 741 Et
1407 686 1498 741 alii
1534 688 1752 756 quidem
1778 689 1998 755 vitulos,

411 780 509 827 aut
547 773 714 828 boves
760 816 774 835 .
829 785 922 829 aut
974 791 1123 842 oves,
1175 778 1392 845 arietes,
1444 780 1643 845 hircos,
1690 789 1743 835 et
1786 798 1996 850 capras,

414 871 674 932 turtures,
707 875 801 920 aut
827 868 1137 923 columbas:
1177 870 1268 940 qui
1314 880 1495 925 autem
1537 872 1653 928 haec
1682 888 1791 927 non
1830 874 2000 930 hahe-

413 950 565 1017 bant,
599 955 861 1020 crustula,
899 962 952 1009 et
972 956 1180 1025 lagana,
1242 967 1299 1012 et
1339 960 1575 1015 similam
1607 978 1704 1032 pro
1733 965 1999 1020 sacriﬁcio

413 1042 481 1095 ad
531 1045 895 1099 sanctuariqu
963 1046 1285 1103 oti‘erchant.
1343 1050 1462 1119 lpse
1512 1062 1691 1108 autem
1733 1057 1994 1122 doctrina,

414 1124 554 1181 sicut
582 1130 890 1196 Oportebat,
938 1131 1142 1187 hostias
1187 1135 1446 1190 variabat.
1492 1137 1557 1191 Et
1591 1155 1736 1193 nunc
1757 1142 1995 1209 quidem,

413 1216 556 1271 sicut
607 1219 834 1272 vitulum
889 1223 1162 1276 novellum
1249 1242 1454 1281 cornua
1518 1229 1882 1297 proferentem
1944 1246 1999 1289 et

413 1310 663 1379 ungulas,
719 1327 817 1381 per
881 1314 1204 1385 theologiam
1265 1316 1503 1373 Verbum
1554 1322 1842 1385 ventilans,
1899 1326 1995 1380 ad-

413 1394 687 1447 versarios
754 1395 1085 1462 immolabat,
1163 1416 1309 1455 nunc
1357 1411 1540 1458 autem
1587 1420 1687 1474 pro
1750 1407 1996 1465 columba

414 1486 789 1541 mediatoriam
863 1488 1163 1544 doctrinam
1225 1493 1567 1561 explanabat,
1627 1506 1682 1550 et
1726 1513 1826 1567 pro
1880 1502 1995 1570 pari

416 1580 686 1627 turturum
747 1576 892 1646 leges
923 1576 1197 1633 indicebat
1262 1583 1457 1637 animae
1522 1587 1995 1656 contemplationis

410 1669 467 1715 et
510 1662 792 1717 castitatis.
853 1663 982 1718 Erat
1027 1677 1207 1722 autem
1256 1669 1371 1736 ipse
1437 1671 1580 1726 aries
1636 1674 1704 1728 ad
1786 1676 1997 1730 sacriﬁ-

409 1753 551 1806 cium
578 1768 847 1807 coronans
877 1756 1124 1811 laudibus
1152 1759 1348 1825 justos,
1382 1771 1436 1816 et
1464 1764 1645 1818 hircos
1680 1776 1994 1835 peccatores
2030 1749 2068 1801 Β

405 1859 472 1897 ex
512 1861 698 1899 errore
745 1848 1047 1904 venientes.
1104 1850 1199 1904 llis
1233 1867 1361 1921 ergo
1394 1865 1448 1909 et
1496 1871 1597 1910 nos
1638 1857 1990 1914 festivitatem

403 1943 685 1992 ornemus,
767 1929 887 1998 ipso
969 1932 1023 1985 in
1087 1934 1359 1989 sacriﬁcio
1428 1938 1684 2001 cultrum,
1754 1941 1990 2012 linguam

405 2008 659 2065 videlicet
718 2014 973 2080 praesenti
1019 2016 1260 2070 materiae
1336 2019 1428 2087 qui
1500 2008 1992 2090 immolavititalia

406 2109 665 2170 tantaque
712 2111 1016 2159 mutuante.
1074 2105 1168 2160 Est
1205 2116 1386 2162 autem
1434 2109 1555 2165 hzee
1609 2111 1781 2181 lepra,
1828 2130 1988 2184 quam

404 2188 615 2263 Moyses
656 2193 929 2264 legislator
966 2198 1263 2266 proposuit,
1321 2202 1578 2269 plurimas
1641 2205 1761 2274 ejus
1808 2207 1990 2276 profe-

404 2298 531 2336 rens
563 2285 796 2353 species,
822 2287 1170 2357 multiplicem
1193 2290 1357 2359 hujus
1387 2295 1702 2351 varietatem
1725 2299 1992 2367 passionis

402 2392 701 2446 exponens.
737 2395 840 2435 nec
873 2380 1046 2435 solum
1080 2382 1281 2452 lcpram
1309 2400 1427 2454 quae
1453 2385 1505 2440 in
1542 2387 1781 2454 homine,
1814 2391 1906 2446 sed
1939 2401 1991 2446 et

401 2484 523 2534 qua:
554 2469 608 2521 in
644 2469 803 2539 lignis
837 2482 891 2526 et
928 2473 980 2526 in
1002 2475 1169 2543 petris
1197 2485 1302 2539 est,
1332 2486 1501 2532 trama
1526 2495 1762 2550 quoque,
1797 2492 1850 2537 et
1881 2492 1991 2537 sta-

403 2558 571 2620 mine,
591 2567 645 2612 et
672 2560 922 2627 pellibus,
950 2562 1000 2615 in
1029 2564 1225 2632 quibus
1262 2570 1474 2637 operari
1503 2581 1699 2640 potest,
1724 2574 1817 2628 sed
1851 2584 1903 2628 et
1938 2576 1988 2630 in

400 2646 563 2698 domo
614 2645 847 2714 integra.
897 2648 1258 2721 similiterque
1299 2656 1647 2712 accedentem
1726 2662 1986 2725 vestibus,

400 2750 524 2789 cum
590 2735 642 2788 in
693 2738 843 2791 nulla
899 2739 1000 2792 alia
1027 2741 1129 2795 hoc
1183 2745 1506 2800 custodisset
1549 2750 1888 2818 :egritudine,
1935 2761 1994 2807 ut

401 2828 563 2881 etiam
617 2829 883 2899 pigriores
932 2830 1255 2902 intelligant,
1290 2836 1652 2905 legislatorem
1716 2842 1990 2912 quidpiam

399 2919 684 2973 sublimius
716 2920 933 2985 intueri,
990 2933 1151 2994 atque
1186 2925 1448 2993 divinius,
1492 2930 1793 3001 meliusque
1829 2949 1990 3001 quam

397 3010 590 3066 littcrze
651 3014 832 3081 prodit
892 3026 1166 3084 aspectus.
1232 3016 1338 3072 Sed
1427 3027 1482 3074 et
1536 3036 1658 3074 cum
1722 3024 1990 3082 sacerdoti

398 3103 699 3157 servaverit
745 3104 1132 3160 discretionem
1163 3126 1176 3161 :
1212 3123 1314 3162 nec
1344 3108 1488 3164 hanc
1527 3118 1686 3177 tacet,

397 3192 465 3246 ad
522 3191 663 3247 hanc
718 3202 845 3247 sunt
886 3198 1214 3262 necessaria,
1261 3214 1361 3267 per
1411 3201 1658 3256 ordinem
1708 3202 1987 3269 describit,

398 3290 459 3335 ut
511 3288 616 3335 tam
678 3281 855 3351 ipsum
908 3287 1200 3342 constituat
1247 3289 1490 3354 modum,
1538 3307 1647 3361 quo
1691 3293 1878 3348 volens
1923 3295 1991 3350 de

399 3373 485 3426 his
536 3372 781 3441 judicare
828 3375 1040 3441 debeat,
1090 3393 1250 3448 quam
1302 3381 1504 3451 absque
1552 3383 1858 3449 inimicitia,
1906 3386 1990 3441 vel

397 3462 579 3531 gratiae
629 3464 939 3533 suspicione
1000 3467 1051 3519 in
1109 3469 1314 3536 judicio
1349 3487 1671 3527 conservare
1713 3490 1860 3538 eum,
1900 3476 1987 3546 qui

398 3554 640 3610 incidere
695 3556 853 3611 facile
905 3558 956 3612 in
1011 3559 1322 3629 hujusmodi
1368 3572 1579 3632 poterat
1630 3566 1990 3622 existimatio-

394 3661 544 3709 nem,
585 3656 640 3702 et
690 3648 835 3704 hunc
882 3650 1099 3719 quidem
1148 3669 1247 3722 per
1310 3653 1651 3710 inimicitiam
1732 3657 1989 3723 retinere,

395 3739 559 3792 alium
620 3730 809 3795 autem
862 3744 1047 3814 gratiae
1085 3759 1250 3799 causa
1305 3761 1335 3800 a
1385 3748 1638 3816 passione
1695 3750 1989 3816 resolvere,

394 3839 451 3884 ct
507 3832 759 3886 amicitiae
811 3835 1177 3904 suspicionem
1225 3837 1374 3904 dare,
1431 3839 1532 3894 nisi
1573 3841 1714 3896 forte
1776 3843 1991 3913 planam

394 3923 463 3975 de
516 3923 594 3977 eis
643 3925 957 3994 protulisset
1000 3927 1193 3998 legem,
1247 3945 1382 3999 quos
1427 3942 1703 4001 oporteret
1751 3937 1991 4005 separari

393 4028 423 4065 a
458 4012 824 4080 tabernacolo,
865 4025 1053 4087 utpote
1113 4018 1203 4087 qui
1239 4019 1430 4075 morbo
1472 4030 1810 4078 tenerentur.
1843 4024 1995 4090 Quos

396 4111 577 4157 autem
644 4096 835 4160 rursus
905 4108 1254 4163 mundatosa
1299 4110 1573 4178 passione,
1628 4113 1848 4182 suscipi.
1903 4115 1995 4182 qui

396 4195 557 4249 etiam
596 4210 667 4249 ne
716 4196 833 4266 ipso
895 4197 1048 4251 initio
1082 4197 1224 4252 inter
1259 4198 1525 4268 leprosos,
1576 4211 1633 4254 ut
1679 4203 1745 4257 de
1800 4203 1998 4273 quibus

391 4284 593 4341 frustra
662 4288 899 4356 suspicio
973 4289 1153 4343 habita
1220 4290 1328 4353 sit,
1387 4294 1738 4361 computandi
1792 4306 1994 4359 essent,

395 4378 613 4446 quando
668 4378 735 4432 de
790 4394 857 4433 eo
884 4396 1004 4434 esse
1054 4380 1387 4436 dubietatem
1436 4384 1553 4452 lege
1624 4401 1840 4456 quoque
1889 4386 1993 4441 lata

396 4470 685 4540 contingit.
731 4470 798 4524 Et
839 4471 1004 4526 nimis
1047 4473 1540 4544 ohstupeseendum
1585 4484 1686 4540 est,
1730 4478 1995 4546 quemad-

395 4560 612 4614 modum
649 4578 773 4617 eum
831 4564 926 4632 qui
965 4564 1017 4616 in
1058 4572 1212 4634 parte
1254 4566 1504 4635 corporis
1555 4566 1763 4637 lepram
1808 4569 1990 4636 habet,

394 4651 541 4718 cjicit
590 4654 657 4707 de
688 4655 1058 4715 tabernaculo.
1112 4665 1169 4710 et
1206 4657 1384 4725 pientis
1435 4658 1636 4722 subdit,
1675 4674 1801 4713 eum
1865 4676 1998 4716 vero

392 4740 485 4810 qui
529 4749 641 4795 toto
686 4758 913 4813 corpore
967 4747 1186 4812 patitur,
1230 4747 1493 4801 mundum
1533 4749 1685 4815 dicit,
1715 4760 1770 4804 et
1813 4765 1999 4819 quem.

394 4832 686 4886 admodum
752 4834 796 4887 si
861 4834 997 4887 nihil
1041 4836 1266 4891 omnino
1317 4854 1511 4907 passus
1562 4840 1655 4904 sit,
1732 4842 1995 4912 praecepit

392 4925 645 4980 omnibus
700 4927 1018 4996 permisceri
1090 4930 1441 4999 prazjudicare
1473 4971 1487 4996 ,
1531 4932 1798 5002 siquidem
1855 4950 1989 5003 quo-

394 5018 692 5073 dammodo
739 5034 833 5074 eos
863 5019 956 5089 qui
1012 5036 1075 5075 ex
1111 5032 1262 5090 parte
1306 5022 1500 5094 leprosi
1551 5034 1700 5087 sunt,
1776 5026 1991 5080 videtur

390 5119 446 5163 et
470 5112 698 5167 suadere
726 5113 792 5167 ad
830 5128 938 5167 non
974 5115 1263 5178 orandum,
1297 5125 1355 5170 ut
1387 5116 1455 5171 ab
1483 5116 1706 5171 instanti
1754 5117 1990 5172 liberen-

393 5212 479 5256 tur
506 5204 782 5274 passione,
813 5205 908 5260 sed
964 5205 1134 5276 magis
1190 5216 1250 5260 ut
1294 5207 1570 5275 dcpascat.
1638 5210 1988 5279 exundclque

391 5297 570 5368 passio
594 5314 692 5367 per
714 5298 1030 5352 universum
1062 5314 1282 5365 corpus,
1312 5313 1435 5351 nam
1473 5298 1601 5354 illud
1628 5300 1845 5370 quidem
1873 5301 1983 5356 dis-

334 5416 346 5427 .
391 5389 699 5455 αρνιςιιίοηθ
718 5390 884 5445 multa
904 5397 1049 5460 eget,
1083 5398 1138 5443 et
1173 5389 1237 5443 ad
1272 5389 1812 5462 di~trictionemlegis
1836 5393 1982 5462 cogit

393 5480 729 5534 sacerdotem
778 5481 1135 5548 judicautcm.
1195 5481 1345 5534 Istud
1389 5491 1570 5536 autem
1621 5481 1976 5551 inculpabilcs

392 5568 720 5633 custodit,ct
749 5570 935 5625 beatos
964 5587 1027 5626 ex
1074 5570 1422 5625 multitudine.
1452 5572 1813 5641 periculorum
1848 5572 1972 5626 red-

498 5747 540 5779 "
575 5749 693 5803 Act.
735 5766 862 5817 mi,

2106 512 2591 580 comprehensione
2620 514 2887 583 passionis
2914 515 3175 569 ostendit.
3221 512 3328 567 Sed
3359 520 3573 581 tempus
3604 521 3693 565 est

2097 601 2211 670 jam
2249 602 2317 657 ad
2343 603 2505 658 verba
2529 603 2661 675 legis
2692 621 2938 676 pergere,
2972 606 3087 674 ipsa
3116 603 3261 659 enim
3295 603 3452 657 nobis
3481 601 3548 656 ad
3575 601 3690 656 sin-

2108 688 2229 757 gula
2259 690 2418 760 plane
2450 692 2707 747 exhibent
2751 709 2962 748 causas.
2991 694 3377 748 Verumtamen
3411 691 3690 747 auditores

2104 781 2233 834 illud
2266 790 2425 837 antea
2458 793 2851 850 contestamur,
2881 795 2940 840 ut
2965 786 3010 839 is
3039 786 3131 856 qui
3162 786 3372 840 discere
3390 784 3685 848 desiderat.

2102 872 2326 927 minime
2361 874 2727 943 indoctorum,
2764 878 2905 932 sicut
2934 893 3035 948 ego
3062 893 3202 941 sum,
3231 877 3374 930 dicta
3404 876 3686 945 despiciat.

2102 963 2288 1034 Neque
2316 967 2462 1020 enim
2496 969 2714 1038 propria
2743 969 2975 1024 dicimus
3009 981 3069 1025 ut
3094 969 3313 1024 fallaces
3342 983 3685 1030 accusernur.

2102 1057 2305 1127 Quippe
2334 1060 2533 1128 quibus
2562 1076 2726 1130 parva
2762 1061 2832 1116 de
2877 1061 3102 1131 proprio
3144 1057 3526 1117 ministrantur
3551 1077 3565 1114 :
3591 1058 3691 1113 Dei

2100 1155 2283 1203 autem
2309 1160 2411 1215 est,
2443 1151 2535 1220 qui
2561 1152 2652 1206 ubi
2696 1154 2812 1207 vult
2843 1153 3094 1222 inspirat,
3144 1162 3197 1208 ct
3225 1152 3317 1223 qui
3364 1152 3566 1221 pueris,
3602 1151 3686 1205 vel

2101 1240 2268 1310 pigris
2297 1243 2629 1309 hominibus,
2664 1245 2935 1314 nimisque
2965 1245 3252 1315 imperitis,
3294 1248 3500 1316 majora
3542 1258 3689 1313 saepe

2099 1347 2261 1401 quam
2292 1335 2574 1404 prophetis
2601 1335 2824 1389 revelat.
2850 1335 3005 1400 Quod
3032 1335 3381 1390 manifestum
3413 1342 3497 1390 est
3527 1350 3594 1389 ex
3619 1348 3686 1388 eo

2098 1427 2241 1493 quod
2271 1427 2504 1496 populus
2525 1427 2616 1481 ille
2643 1426 2829 1482 Jesum
2850 1443 3009 1497 super
3030 1427 3247 1482 asinum
3263 1428 3541 1483 sedentem
3564 1426 3683 1481 lau-

2098 1516 2254 1576 dans.
2284 1533 2474 1571 vocem
2521 1519 2724 1585 emisit,
2750 1535 2870 1589 quin
2906 1518 3140 1588 amplius
3174 1518 3325 1572 omni
3361 1518 3683 1588 prepbetica

2102 1609 2229 1663 tuha
2261 1610 2494 1664 notanda
2524 1609 2618 1664 sit.
2649 1611 2845 1680 Legem
2874 1618 3057 1665 autem
3086 1609 3349 1665 Ecclesiis
3376 1610 3431 1662 in
3457 1608 3686 1676 mystico

2100 1698 2401 1752 ministerio
2443 1698 2606 1752 latam
2659 1699 2810 1753 scitis
2857 1715 2954 1753 vos
3006 1698 3098 1768 qui
3135 1699 3352 1755 servitis
3389 1698 3682 1770 mysteriis,

2095 1790 2446 1857 quamobrem
2472 1804 2580 1843 non
2615 1799 2830 1859 oportet
2870 1789 3222 1860 profanorum
3258 1804 3423 1845 aures
3465 1790 3682 1844 onerari

2095 1880 2296 1938 verbis,
2324 1895 2556 1947 quorum
2586 1881 2870 1949 prophetis
2900 1896 3026 1950 pars
3058 1896 3168 1935 non
3195 1880 3381 1935 omnia
3406 1880 3680 1950 capienti-

2094 1970 2213 2030 bus.
2238 1971 2441 2025 credita
2462 1983 2576 2025 est:
2605 1970 2658 2024 iu
2689 1987 2799 2041 quo
2822 1981 2878 2025 et
2906 1987 3006 2042 ego
3028 1971 3195 2027 nimis
3223 1970 3483 2037 admiror,
3506 1979 3561 2026 et
3584 1986 3688 2041 pro

2094 2077 2288 2132 magno
2307 2061 2566 2117 miraculo
2584 2063 2728 2132 quod
2751 2063 2969 2126 accidit,
2999 2063 3174 2117 habeo
3196 2081 3211 2119 :
3236 2063 3367 2129 quia
3388 2063 3530 2132 quod
3558 2078 3688 2132 pro-

2096 2155 2312 2223 phetica
2347 2170 2597 2224 vox,quae
2622 2164 2748 2210 ante
2770 2156 2968 2210 multas
2990 2155 3373 2224 generationes
3396 2154 3684 2224 praedicata

2093 2254 2195 2309 est,
2219 2245 2406 2311 latuit,
2429 2246 2658 2313 populus
2680 2247 2931 2303 indoctus
2951 2248 3276 2315 ostendit,et
3290 2247 3404 2318 ipse
3417 2248 3687 2317 reliquum

2092 2338 2414 2407 inspiratum
2438 2338 2818 2409 creditumque
2839 2340 3136 2411 capitulum
3171 2349 3275 2403 est,
3301 2341 3373 2395 ita
3393 2348 3456 2395 ut
3473 2341 3690 2395 dicatur

2092 2439 2146 2485 et
2176 2446 2204 2483 a
2232 2429 2389 2484 nobis
2418 2430 2638 2499 aliquid,
2670 2431 2815 2500 quod
2836 2432 3057 2501 quidem
3109 2432 3335 2487 auribus
3371 2432 3684 2486 auditorum

2092 2520 2292 2590 prosit,
2332 2522 2566 2576 necdum
2615 2531 2798 2578 autem
2837 2524 2906 2578 ab
2951 2523 3322 2581 anterioribus
3388 2524 3687 2588 dictum,si

2095 2613 2469 2678 Dens,donet,
2525 2622 2582 2667 ut
2601 2614 2838 2669 libenter
2883 2615 3211 2686 suscipiatur
3258 2616 3361 2670 ειη
3407 2614 3517 2686 ipso
3545 2614 3684 2693 enim

2090 2705 2332 2765 vivimus.
2360 2720 2628 2759 movemur
2663 2717 2711 2760 et
2743 2723 2922 2761 sumus
2943 2708 3015 2770 ⁷²;
3043 2707 3186 2761 sicut
3215 2706 3687 2777 praecepitl‘aulus

2092 2796 2255 2850 etiam
2290 2812 2390 2850 nos
2415 2797 2616 2862 dicere,
2649 2806 2705 2852 et
2723 2806 2872 2853 tanto
2890 2800 3058 2869 magis
3103 2807 3329 2869 quanto,
3354 2808 3416 2854 ut
3464 2799 3682 2870 guber-

2093 2897 2253 2941 netur
2330 2887 2515 2959 lingua
2577 2898 2761 2944 nostra
2819 2891 2887 2945 de
2922 2891 3080 2954 cutio.
3119 2907 3241 2945 cum
3291 2891 3458 2945 nimis
3515 2890 3686 2945 simus

2094 2979 2317 3045 indocti,
2356 2994 2495 3049 Opus
2541 2980 2828 3035 habemus.
2882 2980 2958 3035 lta
2980 2996 3038 3035 se
3063 2982 3228 3039 habet
3283 2981 3419 3051 legis
3462 2980 3681 3050 leprosi,

1738 3071 1990 3182 ἔρξ’ᾴξέἔ
2014 3104 2056 3159 ο
2092 3087 2213 3142 quae
2233 3071 2300 3127 ab
2319 3071 2439 3142 ipso
2457 3072 2575 3143 ,Deo
2603 3073 2671 3127 ad
2699 3071 2917 3144 Moysen
2943 3073 3085 3127 dicta
3103 3084 3207 3139 est,
3237 3072 3436 3128 [mem

2655 3229 2885 3288 CAPUT
2936 3231 3075 3287 Xlll.

2168 3365 2326 3422 Vnus.
2360 3366 2509 3423 1-17.
2539 3385 2558 3418 ι
2586 3367 2825 3423 Locutus
2856 3377 2941 3423 est
2960 3366 3224 3422 Dominus
3259 3368 3326 3421 ad
3362 3366 3580 3438 Moysen
3621 3380 3680 3423 et

2092 3458 2301 3522 Aaron,
2329 3458 2549 3513 dicens:
2586 3457 2755 3513 llomo
2787 3460 2840 3512 in
2866 3460 3023 3528 cujus
3052 3475 3216 3513 carne
3262 3468 3319 3514 et
3367 3469 3493 3514 cute
3526 3469 3679 3514 ortus

2102 3549 2268 3603 fuerit
2299 3549 2547 3604 diversus
2576 3548 2745 3614 color,
2777 3551 2891 3604 sive
2923 3549 3163 3620 pustula,
3195 3558 3290 3603 aut
3310 3551 3462 3618 quasi
3488 3550 3677 3606 lucens

2095 3639 2392 3710 quippiam,
2424 3639 2473 3693 id
2498 3649 2603 3706 est,
2649 3640 2800 3711 plaga
2841 3640 3026 3710 lepra,
3069 3642 3368 3697 adducetur
3399 3641 3465 3696 ad
3504 3641 3680 3697 Aaron

2095 3731 2453 3795 sacerdotem,
2473 3731 2555 3786 vel
2575 3732 2638 3786 ad
2663 3733 3133 3801 unumquemlibet
3177 3733 3410 3787 ﬁliorum
3427 3733 3563 3802 ejus.
3578 3732 3676 3800 Qui

2097 3840 2221 3878 cum
2253 3824 2453 3879 viderit
2483 3824 2686 3893 lcpram
2718 3825 2774 3878 in
2828 3833 2972 3888 cute,
3008 3836 3063 3879 et
3092 3826 3230 3894 pilus
3257 3824 3311 3878 in
3336 3825 3520 3879 album
3561 3840 3678 3878 mu-

2098 3930 2236 3973 tatos
2258 3917 2516 3979 colorem,
2548 3917 2826 3986 ipsamque
2864 3917 3100 3987 speciem
3148 3918 3311 3986 lepra:
3341 3917 3677 3971 humiliorem

2098 4014 2223 4061 eute
2255 4015 2310 4060 et
2332 4021 2498 4060 carne
2511 4007 2737 4076 reliqua,
2761 4007 2911 4077 plaga
2934 4007 3097 4077 lepra:
3110 4015 3212 4073 est,
3237 4017 3293 4061 et
3310 4007 3376 4061 ad
3399 4007 3676 4062 arbitrium

2098 4100 2217 4168 ejus
2259 4096 2617 4167 separabitur.
2671 4096 2764 4151 Sin
2821 4106 3004 4155 autem
3048 4100 3239 4153 lucens
3280 4096 3443 4154 fuerit
3475 4098 3679 4154 candor

2102 4194 2156 4245 in
2190 4199 2337 4255 cute,
2366 4204 2470 4245 nec
2492 4189 2749 4243 humilior
2777 4204 2943 4245 carne
2986 4189 3216 4260 reliqua,
3262 4199 3319 4245 et
3360 4189 3455 4259 pili
3487 4188 3678 4245 coloris

2102 4284 2337 4355 pristini,
2373 4282 2757 4338 recludeteum
2811 4282 3066 4336 sacerdos
3112 4290 3320 4351 septem
3374 4281 3586 4346 diebus,
3626 4289 3681 4336 et

2102 4374 2467 4429 considerabit
2500 4373 2588 4427 die
2604 4373 2859 4443 septimo.
2917 4374 2980 4428 lit
3002 4373 3044 4427 si
3096 4374 3315 4443 quidem
3351 4373 3499 4443 lepra
3540 4373 3678 4427 ultra

2098 4482 2205 4521 non
2238 4464 2491 4530 creverit,
2512 4479 2614 4519 nec
2646 4463 2919 4518 transierit
2943 4464 2997 4517 in
3020 4473 3144 4518 cute
3168 4464 3375 4534 priores
3397 4464 3678 4527 terminos,

2094 4574 2284 4613 rursus
2328 4556 2570 4612 includet
2609 4571 2732 4611 cum
2792 4565 2998 4626 septem
3059 4556 3252 4611 diebus
3300 4555 3444 4615 aliis.
3498 4565 3553 4610 et
3593 4554 3679 4611 die

2095 4651 2326 4721 septimo
2350 4649 2808 4718 contemplabitur
2873 4665 2887 4703 :
2916 4648 2961 4702 si
2995 4649 3281 4704 obscurior
3310 4648 3474 4703 fuerit
3502 4648 3671 4718 lepra,

2094 4756 2145 4798 ct
2175 4759 2282 4798 non
2312 4742 2546 4798 creverit
2577 4741 2630 4794 in
2659 4749 2804 4805 cute,
2841 4740 3128 4795 mundabit
3160 4755 3286 4794 eum
3323 4758 3336 4795 :
3376 4740 3503 4810 quia
3560 4754 3678 4793 sca-

2097 4837 2213 4890 hies
2243 4844 2346 4896 est,
2367 4834 2674 4903 lavabitque
2702 4833 2867 4886 homo
2899 4833 3223 4887 vestimenta
3270 4848 3389 4899 sua,
3441 4842 3496 4887 et
3519 4848 3689 4903 mun-_

2096 4930 2198 4983 dus
2228 4929 2350 4981 erit.
2393 4926 2547 4994 Quod
2568 4926 2610 4980 si
2641 4935 2930 4995 postquam
2952 4942 2980 4978 a
3009 4925 3292 4979 sacerdote
3314 4925 3463 4982 visus
3491 4934 3594 4992 est,
3622 4934 3677 4979 ct

2096 5020 2341 5073 redditus
2368 5017 2670 5079 munditiae,
2709 5016 2903 5071 iterum
2928 5016 3075 5086 lepra
3101 5017 3352 5080 creverit,
3382 5016 3678 5071 adducetur

2093 5113 2157 5164 ad
2183 5126 2330 5175 eum,
2359 5119 2410 5164 et
2444 5108 2800 5163 immunditia‘.
2851 5108 3321 5163 condemnabitur.
3344 5108 3499 5179 Plaga
3519 5107 3676 5177 lepra:

2094 5205 2138 5257 si
2182 5204 2347 5257 fuerit
2394 5202 2447 5255 iu
2497 5201 2739 5263 homine,
2785 5201 3087 5256 adducetur
3118 5201 3183 5255 ad
3230 5200 3590 5264 sacerdotem,
3623 5208 3679 5255 et

2094 5295 2299 5348 videbit
2322 5310 2470 5348 eum.
2505 5292 2753 5362 Cumque
2784 5293 2933 5346 color
2965 5293 3120 5346 albus
3142 5292 3198 5346 in
3228 5300 3354 5347 cute
3396 5292 3580 5356 fuerit,
3623 5298 3679 5342 ct

2092 5386 2407 5453 capillorum
2437 5384 2662 5439 mutarit
2690 5392 2991 5454 aspectum,
3026 5383 3142 5454 ipsa
3159 5398 3379 5453 quoque
3408 5397 3535 5438 caro
3556 5380 3676 5435 viva

2088 5476 2419 5547 apparuerit,
2445 5476 2592 5546 lepra
2613 5474 2983 5530 vetustissima
2999 5473 3355 5545 judicabitur,
3375 5482 3538 5542 atque
3560 5470 3677 5524 ino-

2086 5565 2317 5625 iita't:tlli.
2337 5567 2737 5623 Contaminabit
2762 5582 2886 5621 eum
2912 5565 3185 5630 sacerdos,
3208 5572 3385 5619 etnon
3411 5559 3675 5627 recludet,
