4044 6224
383 389 485 450 εἰς)

1508 395 1588 457 ΙΝ
1627 395 2063 458 LEVITlCUM.
2099 420 2165 435 --
2198 398 2348 459 LIB.
2386 386 2488 459 .IV.

3537 400 3642 466 930

377 498 504 567 quia
525 500 810 571 perspicue
834 502 1172 561 immunditia
1207 515 1308 562 est.
1339 506 1434 562 Sin
1459 518 1640 564 autem
1662 508 1957 565 emeruerit
1990 514 2028 568 Α
2061 508 2325 578 pluribus,
2350 508 2444 565 sed
2467 507 2628 563 etiam
2651 508 2875 562 omnino
2896 508 2960 563 ad
2986 507 3485 580 interpretationem
3510 527 3640 569 cau-

377 591 691 649 discurrens
714 595 859 665 lepra
894 597 945 650 in
964 609 1105 664 cute,
1135 608 1190 654 et
1209 600 1712 672 operueritpmnem
1738 617 1956 657 carnem

377 698 408 738 a
456 686 633 755 capite
672 703 844 758 usque
892 690 959 745 ad
1005 692 1206 760 pedes,
1259 693 1524 764 quidquid
1576 695 1678 750 sub
1734 705 1957 764 aspectu

353 777 653 831 “oculorum
680 779 844 845 cadit,
877 783 1240 838 considerabit
1265 800 1388 838 eum
1416 787 1686 851 sacerdos,
1716 795 1768 841 et
1787 788 1957 842 teneri

377 866 526 936 lepra
554 871 912 927 mundissima
930 873 1215 943 judicabit,
1241 891 1307 930 eo
1337 878 1481 946 quod
1526 879 1705 934 omnis
1742 879 1795 933 in
1829 895 1959 934 can-

376 959 563 1013 dorem
590 977 744 1016 versa
775 963 865 1027 sit,
894 973 949 1018 et
970 966 1172 1021 idcirco
1194 968 1356 1022 homo
1372 970 1607 1024 mundus
1625 971 1751 1024 erit.
1775 970 1958 1036 Quan-

375 1050 446 1105 do
468 1067 598 1107 vero
625 1070 754 1110 caro
773 1057 1031 1112 vivensin
1058 1074 1121 1113 ea
1143 1062 1476 1131 apparuerit,
1503 1070 1631 1118 tunc
1662 1065 1958 1120 sacerdotis

369 1143 580 1213 judicio
625 1147 917 1216 polluetur,
965 1161 1020 1204 et
1045 1151 1186 1207 inter
1230 1154 1540 1210 immundos
1593 1158 1955 1226 reputabitur;

375 1250 503 1289 caro
538 1238 682 1291 enim
715 1240 858 1306 viva,
895 1241 937 1296 si
969 1242 1116 1312 lepra
1152 1254 1488 1316 aspergatur,
1534 1247 1812 1304 immunda
1851 1258 1951 1307 est.

373 1324 528 1391 Quod
554 1327 598 1381 si
623 1345 840 1385 rursum
878 1347 1032 1387 versa
1070 1333 1235 1389 fuerit
1292 1336 1347 1390 in
1395 1324 1667 1402 alborem,‘
1699 1349 1755 1393 et
1784 1349 1955 1395 totum

376 1417 650 1473 hominem
689 1424 984 1490 operuerit,
1020 1428 1386 1483 considerabit
1425 1443 1549 1483 eum
1588 1433 1861 1495 sacerdos,
1901 1442 1956 1487 et

373 1509 637 1563 mundum
669 1525 791 1565 esse
832 1513 1111 1570 decernet.
1137 1520 1179 1568 ι’

445 1598 460 1649 l
469 1607 574 1652 tem
601 1600 899 1656 secundum
935 1601 1287 1676 Septuaginta
1323 1616 1528 1662 textum
1549 1626 1563 1662 :
1914 1682 1917 1685 Ἴ

448 1705 468 1737 α
537 1687 607 1742 Et
650 1688 862 1743 locutus
896 1699 979 1745 est
1021 1692 1282 1748 Dominus
1336 1695 1404 1749 ad
1440 1696 1654 1767 Moysen
1693 1708 1749 1753 et
1775 1698 1953 1754 Aaron

371 1779 559 1834 dicens
592 1797 604 1832 :
632 1780 845 1836 Homini
879 1782 965 1836 cui
988 1782 1130 1838 facta
1152 1785 1316 1841 fuerit
1342 1787 1396 1841 in
1438 1790 1686 1858 pellicula
1709 1793 1955 1861 corporis

2062 602 2131 657 tis
2159 617 2360 673 egens:
2401 617 2561 672 quam
2590 618 2697 655 non
2720 611 2898 657 tamen
2928 611 3091 658 totam
3122 604 3278 659 nobis
3302 604 3368 659 ad
3400 606 3640 661 medium

2062 693 2286 747 deduxit
2326 694 2507 760 lectio,
2549 694 2642 749 sed
2680 705 2839 763 prout
2870 697 3086 749 auditus
3116 696 3441 765 suscipiens,
3465 712 3640 766 quan-

2063 791 2176 836 tum
2212 783 2467 847 habeant,
2514 791 2567 836 et
2591 785 2798 852 reliqua
2847 784 3087 839 veritatis
3114 784 3353 854 conjicit,
3381 796 3437 839 ct
3460 788 3527 842 ad
3552 802 3638 842 se-

2062 873 2355 942 metipsum
2382 873 2586 943 colligit
2611 883 2868 927 mentem.
2902 873 3091 943 Neque
3117 875 3262 928 enim
3297 891 3460 944 parva
3489 893 3639 946 quae-

2061 957 2194 1013 libet
2212 959 2467 1013 discenda
2500 971 2646 1022 sunt,
2682 961 2774 1013 sed
2821 975 3050 1028 quorum
3090 977 3118 1014 a
3148 960 3255 1015 Deo
3281 964 3638 1031 praestolanda

2061 1051 2132 1106 sit
2159 1052 2406 1115 scicntia,
2442 1051 2535 1121 qui
2558 1052 2761 1106 nullius
2794 1053 2985 1106 horum
3024 1052 3229 1106 invidet
3249 1054 3635 1123 cognitionem,

2060 1152 2115 1198 et
2150 1144 2242 1213 qui
2273 1158 2451 1212 neque
2481 1159 2567 1209 ea,
2593 1158 2713 1213 qua:
2748 1143 2971 1213 petitur,
3005 1143 3229 1213 indiget.
3256 1143 3371 1198 Hoc
3401 1144 3544 1198 enim
3562 1145 3639 1199 ait

2057 1235 2295 1290 Iacobus
2332 1236 2400 1302 ⁷³,
2442 1236 2534 1305 qui
2574 1236 2785 1290 Domini
2837 1236 3005 1289 frater
3042 1245 3126 1289 est
3176 1236 3496 1305 appellatus,
3538 1238 3637 1290 im-

2058 1325 2397 1393 properantis
2428 1339 2549 1378 esse
2581 1326 2880 1393 pr0prium,
2914 1333 3138 1393 propter
3184 1325 3325 1393 quod
3363 1324 3418 1377 in
3461 1326 3636 1393 ipsum

2057 1414 2393 1469 conﬁdentes
2422 1455 2437 1479 ,
2477 1416 2745 1484 simulque
2786 1416 2842 1468 in
2875 1416 3053 1479 nobis;
3096 1415 3245 1469 dabit
3272 1415 3416 1469 enim
3438 1414 3493 1467 in
3530 1415 3635 1478 his,

2056 1507 2454 1576 quaaidieenda
2499 1516 2644 1571 sunt,
2692 1502 2940 1576 gratiam.
2991 1506 3498 1576 luterpretationem
3554 1504 3632 1558 in-

2057 1597 2774 1653 choemus.Ostenditenim
2801 1614 3004 1656 sermo.
3035 1614 3101 1652 ex
3125 1608 3279 1668 parte
3309 1598 3530 1668 quidem
3559 1597 3645 1652 le-

2059 1706 2277 1760 prosum
2306 1689 2553 1746 Judaaum
2587 1693 2869 1760 pepulum,
2912 1697 3101 1759 utpOte
3147 1691 3202 1743 in
3254 1700 3407 1760 parte
3455 1699 3638 1743 trans-

2057 1798 2359 1852 gressorem
2392 1784 2545 1855 legis,
2587 1794 2810 1854 propter
2830 1784 2972 1854 quod
2990 1798 3116 1837 eum
3136 1784 3409 1848 sacerdos,
3434 1792 3496 1837 ut
3532 1782 3637 1835 im-

370 1872 491 1941 ejus
517 1872 742 1928 cicatrix
783 1874 1230 1944 signiﬁcationis,
1280 1879 1593 1950 τηλαυγὴς,
1634 1891 1730 1937 aut
1775 1881 1944 1950 αΰγα-

2056 1875 2340 1939 mundum,
2374 1875 2599 1945 expellit
2634 1892 2647 1928 :
2693 1885 2803 1929 toto
2833 1884 3013 1928 autem
3060 1889 3290 1943 corpore
3336 1874 3634 1943 leprosum,

370 1977 504 2030 σμα,
530 1971 586 2015 et
621 1960 761 2016 facta
789 1963 954 2019 fuerit
982 1965 1037 2019 in
1076 1966 1327 2035 pellicula
1367 1971 1611 2039 corporis
1650 1972 1769 2040 ejus
1803 1976 1951 2028 cica-

369 2051 473 2105 trix
516 2052 585 2106 ad
636 2055 905 2109 maculam
981 2056 1163 2127 lepne,
1234 2069 1291 2114 et
1359 2063 1573 2118 venerit
1639 2065 1707 2120 ad
1764 2068 1944 2120 Aaron

332 2140 746 2211 ’saccrdotem,
822 2155 917 2201 aut
974 2164 1142 2205 unum
1222 2151 1457 2221 ﬁliorum
1505 2156 1625 2225 ejus
1691 2159 1944 2213 sacerdo-

369 2242 498 2299 tem,
529 2242 585 2287 et
610 2234 805 2289 viderit
829 2238 1083 2293 sacerdos
1130 2242 1395 2297 maculam
1453 2244 1506 2297 in
1548 2245 1796 2314 pellicula
1826 2264 1947 2302 cor-

365 2328 534 2396 poris,
592 2339 648 2385 et
699 2332 868 2402 pilum
915 2334 970 2389 in
1006 2339 1217 2393 macula
1268 2342 1560 2397 mutaverit
1614 2344 1819 2408 album,
1892 2354 1947 2400 ct

364 2430 620 2489 aspectus
672 2424 900 2479 macula:
946 2427 1205 2483 humilior
1260 2446 1291 2485 a
1343 2432 1598 2502 pellicula
1673 2437 1941 2505 corporis,

364 2510 577 2564 macula
609 2511 758 2582 lepra
791 2522 912 2569 est:
946 2524 1001 2570 et
1046 2517 1252 2574 videbit
1289 2523 1563 2587 sacerdos,
1605 2533 1660 2579 et
1681 2526 1946 2580 contami-

364 2601 519 2689 nabit
546 2617 694 2657 eum.
724 2603 779 2659 Si
802 2615 983 2661 autem
1024 2607 1287 2681 αὖγασμα
1315 2614 1495 2668 album
1525 2616 1691 2672 fuerit
1737 2619 1791 2672 in
1832 2620 1946 2689 pel-

364 2688 526 2744 licula
552 2693 796 2761 corporis
829 2695 969 2765 ejus,
1000 2706 1055 2753 et
1079 2699 1336 2756 humilior
1359 2718 1472 2758 non
1504 2704 1667 2760 luerit
1695 2688 1946 2779 aspectus

364 2781 484 2850 ejus
500 2798 527 2836 a
544 2784 811 2853 pellicula,
836 2796 890 2842 et
905 2789 1048 2859 pilus
1072 2792 1191 2861 ejus
1211 2809 1317 2848 non
1337 2808 1700 2854 commutatus
1711 2800 1876 2856 fuerit
1892 2802 1946 2856 in

363 2871 545 2927 album
570 2874 760 2944 pilum,
793 2877 907 2947 ipsa
938 2889 1018 2935 est
1050 2882 1302 2938 obscura.
1329 2884 1391 2939 Et
1408 2890 1945 2957 separabitsacerdos

362 2964 631 3020 maculam
654 2977 861 3038 septem
892 2971 1104 3035 diebus,
1137 2984 1191 3029 et
1212 2976 1411 3032 videbit
1438 2982 1690 3037 sacerdos
1719 2986 1946 3053 septima

362 3055 476 3120 die,
502 3067 557 3112 et
585 3073 715 3114 ecce
749 3062 960 3117 macula
994 3076 1277 3133 permanet
1308 3078 1496 3125 contra
1541 3087 1688 3140 eum,
1719 3090 1824 3128 non
1849 3075 1942 3131 de-

363 3148 512 3203 cidet
534 3151 744 3205 macula
783 3153 838 3206 in
872 3154 1142 3223 pellicula.
1172 3159 1234 3212 Et
1254 3162 1665 3229 separabiteum
1697 3168 1946 3222 sacerdos

2053 1965 2328 2032 gentilem,
2360 1966 2452 2034 qui
2486 1974 2652 2018 totam
2703 1965 3096 2036 transgreditur
3121 1965 3317 2036 legem.
3349 1962 3638 2019 Verumta—

2052 2069 2176 2107 men
2207 2054 2469 2108 mundum
2500 2070 2626 2109 eum
2650 2056 2904 2111 sacerdos
2935 2056 3163 2125 judicat,
3196 2055 3320 2125 quia
3351 2054 3482 2125 legis
3503 2053 3637 2124 jugo

2053 2147 2329 2216 subjectus
2349 2161 2457 2201 non
2483 2146 2607 2201 fuit.
2636 2146 2860 2217 Oportet
2875 2146 3074 2211 autem,
3093 2157 3153 2203 ut
3183 2157 3363 2202 tamen
3380 2148 3635 2212 arbitror,

2052 2239 2134 2308 pri
2145 2254 2205 2293 ns
2222 2240 2415 2295 littera:
2437 2240 2728 2294 decurrere
2747 2240 3166 2309 expositionem.
3200 2240 3290 2295 Sic
3305 2241 3451 2295 enim
3472 2241 3635 2310 spiri-

2054 2334 2215 2388 talem
2255 2333 2586 2389 intellectum
2626 2334 2769 2388 ultro
2796 2334 3148 2404 semetipsum
3177 2335 3513 2406 ingerentem
3546 2350 3636 2389 re-

2052 2426 2327 2495 periemus
2352 2443 2365 2480 :
2385 2426 2671 2482 deﬁciente
2694 2426 2836 2481 circa
2858 2441 3068 2493 causas,
3095 2435 3149 2481 et
3187 2443 3359 2496 usque
3380 2427 3446 2482 ad
3472 2428 3635 2482 ﬁnem

2053 2532 2276 2572 sensum
2312 2534 2472 2573 suum
2515 2533 2769 2572 exserere
2797 2534 2904 2572 non
2929 2519 3144 2572 valente
3175 2518 3377 2582 littera,
3404 2517 3546 2571 sicut
3578 2516 3635 2570 in

2051 2609 2308 2679 praesenti
2333 2611 2733 2680 cegnoscimus.
2771 2610 2876 2664 Sed
2907 2610 3141 2679 primum
3178 2609 3301 2679 quis
3340 2608 3412 2664 sit
3431 2608 3523 2678 qui
3550 2607 3631 2662 le-

2052 2716 2172 2772 gem
2198 2700 2322 2766 fert,
2349 2711 2404 2755 ει
2425 2701 2491 2755 ad
2514 2716 2673 2770 quem
2702 2700 2959 2770 proferat.
2990 2701 3351 2756 attendamus.

2124 2793 2350 2847 Locutus
2368 2803 2440 2847 est
2462 2793 2717 2847 Dominus
2756 2795 2826 2845 ad
2847 2793 3060 2861 Moysen
3083 2802 3132 2847 et
3168 2793 3367 2847 Aaron.
3401 2793 3632 2859 Quando

2053 2881 2292 2951 loquitur
2315 2883 2473 2944 Deus,
2496 2882 2693 2950 duplex
2719 2890 2804 2935 est
2829 2880 3000 2935 ﬁdelis
3027 2882 3262 2937 auditus.
3294 2882 3436 2937 sicut
3466 2882 3634 2937 David

2053 2974 2317 3043 propheta
2345 2975 2421 3027 ait
2449 2993 2463 3027 :
2491 2972 2662 3027 Semel
2690 2973 2889 3028 locutus
2919 2982 2991 3027 est
3024 2974 3178 3035 Deus,
3209 2975 3311 3028 duo
3336 2975 3446 3028 haec
3473 2976 3635 3029 audi—-

2052 3069 2102 3123 vi
2128 3068 2192 3133 7",
2248 3066 2482 3121 litteram
2512 3067 2778 3126 videlicet.
2812 3075 2866 3122 et
2893 3066 3158 3136 spiritum.
3201 3065 3337 3137 Ergo
3381 3068 3633 3137 Spiritus,

2055 3169 2115 3214 ut
2151 3159 2451 3214 snblimiori
2498 3159 2661 3229 Moysi
2695 3178 2707 3213 :
2761 3159 2992 3213 litteram
3034 3166 3245 3225 autem,
3280 3166 3338 3212 ut
3387 3158 3634 3226 subjecto

334 3248 572 3322 septem
596 3242 789 3298 diebus
819 3247 1154 3310 secundo,et
1186 3249 1389 3306 videbit
1423 3257 1679 3310 sacerdos
1717 3261 1947 3327 septima
1977 3267 2021 3327 (ζ
2054 3254 2231 3307 Aaron
2264 3252 2521 3321 loquitur;
2549 3252 2674 3322 quia
2716 3251 2860 3304 enim
2911 3250 3157 3304 Sttblimis
3183 3260 3300 3304 erat
3328 3250 3553 3321 Moyses.
3579 3258 3635 3305 cl

367 3328 452 3384 die
502 3338 762 3399 secundo,
821 3343 875 3389 et
907 3350 1034 3391 ecce
1086 3338 1316 3395 obscura
1365 3344 1575 3398 macula
1624 3345 1788 3415 lepra:
1841 3363 1949 3403 non

361 3420 566 3478 decidit
599 3426 651 3478 in
686 3425 958 3495 pellicula.
981 3427 1043 3483 Et
1090 3431 1378 3489 mundabit
1407 3451 1532 3490 cum
1558 3439 1844 3504 sacerdos,
1877 3440 1949 3495 si-

361 3513 641 3583 gniﬁcatio
667 3517 814 3570 enim
841 3528 945 3586 est,
974 3529 1027 3575 et
1056 3520 1249 3578 lavans
1274 3526 1597 3581 vestimenta
1620 3528 1759 3597 ejus,
1792 3544 1950 3582 mun-

360 3606 466 3661 dus
485 3607 610 3661 erit.
645 3607 700 3661 Si
722 3618 903 3664 autem
951 3624 1287 3671 commutata
1317 3618 1520 3673 decidit
1543 3610 1864 3690 signiﬁcatio
1892 3622 1946 3675 in

360 3697 633 3766 pellicula,
669 3710 955 3771 postquam
979 3704 1177 3760 viderit
1203 3722 1331 3761 eum
1362 3711 1636 3777 sacerdos,
1668 3720 1947 3767 nt-emun-

358 3788 454 3842 det
491 3789 662 3857 illum,
693 3800 749 3845 et
764 3792 1038 3848 videbitur
1075 3797 1317 3853 secundo
1349 3801 1638 3866 sacerdoti,
1666 3810 1720 3855 et
1748 3802 1949 3858 videbit

358 3882 636 3948 sacerdos,
669 3891 867 3941 etecee
886 3887 1420 3961 deciditsigniﬁcatio
1452 3893 1504 3947 in
1536 3894 1696 3962 pelle,
1727 3902 1782 3948 et
1813 3909 1944 3949 eon-

361 3974 645 4029 taminabit
673 3991 796 4031 eum
827 3979 1096 4044 sacerdos,
1137 3980 1282 4051 lepra
1316 3992 1419 4038 est.
1446 3983 1513 4037 Et
1544 3984 1752 4039 macula
1782 3986 1944 4055 lepra:

357 4064 402 4117 si
434 4063 599 4119 fuerit
637 4064 706 4120 ad
727 4069 907 4122 Aaron
946 4071 1306 4140 sacerdotem,
1334 4084 1391 4129 et
1428 4075 1632 4130 videbit
1662 4078 1940 4145 sacerdos,

358 4164 415 4208 et
438 4170 569 4211 ecce
606 4156 835 4212 cicatrix
864 4159 983 4214 alba
1007 4161 1061 4214 in
1091 4163 1251 4232 pelle,
1286 4172 1340 4218 et
1360 4164 1479 4222 luce
1506 4167 1736 4222 mutabit
1768 4169 1940 4238 pilum

355 4247 538 4302 album
589 4264 619 4304 a
668 4264 802 4304 sano
840 4252 1024 4306 carnis
1059 4254 1214 4309 vivae.
1234 4254 1288 4309 Si
1327 4257 1756 4325 fueritcicatrix,
1790 4259 1940 4330 lepra

355 4342 659 4397 inveterata
714 4352 799 4397 est
848 4343 902 4398 in
945 4347 1085 4415 pelle
1146 4351 1391 4421 corporis
1437 4351 1578 4421 ejus.
1629 4353 1699 4407 Et
1748 4362 1941 4409 conta-

355 4433 587 4488 minabit
626 4448 752 4488 eum
788 4438 1065 4501 sacerdos,
1109 4447 1165 4495 et
1204 4442 1478 4510 separabit
1525 4459 1651 4497 eum
1694 4445 1787 4514 qui
1832 4445 1935 4498 im-

351 4526 595 4581 mundus
673 4535 775 4582 est.
843 4525 901 4585 Si
965 4539 1147 4585 autem
1222 4533 1424 4588 ﬂorens
1472 4533 1795 4589 ellloruerit
1874 4535 1930 4589 in

2055 3354 2338 3414 prepterea
2363 3343 2558 3411 dignus
2583 3342 2776 3412 spiritu
2806 3359 2820 3396 :
2848 3341 3099 3396 subditus
3125 3351 3305 3397 autem
3347 3342 3547 3408 Aaron,
3576 3352 3636 3396 et

2054 3444 2212 3502 aptus
2236 3433 2441 3487 auditui
2470 3433 2673 3503 p0puli,
2694 3432 2901 3504 egentis
2925 3433 3125 3497 littera,
3145 3433 3263 3503 ipso
3287 3433 3398 3487 Deo
3414 3433 3635 3489 dicente

2051 3525 2117 3578 de
2143 3527 2321 3579 Aaron
2349 3524 2416 3580 ad
2445 3524 2657 3596 Moysen
2689 3542 2703 3579 :
2743 3525 2863 3595 Ipse
2886 3524 3129 3596 loquetur
3166 3526 3236 3579 ad
3271 3525 3543 3595 populum,
3571 3531 3623 3576 et

2051 3615 2160 3683 ipse
2175 3616 2274 3670 erit
2292 3632 2347 3670 os
2371 3625 2539 3680 tuum,
2559 3625 2614 3669 tu
2637 3627 2814 3670 autem
2837 3618 2882 3670 ei
2905 3618 3009 3670 eris
3029 3617 3084 3669 in
3109 3618 3209 3681 his,
3228 3632 3345 3687 quw
3365 3619 3436 3671 ad
3462 3618 3631 3673 Deum

2011 3736 2019 3743 -
2049 3708 2304 3775 pertinent
2345 3708 2410 3762 ⁷⁸.
2447 3707 2583 3778 Ergo
2627 3708 2770 3777 quod
2795 3715 2911 3761 erat
2954 3707 3089 3777 legis
3115 3708 3392 3774 excelsus,
3428 3708 3532 3763 hoc
3556 3708 3626 3762 ad

2049 3799 2268 3869 Moysen
2296 3800 2600 3866 dicebatur,
2632 3800 2750 3869 ipse
2778 3798 2979 3869 quippe
3008 3799 3245 3853 habebat
3269 3814 3352 3862 ea,
3398 3815 3520 3868 quae
3558 3800 3630 3853 ad

2048 3889 2216 3943 Deum
2246 3890 2613 3959 pertinebant,
2637 3889 2689 3944 id
2718 3898 2821 3950 est,
2847 3904 2908 3942 ea
2925 3902 3047 3958 quae
3067 3896 3197 3942 sunt
3209 3888 3451 3957 spiritus.
3471 3887 3629 3954 Quod

2045 3990 2224 4036 autem
2238 3990 2353 4036 erat
2377 3981 2702 4050 subjectum,
2727 3990 2780 4036 et
2802 3981 3079 4038 humilius.
3103 3981 3205 4035 hoc
3220 3982 3286 4036 ad
3304 3982 3629 4052 Aaron,ipse

2044 4073 2192 4128 enim
2221 4071 2418 4145 Moysis
2443 4082 2562 4128 erat
2587 4088 2649 4128 os
2676 4073 2742 4128 ad
2786 4073 3072 4143 populum.
3111 4073 3282 4144 legem
3322 4071 3626 4129 secundum

2041 4166 2278 4221 litteram
2303 4165 2676 4235 accipientem,
2704 4181 2866 4235 quam
2892 4173 2947 4220 et
2973 4164 3198 4234 primam
3227 4180 3327 4219 nos
3355 4179 3628 4234 exponere

2042 4251 2413 4322 promisimus.
2442 4251 2627 4320 Lepra:
2648 4265 2777 4321 ergo
2793 4249 3020 4320 species,
3038 4258 3132 4304 aut
3152 4249 3314 4303 nimis
3329 4256 3423 4303 aut
3449 4250 3629 4304 mode-

2041 4353 2156 4398 rate
2185 4343 2413 4398 obseura
2441 4352 2542 4407 est,
2572 4352 2628 4398 et
2654 4343 3053 4412 quodammodo
3092 4341 3435 4404 obumbrata,
3461 4349 3517 4396 et
3542 4341 3628 4394 in-

2042 4436 2198 4490 terim
2227 4437 2438 4491 occulta
2472 4436 2574 4491 sub
2610 4436 2767 4505 pelle,
2806 4435 3038 4489 necdum
3073 4434 3465 4489 effervescente
3503 4449 3626 4503 pas-

2040 4527 2212 4592 sione,
2228 4527 2578 4595 quamobrem
2598 4535 2652 4580 et
2670 4525 2836 4579 nimia
2855 4525 3061 4594 indiget
3080 4523 3490 4578 deliberatione.
3506 4523 3624 4578 Alia

349 4617 493 4685 pelle
537 4619 708 4690 lepra,
745 4634 801 4679 et
838 4625 1115 4695 operuerit
1148 4639 1366 4679 onmem
1398 4625 1593 4694 pellem
1624 4626 1871 4690 maculae,
1901 4642 1932 4680 a

2048 4627 2217 4671 autem
2264 4618 2473 4687 species
2521 4617 2638 4686 ejus
2694 4624 2798 4683 est,
2859 4632 2982 4686 qua:
3039 4615 3204 4670 nimis
3252 4616 3397 4671 clara
3436 4624 3541 4681 est,
3568 4624 3626 4671 et

347 4711 531 4778 capite
560 4727 733 4783 usque
749 4716 816 4770 ad
856 4711 1044 4787 pedes,
1082 4731 1179 4787 per
1210 4724 1381 4770 totum
1413 4717 1588 4770 visum
1614 4717 1932 4783 sacerdotis,

350 4811 408 4857 et
429 4804 634 4859 videbit
672 4809 943 4874 sacerdos,
974 4818 1029 4863 et
1063 4824 1190 4864 ecce
1219 4807 1503 4878 coeperuit
1530 4806 1679 4878 lepra
1714 4823 1935 4864 omnem

349 4893 547 4960 pellvm
587 4897 853 4965 corporis.
878 4897 939 4951 Et
958 4898 1240 4952 mundabit
1271 4913 1395 4952 eum
1421 4898 1676 4952 sacerdos
1694 4914 1724 4952 a
1748 4913 1935 4952 macu-

348 4984 423 5049 la,
450 4984 576 5052 quia
613 4995 778 5041 totam
811 4990 1166 5043 commutavit
1193 4989 1251 5042 in
1286 4989 1432 5053 albo,
1467 4989 1705 5044 mundus
1734 4998 1836 5044 est.
1872 4991 1938 5044 Et

346 5090 675 5146 quacunque
704 5079 793 5132 die
820 5082 1135 5149 apparuerit
1160 5080 1214 5133 in
1242 5095 1307 5135 eo
1342 5095 1542 5150 corpus
1566 5080 1771 5145 vivum,
1803 5095 1937 5134 con-

348 5167 655 5225 taminahit.
718 5170 785 5225 Et
836 5171 1040 5226 videbit
1076 5172 1329 5226 sacerdos
1369 5187 1568 5241 corpus
1593 5186 1809 5238 sanum,
1835 5171 1935 5225 im-

344 5260 584 5315 mundus
628 5271 734 5327 est,
780 5262 926 5333 lepra
950 5276 1053 5318 est.
1094 5261 1152 5318 Si
1199 5274 1378 5318 autem
1420 5264 1732 5329 restitutum
1771 5262 1936 5318 fuerit

343 5366 548 5421 corpus
582 5367 797 5419 sanum,
824 5364 879 5408 et
911 5364 1304 5409 commutatum
1348 5355 1509 5408 fuerit
1540 5354 1593 5408 in
1640 5356 1844 5417 album,
1880 5362 1935 5408 et

344 5444 536 5499 veniet
566 5446 633 5502 ad
684 5447 1046 5513 sacerdotem,
1090 5448 1367 5502 etvidebit
1408 5462 1532 5502 cum
1567 5447 1842 5510 sacerdos,
1873 5455 1927 5500 et

347 5549 478 5591 ecce
505 5545 836 5592 commutata
854 5547 940 5593 est
958 5539 1166 5593 macula
1185 5540 1305 5608 ejus
1331 5539 1385 5592 in
1415 5539 1617 5602 album,
1643 5536 1928 5592 mundabit

347 5629 605 5686 sacerdos
637 5633 927 5694 maculam,
958 5641 1010 5686 et
1040 5632 1275 5685 mundus
1305 5631 1429 5686 erit.
1471 5650 1489 5681 ›

419 5719 694 5778 Profunda
720 5729 822 5786 est,
845 5722 983 5776 sicut
1000 5722 1200 5785 cernis,
1220 5722 1329 5789 lex,
1350 5732 1406 5777 et
1423 5738 1530 5775 non
1556 5722 1729 5776 solum
1753 5722 1931 5775 verbis

418 5878 464 5911 "
488 5875 605 5934 Jac.
638 5893 677 5946 t,
712 5880 761 5946 5,
795 5880 850 5934 6.
951 5879 995 5910 ⁷⁸
1020 5878 1159 5933 Psal.
1187 5893 1294 5945 th,
1331 5878 1417 5931 1‘2.

1517 5878 1562 5911 '“'
1624 5876 1791 5932 Ksed.
1828 5892 1900 5940 tv,
1934 5876 2019 5930 16.

2037 4708 2195 4762 valde
2240 4709 2550 4778 perspicua,
2596 4707 2669 4763 ita
2718 4715 2778 4762 ut
2827 4708 3056 4777 simplex
3084 4707 3175 4772 sit,
3219 4716 3278 4762 et
3313 4717 3499 4777 aperta
3529 4722 3622 4763 co-

2039 4801 2232 4872 gnitio.
2283 4800 2358 4854 Ex
2405 4800 2493 4855 bis
2542 4801 2772 4869 primam
2827 4799 3066 4868 speciem
3120 4799 3478 4872 Septuaginta
3528 4816 3620 4856 se-

2040 4895 2279 4949 cundum
2342 4909 2480 4963 quos
2552 4909 2692 4963 pene
2754 4901 2899 4947 totus
2944 4893 3033 4947 hic
3071 4909 3269 4950 sensus
3313 4895 3618 4949 secundum

2041 4986 2276 5041 litteram
2314 4985 2623 5055 exponitur,
2668 4985 2977 5040 cicatricem
3021 4983 3617 5056 signiﬁcationishrecte

2036 5075 2467 5145 appellaverunt,
2504 5074 2558 5128 id
2598 5081 2704 5138 est,
2737 5073 3069 5139 cicatricem,
3106 5074 3414 5144 passionem
3448 5073 3618 5144 signi-

2036 5167 2310 5220 ﬁcantem.
2368 5164 2427 5218 In
2475 5165 2612 5220 duas
2651 5171 2832 5223 autem
2884 5174 3070 5234 partes
3111 5166 3273 5230 hanc,
3323 5164 3377 5218 id
3426 5173 3529 5228 est,
3560 5163 3616 5217 in

2034 5261 2199 5314 nimis
2230 5257 2605 5323 dubitabilem,
2636 5265 2690 5311 et
2731 5258 2786 5311 in
2813 5258 2995 5312 minus
3024 5257 3378 5312 dubitandam
3410 5257 3614 5311 divise-

2035 5361 2182 5405 runt.
2229 5349 2308 5404 Ex
2349 5349 2550 5421 quibus
2585 5364 2751 5404 unam
2782 5348 3084 5418 τηλαυγὴν,
3120 5347 3280 5401 aliam
3310 5357 3492 5402 autem
3520 5363 3615 5417 ap-

2036 5444 2375 5513 pellaverunt
2427 5441 2687 5513 αὕγασμα
2709 5461 2721 5474 ο
2744 5441 3021 5511 τηλαυγὴν
3052 5440 3274 5510 quidem
3299 5482 3314 5507 ,
3370 5441 3495 5510 quia
3546 5440 3616 5495 de

2036 5537 2193 5607 longe
2216 5536 2462 5590 videatur
2486 5552 2500 5589 :
2540 5532 2801 5604 αὖγασμα
2824 5542 3027 5599 autem,
3059 5532 3185 5602 quia
3226 5530 3390 5587 nimis
3415 5531 3615 5587 obscu-

2038 5645 2096 5683 ra
2126 5637 2228 5693 est,
2271 5642 2603 5698 parvamque
2647 5626 2813 5682 habet
2844 5625 3115 5696 passionis
3160 5622 3609 5690 insinuationem,

2041 5730 2095 5775 et
2158 5720 2301 5776 hanc
2344 5719 2694 5775 dubitabilcm
2725 5758 2738 5783 ,
2803 5728 2862 5774 ut
2932 5717 3162 5790 proximi
3222 5716 3615 5789 disceptatione
