4044 6224
457 373 562 439 931

1653 359 2016 421 HESYCHII
2065 359 2542 421 PRESBYTERI

3587 366 3674 430 932

462 493 637 560 egeat,
689 488 960 555 quatemts
1008 484 1066 533 et
1094 476 1217 532 luce
1245 470 1519 545 passionis
1548 469 1606 525 bi
1647 471 1741 540 qui
1764 470 2036 560 judicant,
2069 475 2114 531 Α
2143 472 2327 537 solvit,
2365 481 2420 526 et
2463 471 2556 541 qui
2585 469 2783 524 debeat
2821 484 2853 524 a
2885 469 3001 541 lege
3040 467 3239 524 mereri
3268 469 3676 543 miscricordiam,

461 557 606 633 sicut
634 574 685 628 hi
712 572 804 642 qui
842 568 1051 640 lapides
1081 565 1380 635 Inspiciunt
1413 561 1704 631 pretiosos,
1730 568 1949 630 egeant.
1981 557 2038 613 ln

462 670 567 723 hac
607 666 922 734 frequenter
970 660 1128 730 jubet
1174 654 1513 712 sacerdotem
1573 651 1947 711 considerare,
1986 657 2042 703 et

461 773 572 813 non
602 756 826 810 credere
865 748 1307 811 obvententibus,
1340 746 1455 800 sive
1480 744 1897 799 occurrentibus
1928 742 2040 812 pri-

461 865 566 903 ma:
605 844 945 917 probationis
988 840 1322 912 aspectibus.
1374 836 1481 891 Sed
1508 845 1564 891 et
1601 836 1646 891 si
1676 834 2044 890 consideratio

463 936 731 992 cicatricis
771 933 1003 989 necdum
1055 938 1315 1001 appareat
1364 927 1622 982 humilior
1666 926 1828 996 pelle,
1864 940 2044 995 neque

466 1032 523 1084 in
566 1030 686 1083 loco
734 1028 875 1097 pilus
921 1030 1289 1079 commutatus
1329 1036 1359 1075 a
1391 1019 1646 1090 passione
1674 1019 1831 1074 albus
1869 1017 2046 1073 factus

463 1120 650 1182 fuerit,
675 1126 881 1187 septem
914 1123 1095 1169 tamen
1123 1114 1240 1167 dies
1268 1110 1607 1181 separabitur
1630 1109 1699 1163 ad
1727 1108 1886 1163 aliam
1914 1123 2047 1163 con-

465 1211 874 1273 siderationem,
903 1217 959 1261 et
991 1220 1182 1260 rursus
1214 1204 1350 1258 alios
1375 1211 1587 1272 septem
1624 1202 1742 1256 dies
1769 1221 1781 1256 :
1817 1200 2048 1256 forsitan

467 1301 612 1356 enim
649 1299 1038 1353 effervescente
1080 1310 1177 1364 per
1226 1302 1441 1362 tempus
1479 1290 1766 1361 passione,
1814 1289 2047 1344 manife-

468 1393 602 1448 stior
635 1390 859 1444 morbus
903 1386 1153 1441 etlieitur.
1187 1384 1549 1440 Permanente
1594 1390 1776 1438 autem
1816 1383 2048 1436 obscura

470 1485 747 1547 cicatrice,
794 1491 852 1537 et
892 1480 1040 1535 nulla
1069 1479 1210 1532 facta
1260 1476 1317 1531 in
1346 1476 1487 1547 pelle
1511 1474 1938 1545 permutatione,
1971 1472 2049 1526 si—

470 1577 874 1650 gnificationem
901 1574 1057 1638 dixit,
1098 1586 1209 1625 non
1243 1580 1425 1625 autem
1448 1570 1656 1638 lepram
1680 1566 2047 1629 manifestam,

470 1687 594 1727 cum
634 1685 738 1738 qua
785 1666 1239 1739 signiﬁcationem
1289 1677 1403 1716 non
1441 1660 1702 1721 subdidit,
1734 1657 2051 1714 custodiens

470 1779 588 1816 eam
615 1762 697 1815 his
725 1759 816 1829 qui
842 1758 1141 1812 secundum
1180 1753 1432 1824 spiritum
1468 1751 1745 1819 accipiunt
1774 1750 1969 1820 legem,
1997 1758 2053 1802 et

2144 562 2402 631 punitur:
2431 578 2665 633 cumque
2692 562 2889 633 dignus
2915 570 3062 616 esset
3085 562 3290 615 auxilio
3324 571 3526 632 propter
3554 565 3682 620 inﬁr-

2143 652 2411 714 mitatem,
2459 654 2564 707 hoc
2590 661 2761 718 caret,
2788 653 3186 723 subjiciturqne
3212 669 3385 707 ιιυλειε.
3411 654 3508 721 Qui
3529 657 3568 710 si
3602 674 3685 726 pa-

2147 744 2338 797 tuisset
2387 745 2663 810 resistere,
2702 762 2976 815 nunquam
3008 746 3057 800 ei
3092 745 3459 815 praevaluisset
3485 747 3687 804 inlirtni~

2146 844 2265 889 tas:
2307 837 2509 906 quique
2552 838 2907 907 reprehendit
2952 847 3229 902 naturam,
3277 839 3431 906 cujus
3468 855 3578 893 esse
3616 857 3689 894 ar-

2145 927 2379 982 bitratur
2408 929 2761 984 accedentem
2797 930 3125 993 molestiam,
3153 938 3209 983 et
3256 945 3362 983 non
3400 930 3689 985 intentionis

2145 1027 2242 1072 aut
2280 1019 2578 1075 voluntatis
2623 1035 2756 1076 suae.
2808 1020 2948 1087 Quid
2991 1020 3137 1074 enim
3176 1029 3382 1089 ageret,
3430 1030 3486 1075 ut
3514 1022 3565 1075 in
3604 1023 3693 1077 hoc

2147 1125 2257 1165 non
2310 1110 2576 1167 incideret
2647 1113 2873 1168 morbo?
2926 1112 3034 1167 Sed
3081 1112 3158 1166 ait
3207 1113 3469 1183 quispiam
3515 1117 3693 1182 peccati

2147 1198 2468 1264 vindictam,
2517 1200 2601 1255 vel
2660 1216 2877 1271 prunam
2922 1215 3044 1256 esse
3092 1201 3234 1267 hanc
3290 1203 3726 1271 passionem:et.

2148 1288 2384 1358 primum
2428 1289 2650 1360 quidem
2684 1291 2984 1355 Mariam",
3015 1292 3213 1347 deinde
3243 1291 3488 1347 Oxiam"
3525 1310 3699 1364 propo-

2149 1378 2232 1433 nit
2259 1397 2273 1433 :
2304 1395 2536 1447 quorum
2564 1380 2651 1435 illa
2675 1382 2893 1451 quidem
2928 1382 3081 1437 fratri
3118 1384 3384 1450 detraxit;
3406 1385 3489 1440 ille
3515 1395 3698 1447 autem.

2149 1472 2279 1526 dum
2327 1483 2473 1528 esset
2516 1490 2632 1539 rex,
2688 1475 2974 1530 incensum
3023 1476 3229 1532 inferre
3275 1481 3607 1548 praesumpsit
3654 1481 3700 1532 in

2150 1565 2387 1619 sanctis:
2448 1566 2577 1621 solis
2628 1567 2852 1638 ,quippe
2907 1568 3013 1623 hoc
3072 1569 3455 1625 sacerdotibus
3513 1571 3702 1634 licebat,

2150 1666 2314 1727 atque
2331 1657 2454 1713 ideo
2477 1674 2584 1714 non
2612 1660 2899 1714 differente
2928 1659 3039 1713 Deo
3062 1676 3281 1731 paenam
3307 1677 3511 1727 eorum,
3532 1662 3705 1732 leprosi

2153 1749 2338 1804 ell‘ecti
2389 1758 2537 1804 sunt.
2594 1751 2737 1821 Ergo
2791 1752 3099 1821 oportebat,
3159 1764 3218 1808 ut
3267 1757 3370 1808 hoe
3419 1764 3595 1824 aperte
3632 1755 3709 1809 lex

469 1855 561 1922 qni
621 1852 765 1920 quod
832 1849 1012 1903 minus
1068 1854 1170 1907 est,
1231 1844 1315 1899 vel
1360 1842 1550 1912 magis,
1582 1841 1736 1903 latet,
1788 1837 2051 1901 revelare,
2089 1855 2131 1909 Β
2156 1838 2363 1893 diceret
2391 1841 2457 1895 ad
2482 1841 2850 1896 excusandum
2885 1842 3272 1912 legislaturem,
3303 1855 3490 1899 contra
3521 1860 3608 1900 eos
3629 1844 3710 1913 qui

470 1955 633 2014 atque
672 1943 874 1997 addere
925 1945 1158 2011 possunt
1181 1931 1619 2002 eontemplativis
1642 1927 2054 1999 interpretatio-

471 2040 635 2092 nibus
662 2036 908 2105 spiritus.
937 2031 1327 2086 Verumtamen
1359 2039 1479 2083 non
1502 2022 1707 2077 malum
1728 2034 1852 2074 esse
1891 2019 2057 2072 nimis

474 2128 922 2199 signiﬁcationem
984 2119 1528 2176 manifestaverunt:
1592 2128 1719 2167 nam
1785 2110 2057 2181 quomodo

473 2220 766 2274 mundatus
817 2221 936 2268 erat
998 2208 1276 2271 sacerdos,
1323 2206 1378 2260 id
1432 2213 1537 2269 est,
1566 2202 1858 2257 habentem
1896 2213 2058 2253 mun-

472 2315 601 2367 dum
633 2308 1073 2365 denuntiaturus,
1125 2299 1220 2369 qui
1260 2310 1606 2367 nequaquam
1656 2294 1822 2363 hujus
1850 2297 2056 2361 egeret,

475 2404 521 2457 si
560 2418 626 2455 ex
673 2409 786 2455 toto
820 2397 1014 2451 fuisset
1040 2391 1176 2445 liber
1206 2388 1229 2441 ?
1277 2387 1508 2456 Propter
1533 2383 1680 2454 quod
1706 2397 1826 2436 eam
1857 2381 2059 2435 obscu-

476 2512 591 2549 ram
639 2489 950 2563 appellavit,
988 2501 1093 2540 nec
1132 2496 1325 2538 rursus
1355 2479 1502 2533 inter
1535 2475 1737 2530 munda
1766 2484 1892 2544 post
1913 2471 2060 2542 judi-

475 2587 621 2642 cium
663 2586 707 2638 si
748 2582 885 2637 mala
909 2580 1123 2639 fuisset,
1174 2572 1460 2643 cujusdam
1503 2566 1775 2639 passionis
1812 2565 1953 2620 facta
1979 2570 2063 2617 est

477 2674 825 2749 signiﬁcatio.
870 2672 926 2724 Si
964 2678 1147 2723 autem
1190 2665 1269 2719 sic
1318 2663 1528 2718 habens
1573 2658 1824 2714 incidens
1856 2655 2061 2727 signiti-

478 2771 620 2827 catio
674 2768 729 2821 in
776 2762 1045 2835 pellicula,
1095 2759 1149 2814 id
1181 2766 1285 2821 est,
1318 2754 1363 2808 si
1408 2752 1581 2807 ell‘usa
1629 2751 1815 2811 fuerit.
1853 2756 1909 2803 et
1941 2748 2062 2818 plus

479 2878 640 2934 quam
688 2858 839 2930 prius
889 2855 1050 2922 latior
1102 2852 1160 2904 in
1207 2845 1459 2918 pellicula
1490 2841 1836 2913 processerit,
1867 2848 2063 2894 etnon

480 2957 799 3009 immutatus
843 2947 1006 3002 fuerit
1053 2944 1217 3015 pilus,
1271 2941 1376 2995 hoc
1421 2937 1568 2992 enim
1603 2935 1693 2989 hic
1731 2948 1842 2986 non
1874 2945 2063 3000 repre-

480 3040 690 3106 hendit,
731 3037 922 3108 polluit
964 3048 1090 3089 eum
1136 3029 1412 3094 sacerdos,
1456 3027 1664 3095 lepram
1702 3036 1822 3077 esse
1852 3020 2063 3091 passio-

480 3149 605 3186 nem
638 3130 912 3200 judicans,
949 3125 1118 3196 ipsius
1156 3121 1374 3192 quidem
1416 3117 1726 3188 cognitione
1756 3111 2060 3176 dubitabili,

482 3232 671 3293 utpote
724 3221 956 3275 obscura
1006 3216 1303 3270 cxsistcnte
1363 3209 1639 3265 cicatrice.
1694 3206 1829 3260 Alba
1881 3212 2061 3258 autem

480 3292 804 3367 exsistente.
850 3318 904 3362 et
945 3306 1179 3359 similem
1208 3301 1460 3355 mittente
1484 3298 1657 3370 pilum
1687 3296 1834 3366 pelli,
1875 3292 2067 3363 polluit

484 3404 633 3458 hunc
661 3399 935 3463 sacerdos,
960 3406 1015 3450 et
1042 3391 1384 3449 immundum
1413 3390 1536 3459 ejici
1567 3387 1830 3458 praecipit,
1852 3382 2067 3439 etiamsi

485 3493 650 3549 fuerit
684 3508 809 3562 pars
858 3487 1126 3543 cicatricis
1164 3498 1319 3548 sana,
1368 3490 1425 3536 et
1463 3494 1684 3535 carnem
1736 3479 1942 3532 habens
1989 3475 2069 3529 vi-

482 3594 724 3647 ventem,
777 3582 832 3637 id
862 3589 968 3643 est,
1000 3579 1103 3633 sub
1136 3576 1392 3647 passione
1435 3573 1599 3642 lepra:
1638 3583 1749 3625 non
1802 3566 2071 3623 constitu—

484 3690 617 3737 tam.
657 3679 828 3748 Cujus
859 3684 1042 3731 autem
1073 3672 1150 3727 rei
1186 3669 1392 3725 causa?

556 3769 693 3834 Quia
726 3767 893 3836 lepra,
915 3762 1109 3833 inquit,
1137 3761 1425 3813 inveterata
1445 3764 1540 3810 est.
1571 3752 1962 3810 Admirandum
1990 3758 2074 3805 est

488 3861 613 3925 hoc,
659 3858 997 3925 nimiamque
1035 3850 1366 3922 imperitiam
1411 3848 1499 3903 vel
1548 3846 1719 3916 magis
1771 3843 2073 3914 reprehen-

486 3956 698 4009 sionem
750 3949 903 4020 legali
953 3947 1206 4015 ingerens
1252 3943 1471 4005 litterte,
1519 3938 1666 3993 unde
1698 3937 1846 3991 enim
1886 3934 2075 3990 debuit

487 4041 744 4100 sanabilis
788 4037 1042 4094 arbitrari
1090 4034 1296 4105 passio,
1328 4032 1383 4087 id
1414 4040 1516 4096 est,
1561 4045 1633 4084 ex
1657 4029 1783 4084 vivo
1821 4040 2073 4097 corpore,

487 4136 718 4203 vivaque
741 4146 903 4187 carne
927 4149 940 4182 :
972 4129 1124 4184 illinc
1148 4128 1294 4181 illam
1323 4125 1496 4195 magis
1525 4123 1804 4192 deSperat,
1839 4120 2075 4190 lepram—

487 4242 594 4295 qne
637 4226 996 4279 inveteratam
1030 4218 1161 4274 dicit
1193 4218 1355 4281 Deus,
1402 4216 1457 4270 id
1487 4222 1591 4278 est,
1627 4228 1739 4267 non
1773 4210 2075 4266 sanabilem

488 4335 584 4372 seu
609 4318 703 4373 diu
742 4321 1078 4373 manentem,
1117 4317 1173 4363 et
1200 4307 1358 4377 quasi
1389 4305 1658 4375 passionis
1696 4308 2073 4358 senescentem

488 4411 630 4464 loco.
664 4410 739 4462 De
773 4408 874 4460 hac
905 4420 963 4460 re
1009 4417 1200 4458 rursus
1233 4403 1337 4456 hoc
1365 4399 1513 4470 quod
1548 4395 1799 4466 sequitur
1828 4393 2077 4448 invenies

486 4495 971 4567 obscurius:quia
1034 4508 1157 4549 eum
1192 4492 1283 4563 qui
1342 4500 1454 4546 toto
1510 4488 1758 4558 leprosus
1817 4493 1901 4540 est
1954 4498 2076 4537 cor-

2157 1947 2280 1985 eum
2329 1940 2522 2000 putant
2570 1933 2770 2002 injuste
2792 1933 2860 1987 de
2889 1933 3118 2002 leprosis
3145 1935 3387 2001 sancire,
3419 1944 3478 1990 et
3509 1952 3606 1990 non
3638 1953 3715 1990 So-

2157 2024 2269 2077 lum
2312 2025 2415 2078 hoc
2454 2024 2521 2079 de
2571 2024 2823 2094 leprosis,
2869 2024 2963 2079 sed
2997 2035 3052 2080 et
3084 2025 3153 2080 de
3197 2025 3288 2079 his
3307 2025 3399 2095 qui
3432 2026 3718 2080 vulneratos

2174 2117 2375 2170 habent
2423 2117 2616 2171 oculos
2662 2131 2757 2171 seu
2811 2116 3060 2180 auditus,
3106 2127 3202 2172 aut
3249 2119 3486 2188 reliquos
3527 2132 3718 2180 sensus,

2160 2207 2396 2276 aliisque
2440 2206 2691 2272 infirmis,
2726 2216 2780 2262 et
2824 2207 3132 2278 paralyticis
3178 2209 3554 2264 aestimabitur.
3587 2207 3721 2274 Quod

2161 2296 2523 2352 manifestum
2554 2303 2725 2351 estex
2766 2312 2832 2350 eo
2863 2297 3008 2366 quod
3042 2297 3299 2367 discipuli
3333 2314 3529 2354 caecum
3552 2313 3578 2352 a
3604 2297 3725 2351 nati-

2161 2388 2330 2443 vitate
2367 2388 2639 2451 videntes,
2677 2386 2965 2442 Dominum
3014 2387 3421 2460 interrogantes
3451 2389 3717 2444 dicebant:

2159 2479 2349 2545 Rabbi,
2400 2480 2516 2550 quis
2545 2480 2802 2548 peccavit,
2841 2480 2945 2546 hic,
2986 2490 3079 2533 aut
3114 2491 3363 2549 parentes
3389 2482 3521 2552 ejus,
3557 2490 3608 2534 ut
3639 2496 3728 2534 ar-

2164 2588 2253 2625 cus
2286 2581 2588 2625 nasceretur
2608 2573 2682 2626 ⁷³2
2715 2570 2797 2625 Tu
2830 2583 3010 2626 autem
3036 2573 3171 2628 mihi
3203 2590 3319 2630 non
3353 2575 3552 2629 relidas
3587 2573 3730 2628 Chri-

2163 2663 2228 2716 sti
2287 2663 2708 2733 responsionem
2762 2664 2957 2719 scienti
3019 2666 3288 2734 quidem,
3342 2669 3439 2723 sed
3484 2665 3731 2738 quomodo

2162 2755 2316 2809 multi
2357 2756 2592 2811 habeant
2618 2756 2687 2811 de
2714 2758 3078 2827 passionibus,
3111 2775 3233 2828 qua:
3279 2762 3445 2816 nobis
3474 2759 3732 2820 eveniunt,

2163 2849 2451 2917 quaerenti.
2496 2848 2602 2903 Sed
2640 2859 2697 2905 et
2726 2852 2842 2921 ipse
2896 2852 3161 2908 Dominus
3200 2872 3214 2908 :
3268 2854 3622 2911 Dimittuntur
3652 2854 3733 2906 tibi

2164 2952 2402 3013 peccata,
2455 2942 2646 2997 volens
2705 2943 2915 3014 erigere
2960 2945 3348 3014 paralyticum,
3399 2947 3557 3001 dixit.
3603 2944 3738 2998 Sicut

2165 3050 2295 3105 ergo
2327 3033 2436 3089 Deo
2473 3035 2721 3103 odibiles,
2753 3037 2917 3092 etiam
2947 3038 3048 3094 hos
3072 3039 3141 3093 de
3174 3040 3529 3095 tabernaculo
3564 3036 3740 3108 expelli

2166 3127 2473 3196 oportebat,
2498 3134 2559 3199 _et
2586 3126 2853 3194 injustitia
2884 3128 3019 3183 levis
3046 3139 3358 3196 putaretur,
3390 3132 3437 3185 si
3473 3130 3559 3184 alii
3591 3130 3739 3183 simul

2092 3199 2134 3256 ο
2169 3215 2495 3286 injustitiam
2544 3218 2874 3287 potirentur.
2922 3218 2979 3274 Si
3011 3229 3194 3276 autem
3229 3222 3396 3286 dicis,
3428 3222 3554 3291 quia
3579 3219 3742 3275 omni-

2173 3305 2336 3360 modo
2358 3305 2413 3358 in
2444 3306 2528 3360 his
2559 3307 2909 3376 passionibus
2934 3320 3157 3379 peccata
3192 3313 3530 3382 puniuntur,
3560 3325 3677 3365 nam
3698 3319 3745 3362 et

2172 3413 2297 3451 eum
2333 3398 2427 3468 qui
2459 3398 2662 3453 ﬂuxum
2691 3401 2918 3457 seminis
2941 3403 3167 3472 patitur,
3193 3419 3223 3458 a
3254 3405 3610 3460 tabernaculo
3639 3418 3746 3472 prus

2173 3486 2342 3551 hibet,
2378 3499 2433 3542 et
2454 3504 2574 3543 eam
2608 3506 2729 3559 quae
2755 3488 2959 3545 ﬂuxum
2987 3493 3191 3561 patitur
3215 3494 3509 3565 sanguinis
3529 3533 3544 3558 ,
3578 3505 3747 3547 verum

2171 3581 2390 3650 quidem
2428 3581 2587 3645 dicis,
2616 3583 2711 3637 sed
2741 3599 2849 3637 non
2877 3584 2982 3638 hoc
3013 3592 3121 3638 tam
3150 3586 3460 3640 satisfactio
3479 3594 3579 3641 est.
3604 3596 3747 3652 quam

2172 3684 2377 3727 rursus,
2403 3670 2509 3723 alia
2573 3671 2860 3741 scriptoris
2918 3674 3231 3739 accusatio,
3281 3676 3379 3745 qui
3420 3674 3755 3729 necessitates

2173 3772 2381 3818 naturae
2431 3763 2800 3828 condemnat,
2853 3780 2990 3833 quas
3031 3765 3323 3822 defensare
3374 3767 3654 3828 debuerat,
3702 3773 3752 3817 ut

2173 3871 2284 3910 non
2311 3855 2572 3911 factorem
2602 3856 2659 3910 in
2686 3856 3028 3912 naturalibus
3056 3858 3517 3915 accusationibus
3543 3855 3754 3926 injuria-

2175 3955 2277 4002 ret.
2310 3947 2677 4014 Quamobrem
2711 3951 3018 4004 necessaria
3046 3951 3206 4005 nobis
3235 3960 3326 4007 est
3375 3948 3752 4019 contemplatio

2175 4037 2327 4109 legis,
2382 4047 2437 4093 et
2488 4039 2609 4092 vitii
2672 4039 2937 4109 spiritalis
2987 4020 3423 4111 interpretatio,
3466 4050 3756 4108 meliusque

2175 4129 2396 4184 oculum
2445 4137 2660 4199 oportet
2715 4130 2875 4185 oculo
2914 4130 3094 4186 carnis
3144 4148 3513 4202 pratponere,
3566 4141 3622 4185 ut
3669 4132 3757 4183 hoc

2177 4220 2398 4290 quidem
2447 4220 2517 4274 ad
2559 4221 2978 4290 intelligentiam
3015 4236 3206 4275 eorum
3252 4239 3382 4293 quae
3433 4222 3758 4281 sanciantur,

2177 4316 2272 4370 illo
2316 4330 2447 4371 vero
2492 4326 2710 4371 utamur
2755 4317 2824 4372 ad
2854 4318 3164 4389 legendum.
3214 4318 3387 4391 Legis
3421 4335 3555 4391 ergo
3587 4329 3760 4372 rursus

2178 4414 2516 4476 proponatur
2546 4406 2749 4460 littera.

2254 4497 2480 4551 Locutus
2518 4507 2593 4552 est
2625 4497 2881 4553 Dominus
2909 4499 2979 4553 ad
3017 4502 3231 4569 Moysen
3255 4511 3307 4554 et
3341 4500 3529 4555 Aaron
3568 4500 3761 4554 dicens:

491 4607 643 4660 Ικπε,
684 4599 739 4644 ει
761 4606 791 4643 3
823 4587 1050 4658 Pedibus
1091 4598 1261 4653 “S‘We
1288 4581 1356 4636 ad
1386 4588 1549 4650 ωρυι
1574 4585 1800 4646 opertus
1853 4574 2070 4638 morbo,
2107 4556 2149 4610 υ
2183 4591 2349 4646 Homo
2394 4593 2449 4645 iu
2475 4591 2625 4659 cuius
2653 4607 2811 4644 carne
2835 4600 2884 4645 et
2907 4600 3022 4645 cute
3045 4556 3189 4645 crius
3219 4593 3386 4662 fuerit
3419 4594 3655 4647 diuersus
3685 4604 3762 4641 co-

490 4682 694 4737 mnnda
727 4679 897 4734 teneri
944 4678 1117 4748 lepra,
1163 4676 1264 4730 hoc
1283 4674 1351 4729 de
1384 4688 1452 4727 co
1485 4670 1766 4748 judicante
1796 4665 2077 4721 sacerdote

489 4773 627 4828 vult.
1002 4747 1013 4748 ί
1748 4747 1779 4753 “
1798 4749 1817 4755 ’
1836 4750 1876 4756 ω

560 4862 619 4918 Si
655 4869 832 4917 autem
861 4860 919 4913 in
952 4874 1012 4913 eo
1052 4856 1218 4911 uisum
1250 4855 1408 4926 fuerit
1446 4852 1736 4923 aliquando
1773 4870 1962 4923 corpus
1995 4852 2076 4905 vi-

489 4972 632 5017 vens,
657 4962 859 5009 reuocat
880 4949 1119 5004 sacerdos
1135 4948 1396 5017 judicium
1424 4961 1579 4999 suum
1607 4960 1626 4998 :
1652 4954 1700 4998 et
1726 4946 1910 5014 polluit
1934 4961 2073 4997 eum.

492 5048 553 5103 Si
590 5056 770 5101 autem
810 5050 1103 5098 remutatus
1137 5039 1294 5111 fuerit
1341 5039 1397 5091 in
1446 5037 1625 5091 album
1656 5077 1672 5102 ,
1711 5046 1759 5090 et
1790 5047 1899 5090 tota
1925 5037 2075 5106 pellis

490 5139 561 5193 ad
605 5138 904 5207 passionem
951 5133 1111 5202 lepra:
1150 5129 1416 5185 translata
1465 5129 1646 5198 fuerit.
1691 5128 1911 5181 mundat
1956 5144 2076 5181 eum

489 5229 755 5287 sacerdos.
800 5227 885 5281 cui
929 5226 1177 5296 judicare
1214 5228 1534 5290 pra‘ceptum
1583 5228 1679 5273 est.
1729 5219 1782 5272 Si
1813 5226 1996 5273 autem
2024 5226 2079 5273 ct

493 5319 610 5374 haec
655 5328 802 5375 recte
835 5319 983 5375 dicta
1031 5324 1182 5378 sunt,
1237 5310 1491 5382 quamvis
1543 5311 1648 5365 hoc
1688 5325 1852 5365 nemo
1895 5309 2074 5363 dicat:

492 5424 658 5478 quam
692 5418 874 5464 tamen
931 5405 1362 5464 satisfactionem
1406 5401 1474 5456 ad
1506 5401 1668 5454 aliam
1711 5402 1853 5455 hanc
1897 5417 2080 5471 reprc-

498 5501 820 5555 ltensionem
852 5496 1227 5570 reperiemus?
1253 5493 1392 5559 Quia
1420 5492 1672 5563 leprosus
1691 5509 1802 5547 non
1829 5492 2078 5548 volunta-

495 5591 591 5646 riae
637 5591 927 5659 passionis,
973 5590 1068 5644 sed
1114 5603 1278 5657 quam
1330 5586 1537 5641 invitus
1585 5587 1837 5649 sustinet,
1887 5601 2079 5655 punias

565 5806 612 5838 ἐ
636 5802 799 5858 Num.
829 5820 925 5868 xu,
958 5805 1022 5857 l0
1049 5819 1199 5872 seqq.
1301 5805 1345 5836 ⁷⁷
1395 5805 1440 5858 ll
1471 5804 1645 5858 Paral.
1684 5820 1826 5872 xxvi,
1864 5805 1948 5860 19.

2182 4686 2280 4749 lor,
2302 4686 2409 4741 sive
2445 4685 2684 4755 pustula,
2718 4694 2811 4738 aut
2857 4686 3009 4756 quasi
3041 4684 3217 4739 lucens
3257 4687 3571 4756 quidpiam,
3600 4686 3651 4737 ia
3677 4690 3763 4744 est,

2179 4775 2340 4846 plaga
2389 4776 2566 4844 lvprw,
2626 4775 2917 4829 adducetur
2976 4776 3047 4830 ad
3097 4775 3278 4829 Aaron
3318 4777 3675 4839 sacerdotem,
3698 4770 3767 4826 vel

2180 4881 2342 4918 unum
2372 4862 2647 4928 quemlibet
2670 4863 2898 4932 ﬁliorum
2920 4862 3054 4931 ejus.
3082 4863 3185 4927 Qui
3208 4879 3334 4918 cum
3364 4864 3558 4919 viderit
3587 4864 3770 4932 leprant

2177 4958 2233 5009 in
2273 4966 2405 5021 cute,
2440 4967 2489 5009 et
2516 4955 2647 5025 pilos
2674 4956 2729 5008 in
2753 4955 2934 5008 album
2959 4962 3187 5009 mutatos
3213 4954 3478 5021 colorem,
3514 4955 3772 5023 ipsamque

2176 5044 2399 5109 speciem
2423 5043 2581 5112 lepra:
2608 5043 2939 5095 humiliorem
2955 5054 3070 5096 cute
3099 5054 3148 5097 et
3180 5060 3347 5098 carne
3366 5045 3602 5115 reliqua,
3627 5046 3770 5110 plaga

2180 5132 2338 5202 leprte
2380 5142 2473 5195 est,
2509 5142 2557 5185 et
2585 5134 2656 5186 ad
2689 5132 2969 5186 arbitrium
3009 5132 3122 5202 ejus
3148 5135 3523 5203 separabitur.
3564 5130 3771 5200 Simpli-

2180 5224 2335 5288 citer,
2362 5239 2457 5279 seu
2487 5224 2814 5293 generaliter
2843 5224 3120 5279 hominem
3148 5225 3340 5280 divina
3369 5226 3663 5297 Scriptura
3687 5237 3773 5290 ap-

2181 5312 2349 5381 pellat
2376 5327 2523 5376 eutn,
2564 5312 2658 5380 qui
2687 5312 2781 5365 Dei
2812 5312 3125 5382 imaginem,
3157 5321 3213 5367 et
3243 5324 3461 5369 nostra:
3496 5314 3771 5368 conservet

2182 5411 2392 5457 natura:
2423 5402 2759 5470 dignitatem.
2813 5402 3043 5472 PrOpter
3072 5404 3217 5472 quod
3245 5405 3385 5460 audi
3420 5405 3769 5476 Sapientem:

2184 5493 2432 5565 Magnum
2452 5502 2534 5547 est
2562 5492 2740 5560 homo,
2760 5494 3054 5563 pretiosum
3076 5495 3156 5550 vir
3178 5495 3506 5552 misericors
3522 5539 3537 5564 ,
3574 5497 3626 5551 in
3657 5493 3773 5548 Pro-

2184 5587 2388 5641 verbiis
2417 5587 2711 5641 dicentem.
2754 5585 3037 5643 llominem
3084 5602 3214 5642 vero
3250 5587 3506 5658 aliquem
3535 5593 3774 5659 peccato-

2026 5805 2067 5834 ⁷⁸
2102 5804 2258 5861 Joan.
2298 5804 2423 5870 tx,2.
