4030 6240
390 411 497 476 933

1525 404 1609 465 IN
1656 397 2102 465 LEVITICUM.
2128 423 2197 435 -
2237 397 2383 458 LIB.
2424 399 2527 461 IV.

3550 398 3623 463 93
3630 396 3660 458 »ί

391 535 527 587 rem,
561 516 711 590 quasi
734 515 874 572 male
906 514 1197 570 formatum
1224 511 1492 567 nomisma
1527 509 1804 571 describit,
1835 505 1975 578 quod
2006 510 2051 564 Α
2082 504 2474 577 transgreditur
2514 510 2686 573 parte,
2734 503 2874 559 nihil
2913 518 2977 590 ex
3010 491 3255 561 custodia
3295 505 3530 561 mandati
3562 507 3658 576 ju-

390 611 644 682 exprimit
682 610 736 664 in
788 607 1065 681 parabolis
1117 605 1415 669 Dominus,
1457 602 1677 658 dicens:
1734 600 1975 653 Ilontinis

391 705 668 774 cujusdam
707 704 883 758 divitis
924 701 1105 756 uberes
1150 701 1350 771 fructus
1378 715 1504 769 ager
1533 696 1731 757 attulit,
1756 704 1802 747 et
1832 694 1975 764 rogi-

392 797 538 851 tabat
570 798 712 849 intrn
753 812 809 849 se
843 796 1018 849 dicens
1040 808 1060 847 :
1095 792 1236 859 Quid
1278 792 1497 860 faciam,
1538 789 1661 859 quia
1693 804 1792 840 non
1814 787 1975 838 habeo

392 901 495 955 quo
521 901 823 956 congregem
863 886 1063 954 fructus
1103 882 1280 935 meos?
1308 880 1377 933 Et
1408 879 1539 933 dixit
1564 895 1582 933 :
1611 875 1726 930 Hoc
1754 877 1969 944 faciam,

394 977 662 1029 destruant
690 976 875 1029 horrea
904 991 1041 1036 mea,
1067 982 1116 1027 et
1148 972 1353 1041 majora
1375 971 1590 1042 faciam,
1625 977 1673 1022 et
1700 968 1826 1020 illuc
1850 983 1973 1019 con-

394 1067 617 1137 gregabo
644 1068 840 1132 omnia,
873 1083 988 1136 qute
1018 1075 1145 1119 nata
1186 1073 1307 1119 sunt
1342 1063 1490 1124 mihi,
1521 1071 1570 1115 et
1595 1060 1729 1114 bona
1756 1076 1892 1123 mea,
1927 1068 1975 1112 et

394 1159 569 1212 dicam
595 1160 788 1213 animle
825 1175 954 1213 mea:
976 1175 994 1213 :
1020 1160 1233 1224 Anima,
1261 1158 1417 1212 habes
1447 1156 1613 1210 multa
1640 1155 1772 1209 bona
1805 1155 1975 1223 posita

394 1252 450 1303 in
473 1268 637 1305 annos
675 1252 951 1321 plurimos,
1005 1254 1283 1323 requiesce,
1335 1250 1563 1315 comede,
1609 1249 1739 1312 bibe,
1787 1248 1973 1315 epula-

398 1344 558 1398 τῶν.
602 1343 671 1396 Et
699 1360 927 1398 rursus:
964 1342 1133 1397 "omo
1165 1343 1379 1413 quidam
1416 1340 1755 1395 descendebat
1792 1339 1857 1391 ab
1881 1337 1975 1391 Je-

395 1433 623 1487 rusalem
651 1435 703 1487 in
733 1433 964 1500 Iericho,
991 1444 1041 1488 et
1070 1434 1251 1487 incidit
1279 1435 1336 1487 in
1360 1432 1590 1487 latrones
1626 1447 1642 1484 :
1691 1432 1782 1502 qui
1817 1432 1975 1484 etiam

396 1525 817 1593 despoliaverunt
874 1541 1014 1590 eum,
1072 1535 1121 1578 et
1175 1524 1346 1595 plagis
1409 1523 1665 1592 impositis
1712 1522 1974 1581 abierunt.

394 1615 638 1667 semivivo
701 1616 963 1668 relicto".
1028 1614 1087 1668 ln
1147 1623 1380 1684 utroque
1434 1622 1616 1667 autem
1689 1627 1976 1682 personam

397 1706 623 1776 suscipit
667 1706 991 1775 peccatoris.
1035 1706 1190 1772 Quod
1223 1715 1403 1760 autem
1430 1706 1482 1758 in
1518 1704 1621 1759 Job
1661 1704 1978 1758 continetur

398 1795 646 1863 historia,
687 1797 826 1851 nihil
873 1797 1050 1852 oberit
1097 1797 1336 1853 nostris:
1380 1798 1505 1867 quia
1549 1796 1738 1851 dicens
1777 1809 1979 1850 secuns

398 1888 527 1941 dum
559 1887 954 1957 Septuaginta:
992 1887 1157 1943 Homo
1183 1890 1401 1961 quidam
1424 1897 1537 1942 erat
1558 1889 1611 1941 in
1646 1898 1785 1940 terra
1820 1887 1977 1938 Ausi-

400 1979 525 2043 tide,
560 1980 704 2033 illico
734 1980 1036 2050 sulijunxit.
1066 1981 1152 2033 cui
1177 1996 1363 2035 nomen
1394 1989 1509 2033 erat
1543 1978 1718 2033 Job”.
1750 1978 1978 2031 Additaé

401 2078 582 2123 mento
620 2071 818 2139 quippe
847 2070 1105 2151 nominis,
1149 2070 1568 2142 insigniﬁcatum
1601 2086 1726 2125 eum
1756 2068 1848 2139 qui
1884 2069 1978 2122 de-

397 2160 755 2226 scribebatur,
809 2161 1031 2215 minime
1079 2161 1389 2230 dereliquit.
1435 2160 1598 2216 Pollis
1631 2168 1833 2225 autem,
1871 2174 1977 2212 seu

397 2253 535 2306 cutis
558 2254 796 2319 nomine,
822 2270 968 2310 nunc
993 2255 1419 2325 uniuscujusque
1452 2268 1599 2321 caro,
1624 2270 1771 2308 nunc
1797 2262 1976 2306 autem

398 2346 517 2411 ejus
548 2344 863 2415 designatur
895 2346 1165 2415 cognatio.
1206 2345 1434 2415 Propter
1463 2346 1608 2416 quod
1637 2345 1689 2399 in
1713 2345 1855 2398 libro
1878 2343 1978 2398 Joh

401 2450 464 2489 ex
508 2451 738 2505 persona
779 2438 978 2491 diaboli
1009 2437 1352 2508 decipientis,
1385 2454 1447 2492 ea
1478 2453 1597 2508 qua:
1622 2438 1740 2492 viro
1768 2436 1841 2490 illi
1869 2436 1979 2489 for-

402 2524 613 2580 tissimo
658 2536 961 2582 evenerunt
1008 2538 1155 2596 tunc,
1187 2529 1407 2598 quando
1441 2545 1563 2584 cum
1597 2529 1701 2582 alia
1728 2528 1980 2583 substan—

403 2616 496 2683 tia,
542 2617 702 2686 lilios,
757 2619 999 2690 ﬁliasque
1026 2622 1183 2690 ejus,‘
1212 2621 1433 2676 domum
1466 2636 1630 2690 super
1659 2637 1755 2676 eos
1790 2621 1978 2690 sepnl~

404 2713 539 2761 tura:
582 2708 701 2763 vice
752 2724 1051 2779 congerens
1101 2711 1440 2780 disperdidit,
1497 2712 1731 2767 dicitur:
1782 2710 1978 2763 Pellem

402 2810 497 2861 pro
525 2793 678 2863 pelle,
716 2805 765 2849 et
796 2805 981 2849 cuneta
1014 2813 1131 2865 qua:
1158 2797 1311 2851 habet
1344 2799 1515 2861 homo,
1549 2798 1694 2851 dabit
1730 2814 1824 2866 pro
1856 2798 1977 2850 ani-

403 2901 490 2938 ma
539 2902 635 2938 sua
655 2886 732 2940 In:
769 2886 822 2940 id
861 2895 963 2951 est,
995 2887 1191 2955 pellem
1234 2889 1455 2956 quidem
1497 2889 1835 2959 cognationis
1882 2906 1979 2958 per

403 2973 540 3027 lilios
569 2974 824 3042 perdidit,
851 2975 946 3029 sed
971 2985 1157 3029 tamen
1185 2976 1381 3033 sutlicit
1404 2977 1474 3044 ei,
1501 2979 1645 3047 quod
1678 2980 1830 3047 pellis
1856 2995 1978 3033 car-

403 3064 489 3119 nis
519 3065 637 3132 ejus
661 3065 806 3119 salva
839 3072 944 3130 est,
973 3066 1306 3135 minimeque
1332 3069 1720 3138 corrumpitur.
1753 3067 1980 3137 Pr0pter

404 3156 546 3225 quod
573 3156 846 3211 subdidit:
884 3156 1130 3227 Alioquin
1162 3159 1306 3211 mitte
1327 3176 1542 3212 manum
1570 3169 1717 3214 tuam
1745 3168 1794 3213 et
1826 3169 1979 3231 tange

405 3264 461 3299 os
496 3246 627 3315 ejus,
666 3257 713 3301 et
753 3264 986 3313 carnem,
1041 3258 1088 3301 et
1131 3260 1251 3302 tunc
1301 3250 1493 3303 videbis
1534 3251 1670 3320 quod
1710 3251 1765 3303 in
1793 3252 1983 3320 faciem

405 3338 675 3392 benedicat
704 3339 815 3395 tibi.
853 3339 1006 3406 Quod
1037 3350 1219 3395 autem
1253 3351 1435 3396 nostra
1463 3343 1628 3397 editio
1659 3344 1823 3398 habet
1861 3363 1874 3398 :

474 3430 642 3482 Homo
668 3431 723 3482 in
755 3430 907 3498 cujus
936 3447 1095 3485 carne
1155 3441 1204 3485 et
1229 3442 1345 3486 cute
1376 3444 1521 3487 ortus
1560 3436 1719 3505 fuerit
1753 3436 1984 3489 diversus

405 3523 565 3586 color,
619 3523 724 3576 sive
763 3523 997 3591 pustula,
1047 3534 1141 3577 aut
1181 3527 1333 3596 quasi
1378 3527 1554 3580 lucens
1602 3528 1893 3598 quidpiam,
1930 3530 1985 3581 id

405 3623 477 3666 est
518 3614 676 3684 plaga
712 3614 893 3683 lepra',
934 3613 1290 3686 Septuaginta
1326 3619 1757 3673 transtulerunt:
1801 3619 1985 3673 Homi-

407 3703 460 3754 ni
495 3704 540 3755 si
582 3704 666 3755 cui
693 3705 832 3774 facta
862 3706 1022 3774 fuerit
1060 3707 1117 3758 in
1151 3707 1398 3775 pellicula
1447 3710 1679 3777 corporis
1701 3710 1813 3779 ejus
1844 3712 1985 3764 cica-

409 3794 512 3845 trix
538 3794 942 3862 signiﬁcationis
984 3790 1261 3864 apparens.
1289 3796 1522 3852 Cicatrix
1551 3800 1982 3869 signiﬁcationis,

407 3890 687 3948 peccatum
728 3883 1037 3953 signiﬁcat,-
1070 3900 1137 3938 ex
1184 3884 1268 3939 his
1307 3903 1426 3955 qua:
1468 3899 1752 3958 apparent,
1809 3892 1986 3944 mani-

408 3968 632 4037 festans,
669 3973 813 4040 quod
844 3975 1115 4027 occultum
1145 3982 1248 4041 est,
1274 3984 1328 4029 et
1354 3977 1528 4032 latens
1554 3979 1750 4033 anima:
1770 3981 1983 4036 vitium.

408 4061 484 4113 Ac
521 4059 719 4114 deinde
748 4062 1058 4117 cicatricem
1104 4064 1245 4118 hanc
1270 4067 1488 4135 quidem
1515 4068 1813 4140 τηλαυγήν,
1843 4071 1985 4125 illam

407 4161 586 4206 autem
611 4154 901 4223 appellavit
929 4153 1221 4227 αῠγασμαε
1252 4160 1379 4229 quia
1411 4170 1694 4229 peccatum
1726 4162 1831 4217 hoc
1858 4165 1983 4233 qui-

406 4242 529 4297 dem
566 4254 753 4314 aperte
786 4260 848 4299 ex
894 4260 975 4310 se,
1011 4256 1067 4301 et
1095 4249 1213 4303 sine
1244 4251 1423 4320 aliqua
1465 4251 1857 4322 dijudicatione
1887 4255 1985 4309 de-

406 4354 663 4409 nuntiant
720 4355 821 4425 ipsi
844 4366 1027 4413 motus
1045 4360 1262 4416 animae.
1291 4360 1416 4418 Haec
1446 4373 1650 4432 autem,
1679 4368 1984 4424 necessaria

405 4442 631 4508 habent,
663 4457 815 4501 extra
845 4449 988 4517 quod
1018 4450 1194 4505 lucem
1235 4454 1537 4521 peccatoris
1570 4455 1693 4549 quis
1736 4457 1901 4523 videt,
1932 4467 1987 4514 et

2076 608 2233 649 vatur
2259 595 2521 650 alterius:
2556 594 2656 658 Qui
2681 596 2826 648 enim
2872 587 3037 649 totam
3068 596 3231 669 legem
3260 599 3502 663 custodit,
3536 612 3660 666 pec-

2077 693 2159 737 cat
2188 698 2360 738 autem
2387 684 2444 737 in
2471 699 2596 745 uno,
2633 683 2806 751 factus
2836 693 2910 737 est
2932 686 3167 738 omnium
3205 702 3323 739 reus
3337 682 3407 738 “.

2146 798 2246 850 Hic
2263 796 2332 849 ad
2363 796 2543 848 Aaron
2579 795 2899 848 sacerdotem
2932 773 3242 861 adducetur,
3288 805 3383 849 aut
3406 797 3476 849 ad
3498 810 3662 849 unum

2076 887 2351 957 quemlibet
2381 886 2613 956 ﬁliorum
2644 885 2781 953 ejus.
2824 886 2945 941 Filii
2985 895 3164 940 autem
3202 887 3499 942 sacerdotis
3531 895 3662 940 sunt

2077 979 2289 1048 cognati
2312 976 2432 1047 ejus
2458 977 2759 1032 secundum
2789 977 3062 1046 spiritum,
3092 994 3252 1047 aquo
3277 985 3331 1032 et
3364 976 3658 1031 sacerdotii

2075 1068 2279 1123 habent
2314 1069 2652 1140 dignitatem.
2702 1066 2844 1122 Sunt
2872 1077 3053 1122 autem
3094 1070 3169 1134 hi,
3209 1069 3263 1122 in
3287 1069 3487 1138 quibus
3526 1084 3660 1138 per-

2078 1159 2218 1214 fecta
2264 1170 2349 1215 est
2429 1161 2699 1230 plenaque
2741 1159 3111 1230 philosophia,
3164 1169 3223 1214 ut
3269 1161 3662 1215 etdiscernere

2078 1255 2288 1323 possint
2316 1253 2587 1319 sublimia,
2625 1262 2681 1307 et
2710 1253 2907 1307 animae
2941 1252 3189 1322 judicare
3223 1261 3403 1306 motus
3430 1252 3663 1306 abscon-

2079 1345 2243 1397 ditos.
2299 1341 2404 1397 Sed
2433 1342 2707 1412 quomodo
2733 1341 3018 1409 judicant?

2152 1454 2330 1508 Vident
2381 1452 2583 1520 lepram
2615 1453 2668 1505 in
2714 1461 2848 1516 cute,
2882 1459 2931 1504 et
2957 1450 3126 1517 pilum
3162 1452 3294 1520 ejus,
3325 1451 3371 1504 si
3401 1452 3451 1503 in
3485 1449 3665 1503 album

2081 1556 2311 1601 mutatus
2352 1548 2529 1616 fuerit,
2580 1562 2643 1598 ac
2685 1547 2856 1612 ipsam
2891 1545 3112 1612 speciem
3150 1543 3307 1612 lepra:
3334 1542 3665 1596 humiliorem

2081 1647 2214 1699 cute,
2270 1645 2319 1689 'et
2370 1652 2529 1689 carne
2564 1634 2789 1703 reliqua.
2832 1631 2935 1686 Per
2981 1632 3118 1702 pilos
3164 1641 3346 1685 autem
3391 1630 3665 1701 signiﬁcat

2081 1724 2443 1796 cogitationes
2486 1723 2685 1792 quibus
2730 1728 2958 1775 ornatur
2999 1719 3202 1785 anima,
3240 1735 3502 1788 mensque
3532 1734 3665 1773 con-

2082 1814 2283 1882 tegitur
2335 1828 2458 1867 cum
2502 1812 2721 1867 easdem
2766 1811 2881 1881 ipsa
2933 1810 3106 1880 pariat
3135 1809 3531 1879 cogitationes:
3563 1809 3666 1863 sibi

2086 1920 2209 1957 nam
2258 1913 2311 1958 et
2343 1912 2504 1972 caput
2550 1903 2775 1972 capillos
2821 1913 3064 1973 generat,
3109 1909 3165 1955 et
3212 1910 3439 1955 ornatur
3468 1919 3532 1955 cx
3563 1901 3664 1962 cis,

2086 2006 2150 2045 ac
2172 1992 2390 2061 tegitur.
2425 1991 2717 2061 Propterea
2762 1990 2941 2061 capilli
2973 1991 3170 2060 capitis
3198 1991 3369 2044 nostri
3399 1991 3664 2044 numerati

2085 2080 2437 2146 dicuntur“,
2499 2082 2859 2151 Cogitationes
2908 2081 3166 2136 videlicet
3217 2080 3439 2135 mentis.
3485 2080 3667 2150 Caput

2084 2173 2231 2227 enim
2273 2173 2406 2242 ipsa,
2440 2172 2565 2242 quia
2610 2172 2909 2242 principale
2940 2182 3023 2226 est
3052 2172 3269 2235 animae,
3306 2172 3525 2225 dicitur.
3556 2171 3667 2226 Cur

2084 2274 2267 2319 autem
2327 2264 2599 2318 numerati
2647 2264 2814 2317 sunt?
2857 2262 3047 2332 procul
3090 2261 3257 2316 dubio
3285 2262 3531 2315 dicturus
3559 2271 3663 2318 est.

2064 2360 2209 2425 ‘quia
2239 2371 2337 2426 per
2367 2371 2459 2410 eas
2482 2355 2667 2425 utique
2696 2354 2859 2425 iudex
2888 2354 3231 2423 judicaturus
3261 2364 3342 2408 est
3368 2354 3664 2418 hominem,

2086 2448 2138 2502 id
2177 2456 2279 2511 est,
2315 2446 2697 2501 accusantibus
2725 2446 2822 2509 eis,
2874 2446 2957 2499 vel
2983 2446 3389 2510 excusantibus,
3426 2446 3566 2499 sicut
3594 2445 3670 2498 ait

2087 2538 2324 2593 Paulus:
2366 2536 2431 2590 In
2480 2548 2708 2607 tempore
2738 2554 2838 2607 quo
2866 2548 3041 2589 nostra
3078 2537 3466 2605 iudicabuntur
3494 2538 3668 2590 occul-

2087 2638 2140 2682 ta
2158 2630 2224 2685 ⁸³,
2275 2628 2565 2698 Propterea
2608 2627 2958 2698 intelligimus
2986 2629 3040 2680 in
3074 2627 3306 2681 Nazaraei
3346 2628 3521 2697 capite
3557 2628 3669 2682 ler-

2088 2736 2207 2774 rum
2254 2736 2362 2774 non
2415 2719 2645 2790 ingredi,
2687 2719 2816 2772 dum
2860 2716 2980 2771 alii's
3010 2718 3126 2771 sine
3172 2718 3328 2787 culpa
3367 2718 3663 2774 inferatur:

2086 2813 2209 2883 quia
2242 2813 2440 2882 quibus
2488 2819 2618 2865 sunt
2650 2808 2911 2879 superﬂui
2948 2810 3149 2878 capilli,
3185 2826 3295 2863 non
3324 2811 3498 2863 solum
3533 2811 3669 2865 nihil

2085 2910 2265 2967 nocet,
2320 2902 2412 2955 sed
2461 2910 2517 2954 et
2553 2900 2764 2954 lucrum
2793 2908 2896 2966 est,
2938 2900 3189 2953 tonderi:
3242 2901 3440 2970 quibus
3485 2912 3669 2955 autem

2085 3009 2197 3046 non
2226 3001 2355 3046 sunt
2387 2991 2667 3061 superllui,
2701 2992 2960 3046 damnum
3002 3000 3106 3058 est,
3153 3001 3376 3061 propter
3408 2992 3670 3047 naturalis

2087 3085 2299 3140 decoris
2330 3078 2709 3153 spoliationem
2744 3084 3063 3154 capillorum
3100 3083 3389 3153 depositio.
3429 3082 3519 3137 Sic
3548 3085 3670 3152 qui-

2086 3177 2407 3245 buscunquc
2442 3176 2717 3245 superﬂue
2762 3176 3119 3246 cogitationes
3168 3176 3493 3244 importunae
3519 3185 3666 3242 sunt,

2086 3268 2225 3322 bene
2272 3269 2341 3321 ab
2374 3267 2455 3321 eis
2484 3268 2911 3322 commutatione
2961 3265 3339 3330 consiliorum,
3384 3266 3467 3320 vel
3503 3266 3670 3320 obve-

2086 3359 2353 3413 nientium
2422 3360 2670 3414 omnium
2735 3358 3168 3429 phantasiarum,
3230 3374 3383 3413 more
3437 3368 3674 3413 tonsura:

2086 3459 2294 3506 carent.
2346 3448 2405 3504 In
2452 3448 2709 3506 Nazaraao
2755 3460 2938 3506 autem
2993 3466 3102 3505 non
3156 3460 3304 3517 sunt,
3337 3460 3484 3506 totus
3525 3451 3670 3505 enim

2085 3551 2307 3597 sanctus
2354 3550 2458 3596 est.
2516 3543 2747 3613 Propter
2791 3544 2935 3615 quod
2966 3543 3169 3598 ferrum
3227 3545 3281 3597 in
3328 3544 3505 3614 capite
3555 3544 3672 3612 ej'us

2086 3646 2197 3684 non
2232 3631 2499 3697 ascendit,
2539 3646 2665 3687 cum
2687 3633 2835 3688 bono
2866 3640 3051 3687 utatur
3072 3633 3322 3698 consilio,
3357 3642 3412 3686 et
3445 3633 3670 3702 capillos

2087 3722 2478 3790 cegitationum
2507 3722 2867 3789 necessarios,
2895 3732 2950 3776 et
2982 3738 3090 3776 non
3123 3724 3430 3792 superﬂuos
3456 3724 3673 3787 habeat,

2087 3826 2152 3865 ex
2194 3813 2392 3881 quibus
2439 3829 2549 3866 non
2583 3813 2795 3879 incidit,
2853 3829 2975 3867 cum
3005 3829 3116 3866 non
3144 3821 3341 3868 tractet
3379 3814 3672 3876 deteriora,

2086 3917 2263 3971 neque
2289 3912 2607 3957 commutet.
2639 3902 2694 3957 Si
2726 3918 2855 3971 ergo
2885 3904 3053 3972 pilum
3089 3904 3146 3957 in
3173 3904 3296 3957 albo
3327 3904 3437 3970 hic,
3474 3905 3541 3959 de
3565 3921 3695 3976 quo,

2087 4009 2236 4048 nunc
2279 4002 2364 4048 est
2406 4009 2608 4061 sermo,
2642 3995 3082 4060 commutaverit,
3127 3996 3512 4066 cogitationem
3540 4013 3675 4052 con-

2086 4094 2304 4143 vertens
2336 4086 2392 4141 in
2418 4087 2790 4156 impudentem
2812 4087 3200 4154 conditionem,
3226 4088 3675 4159 manifestamque

2087 4179 2335 4249 peccati,
2408 4180 2633 4249 ipsaque
2689 4180 2901 4249 species
2970 4180 3137 4250 lepra:
3196 4180 3454 4234 humilior
3505 4180 3675 4235 fuerit

2088 4284 2274 4334 carne,
2304 4278 2358 4324 et
2396 4279 2521 4324 cute
2553 4269 2783 4340 reliqua.
2827 4270 2971 4325 hanc
3004 4270 3148 4324 enim
3188 4270 3516 4336 considerat,
3543 4279 3599 4325 et
3626 4271 3672 4325 si

2087 4361 2288 4417 viderit
2324 4361 2638 4430 apparuisse
2685 4360 2910 4415 nimiam
2962 4360 3360 4423 inﬁrmitatem,
3391 4371 3554 4431 atque
3576 4363 3674 4417 de-

2091 4452 2283 4509 fecisse
2315 4453 2620 4507 naturalem
2658 4452 2936 4519 virtutem,
2975 4453 3120 4523 quod
3156 4453 3476 4532 estspecies
3508 4456 3676 4524 lepra:

406 4536 893 4594 considerationem
913 4541 1213 4610 judicantis
1239 4546 1399 4614 quale
1434 4547 1525 4612 sit,
1557 4527 1740 4604 u'trum
1796 4566 1984 4605 verum
2020 4527 2062 4581 Ὀ
2096 4544 2350 4599 humilior
2372 4550 2519 4609 cute,
2550 4549 2643 4596 aut
2672 4558 2839 4598 carne
2865 4543 3094 4611 reliqua,
3121 4527 3335 4611 separat
3361 4553 3416 4596 et
3439 4543 3675 4598 immun-

410 4640 477 4679 an
512 4627 726 4681 falsum.
762 4629 817 4683 Si
844 4646 971 4702 ergo
992 4637 1283 4703 peccatori,
1312 4637 1454 4693 sicut
1483 4641 1723 4708 pne-dicti
1753 4641 1985 4712 Septua-

410 4715 556 4786 ginta
591 4718 780 4787 edunt,
810 4723 1034 4778 cicatrix
1063 4726 1477 4796 signiﬁcationis
1499 4731 1553 4784 in
1583 4733 1833 4801 pellicula
1861 4751 1984 4789 cor-

408 4811 555 4880 poris
581 4812 661 4879 lit,
686 4814 935 4872 videlicet
964 4828 1244 4889 peccatum
1274 4823 1328 4876 in
1345 4840 1530 4891 carne,
1555 4828 1698 4896 quod
1722 4828 1987 4899 signiticet

408 4903 644 4959 animam
670 4922 884 4978 quoque
915 4912 1149 4981 compati
1188 4916 1401 4983 corpori
1425 4932 1437 4968 :
1467 4925 1551 4971 est
1570 4928 1753 4973 autem
1782 4920 1985 4990 τηλαυ-

406 4998 511 5069 γής
558 5000 683 5067 hoc,
731 5011 830 5057 aut
875 5002 1167 5091 attractus,
1218 5007 1271 5061 id
1299 5017 1401 5072 est,
1441 5020 1535 5064 aut
1564 5012 1728 5068 nimis
1762 5017 1992 5073 manife-

408 5099 577 5153 stum,
612 5101 707 5148 aut
734 5093 1074 5166 inspicientis
1095 5113 1264 5167 egens
1293 5100 1686 5170 disceptatione
1719 5123 1732 5158 :
1777 5107 1857 5162 sic
1887 5110 1993 5166 hoc

410 5179 466 5234 in
511 5185 778 5239 maculam
811 5187 975 5257 leprze
1004 5189 1313 5245 habebitur.
1350 5192 1580 5262 Lepram
1616 5206 1800 5253 autem
1834 5200 1996 5256 intel-

410 5268 628 5340 ligimus
654 5274 782 5345 legis
808 5279 1298 5348 transgressionem
1326 5298 1340 5334 :
1382 5282 1509 5351 quia
1537 5286 1994 5353 quemadmodum

410 5360 676 5430 leprosos,
703 5365 831 5419 dum
857 5374 1001 5422 totus
1027 5369 1097 5423 sit
1123 5385 1308 5435 sanus,
1333 5387 1396 5426 ex
1424 5383 1577 5442 parte
1600 5377 1779 5447 aliqua
1800 5380 1984 5451 lepro-

409 5466 503 5507 sus
555 5451 753 5519 factus,
804 5457 942 5512 nihil
983 5460 1207 5529 juvatur
1246 5477 1309 5517 ex
1346 5465 1521 5520 salute
1580 5469 1807 5526 minime
1856 5473 1984 5529 facti

410 5543 608 5613 leprosi
653 5548 914 5616 corporis,
962 5552 1057 5607 sed
1100 5565 1414 5610 removetur
1453 5573 1483 5612 a
1517 5561 1892 5627 tabernaculo,
1926 5577 1988 5622 ut

407 5630 763 5704 immundus;
813 5638 891 5693 sic
944 5648 998 5694 et
1043 5643 1132 5710 qui
1199 5643 1333 5714 legis
1376 5658 1647 5717 prmcepta
1693 5666 1760 5705 ex
1806 5653 1985 5723 aliqua

481 5762 546 5842 ἶς’
577 5763 710 5821 Luc.
749 5784 846 5842 χέῃ,
898 5771 1087 5826 lli-l9.
1176 5777 1219 5805 '7’
1251 5775 1378 5831 Luc.
1413 5796 1465 5842 κ,
1503 5781 1590 5836 50.

409 5825 452 5860 ⁸⁸
484 5831 639 5888 Rom.
674 5854 733 5905 ιι,
768 5825 849 5893 lli;
929 5843 973 5874 ⁸⁸
1000 5843 1018 5895 ι
1049 5825 1178 5900 Cor.

1706 5785 1750 5817 ⁸⁵
1778 5787 1880 5841 Job
1910 5807 1946 5851 ι,
1977 5790 2025 5845 l.

2092 4637 2220 4691 dum
2252 4651 2373 4690 eum
2398 4643 2544 4688 recte
2572 4634 2826 4688 sacerdos
2847 4634 3075 4703 judicat,
3115 4643 3300 4704 utpote
3330 4635 3675 4705 languentem

2091 4727 2311 4797 quidem
2348 4740 2412 4779 ex
2446 4723 2752 4778 intentione
2788 4738 2907 4789 sua,
2953 4732 3009 4777 et
3039 4724 3339 4778 voluntate.
3387 4724 3499 4779 Hoc
3528 4726 3673 4779 enim

2091 4817 2183 4885 qui
2218 4815 2387 4885 pilum
2418 4820 2739 4882 commutat,
2782 4813 2963 4868 innuit
3002 4814 3186 4881 nimis,
3236 4814 3363 4884 quia
3411 4824 3494 4870 est
3521 4817 3674 4869 inﬁr-

2093 4924 2236 4974 mus,
2292 4914 2347 4961 et
2389 4914 2677 4978 propterea
2734 4907 3033 4978 semetipso
3085 4907 3364 4975 humilior,
3428 4910 3575 4964 unde
3620 4919 3676 4965 et

2095 5008 2242 5056 recte
2286 5000 2499 5055 veniam
2543 5016 2654 5055 non
2697 5009 2958 5054 meretur.
3022 4998 3180 5055 Vinci
3213 5002 3359 5055 enim
3392 5002 3461 5056 ab
3510 5002 3665 5057 Abra-

2088 5097 2237 5161 ham,
2267 5104 2325 5150 et
2360 5095 2428 5149 ab
2467 5095 2576 5149 alio
2616 5096 2831 5164 majori,
2883 5097 3153 5165 portabilc
3183 5106 3287 5163 est,
3329 5104 3389 5150 ut
3423 5096 3672 5165 quaedam

2090 5188 2374 5252 habitudo,
2417 5187 2501 5241 vel
2534 5189 2775 5257 potentia
2820 5190 3121 5258 prodatur:
3163 5187 3248 5243 vel
3277 5188 3501 5254 bonum,
3528 5188 3674 5257 quod

2093 5282 2152 5328 ut
2194 5288 2566 5344 operaremur,
2595 5289 2625 5327 a
2655 5272 2767 5330 Deo
2807 5276 3176 5345 percepimus.
3230 5274 3306 5326 De
3343 5274 3544 5342 quibus
3578 5274 3674 5328 ha-

2092 5364 2298 5420 bilibus
2324 5365 2572 5435 quaedam
2612 5366 2747 5420 mihi
2779 5366 2980 5421 Paulus
3034 5366 3265 5420 innuere
3297 5364 3533 5430 videtur,
3583 5366 3672 5420 in»

2092 5455 2286 5525 quiens
2313 5454 2634 5524 :Unicuique
2661 5457 2795 5509 sicut
2823 5456 3079 5510 Dominus
3107 5454 3310 5519 dividit,
3335 5469 3676 5524 unumquem—

2094 5565 2191 5618 que
2235 5548 2370 5601 sicut
2412 5550 2613 5601 vocavit
2659 5547 2799 5602 Deus
2818 5549 2888 5611 “,-
2931 5562 3056 5602 cum
3109 5562 3141 5601 a
3192 5544 3486 5614 semetipso
3522 5544 3675 5616 quis-

2095 5638 2240 5708 piam
2276 5638 2515 5693 deterior
2548 5638 2656 5699 tiat,
2693 5637 3040 5707 importabile
3073 5646 3172 5693 est.

2137 5793 2179 5823 ⁸¹
2228 5791 2327 5847 Job
2364 5809 2421 5858 tl,
2449 5794 2500 5847 ὧ.

2607 5795 2653 5826 ³³
2682 5794 2796 5848 .lac.
2853 5810 2927 5853 ιι.
2967 5795 3047 5849 l0.
3152 5793 3200 5824 ⁸³
3228 5790 3420 5845 Matth.
3475 5805 3542 5853 χ,
3574 5787 3645 5840 50
