4044 6224
402 369 511 433 935

1586 348 1950 412 HESYCHII
1997 343 2468 407 PBESBYTERI

3544 342 3650 407 936

474 478 635 535 Vens.
674 477 793 533 με.
837 495 856 527 ε
887 473 947 529 Si
996 479 1180 527 autem
1226 445 1417 523 lucens
1461 462 1628 518 luerit
1674 460 1878 516 candor
1910 459 1967 513 in
1996 465 2040 520 Α
2072 458 2175 512 hoc
2217 457 2540 516 habentem,
2571 451 2717 521 quod
2748 450 3204 507 medicamentum
3247 451 3442 507 debeat
3488 453 3648 510 adhi.

401 583 546 636 cutc,
581 584 679 624 nec
726 565 982 622 humilior
1053 577 1216 618 carne
1245 560 1470 629 reliqua,
1515 564 1571 610 et
1602 555 1743 623 pilus
1768 550 1967 607 coloris

394 661 635 731 pristini,
677 657 922 712 recludet
945 670 1071 710 eum
1118 651 1374 707 sacerdos
1421 655 1631 718 septem
1669 644 1882 707 diebus,
1914 651 1969 696 ct

396 751 621 816 videbit,
667 756 724 803 et
763 744 1134 802 considerabit
1179 743 1269 797 die
1313 741 1563 810 septima.
1607 735 1673 791 Et
1699 734 1968 805 siquidem

398 842 547 911 lepra
577 840 717 895 ultra
746 854 857 893 non
878 835 1129 897 creverit,
1163 848 1267 887 nec
1291 829 1567 886 transierit
1592 828 1647 882 in
1665 834 1791 882 cute
1823 824 1970 895 prio-

400 945 486 984 res
543 929 825 989 terminos,
859 940 1048 980 rursus
1082 922 1324 978 includet
1367 935 1493 975 eum
1531 928 1738 987 septem
1781 914 1971 969 diebus

400 1018 541 1085 aliis,
577 1026 633 1072 ct
668 1018 755 1071 die
790 1016 1022 1085 septimo
1068 1011 1546 1081 contemplabitur.
1601 1007 1657 1062 Si
1688 1006 1971 1062 Obscurior

401 1110 565 1164 fuerit
588 1108 757 1177 lepra,
786 1116 841 1160 et
868 1122 975 1161 non
1007 1104 1240 1159 creverit
1260 1102 1312 1155 in
1340 1112 1484 1165 cute,
1521 1097 1801 1153 mundabit
1821 1112 1967 1163 eum,

398 1202 524 1269 quia
557 1197 767 1254 scabies
810 1208 912 1261 est,
944 1195 1255 1263 levabitque
1298 1192 1464 1247 homo
1496 1190 1819 1243 vestimenta
1848 1201 1966 1253 sua,

399 1302 457 1348 et
486 1292 722 1348 mundus
773 1290 901 1345 crit.
933 1288 1089 1354 Quod
1126 1286 1171 1340 si
1203 1293 1484 1356 postquam
1516 1298 1546 1336 a
1582 1279 1864 1336 sacerdote
1891 1278 1973 1333 vi-

399 1401 495 1440 sus
535 1392 620 1439 est
667 1383 908 1438 redditus
943 1379 1242 1443 munditiae,
1293 1378 1489 1431 iterum
1536 1374 1684 1443 lepra
1714 1371 1968 1436 creverit,

402 1475 707 1529 adducetur
749 1473 815 1527 ad
855 1487 978 1527 eum
1006 1512 1020 1537 ,
1064 1479 1120 1525 et
1177 1465 1539 1522 immunditiae
1585 1460 1973 1519 condemnabi-

403 1579 510 1623 tur.
551 1586 569 1619 ι
1719 1563 1727 1575 “
1826 1630 1829 1635 ι

476 1654 758 1710 Maximam
787 1652 841 1706 in
873 1653 974 1707 hoc
1010 1649 1347 1722 legislatoris,
1375 1647 1704 1719 dignamque
1729 1644 1842 1698 Deo
1861 1642 1975 1698 cle-

405 1746 662 1800 mentiam
715 1752 994 1807 contuerc,
1020 1743 1133 1811 ipse
1171 1740 1371 1809 quippe
1397 1745 1515 1793 erat
1541 1737 1681 1790 lator
1702 1735 1854 1805 legis,
1882 1731 1974 1802 qui

2074 548 2222 602 here.
2262 546 2543 615 Siquidem
2579 552 2636 598 et
2676 542 2949 607 adhibuit,
2994 550 3051 596 tu
3087 549 3266 596 autem
3294 543 3649 613 cognoscens,

2072 635 2199 705 quia
2247 632 2705 705 signiﬁcationem
2750 630 2988 700 appellet
3039 630 3146 684 tale
3188 637 3498 700 peccatum,
3544 649 3651 688 non

2074 727 2375 784 abscondas
2418 724 2621 780 malum
2663 739 2694 778 a
2737 738 2870 777 vero
2911 723 3214 787 sacerdote,
3255 722 3383 776 licet
3431 723 3652 778 dubium

2075 827 2388 886 tectumque
2437 817 2508 871 sit
2537 815 2677 882 aliis,
2710 814 2807 870 sed
2839 815 3068 869 ostende
3112 828 3178 868 ac
3216 813 3409 882 prode.
3449 812 3652 869 Diebus

2075 911 2219 965 enim
2265 910 2464 980 quibus
2504 917 2556 963 te
2586 922 2849 978 separans
2894 907 3152 962 sacerdos
3181 922 3211 960 a
3244 915 3557 963 sanctorum
3584 919 3658 963 ta.

2074 1002 2389 1064 bernaculo,
2421 1015 2611 1055 rursus
2642 999 2905 1069 suscipiet
2928 1014 3117 1053 rursus
3147 1013 3255 1069 quo
3286 1006 3504 1069 oportet
3543 1015 3659 1052 mo-

2076 1092 2146 1147 do
2171 1091 2494 1147 vestimenta
2521 1090 2673 1159 prius
2699 1087 2904 1150 carnis,
2950 1086 3093 1142 sicut
3129 1088 3204 1141 ait
3238 1088 3534 1156 legislator,
3571 1089 3656 1142 di-

2074 1184 2343 1240 luentem.
2389 1182 2497 1238 Sed
2538 1181 2679 1247 vide,
2720 1189 2776 1236 et
2816 1178 3030 1247 veniam
3083 1179 3389 1250 percipiens
3423 1180 3657 1239 custodi.

2076 1293 2179 1333 nec
2217 1277 2445 1347 polluas,
2486 1284 2771 1347 postquam
2812 1271 2979 1326 semel
3022 1272 3217 1327 laverit
3265 1271 3502 1326 tunicam
3534 1284 3660 1324 car-

2077 1368 2181 1423 nis.
2218 1367 2354 1421 Nam
2400 1368 2467 1422 si‘
2493 1366 2656 1421 etiam
2699 1370 2823 1434 post
2866 1362 2984 1417 haec
3020 1362 3342 1434 signiﬁcatio
3395 1361 3663 1432 passionis

2078 1457 2334 1513 inciderit
2373 1456 2427 1511 in
2460 1455 2741 1526 pellicula,
2788 1452 2898 1517 vel,
2935 1454 3235 1509 secundum
3266 1462 3506 1508 nostram
3540 1452 3664 1507 edi‘

2080 1551 2309 1611 tionem,
2338 1548 2591 1613 creverit,
2643 1554 2695 1602 et
2727 1563 2914 1602 rursus
2950 1561 2982 1601 a
3005 1544 3217 1600 meliori
3248 1552 3404 1616 parte
3433 1545 3500 1599 ad
3537 1560 3667 1614 pec.

2079 1648 2259 1696 catum
2295 1640 2572 1707 reciderit,
2615 1647 3093 1709 commutatusque
3122 1637 3308 1704 fuerit,
3344 1634 3547 1692 videbit
3570 1651 3664 1692 sa-

2081 1731 2294 1796 cerdos,
2328 1740 2383 1785 et
2419 1730 2565 1786 illico
2603 1739 2921 1801 vergentem
2944 1730 3010 1784 ad
3044 1729 3313 1784 deteriora
3357 1729 3663 1799 reperiens,

406 1838 604 1892 ducatu
635 1837 827 1890 litterae
866 1834 931 1887 ad
967 1831 1274 1902 huiusmodi
1305 1827 1820 1899 contemplationem
1849 1822 1982 1894 legis
2013 1813 2056 1873 Β
2086 1820 2454 1902 immunditiae
2486 1818 2891 1876 condemnabit.
2954 1819 3377 1889 Subsequuntur
3427 1818 3666 1888 Septua—

405 1931 593 1984 utitur.
615 1928 755 1994 Quid
777 1937 956 1981 autem
997 1926 1114 1980 haec
1136 1925 1316 1978 littera
1340 1920 1488 1977 vult?

475 2015 533 2071 Si
578 2029 754 2069 autem
786 2015 962 2067 lucens
998 2013 1155 2083 fuerit
1190 2010 1390 2064 candor
1416 2008 1472 2062 in
1507 2016 1643 2069 cute,
1684 2021 1777 2060 nec
1804 2005 1978 2059 humi—

408 2108 508 2161 lior
541 2123 698 2161 carne
734 2097 959 2177 reliqua,
982 2113 1029 2157 et
1060 2103 1197 2173 pilus
1241 2102 1426 2155 coloris
1456 2099 1686 2169 pristini,
1725 2098 1980 2152 mundum

407 2199 648 2255 sacerdos
675 2198 885 2267 judicat
913 2197 1153 2266 omnique
1192 2193 1485 2262 suspicione
1509 2200 1793 2244 carentem.
1826 2187 1981 2243 Licet

408 2290 758 2347 manifestum
798 2288 888 2354 sit,
930 2288 1073 2354 quod
1117 2286 1170 2339 in
1198 2284 1564 2354 suspicionem
1607 2288 1827 2336 venerat
1859 2294 1982 2349 pec-

409 2394 612 2445 catum,
662 2397 816 2436 mens
850 2390 1026 2434 tamen
1066 2395 1187 2448 qua:
1215 2376 1463 2445 deliquit,
1491 2391 1613 2445 qua:
1646 2373 1843 2445 procul
1877 2372 1981 2427 du-

407 2476 502 2531 bio
546 2490 644 2543 per
682 2482 959 2542 aspectum
1010 2469 1349 2540 signiﬁcatur
1389 2468 1690 2523 secundum
1740 2464 1982 2520 traditio-

409 2581 534 2619 nem
567 2564 938 2632 Septuaginta,
964 2544 1211 2613 humilior
1240 2575 1396 2613 carne
1425 2546 1629 2629 reliqua
1660 2573 1767 2612 non
1794 2556 1977 2613 fuerit.

410 2655 464 2708 id
489 2664 591 2718 est,
640 2652 951 2721 semetipsa,
986 2663 1164 2719 neque
1188 2649 1255 2702 ab
1284 2650 1617 2714 habitudine,
1650 2662 1811 2720 quam
1860 2659 1981 2702 Sor-

412 2746 509 2799 tita
562 2754 665 2805 est,
713 2741 1019 2795 inﬁrmior:
1065 2756 1166 2796 nec
1209 2756 1306 2808 per
1362 2742 1623 2796 eveniens
1694 2748 1981 2808 peccatum

414 2830 786 2886 immutaverit
839 2843 972 2894 cor,
1019 2828 1374 2897 delictrixque
1422 2835 1771 2898 peccatorum
1817 2826 1982 2881 fuerit

414 2922 649 2985 ellecta;
702 2922 805 2976 hoc
834 2928 917 2975 est
958 2920 1123 2985 enim,
1173 2934 1276 2974 nec
1304 2921 1594 2973 candorem
1634 2917 1982 2972 humiliorem

413 3011 588 3066 videri
612 3026 776 3065 carne
824 3011 1057 3080 reliqua,
1085 3020 1139 3063 et
1176 3009 1311 3078 pilos
1341 3023 1463 3063 esse
1489 3007 1688 3062 coloris
1726 3006 1979 3077 pristini:

415 3104 510 3159 sed
555 3112 611 3158 et
657 3102 1024 3157 obscuriorem
1082 3109 1385 3171 aspectum,
1436 3101 1580 3154 sicut
1625 3098 1981 3169 Septuaginta

415 3196 607 3259 edunt,
640 3194 858 3257 habeat,
898 3207 1061 3262 quem
1092 3207 1215 3247 esse
1235 3200 1471 3245 mentem
1501 3191 1736 3245 diximus
1762 3207 1775 3244 :
1808 3190 1988 3244 adhuc

414 3285 617 3354 quippe
649 3293 871 3353 propter
893 3284 1060 3337 semel
1092 3283 1441 3337 commissum
1477 3281 1756 3344 delictum,
1788 3281 1988 3335 obscu-

416 3388 473 3427 ra
505 3388 570 3426 ac
607 3371 772 3425 dubia
810 3380 912 3433 est,
943 3382 1121 3425 tamen
1156 3371 1304 3425 hunc
1336 3369 1601 3426 removeri
1640 3384 1751 3423 non
1783 3383 1989 3439 praece-

417 3465 518 3536 pit,
547 3464 639 3517 sed
667 3473 725 3516 ut
756 3472 1089 3532 peccantem,
1121 3470 1328 3531 septem
1351 3461 1488 3525 dies,
1518 3471 1572 3514 et
1593 3460 1728 3514 alios
1766 3460 1987 3514 totidem

419 3565 665 3610 removet
694 3569 725 3607 a
747 3553 1100 3607 tabernaculo
1129 3551 1403 3611 sacerdos.
1437 3551 1775 3620 probationis
1803 3550 1984 3615 simul,

417 3646 924 3712 emendationisque
972 3643 1168 3714 gratia,
1214 3642 1498 3697 munditiae
1545 3641 1806 3697 restituit.
1861 3641 1990 3695 Post

418 3739 543 3799 hoc,
595 3737 639 3790 si
691 3735 990 3805 inspiciens
1032 3734 1144 3803 bis,
1183 3734 1555 3788 obscuriorem
1584 3733 1852 3788 invenerit
1876 3748 1992 3786 ma-

418 3829 620 3893 cuiam,
652 3843 755 3882 nec
782 3835 1119 3881 crescentem
1160 3824 1213 3878 in
1244 3834 1406 3880 cute:
1455 3825 1501 3879 si
1542 3825 1687 3879 enim
1727 3825 1992 3880 crevisset

419 3929 725 3989 peccatum,
752 3925 1159 3989 augmentatum
1184 3917 1464 3972 transisset
1492 3917 1548 3970 in
1569 3931 1733 3971 carne
1760 3917 1987 3986 reliqua,

419 4010 783 4079 dilfusumque
810 4011 984 4074 carni,
1013 4009 1349 4063 innnundum
1383 4024 1526 4073 eum,
1548 4009 1641 4079 qui
1668 4009 1723 4062 in
1752 4008 1991 4063 deterius

420 4102 653 4171 proﬁcit,
685 4102 1002 4156 ostenderat
1031 4118 1045 4156 :
1083 4101 1175 4170 qui
1199 4117 1307 4155 non
1335 4101 1528 4167 crevit,
1561 4101 1655 4156 sed
1688 4101 1990 4171 permansit

420 4192 670 4246 similiter
714 4200 988 4263 aspectus,
1035 4194 1150 4247 sive
1202 4194 1412 4262 species
1473 4194 1777 4249 obscurior.
1846 4191 1990 4258 Quid

421 4285 566 4335 enim
595 4283 878 4351 iniquitate
896 4281 1185 4335 obscurius
1205 4291 1288 4335 est
1308 4281 1413 4335 ?de
1438 4296 1542 4350 qua
1563 4281 1798 4352 caligant
1823 4281 1986 4344 oculi,

422 4385 479 4428 tat
509 4389 685 4442 neque
715 4374 907 4433 Deum,
938 4386 1114 4440 neque
1144 4373 1246 4424 hoc
1273 4372 1414 4440 quod
1435 4372 1674 4441 expedit,
1703 4370 1990 4441 perspicue

2078 1913 2246 1984 ginta.
2278 1920 2333 1967 et
2361 1897 2552 1968 dicilnt
2574 1930 2587 1967 :
2610 1910 2746 1977 Quia
2777 1912 2922 1981 lepra
2951 1919 3047 1965 est.
3073 1910 3274 1981 Aperte
3300 1910 3448 1966 enim
3473 1910 3665 1979 hujus,

2076 2004 2171 2074 qui
2203 2004 2321 2060 talis
2350 2012 2452 2071 est,
2478 2004 2660 2059 anima
2703 2002 2769 2058 ad
2801 2001 3058 2073 profanas
3099 2001 3382 2057 declinans
3409 2001 3667 2071 voluptas

2080 2095 2460 2173 tes,‘leprosa
2506 2094 2587 2150 tit.
2630 2093 2923 2165 Propterea
2969 2101 3028 2147 et
3052 2089 3256 2147 Paulus
3302 2108 3427 2147 eum
3470 2092 3563 2162 qui
3603 2092 3668 2146 in

2087 2184 2356 2241 Corintho
2403 2183 2707 2239 fornicatus
2742 2185 2902 2252 est",
2952 2186 3078 2255 quia
3115 2182 3440 2255 signiﬁcatio
3480 2180 3669 2250 passio

2077 2277 2202 2341 fuit,
2234 2276 2520 2331 manifesta
2550 2276 2699 2331 enim
2741 2286 2879 2341 erat,
2912 2292 3015 2333 nec
3046 2276 3444 2338 occultabatur,
3472 2288 3502 2327 a
3527 2289 3664 2328 san-

2080 2376 2297 2424 ctorum
2322 2367 2550 2422 removit
2582 2366 2954 2434 tabernaculo,
2984 2376 3040 2423 et
3061 2367 3198 2422 tradi
3242 2365 3457 2421 Satanae
3483 2365 3539 2418 in
3568 2364 3663 2418 in-

2082 2459 2305 2514 teritum
2346 2460 2526 2514 carnis
2575 2461 2853 2530 pracepit.
2897 2459 2999 2526 Qui
3045 2474 3169 2514 cum
3210 2457 3542 2527 inspexisset
3568 2466 3665 2511 se-é

2082 2550 2263 2607 cundo
2307 2550 2640 2621 passionem,
2675 2557 2731 2605 et
2759 2551 2986 2605 vidisset
3016 2551 3145 2621 quia
3193 2563 3304 2604 non
3341 2549 3533 2613 crevit,
3566 2547 3671 2603 sed

2081 2651 2140 2699 et
2166 2657 2293 2698 eum
2317 2642 2410 2712 qui
2428 2656 2635 2712 passus
2660 2640 2839 2696 fuerat
2884 2655 2983 2711 per
3012 2642 3277 2712 lacrymas
3325 2639 3671 2710 poenitentia:

2080 2743 2289 2792 vestem
2336 2735 2515 2791 carnis
2557 2734 2835 2798 abluisse,
2887 2748 2918 2788 e
2949 2733 3178 2803 vestigio
3238 2731 3434 2800 suscipi
3475 2731 3666 2801 jussit.

2083 2825 2145 2880 In
2176 2824 2312 2895 ipsis
2346 2832 2526 2879 autem
2556 2823 2873 2894 apostolicis
2909 2824 3024 2878 haec
3057 2823 3316 2892 intelligis
3340 2822 3546 2884 verbis,
3586 2821 3661 2875 de

2082 2933 2150 2973 eo
2193 2918 2339 2973 enim
2386 2917 2476 2987 qui
2524 2916 2824 2971 fornicatus
2865 2916 3032 2971 fuerit
3073 2914 3372 2970 Corinthiis
3400 2915 3665 2984 scripsit:

2084 3007 2306 3063 Omnino
2334 3008 2549 3061 auditur
2586 3007 2721 3060 inter
2750 3022 2837 3059 vos
2865 3005 3168 3075 fornicatio,
3201 3013 3251 3058 et
3283 3003 3406 3059 talis
3430 3004 3669 3074 fornica-

2086 3100 2180 3164 tio,
2212 3100 2385 3170 qualis
2408 3115 2504 3170 pec
2536 3099 2673 3152 inter
2702 3108 2893 3168 gentes,
2930 3098 3007 3150 ita
3038 3104 3096 3149 ut
3126 3112 3341 3149 uxorem
3379 3097 3552 3165 patris
3577 3096 3670 3150 sui

2091 3190 2207 3259 quis
2232 3189 2443 3242 habeat.
2500 3186 2642 3241 Ecce
2673 3184 3126 3257 signiﬁcationem
3169 3184 3393 3239 audisti.
3445 3184 3673 3239 Manife-

2088 3290 2169 3335 sta
2204 3281 2405 3351 quippe
2440 3278 2761 3349 fuitpassio,
2798 3279 2870 3333 ita
2899 3287 2959 3332 ut
2984 3290 3154 3347 usque
3179 3275 3246 3331 ad
3284 3275 3434 3330 Pauli
3464 3291 3670 3346 pene-

2088 3373 2232 3427 niret
2267 3371 2519 3436 auditus,
2566 3380 2790 3441 propter
2836 3370 2981 3440 quod
3035 3369 3103 3423 de
3152 3368 3502 3423 tabernaculo
3540 3382 3670 3422 eum

2089 3463 2213 3534 ejici
2260 3462 2539 3534 praecepit.
2591 3462 2667 3516 Ita
2714 3460 2918 3532 quippe
2955 3461 3091 3515 dicit
3127 3458 3288 3527 tradi,
3326 3459 3419 3530 qui
3470 3458 3668 3527 hujus-

2094 3554 2242 3610 modi
2280 3562 2385 3621 est,
2424 3552 2643 3609 Satanw
2676 3554 2731 3606 in
2764 3550 3040 3606 interitum
3092 3549 3288 3605 carnis.
3338 3550 3405 3605 Et
3440 3564 3666 3604 rursus:

2088 3649 2312 3719 Auferre
2352 3645 2554 3701 malum
2593 3646 2656 3700 de
2695 3645 2862 3699 medio
2907 3645 3086 3699 vestri.
3128 3626 3275 3710 Quia
3300 3652 3484 3699 autem
3524 3642 3669 3697 vidit

2088 3752 2297 3793 veSIem
2351 3739 2530 3793 carnis
2581 3738 2827 3808 potentia
2887 3737 3243 3802 mundatam,
3303 3751 3493 3791 rursus
3542 3748 3671 3789 eum

2090 3830 2490 3901 suscipijussit.
2515 3829 2583 3884 Et
2602 3829 2873 3900 quomodo
2901 3830 3004 3884 hoc
3029 3839 3239 3883 certum
3270 3828 3398 3883 est?
3424 3827 3667 3888 Obsecro.

2090 3922 2285 3992 inquit,
2320 3921 2625 3992 conﬁrmate
2666 3920 2721 3974 in
2756 3938 2815 3975 eo
2838 3919 3171 3985 charitatem,
3213 3936 3278 3974 ne
3312 3918 3446 3990 forte
3475 3917 3673 3986 majori

2091 4014 2309 4068 tristitia
2361 4013 2783 4067 absorbeatur".
2823 4012 2959 4079 Quia
3013 4007 3320 4081 huiusmodi
3369 4020 3454 4065 est
3489 4028 3502 4063 :
3542 4023 3674 4081 ergo

2091 4105 2439 4159 manifestum
2478 4114 2614 4169 erat,
2648 4103 2773 4174 quia
2802 4103 3155 4174 poenituerat,
3187 4109 3239 4157 et
3276 4112 3337 4156 ut
3363 4102 3416 4155 in
3450 4108 3675 4171 peccato

2090 4194 2464 4263 deprehensus
2478 4192 3194 4264 vehementerallligebatur,
3225 4192 3431 4246 interea
3445 4207 3513 4244 ne
3540 4189 3673 4259 quid

2093 4300 2157 4339 ex
2220 4285 2388 4339 nimia
2430 4285 2649 4341 tristitia
2687 4294 2987 4355 pateretur,
3022 4299 3162 4338 neve
3196 4282 3249 4337 iu
3291 4281 3674 4353 desperatione

2091 4383 2374 4429 corruerat
2413 4390 2669 4444 peccans,
2700 4375 2986 4446 praecurrit
3027 4374 3255 4438 Paulus,
3305 4383 3363 4429 et
3397 4388 3522 4429 cum
3574 4371 3669 4441 qui

420 4465 703 4519 intendere
748 4464 1143 4535 permittamur.
1182 4461 1278 4516 Vel
1320 4464 1363 4518 si
1392 4472 1667 4533 aspectant
1708 4462 1990 4518 obscurio—
2021 4475 2067 4533 ο
2090 4469 2201 4538 jam
2233 4468 2517 4525 munditia»,
2555 4468 2836 4522 restitutus
2887 4466 3084 4531 fuerat,
3144 4464 3346 4535 suscipi
3395 4463 3673 4534 pmcepit.

419 4573 558 4619 rem,
591 4557 809 4612 dubiam
844 4554 1186 4625 quibusdam,
1221 4554 1591 4623 incertamque
1621 4542 1823 4607 diseris
1861 4568 1990 4622 pec-

420 4646 525 4701 cati
555 4647 946 4715 suspicionem,
976 4646 1030 4700 id
1057 4657 1160 4709 est,
1195 4657 1375 4700 utrum
1407 4646 1498 4710 sit,
1541 4660 1608 4698 an
1635 4660 1768 4707 non,
1800 4660 1992 4699 neces-

422 4735 623 4788 sarium
649 4735 813 4789 habet
844 4745 899 4788 et
920 4736 1037 4790 haec
1067 4737 1402 4791 sacerdotem
1434 4753 1446 4789 :
1499 4744 1687 4805 utpote
1719 4736 1811 4805 qui
1843 4736 1995 4789 novit

419 4824 693 4895 quomodo
741 4825 1021 4878 munditiae
1048 4827 1318 4880 restituat.
1365 4826 1455 4880 llle
1482 4837 1664 4882 autem
1698 4827 1993 4897 simplicio-

421 4930 536 4970 rcm
582 4929 700 4969 eam
741 4914 1089 4981 denuntians,
1127 4917 1478 4987 brevemque,
1515 4934 1649 4988 aqua
1697 4919 1859 4975 diluit
1904 4938 1996 4977 vc—

421 5010 700 5075 stimenta,
746 5007 1085 5077 baptismatis
1140 5008 1415 5072 videlicet,
1455 5009 1572 5063 sive
1617 5011 1991 5078 pmnitentiaa:

421 5110 505 5158 est
546 5101 695 5155 enim
738 5099 927 5155 ellicax
970 5113 1109 5168 aqua
1158 5099 1500 5168 poenitentia:
1543 5100 1798 5172 lacryma,
1829 5118 1992 5171 quam

423 5206 582 5246 nemo
608 5200 798 5259 peccat
818 5189 1005 5260 gratia:
1039 5188 1294 5258 reliquias
1337 5190 1661 5258 appellando
1700 5194 1996 5261 baptisma-

422 5281 512 5335 tis.
548 5280 704 5346 Quod
738 5295 868 5352 ergo
897 5282 970 5333 ita
1016 5293 1073 5333 se
1120 5279 1303 5342 habet,
1341 5279 1693 5350 Septuaginta
1724 5282 1993 5351 passionis

421 5370 870 5439 significationem
901 5379 1188 5439 propterea
1218 5368 1536 5422 ediderunt:
1560 5369 1686 5439 quia
1723 5386 1844 5439 qua:
1871 5380 1997 5425 sunt

425 5460 656 5525 occulta,
684 5476 752 5515 ex
776 5471 931 5530 parte
966 5462 1223 5531 prodidit,
1252 5470 1307 5514 et
1336 5460 1505 5515 latere
1535 5462 1849 5517 omnimodo
1885 5479 1997 5517 non

426 5550 693 5620 permisit,
723 5555 817 5607 sed
848 5554 1083 5608 instituit
1126 5553 1462 5608 sacerdotem
1492 5554 1688 5608 medici
1736 5555 1906 5609 vicem
1940 5555 1997 5609 in

541 5728 588 5761 “
612 5744 635 5801 1
662 5745 786 5801 Cor.
817 5765 868 5817 v,
900 5752 923 5804 i
958 5767 1108 5821 seqq.
1185 5756 1229 5786 ⁸⁷
1261 5754 1303 5809 ll
1336 5756 1460 5811 Cor.
1494 5771 1552 5824 n,
1576 5756 1632 5824 '7,
1656 5730 1735 5814 ὃ..

2093 4557 2248 4623 Quod
2277 4566 2458 4612 autem
2505 4566 2711 4628 septem
2758 4557 2953 4612 diebus
2989 4573 3019 4611 a
3052 4556 3400 4612 tabernaculo
3432 4569 3543 4608 non
3588 4568 3678 4608 se-

2093 4649 2221 4713 mel,
2254 4650 2350 4703 sed
2388 4649 2471 4704 bis
2503 4649 2755 4704 sacerdos
2792 4657 3106 4718 susceptum
3137 4655 3353 4716 separat
3381 4686 3397 4711 ,
3429 4658 3675 4715 qurere-re

2095 4749 2151 4794 et
2199 4740 2338 4795 scire
2375 4738 2651 4793 studiosos
2692 4746 2936 4808 oportet:
2978 4737 3248 4806 siquidem
3294 4735 3541 4790 secundo
3573 4735 3676 4787 hoc

2099 4832 2215 4886 ﬁeri
2252 4831 2308 4885 in
2355 4831 2475 4902 lege
2509 4839 2737 4901 propter
2762 4831 2865 4885 hoc
2899 4839 3233 4911 praeceptum
3266 4836 3370 4892 est,
3408 4836 3469 4880 ut
3500 4834 3678 4880 osten—

2098 4923 2254 4976 deret
2298 4934 2411 4977 non
2469 4921 2836 4992 negligenter,
2890 4918 2987 4974 sed
3035 4918 3278 4974 studiose
3308 4931 3434 4972 eum
3474 4916 3676 4971 debere

2098 5012 2315 5082 inspici,
2352 5021 2407 5067 et
2450 5012 2651 5082 duplici
2688 5012 3011 5082 probatione
3042 5017 3337 5074 transacta,
3379 5008 3677 5062 districtius

2098 5105 2153 5157 in
2183 5119 2250 5158 eo
2294 5103 2424 5158 ferri
2455 5104 2756 5174 judicium:
2801 5102 3150 5158 manifestum
3197 5101 3404 5171 quippe
3438 5109 3557 5154 erat
3591 5113 3675 5153 sa-

2096 5194 2303 5248 cerdoti
2346 5203 2650 5263 peccatum.
2681 5195 2786 5249 Sed
2816 5209 2941 5250 cum
2990 5194 3233 5248 animum
3275 5191 3521 5262 passioni
3554 5204 3678 5244 con-

2097 5282 2427 5337 sentientem
2452 5285 2852 5354 suspicabatur,
2885 5298 2995 5338 non
3018 5293 3201 5338 tamen
3223 5280 3511 5336 manifeste
3540 5280 3676 5334 scie-

2101 5373 2214 5440 bat,
2247 5374 2556 5431 necessarie
2587 5376 2737 5431 illum
2771 5375 3324 5444 iteruminspiciebat.
3358 5374 3455 5427 Est
3476 5373 3675 5442 quippe

2104 5465 2411 5532 invisibilis,
2448 5477 2504 5521 et
2531 5469 2597 5524 ad
2637 5468 3032 5538 inspectionem
3064 5467 3320 5523 difﬁcilis.
3357 5465 3470 5521 Hoc
3495 5461 3675 5519 Domi-

2106 5571 2208 5610 nus
2234 5572 2343 5611 non
2373 5559 2540 5615 semel
2574 5558 2714 5614 l‘etri
2744 5560 2987 5614 animum
3024 5569 3146 5631 post
3184 5557 3550 5630 negationem,
3581 5550 3671 5609 sed
