4044 6224
333 353 438 431 931

1470 351 1544 426 IN
1588 361 2027 425 LEVITICUM.
2063 386 2132 395 —
2173 362 2321 422 LIB.
2362 351 2458 423 tv.

3492 365 3596 426 9'38

331 480 594 546 secundo,
623 496 687 537 ac
733 481 916 545 tertio,
971 465 1423 550 quemadmodum
1451 493 1510 534 se
1550 477 1798 541 haberet,
1825 474 1909 528 in-
1941 479 1984 535 Α
2013 487 2116 528 nec
2139 473 2388 528 distinxit
2417 473 2472 527 in
2504 472 2701 536 medio,
2733 480 2792 525 ut
2822 471 3338 526 videatut-exercere
3355 473 3597 530 studioso

332 573 654 640 terr-agat",
698 589 807 627 non
845 583 905 628 ut
933 572 1188 643 ignorans
1219 589 1232 627 :
1284 573 1388 626 hoc
1414 571 1558 626 enim
1589 570 1642 624 in
1681 583 1912 638 respon-

331 663 578 720 sionibus
625 665 738 720 suis
796 665 913 735 ipse
964 664 1157 719 Petrus
1210 663 1498 718 manifeste
1529 663 1744 732 prohat,
1773 676 1912 732 quas

331 763 518 823 aperte
544 755 662 824 ipse
693 755 759 809 ad
792 755 1053 809 scientem
1086 755 1335 823 nihilque
1365 753 1704 823 ignorantem
1748 752 1913 806 refer-

333 854 434 909 ret,
491 847 587 900 sed
633 861 739 916 qua
784 845 1200 916 dispositionem
1246 847 1692 916 perscrutahatu'r
1720 846 1909 911 animi,

331 936 546 991 dicebat
571 938 774 1006 quippe
806 955 820 991 :
851 935 1031 992 Simon
1058 935 1220 1002 Jona,
1251 954 1400 990 amas
1430 939 1551 991 me?
1580 936 1783 991 Docere
1811 952 1912 992 nos

288 1079 302 1093 ,
331 1027 500 1082 volu‘it
525 1028 801 1096 quomodo
831 1035 1334 1098 perscrutaremur,
1373 1037 1428 1082 et
1452 1028 1726 1096 quomodo
1757 1027 1910 1096 judi-

329 1133 580 1172 caremus
611 1137 625 1172 :
675 1133 774 1188 per
823 1117 1165 1188 frequentem
1198 1119 1449 1174 videlicet
1477 1119 1908 1188 inQUiSiliOllt'lllt

329 1208 550 1278 Septem
582 1219 763 1264 autem
820 1210 939 1264 dies
971 1225 1081 1264 non
1111 1209 1313 1264 frustra
1368 1210 1572 1280 posuit,
1603 1199 1698 1266 sed
1727 1219 1786 1266 u‘t
1813 1229 1910 1263 Iw-

330 1298 630 1352 cessarium
669 1299 925 1369 praesenti
958 1299 1249 1355 intentioni
1279 1317 1567 1356 numerum
1597 1303 1906 1367 honoravit,

331 1389 385 1442 In
416 1389 536 1458 ipso
561 1390 766 1460 quippe
791 1405 957 1445 omne
1002 1391 1283 1447 vinculum
1336 1393 1624 1464 omnisque
1651 1394 1909 1465 obligatio

331 1495 398 1534 ex
449 1480 564 1549 lege
607 1481 871 1536 cessabat.
921 1482 1055 1538 Nam
1105 1485 1264 1538 annis
1317 1494 1524 1554 septem
1555 1485 1907 1542 Hebraeorum

332 1571 679 1628 relaxabatur
726 1574 1030 1629 servitium.
1067 1575 1296 1631 Jubilzeo
1322 1588 1524 1643 autem,
1576 1580 1668 1648 qui
1695 1589 1905 1650 septem

329 1665 612 1718 constabat
647 1664 1099 1733 hebdomadibus,
1129 1668 1372 1722 omnium
1400 1669 1601 1724 Iudaeis
1639 1671 1906 1726 concede-

329 1752 490 1808 batur
537 1755 784 1810 remissio
818 1757 1150 1826 debitorum,
1175 1769 1231 1814 et
1254 1761 1434 1816 omnis
1471 1771 1614 1818 terra
1641 1779 1832 1818 eorum
1871 1778 1901 1817 a

330 1844 656 1914 possidentis
697 1848 906 1902 credito
939 1849 1188 1915 liberata,
1217 1853 1545 1908 anteriorem
1585 1855 1901 1910 reverteba-

331 1944 420 1988 tur
442 1937 510 1990 ad
558 1937 862 1994 dominum.
904 1938 1008 1996 Sed
1040 1949 1096 1996 et
1124 1941 1500 2014 Bahylonicam
1528 1947 1730 2016 populi’
1744 1947 1912 2018 capti-

331 2026 555 2082 vitatem
630 2032 1034 2103 septuagesimo
1081 2050 1225 2090 anno
1255 2035 1556 2091 Jerusalem
1603 2039 1908 2094 restitutam

328 2115 497 2172 fuisse.l
563 2122 941 2190 cognovimus.
1001 2123 1295 2195 Propterea
1349 2127 1540 2182 Petrus
1588 2144 1619 2183 a
1680 2129 1908 2184 Domino

329 2207 572 2278 inquirit,
602 2212 792 2268 dicens
825 2232 837 2267 :
883 2215 942 2269 Si
981 2221 1269 2284 peccaverit
1318 2221 1372 2273 in
1404 2238 1483 2274 me
1520 2223 1686 2292 frater
1739 2241 1906 2290 meus,

327 2303 527 2368 quoties
550 2304 759 2356 dimitto
795 2307 863 2368 ei,
889 2324 1049 2378 usque
1075 2313 1272 2380 septies
1295 2313 1321 2363 ?
1353 2311 1452 2365 Ille
1481 2323 1658 2366 autem
1690 2332 1905 2387 respon-

327 2387 404 2440 dit
423 2405 442 2442 :
461 2390 576 2445 Non
606 2395 723 2447 dico
746 2395 859 2462 tibi,
885 2414 1049 2467 usque
1078 2401 1284 2467 septies,
1314 2402 1404 2454 sed
1429 2420 1586 2473 usque
1613 2408 1908 2477 seplaagies

325 2483 596 2550 septies”.
663 2487 1144 2559 lnquisitionisque
1189 2493 1540 2561 pusillitatem
1601 2498 1906 2564 reprehen-

325 2564 482 2636 dens,
511 2575 626 2630 ait:
670 2576 789 2630 Non
823 2580 938 2632 dico
967 2581 1060 2634 tibi
1101 2585 1312 2652 septies.
1355 2584 1421 2640 Ει
1468 2587 1710 2644 subdidit
1753 2609 1765 2644 :
1801 2589 1906 2644 Sed

327 2677 489 2731 usque
539 2670 836 2736 septuagies
880 2672 1068 2740 septies
1085 2673 1152 2727 ’°.
1201 2675 1340 2745 Ergo
1369 2691 1470 2730 nec
1497 2677 1575 2732 sic
1602 2679 1670 2733 ab
1711 2681 1902 2734 eodem

324 2763 504 2808 cessat
557 2772 806 2825 numero,
871 2763 964 2816 sed
1023 2765 1200 2834 ipsum
1255 2768 1640 2837 multiplicans,
1689 2787 1812 2826 cum
1837 2788 1904 2827 eo

327 2844 654 2914 tnuitiplicat
713 2859 768 2904 et
817 2853 1215 2909 remissionem.
1248 2855 1301 2910 Si
1333 2859 1455 2927 quis
1481 2867 1662 2915 autem
1711 2879 1902 2919 rursus

326 2935 583 3004 inquirat,
613 2953 775 3007 quam
806 2943 876 2995 ob
915 2959 1136 3000 causam
1177 2964 1463 3003 numerum
1511 2951 1657 3007 hunc
1681 2953 1735 3007 in
1763 2969 1902 3023 pras‘

323 3023 487 3078 dictis
534 3029 780 3095 posuerit
823 3033 1096 3102 capitulis,
1132 3035 1355 3092 brevem
1388 3039 1678 3096 innuemus
1727 3044 1900 3100 ratio-

326 3128 452 3168 nem
483 3132 496 3169 :
528 3132 708 3174 moras
732 3121 953 3192 quippe,
985 3125 1113 3179 dum
1140 3128 1206 3182 ad
1259 3129 1362 3184 alia
1389 3135 1695 3188 necessaria
1736 3153 1898 3208 urge-
1927 3162 1970 3222 ο

326 3222 470 3270 mus,
524 3208 639 3264 ﬁeri
692 3220 908 3282 tempus
969 3231 1080 3270 non
1111 3219 1336 3287 patitur.
1369 3223 1724 3294 Scptenarius
1771 3244 1900 3299 ergo

327 3311 590 3354 numerus
641 3302 807 3356 totius
867 3305 1066 3362 habere
1121 3313 1408 3378 praesentis
1468 3316 1592 3371 vita:
1660 3321 1904 3376 creditur

329 3387 744 3458 plenitudinem,
789 3411 910 3465 qua:
938 3397 991 3452 in
1029 3415 1089 3456 se
1114 3412 1320 3472 septem
1365 3407 1557 3464 diebus
1585 3421 1716 3467 rotae
1743 3415 1904 3471 modo

327 3480 580 3549 volvitur,
625 3500 734 3555 quo
767 3491 1060 3558 completo,
1089 3502 1240 3550 recte
1265 3511 1426 3553 omne
1455 3501 1732 3558 vinculum
1783 3522 1903 3560 om-

325 3583 502 3638 neque
553 3585 838 3641 peceatum
891 3582 1078 3636 saeculi
1124 3597 1320 3651 cessat,
1351 3597 1513 3660 atque
1541 3607 1702 3649 omne
1729 3597 1901 3650 servi-

326 3657 484 3752 tium.
514 3663 876 3729 Quamobrem
906 3673 1134 3741 septima
1171 3677 1222 3730 in
1247 3657 1446 3734 divinis
1475 3682 1692 3752 Scriptu
1706 3687 1778 3740 ris
1816 3702 1901 3741 re-

322 3751 479 3847 quies
504 3755 834 3825 nominatur,
849 3765 1304 3830 quemadmodum
1321 3781 1375 3824 et
1400 3751 1692 3830 Pauluside
1721 3777 1899 3847 Moyse

321 3840 398 3893 ait
427 3861 440 3895 :
474 3843 615 3899 Dixit
637 3851 772 3903 enim
819 3853 874 3904 in
906 3857 1133 3924 quodam
1180 3857 1292 3912 loco
1332 3861 1418 3915 die
1443 3864 1666 3932 septima
1685 3883 1704 3919 :
1730 3840 1822 3921 Sic
1848 3878 1896 3922 et

321 3935 538 3987 cessavit
599 3937 736 3992 Deus
762 3943 826 3995 ab
869 3947 1111 4002 omnibus
1155 3951 1394 4019 operibus
1416 3955 1606 4008 suis“.
1636 3957 1703 4010 Et
1733 3959 1893 4027 paulo

323 4031 442 4088 post
470 4025 711 4083 subdidit
741 4051 752 4085 :
781 4029 882 4096 Qui
907 4044 1084 4090 autem
1113 4038 1332 4092 intravit
1379 4041 1434 4094 in
1491 4025 1890 4113 requiemiejas,

319 4119 368 4162 et
411 4113 519 4181 ipse
557 4121 811 4188 requievit
843 4129 908 4177 ab
966 4129 1207 4197 operibus
1235 4132 1375 4197 suis,
1428 4133 1560 4186 sicut
1607 4142 1656 4187 et
1689 4151 1722 4187 a
1782 4137 1892 4189 suis

316 4201 457 4258 Deus
473 4205 540 4259 “.
570 4207 676 4265 Sed
711 4222 766 4266 et
804 4215 1162 4274 Ecclesiastes
1187 4220 1263 4274 ait
1290 4238 1303 4275 :
1338 4221 1419 4275 Da
1447 4232 1624 4290 partes
1668 4233 1886 4292 septem,

318 4308 512 4351 necrto't
568 4308 616 4352 et
671 4305 860 4359 octo”.
913 4305 1310 4366 Providentiam
1365 4313 1551 4368 haberi
1601 4318 1888 4384 przesentis

308 4387 496 4481 saeculi
526 4394 844 4465 praecipiens
867 4407 922 4453 et
944 4398 1136 4468 futuri,
1161 4414 1427 4473 quatenus
1453 4411 1532 4465 sic
1562 4411 1612 4463 in
1644 4427 1885 4481 praesen—

2014 565 2283 636 frequenti
2311 567 2440 638 legis
2473 565 2822 620 meditatione
2871 566 3209 619 memoriam.
3272 566 3348 621 De
3396 567 3597 636 quibus

2013 659 2160 712 enim
2201 659 2454 729 superius
2488 659 2647 729 plane
2679 668 2841 728 atque
2865 661 3198 713 sufﬁcienter
3225 662 3494 730 exposuit,
3528 662 3596 714 de

2015 750 2099 804 his
2151 751 2268 806 ham
2323 767 2512 806 rursus
2556 759 2785 821 apparet
2839 751 3114 822 legislator
3155 752 3389 821 adjicere
3433 771 3444 806 ε
3498 753 3595 808 sed

2015 857 2123 894 non
2153 842 2226 896 ita
2255 847 2358 906 est,
2393 857 2520 896 nam
2550 841 2652 896 etsi
2673 841 2854 896 verbis
2886 851 2969 896 est
3000 843 3325 912 proximum,
3361 843 3595 896 multum

2013 940 2194 986 tamen
2220 931 2492 987 diversam
2552 941 2714 1002 atque
2769 931 3109 986 diﬂ‘erentem
3143 933 3306 986 habet
3332 933 3596 987 intentio-

2012 1039 2157 1077 nem.
2189 1023 2290 1080 Hic
2318 1025 2587 1094 siquidem
2606 1040 2716 1078 non
2746 1024 2814 1078 de
2853 1025 3097 1092 quolibet
3126 1025 3446 1094 simpliciter
3464 1042 3596 1096 pec-
3661 1082 3671 1094 ,

2010 1125 2152 1182 cato,
2179 1116 2275 1171 sed
2301 1116 2368 1170 de
2413 1116 2699 1171 manifesta
2757 1117 3190 1188 transgressione
3239 1119 3424 1187 legalis
3463 1119 3597 1174 dicit

2011 1206 2224 1272 litterae,
2286 1219 2511 1279 propter
2553 1210 2697 1280 quod
2757 1210 2968 1281 plagam
3037 1211 3222 1280 lepra),
3281 1212 3595 1280 passionem

2013 1297 2183 1366 ipsam
2213 1298 2528 1368 appellavit.
2572 1298 2691 1354 Non
2721 1299 3038 1370 ignoramus
3078 1306 3282 1362 autem,
3335 1301 3462 1369 quia
3514 1302 3596 1355 le-

2010 1405 2163 1459 pram
2197 1391 2502 1447 dixerimus
2537 1393 2674 1464 legis
2729 1407 2853 1447 esse
2899 1391 3427 1462 praevaricationem,
3465 1393 3593 1463 quia

2008 1491 2170 1537 nocet
2207 1483 2392 1549 etiam,
2436 1499 2560 1539 cum
2588 1485 2927 1555 particularis
2955 1485 3046 1549 sit,
3081 1485 3222 1539 sicut
3261 1485 3432 1554 lepra,
3470 1486 3597 1540 licet

2006 1587 2227 1641 parvam
2241 1584 2449 1643 partem
2475 1577 2901 1647 comprehendat
2923 1577 3185 1646 corporis.
3215 1576 3387 1642 Quam
3421 1577 3592 1648 legem

2006 1671 2189 1717 autem
2219 1663 2550 1740 existimavit
2579 1666 2898 1736 propriam?
2923 1665 3042 1719 Non
3064 1681 3206 1728 eam,
3242 1681 3363 1735 qua:
3405 1675 3490 1719 est
3521 1666 3590 1719 dc

2011 1753 2211 1808 invidia
2244 1762 2301 1809 et
2332 1755 2618 1824 adulterio,
2663 1758 2959 1828 rapacitate
3003 1767 3058 1812 et
3107 1757 3366 1828 avaritia},
3424 1766 3478 1810 et
3525 1759 3593 1811 de

2012 1843 2343 1900 honorandis
2379 1848 2716 1916 parentibus.
2751 1863 2876 1902 nam
2907 1849 3098 1902 similis
3127 1848 3214 1901 lex
3237 1857 3353 1902 erat.
3375 1858 3428 1901 et
3458 1864 3590 1916 gen-

2015 1936 2192 2001 tibus;
2220 1939 2315 1992 sed
2349 1953 2490 2006 eam,
2522 1955 2643 2009 quae
2678 1941 2744 1996 de
2769 1939 3053 1995 sacriﬁciis
3092 1949 3147 1994 et
3197 1940 3590 2008 purification'-

2011 2027 2114 2082 bus
2136 2029 2457 2086 sanciebat:
2506 2032 2626 2086 Non
2679 2041 2885 2104 tangas,
2916 2048 3025 2087 non
3068 2043 3272 2104 gustes,
3311 2049 3419 2087 non
3455 2049 3591 2087 con-

2013 2124 2214 2173 trectes
2242 2133 2382 2185 eam,
2421 2133 2542 2189 quae
2586 2121 2902 2176 circumcidi
2943 2137 3164 2176 carnem
3211 2122 3422 2191 jubeat.
3463 2122 3590 2176 Haec

2010 2208 2155 2262 enim
2179 2211 2478 2280 erantejus
2517 2213 2757 2281 propria,
2807 2228 2930 2267 cum
2969 2215 3222 2284 gentibus
3242 2215 3584 2268 communio.

2011 2310 2137 2349 nem
2161 2311 2271 2350 non
2306 2298 2583 2353 habentia.
2624 2299 2680 2352 Si
2734 2316 2863 2371 ergo
2925 2302 3078 2372 plaga
3115 2303 3276 2371 hujus
3331 2302 3494 2371 leprae
3533 2303 3588 2357 in

2011 2388 2231 2443 homine
2259 2397 2378 2444 orta
2397 2389 2576 2457 fuerit,
2601 2402 2655 2446 et
2683 2393 2874 2447 videns
2920 2408 3045 2448 eum
3096 2395 3368 2460 sacerdos,
3405 2396 3586 2449 albutn

2009 2479 2248 2535 colorem
2273 2482 2325 2535 in
2353 2493 2479 2538 cute
2522 2486 2880 2554 perspexerit,
2935 2487 3439 2554 praevaricationem
3473 2503 3590 2542 ma-

2009 2569 2283 2637 nifestam,
2358 2583 2714 2643 apertamque
2757 2575 2952 2629 litterae
2975 2575 3100 2641 iure,
3135 2592 3257 2645 quas
3308 2577 3589 2631 voluntate

2007 2671 2170 2730 atque
2195 2676 2262 2714 ex
2293 2662 2476 2716 studio
2506 2663 2713 2733 egerit:
2762 2663 2864 2718 hoc
2885 2665 3030 2718 enim
3091 2679 3211 2718 esse
3267 2665 3590 2734 capillorum

2007 2761 2286 2821 aspectum
2325 2752 2380 2806 in
2414 2754 2597 2808 album
2626 2755 2843 2818 mutari,
2882 2755 2936 2809 id
2992 2763 3096 2821 est,
3128 2765 3316 2824 aperte
3349 2756 3589 2810 animum

2007 2841 2061 2895 in
2085 2843 2261 2913 aliqua
2293 2845 2740 2914 prtevaricatione
2804 2847 3105 2912 transferri,
3159 2848 3411 2919 superius
3446 2848 3591 2902 dixi-

2007 2947 2148 2988 mus.
2185 2933 2561 2989 Habetautem
2603 2937 2719 3006 ipsa
2752 2937 2962 3007 species
3015 2938 3194 2992 vivam
3235 2953 3482 3006 carnem,
3530 2948 3591 2995 ut

2005 3024 2097 3094 qui
2139 3026 2418 3093 videlicet,
2468 3029 2572 3083 etsi
2607 3030 2661 3082 in
2689 3030 2872 3098 aliquo
2906 3030 3320 3101 transgreditur,
3375 3032 3430 3085 in
3470 3032 3592 3086 aliis

2007 3125 2189 3172 tamen
2220 3120 2392 3190 legem
2423 3121 2686 3176 defendit.
2719 3120 2890 3187 Quam
2918 3122 3119 3178 frustra
3149 3139 3339 3179 sanam
3367 3139 3589 3181 carnem

2011 3210 2324 3280 appellaret,
2348 3212 2455 3267 nisi
2487 3221 2541 3267 et
2577 3213 2769 3268 beatus
2785 3214 2985 3269 Paulus
3009 3217 3087 3270 sic
3121 3216 3266 3270 illam
3285 3219 3591 3287 appellasse

2009 3302 2310 3371 videretur,
2341 3305 2417 3358 ait
2459 3307 2607 3359 enim
2669 3325 2682 3360 :
2747 3305 3157 3375 Justiﬁcationes
3214 3311 3389 3364 carnis
3430 3327 3591 3380 usque

2007 3395 2080 3447 ad
2107 3403 2308 3465 tempus
2337 3397 2670 3452 correctionis
2695 3399 2962 3462 imponitis
3001 3399 3067 3453 “.

2078 3485 2248 3555 Lepra
2269 3490 2620 3544 vetustissima
2642 3491 2990 3559 judicabitur.
3037 3491 3398 3549 Consenescit
3439 3495 3590 3548 enim

2005 3588 2248 3646 peccato,
2280 3590 2336 3634 et
2365 3582 2755 3652 corrumpitur,
2803 3583 2932 3653 quia
2977 3600 3214 3656 pugnam
3243 3586 3298 3639 in
3331 3601 3390 3640 se
3413 3587 3590 3640 conti-

2004 3685 2190 3736 uuam,
2217 3677 2271 3724 et
2306 3671 2476 3728 rixam
2507 3673 2692 3738 habet,
2725 3673 2854 3728 dum
2875 3675 2931 3728 in
2949 3676 3224 3745 aliquibus
3279 3677 3452 3748 legem
3491 3679 3586 3730 du:-

2001 3760 2182 3828 spicit,
2203 3760 2257 3814 in
2285 3762 2562 3830 aliquibus
2583 3763 2854 3820 defendit.

2072 3851 2294 3919 Propter
2307 3855 2446 3923 quod
2473 3871 2590 3908 eum
2617 3858 2944 3910 contaminat
2963 3860 3206 3913 sacerdos
3225 3869 3273 3912 et
3295 3876 3394 3913 non
3413 3863 3585 3914 reclu-

1998 3943 2094 3994 dit.
2115 3943 2210 3997 Vel
2229 3945 2369 3999 sicut
2393 3945 2553 4011 LXX,
2580 3955 2628 3999 et
2644 3957 2880 4014 separat,
2899 3948 3024 4017 quia
3050 3951 3585 4019 perspicuaimmun-

1997 4032 2126 4086 ditia
2151 4041 2253 4088 est.
2271 4033 2553 4100 Quomodo
2577 4037 2722 4090 enim
2748 4053 2856 4092 non
2878 4039 3263 4095 abominabilis
3278 4051 3333 4096 et
3354 4041 3585 4098 immun-

1995 4122 2098 4177 dus
2129 4133 2232 4188 est,
2258 4125 2351 4194 qui
2373 4127 2544 4197 legem
2569 4127 2879 4193 inhonorat,
2899 4145 3059 4199 quam
3078 4130 3192 4200 ipse
3215 4133 3312 4187 sibi
3335 4148 3584 4190 necessa-

1995 4214 2129 4268 riam
2145 4230 2267 4270 esse
2283 4231 2346 4270 ex
2361 4226 2513 4288 parte
2531 4219 2905 4286 custodiendo,
2923 4221 3209 4277 confirmat
3229 4223 3254 4276 ?
3277 4223 3412 4290 Quia
3436 4227 3581 4281 enim

2001 4306 2117 4361 haec
2143 4307 2196 4360 in
2223 4309 2680 4379 subsequentibus
2699 4312 2964 4382 planiora,
3001 4315 3270 4384 nimisque
3296 4317 3580 4374 manifesta

1990 4396 2146 4467 ﬁunt,
2165 4399 2232 4454 ad
2247 4415 2311 4456 es
2323 4400 2438 4470 ipsa
2451 4417 2551 4458 nos
2562 4403 2673 4472 jam
2688 4405 2883 4460 ordine
2897 4422 3014 4461 com
3021 4408 3256 4476 pellente
3274 4408 3584 4480 pergamus.’

314 4474 352 4527 ti
403 4482 603 4535 saeculo
632 4484 897 4552 vivamus,
949 4491 1093 4547 sicut
1115 4507 1499 4566 exspectantes
1527 4501 1792 4557 futurmn.
1824 4504 1887 4558 Et

2067 4489 2227 4545 Vens.
2251 4493 2442 4549 12-17.
2471 4511 2490 4546 ‹
2549 4494 2646 4550 Sin
2685 4505 2869 4551 autem
2924 4474 3227 4554 eﬂlbruerit
3266 4474 3581 4556 discurrens

313 4568 433 4624 haec
479 4575 696 4642 quidem
749 4579 821 4633 ita
869 4597 928 4637 se
953 4583 1176 4652 habent,
1205 4591 1300 4643 sed
1327 4607 1451 4646 cum
1482 4594 1673 4664 majori
1701 4596 1887 4651 studio

308 4669 443 4714 sunt
466 4663 802 4724 discutienda
834 4675 1138 4742 sequentia.

385 4749 544 4806 Vens.
570 4757 722 4812 9-H.
750 4776 770 4810 ι
806 4760 962 4833 Plaga
1002 4766 1167 4835 lepra:
1231 4769 1274 4822 si
1310 4769 1472 4825 fuerit
1530 4771 1586 4826 in
1643 4774 1882 4842 homine,

305 4840 606 4937 adducetur
633 4849 700 4902 ad
741 4854 1101 4921 sacerdotem,
1135 4867 1190 4913 et
1221 4860 1428 4915 videbit
1464 4878 1610 4918 eum.
1643 4840 1888 4937 Cumque

302 4929 458 4984 culor
482 4932 706 4988 albusin
741 4948 866 4994 cute
903 4940 1087 5007 fuerit,
1140 4954 1197 5000 ct
1232 4947 1549 5015 capillorum
1593 4929 1886 5009 mutaverit

301 5034 610 5090 aspectum,
657 5029 770 5098 ipsa
798 5047 1013 5102 quoque
1047 5051 1175 5090 caro
1213 5038 1334 5093 viva
1380 5043 1681 5110 apparebit,
1735 5045 1883 5114 lepra

218 5173 220 5175 g
300 5113 667 5169 vetustissima
696 5118 1054 5187 iudicabitur,
1099 5133 1260 5196 atque
1282 5127 1469 5184 inclita
1517 5134 1648 5186 cuti.
1680 5113 1883 5188 Conta-

296 5200 533 5256 minabit
567 5204 747 5275 itaque
772 5226 896 5265 eum
922 5214 1198 5274 sacerdos.
1231 5226 1287 5272 et
1314 5233 1425 5273 non
1463 5221 1728 5289 recludet,
1755 5224 1880 5294 quia

292 5293 591 5359 perspicue
617 5297 960 5357 itnmunditia
979 5314 1080 5361 est.
1119 5323 1136 5357 ι

370 5377 488 5475 lion
522 5385 617 5440 tibi
654 5389 871 5445 videtur
888 5395 1045 5463 quasi
1101 5398 1410 5467 superﬂuus
1433 5415 1556 5457 esse
1602 5403 1880 5475 legislator

293 5463 602 5537 eademque
634 5489 888 5544 repetens
925 5484 979 5537 in
1022 5485 1124 5541 hoc
1148 5463 1310 5557 atque
1365 5491 1556 5546 eodem
1579 5463 1739 5558 libro,
1782 5495 1878 5550 sed

290 5731 340 5762 ,λ
365 5672 622 5765 fugari.
657 5697 769 5765 με,
804 5686 991 5743 15-17.
1066 5691 1113 5723 ⁸ο
1143 5693 1330 5751 Matth.
1359 5715 1516 5765 xvm,
1541 5701 1629 5755 at.

364 5743 526 5797 Hebr.
555 5764 631 5813 ιι,
659 5753 701 5804 1,

501 5839 778 5906 Parnm"
807 5847 925 5907 Gn.
958 5848 1161 5912 XCIII.

1726 5703 1771 5734 ⁹⁶
1806 5704 1938 5760 ibid.
1975 5705 2066 5762 22.

1996 4580 2144 4651 lepra
2177 4580 2233 4636 in
2263 4591 2409 4651 cute,
2429 4592 2484 4640 et
2515 4587 2796 4656 operuerit
2825 4603 3044 4642 omnem
3103 4599 3286 4645 cutem
3329 4606 3359 4646 a
3401 4594 3580 4664 capite

1996 4689 2168 4744 usque
2197 4675 2264 4731 ad
2291 4678 2479 4746 pedes,
2519 4687 2573 4733 et
2592 4677 2856 4749 quidquid
2905 4681 3009 4736 sub
3038 4692 3264 4753 aspectu
3291 4686 3576 4741 oculorum

1993 4767 2157 4830 cadit,
2184 4769 2552 4825 considerabit
2589 4785 2716 4826 eum
2769 4775 3046 4841 sacerdos,
3095 4785 3150 4830 et
3198 4777 3370 4833 teneri
3428 4778 3577 4850 lepra

1993 4859 2354 4915 mundissima
2368 4862 2657 4932 judicabit,
2701 4867 2928 4935 eoquod
2957 4868 3136 4924 omnis
3166 4869 3220 4923 in
3281 4873 3576 4929 candorem

1992 4965 2146 5004 versa
2177 4951 2262 5006 sit.
2288 4951 2356 5006 Et
2378 4952 2580 5007 idcirco
2601 4955 2766 5009 homo
2787 4958 3023 5012 mundus
3042 4959 3167 5013 erit.
3199 4960 3429 5026 Quando
3448 4979 3577 5018 vero

1990 5055 2118 5095 caro
2142 5042 2333 5098 vivens
2365 5045 2419 5098 in
2456 5060 2523 5099 eo
2555 5049 2890 5116 apparuerit,
2921 5059 3054 5106 tunc
3100 5054 3402 5108 sacerdOtis
3426 5053 3577 5124 judi-

1989 5133 2074 5186 cio
2097 5134 2388 5202 polluetur,
2416 5147 2472 5191 et
2518 5137 2988 5197 interimmundos
3011 5146 3371 5214 reputabitur.
3434 5145 3576 5201 Caro

1988 5225 2134 5280 enim
2156 5228 2296 5295 viva,
2322 5229 2364 5284 si
2387 5229 2538 5300 lepra
2563 5243 2904 5305 aspergatur,
2942 5235 3225 5291 immunda
3257 5245 3364 5292 est.
3417 5235 3573 5303 Quod

1989 5316 2032 5369 si
2059 5334 2247 5372 rursus
2275 5335 2429 5376 versa
2462 5321 2622 5376 fuerit
2662 5324 2717 5377 in
2775 5326 3082 5380 albedinem
3102 5337 3156 5381 et
3184 5337 3358 5383 totum
3393 5329 3572 5384 homi-

1987 5425 2113 5463 nem
2145 5413 2446 5480 operuerit,
2479 5415 2850 5470 considerabit
2877 5433 3002 5472 eum
3031 5420 3285 5475 sacerdos
3317 5431 3371 5475 et
3407 5437 3570 5476 mun-

1987 5501 2114 5555 dum
2137 5518 2258 5560 esse
2290 5505 2567 5560 decernet.
2606 5524 2624 5558 ι

2166 5711 2204 5742 ⁹¹
2243 5708 2409 5768 Hebr.
2454 5691 2528 5778 tv,
2555 5713 2609 5767 4.
2715 5716 2761 5753 ³³
2788 5715 2920 5771 ibid.
2944 5715 3029 5771 10.
3119 5718 3164 5748 ’³
3195 5717 3373 5775 Ecclc.
3405 5735 3480 5780 χι.
3504 5717 3561 5774 2.

3161 5879 3236 5941 30
