4044 6224
496 322 605 388 939

1700 314 2060 374 HESYCHII
2098 314 2568 380 PRESBYTER]

3650 323 3753 389 940

568 428 688 486 Non
707 440 926 498 egemus
957 422 1140 479 multis
1164 420 1510 477 sermonibus
1544 419 1596 474 in
1628 420 1912 491 prmsentis
1967 420 2073 475 loci
2103 429 2146 485 Α
2177 424 2373 494 frustra
2401 426 2746 482 laboraverim
2773 428 2827 482 in
2854 430 3044 497 vom-,1.
3078 431 3145 486 El
3169 445 3358 488 rursm
3386 452 3398 486 ε
3432 431 3535 498 ρης
3561 434 3617 488 in
3646 435 3751 507 ἐς,

498 521 875 595 expositione;
906 516 1190 585 sequentia
1220 515 1514 585 prioribus,
1549 520 1603 566 et
1630 512 1810 581 priora
1840 526 2075 581 sequen-

501 617 641 671 tibus
669 613 738 667 ad
765 609 1271 680 interpretationem
1300 614 1656 660 concurrunt.
1693 603 2077 674 PrOpterquod

496 706 729 764 Jacobus
751 703 1005 759 dicebat:
1045 699 1235 755 Omnis
1276 697 1577 769 prephetiae
1610 697 1893 767 Scriptura
1950 713 2078 766 pro-

496 797 614 868 pria
670 792 1123 865 interpretatione
1178 804 1290 844 nou
1358 791 1417 842 lit
1465 806 1478 841 :
1535 801 1872 856 unaquaeque
1929 787 2076 839 enim

496 890 730 945 maxime
757 904 823 943 ex
861 883 1324 955 consequentibus
1368 880 1709 951 explanatur.
1738 877 1966 949 Lepram
2021 880 2076 932 in

498 990 624 1038 cute
656 980 947 1035 didicimus
992 975 1182 1047 legalis
1224 986 1347 1028 esse
1408 970 1603 1025 littera:
1665 969 2077 1040 prievaricatio-

499 1089 647 1128 nem.
680 1072 827 1126 Bene
858 1079 1040 1126 autem
1092 1071 1247 1135 dixit,
1286 1071 1341 1124 in
1366 1079 1515 1135 cute,
1550 1069 1677 1138 quia
1710 1068 2071 1125 Sabbatorun‘

498 1165 868 1231 circumcisio,
930 1164 1015 1219 vel
1071 1164 1534 1234 puriﬁcationum,
1582 1177 1704 1240 qua;
1761 1178 1860 1232 per
1903 1161 2079 1233 legem

499 1256 840 1321 sanciantur,
875 1256 1252 1325 transgressio,
1278 1270 1388 1308 non
1416 1254 1653 1308 afferunt
1681 1252 1873 1307 anima:
1902 1252 2079 1307 laesio-

502 1362 628 1401 nem
656 1363 669 1399 :
701 1355 919 1402 coercet
950 1347 1152 1416 quippe
1177 1346 1312 1416 legis
1336 1346 1517 1400 littera
1576 1345 1909 1399 exteriorem
1975 1344 2077 1398 bo-

501 1442 725 1496 minem.
753 1441 809 1495 Si
842 1456 971 1513 ergo
1005 1443 1194 1496 eadem
1241 1440 1388 1511 lepra
1427 1449 1571 1512 tegat
1596 1454 1816 1494 omnem
1870 1448 2075 1503 cutem,

501 1550 529 1587 a
561 1533 736 1603 capite
775 1548 946 1603 usque
970 1533 1039 1588 ad
1066 1532 1252 1603 pedes,
1277 1541 1332 1587 et
1377 1531 1642 1602 quidquid
1705 1530 1807 1584 sub
1853 1536 2075 1598 aspectu

501 1626 780 1680 oculorum
808 1625 1109 1679 sacerdotis
1141 1624 1308 1691 cadit,
1333 1623 1593 1678 niundum
1649 1638 1775 1677 eum
1808 1622 2074 1678 decernit.

501 1719 555 1771 Si
584 1719 727 1771 enim
755 1718 1022 1788 quispiam
1048 1734 1080 1773 a
1110 1727 1221 1773 tota
1266 1718 1404 1788 legis
1420 1718 1620 1772 littera:
1650 1717 1868 1772 recedat
1892 1724 2076 1772 custo-

501 1808 608 1872 dia,
640 1814 695 1861 et
728 1822 905 1875 neque
938 1806 1410 1861 circumcisionem
1433 1820 1612 1875 neque
1643 1805 1888 1860 ciborum
1917 1803 2079 1858 dill'e-

502 1897 754 1963 rentiam,
788 1911 967 1965 neque
990 1896 1351 1950 Sabbatorum
1375 1895 1700 1961 custodiam,
1744 1908 1849 1948 nec
1906 1893 2078 1963 pollu—

503 1990 732 2054 tionum,
769 1997 865 2043 aut
894 1987 1309 2055 sacriﬁciorum,
1344 1996 1440 2042 aut
1484 1987 1794 2057 aliquorum
1847 1984 2079 2039 aliorum

503 2080 694 2134 talium
717 2090 970 2135 exerceat
989 2093 1177 2149 opera,
1248 2079 1343 2134 sed
1390 2080 1459 2133 ab
1502 2078 1769 2133 omnibus
1821 2076 2081 2146 legalibus

503 2172 789 2226 elementis
845 2171 1082 2237 recedat,
1111 2181 1275 2239 atque
1304 2187 1334 2224 a
1367 2170 1546 2239 capite
1602 2185 1777 2241 usque
1800 2167 1868 2221 ad
1892 2168 2077 2239 pedes,

502 2278 532 2318 a
561 2263 735 2333 primo
765 2263 1018 2317 videlicet
1049 2277 1220 2332 usque
1247 2262 1314 2316 ad
1342 2262 1593 2316 ultimum
1624 2261 1819 2316 horum
1852 2260 2080 2315 manda-

504 2366 705 2419 torum,
730 2356 795 2409 ad
828 2355 1049 2409 meliora
1088 2354 1394 2410 cucurrerit
1425 2361 1586 2423 atque
1619 2352 1967 2423 perfectiora,
1991 2352 2070 2407 fe-

504 2448 746 2516 ceritque
766 2448 868 2501 hoc
896 2447 951 2499 in
978 2455 1274 2516 conspectu
1298 2446 1621 2512 sacerdotis;
1656 2445 1710 2501 id
1748 2454 1833 2500 est
1852 2445 2079 2510 Christi,

505 2549 564 2593 ut
593 2540 707 2607 ipse
736 2538 927 2592 videns
954 2538 1440 2608 transgressionem
1475 2536 1939 2606 imperfectorum,
1963 2551 2085 2591 sus-

505 2630 686 2697 cipiat,
727 2628 897 2683 teneri
928 2643 1057 2682 eum
1088 2629 1235 2698 lepra
1286 2628 1645 2683 mundissima
1685 2629 1970 2698 iudicabit,
2020 2644 2086 2682 eo

506 2719 652 2789 quod
682 2718 862 2771 omnis
888 2718 945 2771 in
979 2719 1273 2773 candorem
1318 2733 1476 2773 versa
1509 2718 1612 2783 sit;
1665 2718 1732 2772 ad
1781 2717 2086 2772 claritatem

510 2809 762 2864 \lthllCCl
791 2808 879 2861 hic
908 2807 1296 2876 semetipsum,
1330 2806 1398 2861 ad
1445 2806 1816 2876 evangelicam
1852 2820 2086 2860 conver-

508 2902 772 2955 sationem
811 2899 1104 2965 transtulit,
1142 2900 1291 2953 sicut
1311 2898 1474 2953 modo
1499 2898 1741 2952 auditis:
1775 2896 1971 2952 Luceat
1998 2897 2089 2951 tua:

509 3003 676 3047 vestra
717 3008 893 3046 caram
943 2990 1239 3045 [caminibus
1257 2990 1326 3045 ".
1383 2988 1448 3045 Et
1498 3004 1691 3044 rursus
1746 3007 1761 3043 :
1828 2987 1976 3043 Sicut
2034 2989 2090 3041 in

2172 521 2563 592 justiﬁcamini,
2587 543 2619 578 a
2650 527 2823 596 gratia
2848 529 3135 583 excessistis
3157 532 3197 583 '.
3224 528 3299 585 De
3325 530 3570 587 Judaicis
3594 534 3752 588 etiam

2180 614 2563 673 traditionibus
2580 619 2655 671 ait
2679 637 2692 670 :
2721 618 2774 674 Si
2806 620 2950 674 enim
2979 635 3099 690 quae
3131 621 3398 689 destruxi,
3426 624 3543 678 hare
3565 625 3750 680 eadem

2178 702 2372 759 iterum
2423 707 2713 775 retedilico,
2748 717 3202 780 transgressorem
3244 726 3330 765 me
3367 714 3657 768 constituo.

2247 795 2395 865 Quod
2421 801 2466 852 si
2491 799 2633 856 color
2664 816 2844 855 sanus.
2886 800 2999 855 Hoc
3029 811 3113 855 est
3159 802 3307 856 enim
3338 804 3546 870 vivens,
3590 820 3754 859 sanus

2178 897 2361 944 autem
2398 889 2596 946 dicitur
2643 892 2943 948 secundum
2986 892 3295 947 Judzeorum
3343 894 3755 950 aestimationem

2179 991 2339 1050 atque
2363 981 2585 1051 legalem
2614 982 3182 1053 comprehensionem,
3206 1001 3314 1040 non
3344 998 3525 1041 autem
3552 1000 3755 1043 secun-
3786 1050 3797 1062 _

2179 1072 2307 1126 dum
2340 1074 2645 1127 veritatem.

2246 1163 2551 1232 Recessrrit,
2585 1176 2920 1238 mutatusque
2956 1168 3117 1239 fuerit
3154 1169 3211 1222 in
3260 1168 3460 1223 album.
3490 1167 3550 1223 Id
3581 1176 3667 1225 est
3703 1170 3753 1225 in

2179 1254 2603 1310 ecclesiasticam
2650 1257 3143 1325 conversationem,
3179 1259 3362 1314 veniet
3396 1259 3466 1314 ad
3504 1259 3755 1314 sacerdo-

2180 1352 2310 1411 tem,
2337 1346 2636 1413 Cbristum,
2664 1358 2719 1402 et
2748 1349 3010 1404 mundum
3044 1365 3170 1404 eum
3207 1365 3328 1405 esse
3374 1349 3640 1417 decernit,
3669 1364 3746 1405 ve

2178 1437 2324 1492 niam
2355 1439 2544 1509 prima:
2572 1441 2878 1497 concedens
2907 1441 3171 1507 infantiae,
3196 1444 3386 1498 eadem
3414 1442 3625 1498 ratione
3651 1458 3758 1513 qua

2182 1538 2326 1587 totus
2356 1532 2602 1601 leprosos
2629 1548 2694 1587 ex
2723 1534 3091 1602 multitudine,
3110 1552 3229 1605 quae
3269 1546 3491 1606 putatur
3513 1538 3756 1591 immun-

2179 1620 2344 1687 ditiae,
2367 1623 2663 1678 secundum
2694 1624 2886 1695 legem,
2913 1625 3150 1681 mundus
3164 1625 3413 1681 ellicitur.
3436 1626 3515 1681 lta
3532 1634 3589 1680 et
3607 1625 3758 1696 plebs

2179 1712 2246 1767 de
2269 1714 2542 1784 gentibus,
2574 1716 2629 1770 in
2658 1716 3003 1772 multitudine
3038 1726 3094 1773 et
3109 1718 3442 1788 perfectione
3470 1718 3653 1789 legalis
3669 1716 3758 1771 lit-

2182 1815 2329 1871 terre,
2369 1807 2830 1875 praevaricationis
2879 1809 3080 1864 munda
3118 1825 3217 1879 per
3242 1810 3418 1878 ipsam
3439 1808 3610 1879 legem
3641 1808 3759 1862 efﬁ-

2180 1897 2340 1963 citur,
2365 1912 2501 1966 qua:
2537 1914 2647 1952 non
2680 1899 2937 1966 litteram,
3003 1900 3098 1955 sed
3162 1900 3462 1970 spiritalem
3520 1901 3758 1957 mandati

2181 1986 2376 2056 qua-rit
2417 1987 2853 2059 intelligentiam.

2250 2079 2631 2136 Vens.18-25.
2673 2101 2691 2134 ε
2727 2083 2868 2138 Caro
2889 2092 2945 2138 et
2965 2085 3106 2141 cutis
3144 2084 3198 2137 in
3222 2100 3325 2154 qua
3364 2084 3516 2140 ulcus
3570 2093 3758 2139 natum

2181 2181 2283 2238 est,
2313 2184 2369 2228 et
2395 2181 2664 2239 sanatum,
2691 2183 2747 2229 et
2785 2176 2842 2229 in
2870 2175 2991 2230 loco
3034 2176 3233 2231 ulceris
3255 2177 3475 2231 cicatrix
3498 2192 3763 2247 apparue-

2183 2264 2254 2319 rit
2278 2263 2419 2327 alba,
2451 2265 2567 2319 sive
2592 2265 2816 2321 subruta
2852 2266 3172 2330 adducetur,
3207 2267 3371 2321 homo
3399 2266 3469 2322 ad
3498 2265 3760 2321 sacerdo-

2184 2365 2314 2410 tem.
2347 2355 2449 2423 Qui
2481 2372 2604 2411 cum
2621 2356 2815 2412 viderit
2840 2359 3016 2413 locum
3042 2359 3205 2427 lepra
3227 2358 3568 2413 humiliorem
3596 2373 3764 2413 carne

2186 2444 2410 2514 reliqua,
2446 2454 2501 2500 et
2522 2445 2658 2515 pilos
2690 2462 2878 2502 versos
2912 2447 2967 2500 in
3017 2448 3333 2514 candorem,
3365 2447 3763 2503 contaminabit

2186 2553 2309 2593 eum
2343 2556 2355 2591 :
2398 2538 2554 2609 plaga
2587 2538 2733 2593 enim
2761 2539 2926 2608 lepra
2962 2547 3081 2594 orta
3111 2539 3273 2594 estin
3306 2539 3506 2594 ulcere.
3531 2539 3694 2605 Quod
3717 2539 3760 2593 si

2185 2626 2329 2696 pilus
2357 2627 2553 2681 coloris
2578 2638 2658 2682 est
2687 2626 2924 2696 pristini,
2961 2634 3017 2681 et
3046 2627 3272 2681 cicatrix
3293 2627 3658 2692 subobscura,
3709 2636 3764 2683 et

2186 2716 2366 2770 vicina
2391 2731 2521 2771 caro
2549 2731 2660 2770 non
2689 2723 2775 2770 est
2806 2716 3083 2782 humilior,
3126 2716 3372 2771 recludet
3392 2732 3517 2771 eum
3544 2726 3757 2787 septem

2187 2810 2401 2871 diebus,
2428 2817 2483 2863 et
2510 2808 2556 2861 si
2603 2807 2821 2878 quidem
2862 2808 3118 2873 creverit,
3161 2807 3498 2877 adjudicabit
3523 2822 3651 2862 eum
3691 2808 3766 2861 le-

2189 2920 2321 2975 prae.
2352 2902 2447 2957 Sin
2470 2910 2651 2957 autem
2685 2901 2897 2957 steterit
2928 2900 2982 2954 in
3028 2901 3149 2968 loco
3169 2914 3287 2965 suo,
3339 2898 3538 2954 ulceris
3573 2906 3661 2953 est
3687 2899 3763 2953 ci-

2191 2994 2382 3066 catrix,
2420 3003 2475 3048 et
2505 2994 2670 3048 homo
2712 2992 2949 3049 mundus
2972 2991 3101 3047 erit.
3137 3010 3154 3042 ι

507 3088 591 3140 die
669 3087 878 3139 honeste
956 3082 1285 3138 ambulemus
1319 3083 1386 3136 ".
1462 3080 1696 3152 Propter
1768 3080 1916 3151 quod
1989 3079 2163 3164 ﬁliic
2263 3085 2424 3140 Beata
2458 3092 2542 3139 est
2562 3083 2823 3139 continua
2849 3082 2981 3154 legis
3015 3082 3318 3149 meditatio,
3340 3091 3508 3152 atque
3532 3095 3766 3137 convor-

511 3178 668 3246 lucis,
741 3193 852 3232 non
930 3176 1109 3232 noctis
1158 3190 1339 3246 neque
1403 3175 1751 3230 tenebrarum
1798 3173 2091 3229 nominan-

517 3282 625 3325 llﬂ'.

581 3360 731 3426 Quod
757 3361 802 3415 si
832 3377 954 3415 caro
977 3360 1092 3415 viva
1119 3361 1176 3414 in
1204 3376 1267 3415 ea
1290 3362 1623 3431 apparuerit.
1659 3359 1714 3415 ιιι
1745 3368 1851 3427 est,
1902 3358 2092 3415 Iudai-

514 3468 639 3509 eum
671 3453 1010 3519 mandatum,
1045 3453 1173 3522 quia
1224 3452 1466 3508 viventia
1523 3468 1635 3508 non
1675 3462 1901 3524 propter
1942 3450 2091 3507 acci-

516 3551 750 3620 pientes,
783 3549 875 3604 sed
907 3557 1134 3619 propter
1155 3547 1348 3603 dantes
1396 3547 1483 3602 illa
1536 3556 1801 3619 putantur
1855 3547 2089 3617 eloquia,

515 3640 690 3710 magis
709 3646 890 3694 autem
912 3648 967 3694 et
993 3646 1215 3709 propter
1256 3638 1616 3708 accipientes.
1664 3638 1723 3693 Si
1789 3639 2093 3693 secundum

518 3729 668 3784 illum
692 3729 933 3796 modum,
956 3744 1077 3800 qua:
1105 3729 1230 3785 data
1253 3736 1404 3797 sunt,
1430 3729 1833 3797 custodiantur,
1866 3744 2095 3784 necesse

516 3831 620 3889 est,
645 3830 705 3877 ut
730 3823 820 3892 qui
860 3838 961 3877 nec
999 3822 1116 3882 haec
1136 3831 1421 3893 operatur,
1485 3838 1663 3892 neque
1692 3822 1783 3876 illa
1823 3837 1854 3876 a
1895 3821 2095 3891 quibus

519 3915 763 3981 recessit,
792 3914 1084 3985 polluatur.
1115 3915 1223 3971 Sed
1257 3915 1539 3984 utriusque
1569 3913 1948 3985 probationem
1963 3928 2094 3983 pro-

517 4006 777 4063 feramus.
835 4005 1086 4062 Viventis
1135 4006 1358 4077 quidem
1418 4007 1545 4077 quia
1590 4007 1846 4062 dicantur
1902 4006 2095 4077 legalis

519 4097 828 4152 .ludxeorum
852 4098 1127 4165 mandata,
1159 4096 1445 4152 audiamus
1468 4095 1809 4167 Stephanum
1831 4096 1900 4152 de
1917 4095 2097 4167 Moyse

519 4189 720 4248 Judaeis
745 4190 1054 4243 dicentem:
1088 4188 1191 4242 Hic
1225 4198 1297 4242 est
1342 4190 1433 4259 qui
1479 4190 1579 4259 fuit
1621 4190 1677 4242 in
1729 4187 1985 4251 Ecclesia,
2040 4188 2115 4247 id

522 4297 692 4334 erenro
722 4296 839 4332 cum
870 4279 1077 4349 angelo,
1106 4280 1195 4349 qui
1218 4279 1524 4348 loquebatur
1567 4280 1614 4333 ei
1641 4281 1697 4333 in
1741 4287 1914 4333 monte
1941 4275 2094 4343 Sina,

523 4380 570 4424 et
598 4387 715 4424 cum
740 4369 979 4439 patribus
1009 4371 1224 4436 nostris,
1256 4371 1346 4440 qui
1406 4370 1631 4439 suscepit
1657 4369 1813 4423 verba
1871 4367 2097 4422 viventia

2197 3173 2354 3239 satio,
2390 3173 2699 3242 habereque
2734 3186 2949 3242 semper
2977 3171 3036 3227 in
3064 3172 3317 3227 manibus
3346 3173 3768 3238 thesaurum,ex

2197 3280 2305 3336 quo
2333 3263 2660 3336 cognitionis
2680 3263 2774 3318 Dei
2794 3263 3102 3333 procedunt
3132 3262 3360 3318 divitiae.
3400 3261 3768 3328 Quamobrem

2196 3371 2300 3410 nos
2316 3368 2531 3425 quoque
2552 3368 2673 3408 cum
2702 3353 2850 3407 omni
2873 3352 3073 3419 studio,
3109 3367 3172 3406 ea
3201 3368 3323 3421 quae
3353 3367 3500 3408 nunc
3526 3360 3659 3407 sunt
3715 3352 3770 3406 in

2199 3448 2377 3503 littera
2400 3445 2642 3512 latentia,
2686 3444 3084 3514 perquiramus.
3118 3444 3281 3500 Ulcus
3310 3454 3498 3499 natum
3528 3453 3586 3499 et
3607 3458 3767 3499 sana-

2202 3548 2336 3607 tum,
2360 3557 2455 3611 per
2477 3537 2852 3610 paenitentiam
2890 3545 3140 3591 curatum
3171 3545 3456 3607 peccatum
3494 3545 3598 3590 est.
3628 3533 3772 3602 Quid

2199 3632 2343 3688 enim
2364 3632 2444 3686 sic
2479 3629 2996 3693 vulneratanimam,
3025 3637 3081 3684 et
3101 3628 3336 3697 complet
3365 3628 3613 3694 maculis,
3635 3642 3765 3696 quo-

2199 3723 2362 3778 modo
2383 3721 2700 3793 peccatum?
2725 3720 2878 3776 Unde
2911 3728 2969 3776 et
3002 3719 3170 3775 David
3213 3719 3428 3774 dicebat
3476 3735 3491 3772 :
3547 3717 3777 3786 Compu-

2202 3822 2458 3878 truerunt,
2477 3824 2528 3866 et
2553 3812 2999 3866 deterioraverunt
3039 3812 3309 3865 cicatrices
3356 3826 3507 3877 mea,
3550 3827 3586 3862 a
3639 3810 3772 3880 facie

2200 3905 2513 3975 insipientia
2549 3919 2677 3958 mete
2696 3904 2738 3957 ³.
2789 3902 2930 3969 Quid
2973 3910 3159 3958 autem
3189 3916 3380 3957 rursus
3398 3906 3553 3956 curat
3578 3900 3776 3954 anime

2202 3995 2441 4052 vulnus?
2471 3996 2591 4063 Quo
2630 4002 2846 4065 oportet
2875 3994 3038 4049 modo
3077 4002 3295 4064 peracta
3320 3990 3667 4063 pcenitentia,
3696 3990 3773 4043 lo-

2202 4104 2300 4145 cus
2332 4088 2494 4159 huius
2526 4088 2769 4144 vulneris
2793 4094 2877 4143 est
2911 4086 3054 4142 actio
3069 4095 3125 4141 et
3144 4085 3431 4141 consilium
3449 4083 3598 4139 circa
3628 4080 3774 4152 quod

2204 4188 2484 4250 peccatum
2514 4188 2727 4250 gestum
2753 4186 2858 4245 est,
2878 4177 3047 4233 veluti
3077 4175 3247 4235 David
3272 4175 3427 4231 locus
3461 4173 3663 4229 ulceris
3676 4172 3778 4226 fuit

2203 4271 2535 4328 desiderium
2553 4270 2823 4340 corporis,
2864 4280 3091 4341 propter
3137 4269 3280 4324 hanc
3316 4267 3464 4322 enim
3482 4266 3618 4321 etin
3648 4264 3777 4319 Ber-

2204 4364 2366 4419 sabee
2421 4362 2770 4425 adulterium,
2814 4370 2872 4416 et
2918 4362 2976 4415 in
3029 4361 3215 4417 Uriam
3267 4358 3545 4416 homicidii
3574 4358 3776 4412 crimen

521 4464 650 4520 dare
680 4462 824 4520 nobis
851 4461 920 4517 "’.
959 4462 1101 4519 Ecce
1133 4462 1297 4517 verba
1328 4461 1563 4516 viventia
1606 4459 1902 4532 appellavit
1934 4459 2098 4530 justi-
2130 4455 2173 4511 D
2202 4455 2420 4511 admisit
2445 4454 2499 4520 Ι’;
2519 4453 2706 4508 Achab
2725 4461 2909 4508 autem
2929 4451 3222 4521 cupiditas,
3247 4465 3346 4521 per
3367 4463 3528 4519 quam
3548 4448 3602 4502 in
3631 4461 3778 4502 amo-

525 4554 806 4610 licationes
831 4552 985 4624 legis.
1005 4550 1144 4619 Quid
1186 4559 1368 4609 autem
1395 4542 1670 4608 subdidit?
1702 4548 1804 4606 Cui
1820 4548 2099 4603 noluerunt

526 4640 819 4695 obedientes
841 4657 949 4694 esse
982 4650 1160 4711 patres
1202 4642 1367 4699 nostri
1392 4641 1458 4696 ⁸⁸.
1496 4641 1562 4695 Et
1620 4640 1838 4710 quidem
1881 4639 2103 4695 obedie-

527 4737 656 4783 ruut
682 4738 942 4799 quantum
961 4730 1034 4784 ad
1071 4730 1262 4788 faciem
1290 4730 1600 4803 apparentis
1636 4731 1849 4793 litterae.
1880 4730 1977 4786 sed
1993 4744 2104 4785 non

527 4819 749 4879 obedire
776 4820 931 4887 dixit,
958 4837 1067 4876 non
1096 4822 1321 4879 obedire
1394 4824 1586 4886 menti,
1627 4838 1732 4878 nec
1777 4806 2102 4889 intentioni,

528 4907 624 4963 sed
657 4906 712 4963 in
748 4906 878 4962 solis
925 4908 1123 4963 litteris
1169 4909 1342 4980 legem
1382 4911 1586 4975 dantis_
1633 4911 1787 4976 Quod
1838 4920 2022 4965 autem
2072 4925 2104 4964 a

530 4999 793 5055 servitute
831 4999 964 5070 legis
1004 5001 1286 5069 recedens,
1318 5011 1374 5057 et
1425 5012 1613 5072 postea
1661 5003 1941 5073 quidpiam
1971 5002 2105 5074 legis

529 5105 746 5161 gerens,
809 5092 1224 5162 reprehensioni
1292 5093 1615 5149 sacerdotali
1676 5094 1985 5165 subjicitur,
2052 5102 2109 5150 et

532 5181 678 5235 inter
738 5180 1049 5236 immundos
1089 5192 1388 5253 reputatur,
1432 5184 1593 5237 docet
1652 5183 1852 5239 Paulus
1906 5183 2108 5239 Galatis

532 5272 857 5343 praecipiens
899 5290 912 5326 :
943 5272 1076 5327 Ecce
1104 5290 1197 5344 ego
1223 5272 1426 5326 Paulus
1446 5274 1561 5326 dico
1588 5276 1767 5329 vobis:
1801 5274 1860 5329 Si
1881 5276 2108 5330 circum-

534 5363 793 5426 cidimini,
832 5363 1069 5419 Christus
1096 5364 1231 5418 vobis
1256 5363 1388 5417 nihil
1432 5366 1643 5435 prodest
1670 5368 1735 5420 ’³.
1780 5366 1845 5421 Et
1867 5381 2058 5421 rursus
2093 5383 2108 5421 :

538 5451 660 5509 Dies
685 5455 980 5517 custoditis,
1032 5464 1080 5509 et
1109 5471 1326 5520 menses,
1370 5465 1419 5508 et
1456 5472 1643 5522 annos,
1686 5458 1845 5511 timeo
1879 5473 1942 5511 ne
1980 5458 2112 5526 forte

616 5669 664 5705 "
693 5675 877 5732 Matth.
911 5697 963 5740 v,
1002 5680 1085 5733 l6.
1193 5679 1240 5713 "
1268 5677 1427 5733 Rom.
1460 5693 1583 5742 xm,
1618 5677 1703 5729 15.

1811 5676 1860 5708 ’⁷
1894 5674 2012 5729 Act.
2042 5690 2137 5740 vn,
2176 5675 2266 5730 38.

546 5743 569 5779 ⁸
595 5741 771 5800 Galat.
816 5763 867 5806 v,
908 5748 958 5811 4,
1029 5752 1047 5780 ³
1078 5750 1216 5804 Psal.
1256 5765 1461 5815 xxxvii,
1495 5750 1550 5802 6.
1626 5747 1645 5778 ³
1674 5747 1721 5801 ll
1770 5748 1903 5816 licg.
1936 5761 2013 5811 xr,
2062 5746 2083 5796 l
2125 5759 2276 5815 seqq.

2206 4562 2322 4602 rem
2355 4546 2544 4601 Nabod
2579 4545 2753 4601 vineae
2776 4543 3015 4599 concidit
3051 4545 3108 4609 ⁵;
3154 4541 3308 4597 Judae
3369 4556 3500 4596 vero
3536 4539 3777 4600 avaritia,
3833 4578 3837 4582 »

2208 4642 2327 4697 haec
2352 4642 2498 4695 enim
2526 4638 2850 4709 proditionis
2879 4636 3168 4692 consilium
3210 4634 3397 4699 dedit;
3438 4633 3638 4687 Paulo‘
3656 4644 3780 4685 vero

2209 4746 2310 4800 per
2334 4728 2699 4800 ignorantiam
2739 4728 2911 4795 zelus,
2937 4742 2968 4782 a
3015 4741 3125 4797 quo
3152 4724 3400 4780 devictus
3436 4722 3626 4778 lesum
3656 4733 3781 4791 per-

2211 4828 2432 4876 secutus
2451 4830 2555 4874 εει.

2280 4911 2345 4965 1η
2368 4910 2477 4964 loco
2496 4910 2683 4964 ulceris
2707 4909 2929 4963 cicatrix
2958 4906 3107 4961 alba.
3143 4904 3199 4960 ιιι
3238 4914 3327 4959 est
3362 4902 3562 4967 lucida,
3594 4907 3650 4955 et
3714 4898 3784 4951 ita

2212 5000 2521 5064 manifesta,
2563 5007 2622 5053 ut
2676 4998 2842 5053 etiam
2867 4998 2935 5052 de
2962 4997 3119 5066 longe
3152 4994 3421 5059 videatur,
3456 4992 3508 5047 id
3534 5000 3637 5054 est,
3666 5002 3786 5058 qua

2212 5090 2396 5152 evenit
2417 5089 2676 5160 peccandi
2705 5104 2770 5143 ex
2796 5097 3019 5158 peccato
3040 5086 3393 5157 praesumptio
3420 5100 3433 5135 :
3489 5080 3787 5138 secundum

2213 5197 2373 5251 quam
2403 5182 2493 5237 ille
2525 5188 2750 5252 propter
2779 5180 2885 5234 hoc
2910 5179 3053 5248 quod
3109 5177 3279 5232 semel
3319 5176 3657 5231 adolteratus
3709 5177 3790 5222 est

2215 5273 2446 5336 adulter,
2475 5272 2563 5327 hic
2585 5283 2765 5326 autem
2790 5278 3013 5340 propter
3067 5267 3499 5338 persecutionem
3533 5275 3788 5334 persecu-

2217 5372 2323 5423 tor.
2344 5364 2481 5417 alter
2505 5371 2687 5417 autem
2718 5370 2944 5432 propter
2997 5360 3346 5415 latrocinium
3385 5358 3546 5423 latro,
3577 5344 3784 5409 etiamSi
3868 5374 3871 5379 ·

2216 5452 2327 5523 iam
2356 5468 2390 5506 a
2420 5452 2516 5508 tali
2556 5452 2776 5507 actione
2830 5458 3155 5516 recesserat,
3208 5448 3529 5519 appellatur.
3591 5438 3786 5492 Annon

2372 5674 2420 5705 "
2452 5673 2584 5727 ibid.
2627 5673 2716 5728 59.
2793 5673 2839 5704 ”
2870 5669 3047 5723 Galat.
3087 5684 3148 5731 v,
3177 5666 3233 5719 2.
3331 5666 3346 5698 ⁸
3379 5663 3571 5731 Galat.”
3589 5674 3661 5724 tv,
3698 5656 3788 5711 Η.

2354 5744 2373 5774 ⁸
2398 5743 2471 5797 ιιι
2510 5743 2639 5815 llcg.
2669 5758 2823 5807 xvtu,
2857 5742 2876 5794 l
2908 5754 3060 5808 seqq.
3137 5730 3157 5768 ‘
3197 5737 3219 5791 ι
3262 5734 3403 5790 Tim.
3437 5749 3475 5798 ι,
3512 5730 3596 5785 15.
