4044 6224
341 288 447 366 9'“

1480 276 1563 353 I'N
1607 276 2042 351 LEVITICUn’.
2078 313 2147 325 —
2187 280 2334 350 Lm.
2372 280 2469 352 1v.

3510 288 3616 355 942

345 417 451 487 hoc
480 408 702 467 nomine
719 407 872 462 Raab
901 405 1243 461 meretricem
1289 414 1413 476 post
1447 406 1644 459 multas
1704 418 1932 476 genera-
1963 411 2001 466 Α
2035 418 2144 457 non
2172 410 2355 457 autem
2391 401 2519 472 quia
2555 400 2734 455 adhuc
2768 399 3026 470 patiatur,
3071 399 3333 455 ostendit.
3361 398 3468 457 Sed
3498 414 3617 458 uts-

343 508 540 565 tiones.
565 514 798 569 eamque
828 513 948 568 quae
989 496 1217 552 Domino
1246 505 1584 568 unguentum
1610 497 1809 551 obtulit
1839 510 1933 565 ap-

344 596 633 668 pellamus,
666 607 790 647 cum
822 599 1067 658 utraeque
1095 603 1153 643 se
1179 604 1210 642 a
1234 588 1593 643 fornicatione
1623 587 1929 656 suspende-

343 686 491 742 rint'?
519 683 627 738 Sed
645 682 1001 752 quamobrem
1018 696 1143 735 cum
1172 680 1327 734 ulcus
1348 679 1574 734 dixisset
1601 680 1804 744 album,
1831 679 1935 732 hoc

346 784 527 851 ipsum
561 787 747 831 tamen
784 775 920 831 dixit
944 775 1124 830 album
1166 789 1262 828 seu
1294 773 1474 828 rufum
1505 773 1658 827 ﬁeri?
1683 772 1808 841 quia
1855 772 1937 826 al-

347 874 475 927 bum
498 869 722 941 quidem
751 867 909 934 dixit,
938 866 1084 938 quod
1112 865 1172 920 ﬁt
1193 880 1257 920 ex
1288 866 1515 919 vulnere
1546 864 1738 935 legalis
1761 871 1939 919 trans-

347 961 687 1031 gressionis,-
738 960 916 1014 albam
969 958 1139 1029 legem
1197 972 1422 1013 vocans.
1473 956 1594 1010 Non
1629 956 1774 1010 enim
1824 963 1941 1009 erat

346 1044 766 1109 calefacta‘Sole
792 1049 1042 1121 iustitiae,
1086 1058 1138 1104 et
1160 1057 1447 1120 propterea
1481 1047 1645 1102 rubra
1670 1062 1777 1101 non
1799 1056 1934 1099 erat.

352 1145 490 1217 Ergo
512 1145 737 1199 rubrum
762 1143 910 1213 quod
941 1157 1008 1196 ex
1048 1141 1361 1210 evangelica
1407 1139 1560 1194 venit
1612 1138 1941 1208 praevarica-

352 1237 520 1304 tione,
572 1235 885 1291 evidentius
938 1234 1262 1304 appellatur.
1322 1231 1625 1301 lltrumque
1649 1240 1830 1285 tamen
1886 1231 1940 1282 in

348 1328 631 1383 Christum
663 1336 771 1393 est,
800 1326 855 1380 in
874 1342 983 1396 quo
1012 1327 1082 1380 ab
1142 1325 1385 1380 Ecclesia
1416 1325 1470 1378 in
1498 1324 1741 1380 Canticis
1764 1324 1943 1378 canti-

350 1436 543 1475 corum
593 1420 844 1475 dicitur:
900 1417 1167 1472 Patruelis
1204 1432 1347 1470 meus
1407 1415 1558 1469 albus
1591 1423 1640 1468 et
1698 1414 1945 1467 rubicun-

351 1513 452 1566 dus
480 1513 525 1565 τ.
566 1511 745 1582 Ipsius
780 1511 928 1564 enim
955 1516 1044 1564 est
1077 1509 1187 1571 lex,
1220 1509 1392 1578 ipssus
1413 1504 1788 1575 Evangelium,
1829 1505 1943 1574 ipse

356 1605 509 1673 prius
541 1604 784 1674 legaliter
814 1601 1196 1665 circumcisus,
1236 1610 1292 1654 et
1322 1615 1420 1669 pro
1444 1598 1835 1653 emundatione
1862 1596 1945 1650 of-

354 1698 563 1764 ferens,
593 1698 911 1769 evangelice
968 1705 1157 1767 postea
1208 1705 1588 1761 conversatus,
1629 1693 1942 1749 Judaeorum

357 1791 705 1859 haptismata,
754 1788 1087 1858 Sabbatique
1143 1788 1468 1852 custodiam,
1527 1795 1583 1841 et
1623 1785 1948 1855 temporales

357 1881 641 1949 prohibuit
673 1881 1106 1950 purificationes.
1145 1878 1253 1935 Sed
1276 1895 1397 1948 qua:
1427 1887 1535 1942 est,
1556 1877 1760 1951 inquis,
1813 1878 1946 1944 legis

358 1974 760 2045 transgressio?
792 1973 872 2027 Ad
895 1973 1075 2042 ipsum
1125 1972 1408 2047 pertinens
1432 1970 1619 2040 utique
1642 1969 1943 2034 Christum,

355 2067 584 2135 ejusque
628 2063 969 2136 mysterium,
1016 2063 1072 2119 id
1114 2073 1219 2130 εει,
1260 2062 1545 2132 idolothyti
1584 2061 1763 2115 omnis
1822 2076 1949 2114 san-

357 2155 560 2225 guinis,
594 2163 649 2209 et
683 2153 935 2209 sull'ocati
967 2168 1116 2208 esus.
1144 2151 1280 2207 Nam
1316 2152 1435 2207 haec
1468 2151 1572 2206 etsi
1603 2151 1792 2222 legalia
1820 2159 1950 2205 sunt

361 2255 653 2317 praecepta,
686 2245 986 2302 Ecclesiam
1047 2253 1228 2300 tamen
1283 2260 1344 2299 ea
1379 2244 1657 2300 custodire
1719 2243 1948 2313 apostoli

358 2347 761 2407 praeceperunt,
786 2338 932 2407 quod
960 2337 1203 2392 ostendit
1235 2335 1477 2391 Jacobus
1504 2337 1691 2391 dicens
1721 2342 1751 2389 :‘
1778 2335 1951 2391 Visum

360 2439 441 2484 est
466 2439 652 2484 sancto
670 2428 920 2497 Spiritui,
954 2437 1001 2483 et
1029 2428 1199 2494 nobis,
1230 2427 1362 2481 nihil
1414 2427 1643 2495 amplius
1691 2427 1952 2495 superim-

363 2533 559 2589 ponere
585 2518 727 2573 vobis
767 2518 963 2583 oneris,
994 2518 1221 2587 exceptis
1274 2517 1375 2583 liis,
1408 2517 1672 2570 abstinere
1698 2516 1762 2570 ab
1785 2515 1952 2569 idolo-

365 2611 545 2682 thytis,
577 2619 627 2664 et
689 2610 968 2681 sanguine,
1008 2617 1058 2663 et
1119 2609 1392 2679 suﬂ'ocato,
1438 2616 1485 2663 et
1529 2605 1949 2677 fornicatione".

364 2702 692 2773 Evangelica
713 2710 798 2755 est
825 2710 1031 2769 autem,
1048 2716 1171 2770 quas
1196 2700 1299 2755 etsi
1322 2715 1430 2755 non
1461 2699 1762 2755 secundum
1781 2699 1955 2770 legem

368 2802 489 2844 erat
520 2809 534 2844 :
560 2789 866 2857 Quicunque
888 2791 1078 2844 dixerit
1097 2790 1255 2862 fratri
1316 2805 1439 2856 suo,
1473 2788 1663 2852 Fatue,
1708 2805 1827 2843 reus
1857 2788 1957 2843 erit

356 2881 591 2953 judicio.
627 2881 688 2935 Et
712 2882 803 2953 qui
833 2881 1022 2935 viderit
1067 2880 1343 2934 mulierem
1394 2881 1464 2932 ad
1488 2878 1959 2947 concupiscendum

370 2990 514 3039 eam,
525 2975 645 3044 jam
670 2974 956 3028 mter/tatus
989 2982 1061 3028 est
1103 2989 1223 3027 eam
1283 2973 1338 3026 in
1367 2973 1520 3025 corde
1542 2986 1636 3024 suo
1660 2972 1703 3023 ⁸.
1741 2970 1799 3025 Si
1830 2966 1960 3040 ergo

371 3066 741 3131 sanato‘albo,
782 3074 838 3120 et
876 3063 1199 3135 poenitentia
1223 3073 1413 3118 curato
1461 3071 1709 3133 peccato,
1744 3061 1800 3116 in
1842 3062 1960 3117 loco

380 3156 604 3224 ulceris,
644 3156 700 3210 in
724 3155 945 3226 regione
993 3154 1253 3209 videlicet
1281 3153 1511 3224 peccati,
1563 3152 1719 3207 ulcus
1778 3152 1960 3206 album

372 3256 470 3301 aut
493 3247 720 3301 rubeum
763 3246 1033 3312 videatur,
1078 3252 1227 3299 secta
1253 3244 1500 3314 quaedam
1536 3242 1785 3314 praedicti
1835 3258 1963 3313 pcc-

372 3339 480 3393 citi
507 3338 832 3409 evangelici,
881 3338 997 3392 sive
1056 3337 1266 3409 legalis,
1305 3336 1449 3407 apud
1500 3345 1819 3406 peccantem
1876 3350 1965 3390 re-

374 3441 526 3502 perta
554 3431 737 3499 fuerit,
770 3430 1089 3487 necessarie
1116 3430 1183 3486 ad
1210 3428 1477 3501 judicium
1513 3429 1617 3484 hoc
1666 3428 1965 3485 sacerdotis

379 3523 553 3578 venit.

450 3612 552 3678 Qui
580 3614 627 3668 si
665 3614 854 3670 uiderit
888 3613 1059 3668 locum
1099 3612 1258 3685 lepra:
1283 3613 1616 3667 humiliorem
1642 3627 1802 3665 carne
1839 3610 1964 3666 reli-

381 3722 510 3774 qua.
546 3705 603 3761 Id
640 3714 744 3771 est,
785 3705 1134 3761 humiliorem
1181 3705 1381 3761 factam
1411 3720 1440 3759 a
1465 3704 1754 3775 semetipsa
1811 3718 1967 3759 men-

379 3806 492 3850 tem
533 3797 930 3866 manifesteque
947 3797 1191 3851 animum
1218 3804 1486 3851 mutatum
1540 3794 1610 3849 ad
1678 3794 1964 3861 malitiam,

379 3889 487 3943 hoc
506 3889 654 3943 enim
684 3898 768 3945 est
786 3891 930 3959 pilos
962 3889 1017 3943 in
1055 3889 1351 3944 candorem
1375 3887 1533 3952 verti,
1576 3886 1970 3943 contaminabit

378 3997 508 4037 eum
538 3982 814 4039 sacerdos.
849 3983 1031 4038 Semel
1077 3983 1224 4038 enim
1273 3982 1331 4037 in
1377 3981 1699 4037 habitudine
1755 3982 1968 4053 peccati

380 4074 565 4129 t'actus
594 4083 699 4142 est,-
725 4083 782 4131 et
818 4076 1014 4131 anima:
1043 4075 1185 4130 mala
1224 4073 1479 4144 ‘depastio
1507 4088 1607 4144 per
1631 4075 1786 4130 ulcus
1814 4075 1970 4132 incu-

381 4167 523 4235 buit,
576 4169 724 4224 unde
776 4169 985 4239 lepram
1036 4183 1105 4224 ex
1140 4168 1391 4233 vulnere,
1425 4175 1482 4222 et
1513 4165 1799 4224 ﬂorentem
1847 4184 1970 4224 eam

378 4260 695 4330 passionem
717 4261 996 4332 legislator
1019 4260 1332 4331 appellavit.

451 4350 670 4417 Quodsi
703 4351 845 4422 pilus
863 4352 1054 4407 coloris
1084 4362 1160 4408 est
1177 4354 1411 4423 pristini,
1458 4364 1507 4410 et
1538 4354 1761 4409 cicatrix
1781 4352 1971 4408 subob-

2036 509 2159 547 mur
2211 492 2476 562 exemplis
2501 492 2586 547 his
2612 493 2677 547 ad
2720 492 2973 547 subtilem
3007 491 3389 562 prmdictorum
3420 496 3621 565 proba-

2036 585 2264 639 tionem.
2303 584 2557 640 Peccavit
2587 584 2796 638 Pilatus
2851 584 2906 638 in
2952 585 3205 649 Domino,
3236 601 3457 642 causam
3510 604 3620 642 non

2037 675 2323 731 inveniens
2354 677 2408 731 in
2438 692 2504 731 eo
2534 676 2746 736 mortis,
2779 685 2834 730 ct
2861 684 3038 729 tamen
3060 676 3433 731 COlltlt‘lllllatlS
3460 693 3582 732 eum
3607 696 3621 732 :

2038 769 2130 823 sed
2165 769 2370 840 peccati
2412 769 2573 840 hujus
2600 770 2752 823 ulcus
2785 776 3034 823 sanatum
3086 777 3190 835 est,
3237 784 3362 823 cum
3429 786 3626 825 manus

2040 863 2281 927 lavisset,
2312 870 2368 917 et
2395 862 2627 917 dixisset
2659 877 2673 915 :
2710 860 2944 915 Mundus
2999 876 3091 932 ego
3142 877 3258 914 sum
3301 878 3332 914 a
3369 863 3627 934 sanguine

2032 955 2168 1025 justi
2196 954 2353 1024 hujus
2383 957 2446 1010 ίο.
2478 955 2583 1010 Sed
2608 972 2717 1009 non
2750 955 3138 1026 perseveravit,
3172 968 3297 1008 cum
3349 953 3629 1010 Christum

2042 1057 2229 1119 postea
2264 1046 2635 1118 flagellaverit.
2675 1048 2816 1119 Ergo
2848 1046 3113 1116 majorem
3141 1055 3267 1115 post
3295 1053 3351 1100 et
3389 1048 3632 1103 deteriod

2044 1154 2158 1193 rem
2190 1139 2500 1194 cicatricem
2531 1138 2722 1194 habuit
2749 1137 2979 1209 peccati.
3011 1137 3080 1191 Et
3116 1146 3262 1190 recte
3288 1152 3414 1191 eum
3446 1151 3632 1196 sacer-

2044 1233 2143 1284 dos
2180 1231 2594 1291 contaminavit,
2647 1231 2900 1286 Christus
2957 1229 3233 1294 videlicet,
3287 1233 3507 1297 quando
3565 1239 3636 1287 ad

2046 1335 2173 1373 cum
2239 1319 2372 1375 dixit
2406 1335 2419 1372 :
2468 1319 2755 1389 Propterea
2789 1319 2877 1390 qui
2921 1317 3141 1371 tradidit
3174 1329 3257 1368 me
3301 1317 3415 1385 tibi,
3457 1319 3635 1387 majus

2046 1420 2320 1481 peccatum
2342 1410 2496 1466 habet
2528 1412 2594 1463 ¹¹.
2661 1410 2797 1464 Nam
2836 1424 2961 1463 cum
3028 1411 3391 1466 crudeliorem
3437 1409 3636 1465 ludam

2047 1504 2272 1566 diceret,
2296 1519 2399 1558 nec
2426 1503 2575 1558 hunc
2599 1518 2627 1557 a
2666 1510 2887 1573 peccato
2912 1501 3132 1572 reliquit
3161 1504 3482 1558 immunem.
3500 1503 3636 1558 Pecs

2049 1597 2195 1651 cavit
2213 1605 2269 1651 et
2298 1595 2520 1661 Paulus,
2548 1594 2643 1650 sed
2673 1610 2796 1649 cum
2845 1594 2998 1649 ulcus
3031 1603 3280 1649 sanatum
3309 1593 3507 1650 luisset
3540 1605 3640 1664 per

2049 1687 2416 1752 vocationem,
2461 1685 2771 1740 cicatricem
2809 1684 3017 1754 peccati
3050 1684 3106 1738 in
3160 1691 3373 1738 tantum
3404 1685 3637 1750 sanavit,

1985 1767 2023 1819 Β
2053 1785 2113 1832 ut
2148 1778 2262 1848 ipse
2292 1793 2391 1848 per
2420 1784 2831 1847 persecutorem
2855 1776 3171 1846 appellaret,
3196 1778 3271 1832 ait
3293 1779 3439 1833 enim
3472 1793 3485 1829 :
3516 1761 3650 1832 Non.

2051 1888 2167 1924 sum
2201 1872 2388 1942 dignus
2410 1869 2670 1940 appellari
2705 1870 2992 1938 apostolus,
3032 1871 3156 1941 quia
3197 1881 3496 1936 persecutus
3520 1887 3640 1924 sum

2057 1960 2351 2014 Ecclesiam
2394 1960 2491 2014 Dei
2525 1961 2614 2013 "z
2676 1970 2731 2014 et
2798 1976 2905 2014 non
2960 1960 3093 2015 illud
3142 1970 3332 2031 postea
3372 1961 3639 2018 dilatavit.

2055 2052 2417 2118 Quamobrem
2450 2053 2640 2109 videns
2681 2053 2832 2107 illum
2880 2054 3135 2108 sacerdos
3167 2054 3429 2119 cmlestis,
3476 2069 3642 2108 mun-

2056 2146 2496 2216 dumjudicabit,
2528 2145 2749 2216 quando
2775 2146 2988 2200 Anania
3010 2146 3318 2209 dubitante,
3337 2156 3394 2202 et
3420 2147 3644 2202 nolente

2056 2238 2121 2293 ad
2163 2254 2287 2292 eum
2319 2239 2598 2305 accedere,
2645 2250 2705 2292 ut
2733 2238 2988 2293 videlicet
3018 2248 3421 2308 persecutorem
3477 2251 3643 2310 atque

2059 2331 2421 2394 immundum,
2454 2330 2671 2386 dicebat
2699 2348 2712 2383 :
2748 2329 2916 2395 Vade,
2963 2330 3089 2400 quia
3119 2345 3211 2389 vas
3242 2331 3525 2387 electionis
3546 2341 3639 2387 est

2058 2423 2216 2489 mihi,
2273 2431 2332 2477 ut
2375 2430 2555 2492 portet
2604 2439 2804 2477 nomen
2835 2437 3016 2477 meum
3048 2437 3230 2478 coram
3258 2423 3534 2495 gentibus,
3583 2426 3644 2479 et

2063 2517 2304 2587 regibus,
2335 2526 2391 2570 et
2415 2516 2541 2573 filiis
2571 2515 2755 2571 Israel.

2127 2611 2508 2667 “tused-28.
2546 2632 2565 2664 ‹
2610 2611 2749 2667 Caro
2771 2622 2827 2666 et
2851 2610 3015 2677 cutis,
3059 2625 3221 2681 quam
3270 2610 3413 2682 ignis
3469 2626 3639 2667 exusd

2061 2703 2213 2770 serit,
2231 2712 2512 2768 etsanata,
2545 2704 2724 2759 albam
2755 2705 2871 2758 sive
2895 2703 3071 2757 rufam
3122 2703 3376 2758 habuerit
3422 2702 3647 2759 cicatri-

2062 2810 2205 2859 cem,
2236 2795 2603 2850 considerabit
2626 2810 2748 2850 eam
2780 2795 3056 2849 sacerdos.
3081 2793 3149 2849 Et
3172 2809 3299 2849 ecce
3316 2793 3361 2848 si
3382 2809 3537 2849 versa
3562 2802 3650 2851 est

2064 2888 2119 2942 in
2146 2888 2477 2951 albedincm,
2507 2896 2562 2941 et
2586 2886 2737 2941 locus
2767 2886 2888 2956 ejus
2918 2886 3125 2953 reliqua
3186 2895 3311 2940 cute
3366 2886 3646 2953 humilior,

2065 2980 2461 3036 contaminabit
2489 2994 2636 3045 eum,
2654 2979 2779 3049 quia
2808 2979 2963 3049 plaga
2988 2978 3153 3049 lepra:
3178 2978 3233 3032 in
3255 2977 3511 3034 cicatrice
3527 2986 3652 3033 orta

2067 3078 2171 3126 est.
2203 3071 2360 3137 Quod
2382 3071 2427 3126 si
2453 3071 2686 3140 pilorum
2715 3071 2866 3126 color
2918 3086 3031 3124 non
3080 3069 3247 3125 fuerit
3307 3069 3646 3136 immutatus,

2064 3177 2167 3217 nec
2203 3161 2463 3216 humilior
2484 3162 2637 3232 plaga
2661 3174 2826 3215 carne
2861 3159 3090 3230 reliqua,
3118 3166 3177 3215 et
3201 3159 3319 3230 ipsa
3336 3159 3502 3229 lepras
3521 3164 3652 3229 spc-

2064 3251 2179 3306 cies
2209 3249 2375 3306 fuerit
2405 3251 2767 3322 subqbscura,
2800 3250 3047 3305 recludet
3098 3264 3224 3304 eum
3261 3256 3471 3319 septem
3532 3248 3653 3304 die-

2064 3345 2189 3408 bus,
2223 3352 2278 3399 et
2308 3345 2395 3400 die
2424 3345 2661 3414 septimo
2683 3343 3162 3414 contemplabitur.
3211 3343 3268 3397 Si
3331 3344 3566 3399 creverit
3594 3343 3652 3399 in

2066 3451 2191 3492 cute
2220 3437 2395 3506 lepra,
2447 3435 2849 3491 contaminabit
2882 3450 3058 3490 eum:
3107 3434 3153 3490 si
3206 3443 3388 3490 autem
3443 3434 3502 3489 in
3530 3435 3654 3490 loco

2067 3545 2168 3585 suo
2189 3528 2394 3584 candor
2428 3528 2646 3583 steterit
2679 3542 2792 3582 non
2849 3527 2982 3582 satis
3015 3528 3218 3593 clarus,
3245 3526 3400 3597 plaga
3428 3527 3655 3581 combua

2068 3621 2265 3675 stionis
2289 3627 2392 3686 est,
2425 3628 2481 3674 et
2512 3619 2720 3676 idcirco
2754 3619 3132 3683 mandabitur,
3169 3618 3296 3687 quia
3317 3617 3544 3673 cicatrix
3568 3626 3655 3673 est

2069 3712 2456 3767 combustum.
2490 3728 2509 3762 ι

2136 3803 2471 3869 Quibusdam
2498 3801 2772 3872 legislator
2788 3805 2857 3855 de
2879 3800 3086 3855 eisdem
3109 3796 3325 3854 videtur
3347 3798 3517 3869 loqui,
3556 3797 3653 3854 sed

2069 3911 2178 3951 non
2219 3896 2292 3949 ita
2339 3902 2423 3949 est
2457 3911 2470 3946 :
2505 3909 2631 3948 nam
2668 3892 2968 3948 secundum
3007 3893 3208 3962 aliquid
3254 3892 3443 3947 eadem
3478 3892 3640 3948 dicit:

2070 3985 2371 4041 secundum
2415 3991 2597 4037 autem
2641 3980 2866 4051 aliquid,
2907 3980 3109 4041 dill‘ert,
3160 3995 3283 4035 cum
3341 3979 3653 4049 passionem

2069 4079 2269 4150 quippe
2322 4084 2595 4148 proponat
2635 4075 2884 4140 alteram,
2927 4072 3175 4129 eamdem
3221 4082 3400 4128 tamen
3440 4073 3655 4144 passio-

2068 4172 2158 4229 nis
2206 4168 2482 4225 subinfert
2515 4165 2986 4238 dijudicationem.
3043 4165 3310 4235 Superius
3355 4174 3537 4220 autem
3584 4164 3655 4221 de

2073 4262 2253 4334 aliquo
2276 4263 2463 4318 ulcere
2487 4259 2817 4316 obveniente
2845 4258 3061 4314 locutus
3096 4266 3202 4323 est,
3229 4257 3372 4326 quod
3403 4272 3470 4312 ex
3494 4257 3648 4328 aegri-

2073 4354 2261 4410 tudine
2307 4352 2556 4424 corporis
2599 4360 2895 4424 generatur
2944 4358 3000 4405 et
3049 4349 3298 4422 proficit;
3356 4351 3474 4406 haec
3505 4350 3655 4405 enim

308 4526 311 4527 γ
379 4456 559 4496 scura.
592 4443 653 4497 1d
672 4451 776 4510 est,
810 4443 1131 4513 pienitentis
1161 4444 1331 4500 visus.
1369 4444 1459 4501 Sic
1490 4446 1684 4501 diebus
1748 4452 1960 4514 septem
1997 4446 2041 4503 D
2069 4447 2205 4502 solet
2249 4443 2530 4516 Scriptura
2571 4459 2726 4500 sacra
2780 4442 2963 4499 ulcera
3005 4443 3300 4513 appellare.
3351 4440 3484 4508 Quae
3526 4456 3657 4497 vero

380 4548 512 4590 eum
543 4536 754 4594 recludi
770 4536 1032 4606 praecepit
1064 4554 1078 4592 :
1112 4553 1213 4608 pro
1239 4553 1308 4593 eo
1332 4539 1479 4608 quod
1508 4538 1736 4594 omnino
1773 4536 1833 4590 in
1870 4535 1965 4591 tali

382 4627 700 4697 suspicione
741 4629 977 4695 venerit,
1007 4637 1221 4700 tempus
1245 4629 1477 4685 deﬁnire
1525 4628 1825 4700 suspicioni
1866 4643 1964 4683 vo-

382 4717 506 4772 luit.
539 4718 601 4772 Et
630 4718 897 4789 siquidem
922 4719 1177 4784 creverit,
1212 4726 1270 4785 et
1322 4720 1462 4775 mala
1503 4720 1752 4792 gloriatio
1775 4720 1965 4779 multi-

382 4810 586 4879 plicata
628 4807 819 4876 fuerit,
864 4808 1196 4879 adjudicabit
1215 4825 1340 4864 eum
1398 4811 1584 4880 lepraa.
1610 4809 1752 4866 Dicit
1780 4819 1963 4866 autem

382 4898 591 4968 lepram
623 4898 822 4952 animae
846 4898 1271 4966 immunditiam,
1305 4914 1428 4968 qua:
1449 4899 1641 4967 crevit,
1668 4899 1783 4956 sive
1811 4899 1965 4955 elllo-

380 4989 498 5044 ruit
530 4988 931 5059 posterioribus
966 4989 1277 5045 actionibus
1331 4990 1713 5061 multiplicata.
1760 4991 1818 5047 Si
1871 5008 1970 5046 au-

380 5090 498 5136 tem
559 5095 670 5134 non
718 5089 804 5135 est
831 5080 1214 5149 multiplicata,
1238 5080 1334 5135 sed
1362 5081 1578 5136 steterit
1606 5082 1662 5136 in
1688 5081 1810 5138 loco
1848 5096 1967 5149 suo,

379 5173 523 5228 nihil
551 5173 699 5228 enim
725 5173 959 5242 amplius
990 5171 1046 5227 in
1075 5172 1182 5227 hoc
1216 5186 1471 5242 peccasse
1517 5172 1816 5238 invenitur,
1863 5173 1971 5228 nisi

382 5266 560 5321 solum
592 5266 696 5320 hoc
736 5273 1047 5336 peccatum,
1083 5264 1228 5334 quod
1253 5279 1446 5319 omnes
1477 5273 1870 5334 cognoverunt,
1903 5264 1972 5320 de

382 5360 567 5424 quoet
592 5358 704 5428 egit
729 5355 1111 5426 paenitentiam
1155 5373 1170 5409 :
1217 5355 1482 5410 mundum
1509 5354 1660 5410 illum
1712 5356 1968 5412 sacerdos

380 5446 612 5518 iudicat.
666 5448 906 5505 Cicatrix
955 5450 1104 5505 enim
1135 5448 1381 5503 vulneris
1420 5448 1549 5518 quia
1605 5464 1803 5519 passus
1854 5458 1965 5516 est,

461 5638 489 5711 ’ί
508 5639 668 5696 Cant.
710 5654 773 5706 v,
827 5644 911 5699 10.
1015 5643 1037 5676 ⁸
1067 5645 1188 5700 Act.
1231 5663 1334 5711 xv,
1368 5636 1460 5708 28,
1505 5642 1597 5699 29.

392 5708 439 5746 “
469 5710 639 5766 ICor.
672 5728 762 5777 κν,
793 5715 846 5768 9.
926 5713 968 5745 ¹³
998 5713 1127 5769 Luc.
1156 5732 1265 5782 xvi,
1290 5708 1380 5770 2⁷1.
1463 5715 1505 5746 ¹⁸
1535 5714 1669 5769 Luc.
1702 5731 1755 5781 x,
1793 5717 1886 5770 30.

1707 5644 1727 5676 ⁹
1758 5643 1949 5700 Matth.
1981 5663 2015 5702 v
2039 5686 2053 5713 ,
2099 5644 2170 5701 ἓξ
2194 5687 2210 5714 ,
2248 5645 2341 5707 28.

2071 4547 2201 4593 sunt
2229 4538 2298 4594 de
2316 4536 2481 4603 ferro,
2506 4544 2601 4591 aut
2621 4534 2912 4605 lapidibus,
2961 4543 3057 4588 aut
3087 4533 3193 4588 alia
3228 4533 3407 4604 aliqua
3430 4541 3658 4604 percus-

2071 4630 2244 4696 sione,
2274 4630 2457 4700 plagas
2486 4635 2643 4683 vocat
2676 4634 2732 4682 et
2756 4625 3000 4680 vulnera.
3041 4624 3269 4695 Propter
3288 4624 3434 4703 quod
3458 4625 3527 4680 de
3554 4623 3660 4679 Lac

2073 4737 2199 4777 zaro
2225 4720 2397 4790 inquit
2431 4735 2446 4773 :
2489 4718 2626 4784 Quia
2667 4733 2823 4772 canes
2869 4717 3128 4772 venientes
3170 4715 3434 4787 lingebant
3482 4716 3659 4772 ulcera

2070 4813 2185 4883 ejus
2204 4813 2269 4867 ¹³.
2299 4812 2509 4867 Munda:
2538 4810 2741 4880 quippe
2772 4808 2975 4875 carnis,
3005 4808 3149 4864 fame
3197 4809 3498 4878 morboque
3534 4822 3659 4864 cor-

2072 4913 2235 4974 rupta
2261 4913 2419 4959 erant
2446 4903 2536 4957 illa
2559 4901 2806 4956 vulnera.
2842 4899 2918 4956 De
2942 4915 3009 4956 eo
3038 4908 3219 4955 autem
3246 4900 3340 4970 qui
3373 4899 3660 4955 descendit

2073 4996 2131 5051 in
2158 4995 2379 5051 .Iericho
2404 5003 2462 5053 et
2488 4994 2683 5050 incidit
2710 4993 2764 5047 in
2792 4994 3053 5063 latrones,
3080 4992 3299 5062 Plagas,
3330 4991 3526 5061 inquit,
3551 4989 3663 5043 im-

2073 5101 2320 5160 ponentes
2366 5087 2439 5151 ei,
2484 5094 2806 5143 recesserunt
2832 5084 2911 5140 "z
2957 5083 3159 5139 deinde
3196 5091 3320 5153 post
3353 5078 3656 5151 paululum,

2074 5179 2261 5248 plagas
2304 5179 2458 5243 istas,
2511 5178 2653 5233 sicut
2690 5177 2938 5242 vulnera,
2978 5174 3199 5245 alligare
3256 5169 3659 5227 Samaritanum

2075 5269 2368 5338 precepit;
2398 5268 2743 5324 manifestam
2780 5266 3158 5339 ,diﬂ‘erentiam
3209 5261 3426 5327 ulceris,
3448 5267 3504 5315 et
3536 5259 3660 5315 vul-

2077 5360 2247 5424 neris,
2271 5369 2366 5415 aut
2394 5360 2584 5431 plagae,
2622 5359 2740 5429 ipse
2764 5375 2865 5430 per
2895 5357 3210 5428 Scripturas
3249 5352 3487 5424 Spiritus
3519 5351 3661 5408 divi-

2077 5466 2182 5506 nus
2191 5453 2447 5507 ostendit.
2466 5451 2607 5518 Quid
2627 5467 2758 5523 ergo
2784 5465 2911 5507 vere
2924 5449 3079 5505 ulcus
3093 5455 3175 5504 est
3197 5445 3456 5518 neglecta
3477 5441 3662 5500 carnis

2449 5646 2493 5679 ¹⁰
2520 5644 2715 5701 Matth.
2756 5648 2922 5712 xxv'n,
2959 5643 3051 5698 24.
3160 5642 3201 5675 ¹¹
3227 5639 3386 5697 Joan.
3417 5651 3532 5707 xIx,
3568 5634 3657 5693 ﬂ.
