4030 6240
423 305 530 369 943

1613 297 1661 355 Π
1676 296 1851 354 ESYC
1865 295 1913 353 ll
1926 295 1984 351 ll
2030 291 2497 354 PRESBYTERI

3600 297 3745 363 916

425 428 642 485 nostrae,
660 417 767 473 nisi
791 429 1075 486 corporum
1127 414 1395 482 voluptas,
1449 419 1502 464 et
1525 408 1758 462 ebrietas
1828 415 1882 460 et
1907 422 2009 472 γα·
2039 413 2081 469 Α
2112 406 2455 471 necessaria,
2499 416 2555 460 et
2606 407 2722 463 sine
2773 411 2970 480 quibus
3001 426 3110 464 non
3142 416 3350 478 potest,
3408 407 3558 462 sicut
3602 424 3740 463 nec

425 507 821 582 στριμαργεαῗ
879 504 1007 560 llaec
1068 515 1249 558 autem
1306 501 1613 556 luxuriante
1668 512 1895 566 corpore
1950 504 2003 550 et

421 611 477 660 in
507 605 802 673 semetipso
839 601 1122 657 exsiliente
1178 599 1528 670 proveniunt.
1582 595 1724 666 Ignis
1796 599 2001 655 autem,

423 697 596 767 major
622 694 843 758 invidia,
883 692 1026 763 ignis
1056 693 1233 745 latens
1261 699 1316 745 et
1360 700 1695 743 consumens
1743 681 2003 753 paulatim

424 791 719 845 habentem
746 802 826 851 se,
880 792 1107 855 propter
1128 782 1271 851 quod
1297 781 1460 835 Isaias
1503 778 1579 832 ait
1610 794 1622 829 :
1667 796 1685 828 ‹
1717 774 1873 830 Zelus
1907 788 2005 841 ap-

420 881 698 952 prehendat
721 876 970 947 populum
1026 874 1374 935 ineruditum,
1399 881 1446 924 et
1474 885 1612 923 nunc
1644 867 1780 937 ignis
1821 870 2005 917 adver-

420 975 594 1028 sarios
620 978 886 1026 consumet
914 968 1002 1020 “".
1028 986 1047 1020 ι
1078 964 1267 1020 Zelum
1299 961 1674 1033 imperitorum
1711 957 1842 1013 dixit
1868 955 2005 1009 invi-

419 1068 564 1121 diam
614 1066 902 1127 zelantem,
942 1061 1055 1117 nan
1086 1067 1144 1114 ut
1184 1057 1469 1113 imitentur
1511 1054 1765 1117 virtutes,
1793 1049 1888 1105 sed
1948 1057 2006 1103 ut

421 1160 538 1212 illas
582 1155 902 1226 impediant,
952 1159 1378 1222 operantemun
1429 1145 1721 1217 perimant.
1773 1141 1828 1195 Si
1876 1156 2005 1210 ergo

421 1243 728 1300 combustio
767 1241 927 1297 alicui
962 1239 1194 1302 homini,
1226 1237 1477 1293 videlicet
1497 1232 1793 1305 peccaturi,
1827 1246 1893 1285 ex
1924 1231 2006 1283 in-

419 1336 563 1391 vidia
590 1335 896 1405 contigerit,
917 1342 973 1388 et
999 1340 1221 1387 sanatus
1238 1328 1406 1384 fuerit
1423 1325 1762 1399 pmnitentia,
1796 1330 2007 1378 scruta-

423 1435 510 1480 tur
534 1426 871 1487 cicatricem,
897 1439 970 1478 nc
991 1422 1133 1476 forte
1160 1429 1283 1490 post
1313 1417 1692 1490 paenitentiam
1720 1415 1776 1469 in
1798 1413 1997 1484 passio-

421 1533 548 1573 nem
582 1517 810 1572 recidat.
836 1517 904 1571 Et
947 1514 992 1570 si
1016 1528 1297 1569 reversum
1346 1509 1638 1574 invenerit,
1669 1506 2007 1587 contamina-

417 1610 501 1664 bit
541 1625 689 1674 eum,
738 1607 1082 1663 immundum
1127 1616 1276 1660 recte
1324 1603 1599 1675 judicans.
1643 1600 1805 1655 Terra
1834 1597 2002 1661 enim,

418 1717 557 1768 ηερε
584 1703 869 1755 venientem
894 1715 1051 1768 super
1079 1715 1135 1752 se
1159 1698 1333 1752 bibens
1364 1695 1603 1759 imbrem,
1642 1701 1690 1747 et
1733 1692 2007 1762 proferens

417 1790 632 1844 herbam
660 1798 1009 1859 opportunam
1036 1787 1141 1842 illis
1183 1803 1215 1840 a
1246 1786 1431 1857 quibus
1454 1783 1668 1850 colitur,
1695 1780 2009 1836 benedictio-

418 1899 534 1937 nem
562 1883 783 1953 accipiet
834 1881 1159 1946 aDomino;
1208 1878 1479 1947 proferens
1539 1891 1660 1930 vero
1710 1875 1895 1944 spinas
1945 1888 2007 1924 ac

419 1972 637 2027 tribulos
697 1975 918 2042 reprobo
941 1980 1040 2036 est,
1071 1980 1119 2025 et
1150 1968 1430 2023 maledicto
1461 1967 1725 2037 proxima,
1751 1965 1899 2031 cuius
1940 1963 2007 2032 ﬁ-

418 2066 499 2119 nis
523 2067 580 2118 in
609 2064 982 2129 combustione,
1013 2062 1151 2116 Sicut
1173 2060 1371 2115 Paulus
1397 2059 1474 2113 ait
1501 2058 1568 2115 ¹⁸.
1601 2057 1662 2112 Si
1682 2064 1862 2111 autem
1893 2070 2002 2109 non

418 2160 639 2212 iuventa
664 2156 826 2211 fuerit
848 2155 1057 2210 redisse
1097 2154 1167 2209 ad
1202 2153 1545 2222 iniquitatem
1576 2165 1731 2206 suam
1776 2148 2001 2212 invidia,

417 2264 520 2304 nec
549 2265 614 2303 ex
653 2246 973 2317 operatione
1007 2244 1318 2315 posteriori,
1354 2242 1614 2298 diffusum
1653 2239 1823 2312 pt'tori
1872 2255 2002 2310 pec-

416 2351 537 2395 catu
577 2342 751 2395 latens
796 2340 951 2394 ulcus
992 2338 1264 2400 habuerit,
1309 2322 1576 2391 mundum
1634 2334 1787 2389 illum
1824 2348 2005 2388 sacer-

416 2435 514 2487 dos
537 2433 768 2502 jullieat.
798 2441 989 2501 utpote
1019 2431 1113 2501 qui
1159 2430 1330 2487 semel
1362 2444 1460 2500 per
1497 2429 1881 2499 pmnitentiam
1921 2436 2005 2481 cst

418 2521 731 2576 unmdatus.
765 2521 1034 2575 Discernit
1059 2528 1265 2583 autem,
1294 2528 1349 2573 et
1387 2517 1560 2588 pilum
1605 2515 1919 2579 intendens,
1958 2512 2003 2567 si

420 2611 646 2665 mmabit
686 2611 743 2663 in
779 2610 987 2673 album,
1017 2617 1073 2663 et
1103 2608 1147 2663 si
1184 2607 1442 2662 humilior
1486 2615 1573 2661 est
1603 2621 1635 2659 a
1658 2614 1785 2660 cute
1827 2604 2001 2659 locus.

416 2706 546 2769 Qu-
581 2702 766 2756 omnia
811 2700 1128 2770 plenissime
1158 2699 1213 2752 in
1248 2697 1625 2769 superioribus
1661 2695 2003 2767 interpretati

420 2811 631 2858 smnus,
666 2794 787 2847 ideo
814 2791 959 2846 enim
996 2791 1081 2846 his
1101 2790 1340 2846 brevitas
1363 2789 1673 2845 adhibenda
1699 2799 1805 2855 est,
1836 2795 1898 2841 ut
1935 2786 2004 2841 ad

427 2890 606 2938 l'utura
646 2898 951 2939 curramus.

467 2979 652 3032 dicas.
680 2977 893 3033 29.454.
932 2995 950 3028 ‹
982 2972 1096 3038 Vir,
1130 2974 1248 3030 sive
1278 2973 1492 3038 mulier,
1525 2972 1581 3026 in
1618 2971 1777 3042 cujus
1825 2967 2005 3038 capite

2108 495 2224 549 sine
2249 496 2424 566 capite
2454 497 2639 568 homo,
2666 502 2992 557 subsistere.
3011 500 3241 571 Propter
3262 500 3411 570 quod
3443 502 3500 556 et
3524 500 3736 555 Davis!

2107 589 2466 645 fraternitatis
2490 607 2755 658 amorem,
2789 610 3065 648 summum
3098 593 3345 647 omnium
3399 594 3731 649 mandato-

2108 695 2226 733 rum
2262 682 2448 736 volens
2475 685 2788 746 ostendere,
2828 682 3111 756 unguento
3135 684 3303 749 hunc,
3343 698 3376 738 a
3409 685 3594 755 capite
3650 685 3729 738 in

2106 771 2301 827 barbas
2324 774 2696 841 descendenti,
2722 776 3060 845 comparavit
3086 775 3202 830 :sic
3224 777 3372 831 enim
3400 776 3480 829 ait
3509 794 3524 829 :
3563 773 3731 828 Ecce

2106 878 2266 932 quam
2316 865 2508 919 bonum
2566 878 2615 919 et
2649 884 2807 938 quam
2855 868 3152 937 jucundum
3202 868 3446 920 habitare
3503 868 3729 937 fratres

2106 955 2161 1006 in
2189 968 2379 1009 unum.
2417 954 2565 1010 Sicut
2599 968 2918 1028 unguentum
2957 958 3013 1012 in
3051 958 3243 1028 capite,
3287 959 3426 1028 quod
3475 958 3725 1010 descen-

2106 1048 2183 1101 dit
2212 1050 2266 1102 in
2286 1048 2533 1114 barbam,
2558 1050 2773 1103 barbam
2796 1050 3057 1104 Aaron“.
3091 1048 3322 1114 Quando
3351 1065 3482 1120 ergo
3507 1064 3728 1103 errare

2107 1142 2362 1209 cuiquam
2404 1140 2458 1194 in
2491 1141 2778 1196 divinitate
2825 1140 3113 1212 contingit,
3137 1140 3403 1195 maculam
3422 1141 3594 1210 lepra
3642 1141 3723 1194 in

2108 1233 2271 1287 barba
2333 1241 2389 1287 et
2417 1234 2469 1287 in
2505 1233 2683 1302 capite
2711 1233 2895 1298 habet,
2928 1231 3075 1287 hunc
3113 1232 3373 1287 sacerdos
3414 1231 3716 1302 inspiciat,

2106 1332 2160 1378 et
2194 1324 2237 1378 si
2269 1323 2470 1379 viderit
2521 1325 2866 1379 humiliorem
2906 1324 3086 1379 locum
3143 1338 3312 1378 carne
3353 1322 3591 1392 reliqua,
3639 1333 3715 1376 et

2109 1416 2443 1471 miseriorem
2484 1418 2967 1487 praesumptionem
3001 1432 3070 1471 ex
3095 1414 3436 1487 blasphemia
3466 1415 3715 1470 factam.

2108 1506 2393 1572 Quomodo
2418 1518 2601 1563 autem
2630 1508 2737 1563 hoc
2759 1509 2850 1573 sit,
2886 1508 2940 1563 id
2966 1517 3051 1562 est
3076 1528 3089 1562 :

2179 1599 2241 1655 Si
2266 1601 2405 1671 pilus
2452 1603 2644 1672 ﬂavus,
2680 1600 2936 1670 solitoque
2972 1599 3216 1654 subtilior
3256 1598 3435 1670 fuerit.
3479 1596 3534 1650 1d
3588 1605 3710 1661 est,

2109 1692 2208 1746 etsi
2234 1708 2343 1748 non
2369 1693 2553 1758 nimis,
2574 1694 2640 1747 ad
2667 1693 2938 1747 modicum
2967 1701 3145 1747 tamen
3181 1691 3426 1745 animum
3450 1690 3516 1745 ad
3549 1691 3717 1745 blas-

2111 1784 2382 1854 phemiam
2413 1778 2671 1839 intendit.
2717 1783 2830 1838 lloc
2856 1784 3002 1837 enim
3053 1783 3307 1837 subtilem
3347 1797 3470 1836 esse
3494 1782 3709 1852 pilum,

2108 1886 2163 1932 et
2189 1891 2364 1946 neque
2392 1876 2662 1941 elﬂorerc,
2689 1876 2784 1932 sed
2811 1875 3104 1930 ﬂavescere
3130 1875 3394 1929 ostendit.

2177 1968 2571 2023 Contaminabit
2601 1985 2685 2022 eos
2711 1969 2980 2025 sacerdos.
3000 1966 3229 2033 Quare?
3257 1965 3394 2030 Quia
3424 1970 3572 2036 lepra
3605 1984 3711 2020 ca-

2106 2060 2249 2127 pitis,
2285 2076 2349 2112 ac
2379 2059 2554 2112 barba:
2573 2068 2668 2112 est.
2708 2057 2805 2112 Vel
2835 2059 2975 2114 sicut
2999 2055 3140 2111 LXX
3165 2056 3357 2122 edunt,
3382 2061 3574 2111 uulnus
3598 2074 3706 2112 est.

2112 2149 2441 2204 Vulneratus
2468 2151 2614 2204 enim
2655 2164 2685 2203 a
2735 2149 2951 2203 diabolo
2993 2157 3049 2203 ct
3094 2147 3336 2212 collisus,
3364 2147 3431 2201 ad
3483 2158 3708 2202 tantam

2107 2243 2359 2312 pervenit
2381 2242 2737 2312 impietatem,
2762 2240 2889 2307 quia
2919 2254 3064 2309 saepe
3085 2239 3354 2309 contingit
3376 2239 3706 2308 quempiam

2107 2340 2294 2385 contra
2324 2332 2658 2386 voluntatem
2680 2345 2833 2385 suam
2865 2331 3013 2399 loqui
3042 2330 3229 2401 impia.

2175 2423 2234 2477 Si
2262 2424 2445 2477 viderit
2471 2423 2639 2476 locum
2668 2423 2891 2477 macula:
2916 2426 3173 2492 aequalem
3215 2425 3402 2477 vicina
3432 2425 3608 2490 carni,
3647 2434 3707 2478 et

2106 2515 2354 2585 capillum
2386 2518 2614 2587 nigrum.
2639 2516 2711 2571 Ut
2742 2531 2853 2570 non
2881 2516 3145 2571 exuberet
3165 2516 3290 2582 hoc,
3323 2517 3465 2587 quod
3490 2533 3556 2571 ex
3586 2518 3705 2572 dia-

2104 2609 2280 2664 bolica
2309 2611 2624 2680 operatione
2651 2610 2849 2664 animae
2875 2619 2957 2664 est
2977 2610 3172 2665 vulnus
3198 2608 3481 2676 inﬂictum,
3511 2610 3564 2663 id
3587 2618 3702 2675 est,

2104 2701 2357 2770 impietas
2380 2702 2716 2771 dogmatum.

2176 2791 2426 2847 Recludet
2455 2810 2540 2847 eos
2558 2802 2751 2862 septem
2784 2796 2895 2849 dies
2918 2796 3183 2848 sacerdos.
3210 2791 3331 2848 Non
3377 2809 3477 2864 pro
3526 2809 3702 2864 parua

2106 2891 2339 2951 tantum,
2368 2895 2630 2954 quantum
2660 2887 2921 2941 districtae
2955 2885 3296 2963 probationis
3319 2901 3504 2948 causa,
3553 2895 3701 2940 tem-

2103 2992 2206 3046 pus
2244 2977 2390 3030 enim
2409 2977 2663 3031 omnibus
2688 2978 2928 3048 quidem,
2959 2978 3260 3033 districtius
3291 2987 3467 3032 tamen
3502 2977 3554 3030 in
3587 2976 3697 3041 his,

418 3068 503 3120 "‘3'
531 3067 697 3121 barba
749 3065 1067 3136 ἓθτηιίηπίι
1098 3065 1269 3135 lepra.
1319 3063 1523 3119 Videbit
1573 3075 1670 3117 60$
1713 3059 1997 3115 sacerdos:
2029 3095 2072 3151 ε
2105 3086 2335 3141 quorum
2372 3068 2556 3140 lingua
2591 3070 2734 3125 circa
2777 3070 3118 3126 divinitatem
3144 3080 3322 3135 vacat,
3369 3070 3699 3125 intuendum

419 3168 474 3211 vt
501 3157 545 3211 si
573 3156 794 3226 quidem
826 3156 1088 3211 humilior
1119 3155 1287 3210 fuerit
1337 3156 1492 3210 locus
1523 3168 1688 3209 carne
1714 3151 1924 3221 reliqua
1949 3157 2004 3203 et

420 3248 647 3317 capillus
666 3247 858 3310 ﬂavus,
881 3247 1152 3317 solitoque
1171 3246 1441 3311 subtilior,
1462 3242 1858 3300 contamiuabit
1884 3254 2000 3302 eos,

419 3341 541 3410 quia
571 3340 722 3410 lepra
771 3339 965 3410 capitis
996 3355 1062 3395 ac
1107 3339 1290 3394 barba:
1329 3346 1433 3392 est.
1470 3336 1526 3390 Si
1562 3344 1747 3392 autem
1803 3331 2005 3388 viderit

420 3435 596 3487 locum
642 3433 867 3486 macula:
899 3431 1162 3500 zetjualcm
1207 3430 1399 3486 vicime
1447 3430 1622 3494 carni,
1662 3435 1719 3484 et
1746 3425 2002 3497 capillum

422 3524 656 3596 nigrum,
686 3523 930 3578 recludet
967 3531 1175 3592 septem
1207 3523 1418 3583 diebus,
1457 3531 1514 3576 et
1535 3521 1623 3575 die
1650 3519 1882 3589 septima
1921 3518 2004 3570 in-

422 3617 680 3670 tueuitur.
725 3615 777 3668 Si
814 3629 925 3667 non
980 3613 1216 3669 creverit
1255 3611 1488 3676 macula,
1538 3620 1595 3664 et
1644 3609 1873 3680 capillus
1918 3607 2002 3662 sui

418 3707 616 3762 colori-3
649 3717 752 3773 cst,
779 3717 835 3762 et
881 3707 1034 3761 locus
1084 3705 1254 3777 plagae
1284 3703 1436 3760 carni
1486 3703 1710 3773 reliquae
1756 3699 2002 3770 aequalis,

420 3799 639 3854 radetnr
703 3801 867 3855 homo
926 3800 1132 3869 absque
1189 3799 1312 3855 loco
1374 3797 1637 3863 maculae,
1697 3794 2005 3851 includetur

418 3900 625 3960 septem
648 3892 840 3947 dit‘illlS
862 3892 1000 3946 aliis.
1031 3893 1087 3946 Si
1114 3891 1182 3947 de
1203 3890 1437 3960 septimo
1462 3888 1575 3943 visa
1597 3886 1762 3941 fuerit
1788 3885 2005 3940 stetisse

418 3985 570 4052 plaga
626 3982 678 4035 iu
728 3982 848 4037 loco
904 3998 1044 4046 suo,
1096 3997 1201 4037 nec
1240 3980 1502 4034 humilior
1552 3992 1720 4034 carne
1770 3975 1991 4046 reliqua,

420 4075 704 4129 mundabit
725 4090 875 4137 eum,
906 4075 1144 4144 latisque
1176 4074 1438 4138 vestibus,
1475 4071 1718 4126 mundus
1749 4070 1876 4124 erit.
1905 4087 1924 4118 ›

488 4163 604 4219 Non
636 4166 703 4219 de
736 4166 1071 4234 quibuslibet
1092 4164 1203 4228 hic,
1234 4163 1332 4218 sed
1358 4162 1686 4219 necessariis
1717 4161 1824 4215 hoc
1847 4175 2003 4214 man-

417 4258 603 4312 datum
649 4257 733 4310 lex
788 4257 957 4312 dedit.
994 4256 1182 4326 Neque
1229 4255 1379 4310 enim
1422 4255 1491 4310 de
1531 4255 1660 4309 solis
1699 4252 2002 4309 actionibus

415 4351 488 4413 ei,
520 4351 615 4406 sed
645 4351 789 4406 etde
824 4349 1023 4404 futuris
1051 4348 1253 4405 divinis
1295 4347 1640 4418 dogmatibus
1672 4345 1998 4418 pertinebat.

2104 3170 2206 3216 est.
2258 3161 2464 3216 Deinde
2516 3162 2788 3233 quomodo
2839 3172 2968 3232 post
3013 3163 3378 3218 reclusionem
3434 3162 3703 3233 iudicat?

2102 3253 2436 3308 Admiranda
2457 3264 2541 3309 est
2567 3253 2854 3321 districtio,
2898 3271 3062 3324 quam
3088 3267 3279 3312 contra
3327 3271 3423 3311 eos
3452 3256 3543 3323 qui
3590 3257 3699 3309 im-

2103 3343 2190 3414 pie
2228 3344 2283 3397 in
2334 3345 2680 3415 dogmatibus
2733 3354 2920 3414 agunt,
2975 3356 3176 3401 servat.
3215 3346 3272 3401 Si
3302 3362 3410 3400 non
3459 3352 3699 3402 creverit

2104 3436 2335 3503 macula,
2355 3435 2610 3492 videlicet
2632 3436 2906 3506 impietas,
2927 3447 2983 3492 et
3009 3439 3239 3508 capillus
3265 3440 3348 3493 sui
3366 3440 3564 3495 coloris
3586 3452 3689 3505 est,

2102 3528 2156 3583 id
2191 3538 2295 3594 est,
2326 3544 2430 3584 nec
2447 3530 2677 3599 capillus
2707 3530 2880 3585 ﬂavus
2904 3530 2958 3584 in
2983 3545 3048 3586 ea
3074 3540 3180 3598 est,
3210 3547 3336 3587 cum
3364 3547 3474 3586 non
3519 3534 3694 3603 possit

2103 3620 2358 3691 cogitatio
2423 3628 2650 3691 propter
2706 3621 3132 3692 negotiationem
3188 3622 3463 3692 c0gnosci,
3510 3630 3692 3676 utrum

2104 3720 2317 3782 sponte,
2345 3723 2439 3766 aut
2467 3712 2670 3767 invitus
2694 3713 2861 3782 impie
2882 3714 3077 3785 egerit,
3111 3722 3242 3768 tunc
3260 3714 3418 3784 jubet
3450 3714 3562 3767 radi
3589 3712 3693 3767 ho-

2104 3802 2305 3857 minem
2333 3803 2542 3872 absque
2569 3803 2689 3859 loco
2719 3804 2966 3859 maculaa.
2998 3804 3201 3875 Aperte
3229 3819 3360 3876 ergo
3407 3804 3531 3859 talia
3569 3804 3688 3858 radi

2103 3894 2573 3966 praecepitverba,
2598 3904 2654 3950 et
2685 3895 2959 3966 castigari,
2984 3895 3030 3950 si
3078 3895 3266 3950 forsan
3293 3912 3359 3950 ex
3396 3895 3478 3950 eis
3537 3911 3688 3950 com-

2104 3986 2367 4055 prehendi
2392 3985 2589 4057 possit,
2621 3994 2803 4041 utrum
2830 4001 2929 4056 per
2957 3986 3368 4054 subreptiouem
3394 3986 3534 4040 sicut
3557 4000 3687 4041 eve-

2103 4078 2222 4133 nire
2253 4078 2569 4148 frequenter
2618 4079 2776 4144 solet,
2820 4093 2891 4132 an
2937 4078 3205 4132 malevole
3236 4078 3305 4132 de
3343 4077 3456 4132 Deo
3517 4076 3683 4145 impia

2103 4166 2171 4221 sit
2202 4167 2438 4224 locutus.
2471 4167 2683 4223 Vulnus
2709 4176 2891 4223 autem
2934 4168 3218 4237 antiquum
3267 4182 3381 4221 non
3426 4167 3688 4237 prmeepit

2104 4256 2242 4323 radi,
2277 4257 2403 4327 quia
2425 4259 2652 4312 verbum
2705 4260 2765 4310 ln
2792 4270 2901 4326 quo
2938 4255 3294 4325 delinquitur,
3333 4256 3552 4325 quando
3599 4271 3688 4310 se-

2105 4349 2210 4403 mel
2235 4349 2325 4418 qui
2349 4350 2590 4419 peccavit
2618 4349 2920 4421 negaverit,
2951 4348 3238 4416 dijudicari
3259 4349 3372 4419 jam
3398 4363 3504 4403 non
3525 4363 3687 4418 opora

415 4444 651 4499 Omnino
696 4458 826 4515 ergo
862 4448 1241 4513 competenter
1286 4440 1558 4511 loquitur,
1601 4440 1839 4511 primum
1876 4437 2000 4507 qui-
2030 4452 2078 4510 ι)
2106 4452 2200 4497 tet.
2228 4444 2362 4509 Quis
2387 4445 2531 4498 enim
2556 4459 2706 4499 reum
2729 4443 2981 4499 videlicet
3008 4445 3239 4514 peccati,
3270 4460 3394 4499 eum
3419 4445 3509 4514 qui
3540 4444 3685 4514 quod

417 4536 538 4588 dem
569 4534 924 4591 districtionis
954 4534 1097 4601 vitae,
1131 4533 1333 4590 deinde
1366 4546 1557 4588 eorum
1596 4547 1718 4603 qua:
1756 4530 1825 4586 ad
1867 4530 2003 4599 dog-

418 4643 504 4680 ma
533 4627 812 4696 pertinent
847 4626 1168 4698 diligentem
1202 4640 1392 4682 curam
1430 4639 1644 4696 gerens.
1677 4623 1874 4695 Legem
1907 4639 2007 4677 au-

417 4727 526 4772 tem
556 4718 729 4788 ponit,
752 4734 863 4773 non
885 4719 999 4789 jam
1057 4719 1370 4790 specialiter
1420 4716 1629 4773 homini
1676 4714 1859 4781 alicui,
1905 4714 2002 4769 sed

416 4810 546 4879 quid
576 4810 704 4864 ait?

494 4903 580 4957 Vir
612 4903 720 4957 sive
776 4902 984 4957 mulier.
1015 4902 1366 4972 Distinguens
1403 4900 1620 4972 planius
1666 4897 1796 4968 quid
1838 4910 2002 4967 opor-

417 5005 529 5053 teat
568 4996 796 5066 intelligi
830 4995 1129 5050 hominem.
1193 4992 1306 5049 Cur
1343 5003 1527 5049 autem
1586 4992 1691 5046 hac
1738 4991 2001 5060 explana-

415 5087 565 5141 tione
599 5087 654 5140 in
685 5084 793 5140 hoc
830 5084 1021 5155 eguit?
1061 5083 1133 5140 Ut
1166 5083 1421 5139 videlicet
1473 5096 1586 5137 non
1625 5082 2002 5151 ignosceretur

414 5180 649 5245 mulieri,
688 5193 813 5233 cum
843 5176 1058 5231 inﬁrma
1105 5185 1351 5247 putatur,
1392 5192 1514 5246 qua:
1553 5183 1742 5245 peccat
1778 5174 1831 5227 in
1868 5173 2003 5241 dog-

415 5279 580 5324 mate.
618 5269 737 5324 [loc
776 5284 906 5339 ergo
959 5277 1241 5339 peccatum
1286 5268 1491 5336 lepram
1536 5267 1590 5320 in
1626 5265 1826 5334 capite,
1861 5272 1913 5317 et
1947 5263 2003 5317 in

414 5359 582 5415 barba
611 5346 900 5431 propterea
935 5361 1193 5432 appellat,
1221 5358 1351 5429 quia
1375 5360 1492 5413 haec
1523 5366 1654 5413 sunt
1676 5358 2001 5429 pretiosiora

413 5456 587 5511 nostri
620 5456 886 5525 corporis,
918 5464 975 5511 ct
995 5470 1063 5510 ex
1099 5455 1202 5509 hoc
1223 5450 1484 5515 ostendit,
1510 5466 1619 5506 non
1653 5451 1798 5506 circa
1847 5466 2000 5521 qure-

414 5544 547 5599 libet
570 5545 903 5616 impietatem
925 5547 1236 5615 dogmatum
1263 5541 1569 5612 provenire.
1590 5540 1683 5595 sed
1702 5557 1826 5612 erga
1848 5541 2001 5596 valde

487 5749 550 5782 ¹⁸⁹
584 5749 688 5803 lsa.
736 5762 887 5812 xxvi,
938 5749 1017 5801 ll.
1096 5747 1342 5812 "Hebr.
1371 5766 1446 5816 γι,
1478 5751 1531 5814 7,
1555 5748 1609 5803 8.

2106 4536 2394 4592 confessus
2418 4545 2500 4591 est
2522 4536 2728 4607 lingua,
2758 4537 3039 4592 voluntate
3075 4552 3135 4592 se
3163 4537 3457 4607 protulisse
3504 4546 3683 4607 negat.

2106 4628 2337 4695 Quando
2358 4637 2538 4683 autem
2569 4629 2637 4683 de
2674 4644 2742 4683 eo
2775 4629 2851 4683 sic
2877 4628 3153 4699 judicans,
3178 4645 3291 4684 non
3325 4631 3685 4700 comprehen-

2106 4720 2248 4775 derit
2276 4721 2516 4776 crevisse
2541 4719 2831 4785 maculam,
2862 4735 2966 4776 nec
3006 4720 3282 4776 dilatatam
3318 4721 3374 4774 in
3408 4736 3472 4776 eo
3529 4721 3683 4777 vide-

2108 4811 2179 4865 rit
2247 4812 2581 4881 impietatem
2622 4828 2637 4865 :
2678 4811 2936 4881 quoniam
2983 4812 3402 4882 blasphemans,
3462 4812 3685 4867 omnino

2107 4900 2301 4969 polluit
2331 4900 2521 4955 stolam
2560 4901 2924 4971 baptismatis,
2958 4910 3106 4956 recte
3127 4917 3253 4956 eum
3300 4901 3557 4971 pnecepit
3588 4917 3686 4970 per

2105 4992 2478 5061 paenitentiam
2525 4992 2708 5047 lavare
2751 4992 3113 5056 vestimenta,
3177 5002 3233 5047 et
3277 5002 3407 5046 tunc
3449 4993 3685 5048 mundus

2104 5086 2248 5140 erit:
2305 5084 2432 5153 quia
2477 5083 2656 5139 omnis
2686 5084 2940 5154 impietas
2967 5101 3065 5155 per
3110 5086 3370 5155 mundam
3417 5087 3685 5157 poeniten-

2104 5178 2234 5230 tiam
2264 5176 2580 5231 mundatur.
2610 5177 2997 5232 Verumtamen
3029 5176 3116 5232 hic
3149 5178 3193 5233 si
3224 5178 3492 5249 praedicto
3521 5194 3683 5233 mun-

2107 5270 2267 5325 datus
2291 5272 2473 5336 modo,
2500 5270 2665 5340 impia
2689 5285 2879 5325 rursus
2896 5268 3114 5323 locutus
3144 5268 3341 5336 fuerit,
3369 5285 3479 5324 non
3517 5269 3686 5337 inspi-

2109 5361 2217 5416 ciet
2254 5362 2509 5417 sacerdos
2535 5361 2603 5416 de
2651 5362 2765 5432 pilo
2806 5359 2966 5427 ﬂavo,
3001 5376 3113 5415 non
3162 5362 3441 5431 quaeritur,
3488 5359 3680 5429 inquit.

2109 5467 2217 5520 quo
2239 5452 2421 5506 animo
2449 5451 2611 5521 impia
2643 5453 2856 5506 locutus
2881 5451 2972 5517 sit,
3011 5451 3106 5507 sed
3134 5451 3260 5520 quia
3287 5452 3340 5506 in
3373 5466 3435 5504 ea
3467 5450 3536 5504 de
3563 5447 3683 5516 qui-

2111 5541 2213 5595 bus
2246 5540 2522 5610 poenituit,
2575 5540 2790 5607 recidit,
2826 5539 3170 5596 immundum
3212 5554 3335 5594 eum
3377 5545 3525 5592 recte
3567 5549 3685 5591 esse

1708 5746 1748 5778 ¹⁶
1776 5745 1917 5800 l‘sal.
1951 5759 2150 5810 cxxxn,
2195 5744 2248 5812 i,
2276 5743 2330 5797 2.
