4044 6224
365 413 471 479 945

1498 392 1576 487 IN
1616 427 2050 489 Ln'rrrtwn.
2084 456 2151 466 --
2189 433 2334 492 LIB.
2378 434 2474 493 ιγ.

3519 430 3641 494 916'

355 527 584 595 judicat.
612 527 667 582 Si
713 545 821 584 nou
853 533 1092 616 capillus»
1122 535 1274 605 niger
1308 536 1488 603 fuerit,
1515 538 1564 592 id
1596 552 1698 603 est,
1734 538 1778 594 si
1828 557 1935 595 non
1967 545 2012 600 Α
2112 541 2590 598 Remiuisccndurn
2645 554 2748 611 est,
2784 548 2908 616 quia
2939 546 3162 616 capillos
3195 561 3294 615 pro
3338 543 3623 614 cogitatio-

358 618 551 687 lugens
579 624 900 689 apparuerit
927 614 1259 693 impietatem
1286 645 1298 680 :
1324 628 1514 697 lugens
1544 643 1675 683 vero
1708 645 1818 684 non
1847 645 1938 684 so-

357 710 467 764 lum
499 710 704 776 habitu,
733 714 828 768 sed
849 723 903 770 et
922 715 1104 770 animo
1160 725 1215 770 et
1239 718 1691 788 cogitationibus:
1723 719 1936 789 nigrum

355 816 591 871 namque
623 818 847 859 manere
893 806 1190 876 lugentium
1222 818 1304 863 est
1342 811 1639 879 proprium.
1671 812 1935 877 Quoniam

353 898 539 944 autem
565 892 878 947 interiorem
898 895 1173 951 hominem
1191 907 1405 968 oportet
1425 900 1608 971 lugere
1638 903 1932 971 peccantis,

353 995 517 1048 quem
534 983 894 1051 cogitationes
912 997 1237 1056 contegunt.
1260 1000 1406 1044 recte
1423 991 1542 1058 ejus
1560 993 1934 1060 pmuitentiam

352 1086 452 1138 per
477 1072 645 1142 pilum
674 1076 887 1145 nigrum
909 1077 1247 1148 signiﬁcavit.
1280 1080 1505 1148 Propter
1526 1081 1667 1148 quod
1699 1081 1933 1136 Ecclesia

352 1161 447 1217 Dei
476 1165 758 1219 servitium
796 1168 1027 1238 diligens
1057 1170 1110 1222 in
1150 1171 1395 1224 luctuosa
1424 1170 1561 1225 stola
1597 1171 1932 1240 poenitentiae

346 1252 640 1307 decoratur
664 1271 677 1305 :
703 1263 758 1307 et
790 1255 912 1309 ideo
939 1256 1233 1311 formosam
1258 1273 1337 1323 se,
1364 1258 1487 1327 quia
1528 1259 1681 1330 nigra
1719 1268 1822 1325 est,
1845 1261 1932 1315 di-

347 1343 442 1407 cit,
470 1344 612 1399 sicut
652 1346 887 1413 legitur:
920 1347 1091 1419 Nigra
1120 1366 1258 1414 sum,
1293 1350 1383 1405 sed
1431 1353 1660 1421 formosa
1689 1352 1803 1422 ﬁlia
1842 1353 1931 1407 Je-

348 1432 577 1487 rusalem
612 1436 688 1498 ‘7;
724 1435 777 1489 id
806 1445 907 1502 est,
937 1439 1062 1506 quia
1102 1439 1158 1493 in
1188 1440 1508 1509 paenitendo
1528 1441 1664 1496 stola
1692 1457 1812 1497 sum
1844 1444 1929 1496 lu~

347 1534 468 1580 rtus
496 1525 704 1580 induta.
729 1525 820 1583 Sic
846 1543 976 1599 ergo
1001 1546 1128 1585 eum
1153 1533 1244 1602 qui
1285 1533 1662 1601 paenitentiam
1702 1534 1812 1605 agit
1841 1549 1927 1588 sa-

346 1619 539 1673 cerdos
563 1621 808 1688 mundat,
833 1625 1049 1693 quoties
1078 1626 1128 1679 ei
1168 1625 1273 1681 hoc
1306 1626 1528 1682 evenire
1556 1629 1923 1697 conspexerit.

346 1709 452 1763 Sed
502 1711 834 1769 sullicienter
874 1716 943 1771 de
973 1716 1060 1771 his
1108 1733 1229 1786 quae
1264 1720 1328 1771 .in
1353 1717 1463 1773 Deo
1488 1719 1920 1783 committuntur,

344 1802 730 1871 im’pietatibus,
758 1815 866 1862 tam
894 1824 961 1863 ex
993 1810 1269 1865 voluntate
1302 1825 1466 1880 quam
1495 1826 1563 1865 ex
1593 1811 1916 1881 ignorantia,

342 1893 577 1961 locutus,
628 1897 696 1953 ad
738 1899 844 1954 alia
909 1901 1134 1956 vulnera
1197 1903 1559 1959 moderatiore
1607 1917 1918 1959 sermonem

344 1986 531 2039 vertit.

415 2073 670 2141 Vsas.58,
694 2078 782 2134 '59.
810 2099 830 2131 ι
854 2079 950 2135 Vir
967 2090 1024 2137 et
1068 2083 1263 2139 mulier
1308 2085 1365 2140 in
1392 2087 1550 2156 cujus
1570 2094 1694 2143 cute
1716 2089 1923 2143 candor

339 2167 676 2234 apparuerit,
717 2168 1019 2226 intuebitur
1054 2188 1150 2229 eos
1180 2175 1434 2231 sacerdos
1469 2195 1484 2231 :
1519 2177 1563 2233 si
1610 2177 1919 2248 deprehen-

339 2258 484 2312 derit
530 2260 926 2317 subobscurum
972 2265 1214 2321 alborem
1253 2268 1436 2323 lucere
1485 2270 1542 2323 in
1599 2280 1744 2336 cute,
1788 2270 1923 2325 sciat

341 2362 449 2400 non
481 2364 600 2403 esse
638 2350 863 2420 lepram,
902 2355 999 2409 sed
1041 2359 1308 2412 maculam
1349 2359 1548 2415 coloris
1588 2361 1825 2425 candidi,
1869 2370 1920 2416 et

343 2435 620 2492 hominem
648 2442 935 2496 mundum.
972 2463 994 2496 ι

410 2525 529 2582 Jam
557 2539 612 2584 et
638 2547 741 2586 nos
770 2533 914 2589 sicut
948 2535 1116 2590 David
1160 2540 1387 2593 studiosi
1416 2540 1468 2594 in
1499 2541 1633 2613 legis
1669 2542 1918 2609 scientia,

337 2634 466 2672 cum
493 2635 560 2674 eo
598 2622 841 2678 dicamus
872 2643 887 2680 :
918 2626 1039 2680 Non
1075 2630 1193 2699 fecit
1221 2630 1399 2684 taliter
1440 2634 1581 2686 omni
1605 2636 1831 2701 nationi,
1871 2645 1922 2690 et

331 2709 541 2776 judicia
570 2728 668 2766 sua
702 2730 806 2767 non
838 2718 1193 2788 manifestauit
1236 2723 1345 2776 illis
1377 2723 1440 2776 ³⁸.
1491 2725 1630 2778 Cum
1684 2727 1918 2782 maxima

339 2801 685 2858 districtione
723 2807 976 2874 superius
1001 2808 1055 2862 in
1085 2810 1286 2865 divinis
1329 2813 1692 2884 dogmatibus,
1726 2824 1784 2871 et
1824 2832 1921 2871 co-

338 2905 460 2944 rum
498 2894 1010 2960 pravaricatoribus
1053 2916 1184 2956 usus
1238 2901 1451 2967 fuisset,
1488 2920 1636 2960 nunc
1691 2907 1818 2976 quia
1851 2909 1919 2962 de

337 2980 445 3036 illis
472 2981 618 3052 loqui
666 2988 960 3057 supplevit,
991 3001 1138 3045 recte
1185 3008 1296 3046 sua:
1331 2997 1707 3051 austeritatem
1753 2999 1921 3068 depo-

335 3069 450 3125 suit
476 3071 853 3141 districtionis,
878 3086 935 3130 et
962 3077 1031 3132 de
1067 3078 1171 3142 his,
1197 3095 1317 3148 qua:
1352 3092 1482 3135 sunt
1508 3082 1811 3137 secundum
1844 3084 1920 3138 lc-

2042 632 2203 686 tubus
2222 632 2587 689 intelleximus
2615 653 2628 689 :
2652 651 2850 690 ornare
2911 637 3113 707 quippe
3136 644 3300 705 caput
3344 650 3409 689 ac
3438 643 3624 705 tegere

2041 721 2318 777 Constituti
2342 728 2487 789 sunt,
2529 725 2670 781 sicut
2698 728 3052 798 cogitationes
3080 734 3338 782 mentem.
3378 725 3496 780 Non
3522 739 3622 778 au-

2042 820 2148 865 tem
2177 813 2511 869 inordinatus
2531 816 2887 886 cogitationes
2912 818 3242 872 deducamus
3266 816 3331 870 ad
3356 816 3620 879 medium,

2037 901 2162 969 quia
2192 910 2246 955 et
2280 902 2599 971 capillorum
2647 905 3031 975 incompositio
3063 905 3360 959 fmditatem
3392 916 3490 973 pro
3526 919 3619 956 or-

2036 1001 2165 1047 natu
2211 993 2432 1061 praebet.
2482 993 2730 1063 Insuper,
2791 996 3247 1065 quemadmodum
3298 995 3617 1064 capillorum

2036 1083 2256 1152 quidam
2288 1083 2566 1150 decidunt,
2594 1087 2685 1141 alii
2725 1096 2907 1142 autem
2942 1094 3325 1149 renascuntur,
3357 1086 3617 1155 nulloque

2038 1181 2281 1242 tempore
2314 1175 2463 1230 nasci
2502 1190 2716 1232 cessant
2738 1219 2752 1241 ,
2797 1178 2877 1232 sic
2912 1187 2966 1232 et
2997 1178 3084 1233 his
3137 1193 3261 1246 quae
3288 1187 3417 1232 sunt
3447 1177 3499 1230 in
3532 1177 3617 1233 bis

2034 1261 2453 1331 cogitationibus
2481 1265 2877 1331 decidentibus,
2907 1267 3026 1321 alim
3058 1275 3440 1321 renascuntur.
3475 1265 3616 1337 Ergo

2034 1351 2124 1407 hic
2201 1354 2414 1409 calvum
2471 1357 2707 1426 appellat
2766 1359 3065 1428 simplicem
3128 1358 3432 1421 hominem,
3503 1361 3612 1412 non

2032 1460 2155 1499 eum
2207 1446 2301 1519 qui
2354 1449 2580 1503 omnino
2628 1449 2892 1519 insipiens
2947 1460 3052 1517 est,
3108 1459 3204 1505 aut
3251 1450 3609 1506 irrationalis.

2031 1535 2163 1602 Quis
2188 1538 2336 1593 enim
2371 1549 2455 1594 est
2484 1541 2666 1605 homo,
2695 1540 2787 1608 qui
2812 1556 2923 1595 non
2948 1541 3194 1611 capillos,
3228 1541 3357 1596 licet
3382 1555 3610 1611 paucos,

2030 1629 2084 1682 in
2134 1630 2310 1698 capite
2342 1631 2578 1685 habeat?
2608 1631 2765 1687 Hunc
2787 1647 2916 1703 ergo
2945 1633 3226 1697 describit,
3258 1632 3350 1701 qui
3405 1632 3609 1702 cogita-

2030 1719 2205 1775 tiones
2230 1737 2429 1791 paucas
2458 1738 2567 1792 prae.
2595 1723 2942 1792 simplicitate
2975 1723 3132 1793 gerit,
3169 1738 3402 1792 eumque
3449 1738 3612 1776 mun-

2028 1811 2154 1865 dum
2206 1822 2353 1868 recte
2401 1829 2524 1869 esse
2559 1815 2816 1884 praecepit
2850 1833 2864 1867 :
2897 1815 2976 1870 sic
3025 1815 3224 1885 quippe
3269 1815 3321 1869 ei
3372 1814 3609 1869 inditum

2023 1912 2107 1956 est
2130 1914 2277 1957 sorte
2313 1912 2544 1970 naturae,
2581 1905 2725 1960 unde
2773 1921 2896 1959 cum
2929 1914 2984 1960 et
3019 1905 3283 1960 columbae
3331 1913 3610 1973 comparat

2024 1995 2303 2051 Dominus.
2340 1994 2519 2061 Quare
2545 2005 2724 2052 autem
2752 1998 2918 2068 hujus
2950 2012 3237 2066 personam
3280 1995 3505 2051 omnino
3552 1999 3603 2049 in

2021 2085 2356 2140 dubietatem
2406 2086 2681 2157 legislator
2736 2088 3006 2143 adluxit?
3061 2086 3200 2153 Quia
3274 2087 3473 2145 melius
3522 2096 3608 2142 est

2020 2191 2144 2230 cum
2203 2176 2518 2231 innocentia
2561 2178 2763 2234 habere
2811 2180 2976 2235 etiam
3032 2178 3402 2251 prudentiam,
3451 2179 3599 2249 quod

2020 2267 2370 2323 manifestum
2400 2276 2485 2324 est
2513 2285 2579 2325 ex
2608 2270 2693 2326 his
2714 2287 2836 2341 quae
2862 2269 3123 2326 Domitius
3144 2271 3398 2326 dicebat:
3423 2269 3606 2325 Estote

2018 2360 2281 2429 sapientes
2306 2361 2440 2415 sicut
2459 2372 2741 2432 serpentes,
2764 2373 2811 2417 et
2831 2363 3092 2434 simplices
3109 2364 3246 2418 sicut
3260 2362 3517 2418 columba:
3532 2363 3601 2415 ⁸ο.

2020 2452 2126 2509 Sed
2168 2453 2292 2509 licet
2348 2455 2454 2509 hoc
2508 2455 2776 2511 laudabile
2812 2457 2903 2522 sit,
2941 2456 3074 2510 illud
3106 2464 3291 2511 tamen
3336 2465 3603 2510 accusan-

2019 2545 2149 2600 dum
2176 2560 2289 2600 non
2328 2555 2430 2603 est.
2462 2546 2927 2612 Quemadmodum
2959 2547 3104 2602 enim
3146 2546 3407 2601 mundum
3454 2546 3602 2600 testi-

2019 2644 2134 2691 mat
2166 2651 2291 2691 eum
2317 2637 2409 2706 qui
2436 2652 2501 2690 ex
2533 2645 2645 2692 toto
2682 2637 2910 2707 simplex
2943 2645 3047 2703 est,
3078 2637 3157 2692 sic
3180 2646 3237 2705 et
3279 2636 3453 2702 illum,
3508 2639 3601 2705 qui

2020 2742 2088 2782 ex
2109 2736 2262 2797 parte
2297 2736 2400 2794 est,
2425 2728 2662 2782 maxime
2701 2729 2848 2782 hunc
2875 2728 2967 2797 qui
2997 2743 3061 2783 ex
3099 2727 3446 2797 simplicitate
3477 2736 3561 2783 est
3583 2746 3600 2793 ;
3625 2759 3629 2763 -

2018 2830 2146 2870 nam
2172 2815 2275 2871 hoc
2303 2816 2711 2887 intelligendum
2736 2825 2819 2872 est
2848 2817 2904 2872 in
2927 2816 3133 2886 capillis
3154 2815 3471 2883 ﬂuentibus,
3498 2818 3602 2873 hoc

2019 2915 2104 2961 est
2124 2907 2525 2963 rarescentibus
2547 2908 2601 2961 in
2626 2908 2824 2974 fronte,
2856 2924 3018 2978 quem
3043 2915 3099 2963 et
3129 2909 3462 2964 ealvastrum
3497 2924 3595 2978 ap-

2017 2997 2259 3068 pellavit.
2291 2997 2388 3054 llic
2420 3006 2600 3053 autem
2625 2999 2804 3069 priore
2828 2999 3070 3055 deterior
3093 3007 3178 3054 est
3208 3019 3221 3053 :
3250 3014 3380 3053 nam
3402 3000 3600 3054 melius

2018 3089 2337 3159 estquidem
2372 3091 2602 3145 virtutes
2657 3090 3012 3155 abscondere,
3054 3090 3100 3149 si
3162 3099 3345 3146 tamen
3402 3091 3597 3161 aliquis

334 3176 459 3229 gem
492 3159 800 3269 Ju‘daicam,‘
823 3165 1167 3237 dogmatibus
1199 3169 1458 3239 loquitur,
1500 3179 1556 3226 et
1597 3188 1715 3242 qua:
1758 3173 1815 3227 in
1847 3190 1910 3229 ea
1944 3211 1987 3269 α
2019 3181 2243 3253 gloriam
2285 3182 2716 3252 earum-prodat,
2748 3182 3047 3237 tolerabilis
3076 3183 3258 3253 passio
3290 3192 3395 3249 est,
3423 3159 3600 3238 (ξι-νῇ-

336 3261 467 3308 sunt
488 3254 694 3325 culpas,
718 3257 1112 3315 subobscurum
1142 3263 1382 3317 alborem
1425 3272 1481 3318 et
1506 3264 1775 3320 lucentem
1796 3281 1918 3322 esse

336 3344 476 3398 dixit
512 3362 527 3412 ;
564 3349 1021 3416 quemadmodum
1055 3368 1183 3424 ergo
1229 3353 1538 3410 cicatricem
1577 3356 1755 3412 albam
1796 3373 1918 3413 esse

333 3434 576 3491 diximus
613 3443 1098 3511 transgressionem
1130 3445 1316 3517 legalis
1350 3446 1562 3513 litterae,
1597 3448 1676 3505 sic
1719 3457 1774 3504 et
1800 3450 1919 3520 ejus

335 3527 697 3596 ignorantiam
769 3534 1166 3592 subobscurum
1237 3538 1477 3595 alborem
1538 3549 1594 3596 et
1644 3541 1917 3597 lucentem

334 3618 704 3692 intelligamus
743 3624 871 3681 dici.
903 3626 1271 3698 lgnorantiam
1304 3641 1487 3687 autem
1524 3648 1637 3688 non
1670 3634 1915 3690 omnium
1954 3634 1965 3639 ’

333 3725 459 3777 qua:
491 3712 641 3778 dicit,
676 3731 779 3771 nec
807 3732 996 3773 eorum
1021 3736 1143 3789 quae
1172 3725 1482 3779 communia
1511 3742 1635 3781 cum
1668 3727 1783 3798 lege
1811 3743 1909 3781 na-

335 3802 519 3869 turali,
552 3806 635 3860 vel
663 3807 988 3878 evangelicis
1014 3812 1300 3880 praeceptis
1322 3821 1469 3877 sunt,
1501 3816 1761 3885 possidet.
1803 3817 1912 3870 Ne-

332 3907 444 3960 que
475 3894 619 3947 enim
652 3896 920 3966 ignorare,
948 3898 1067 3954 Non
1109 3901 1346 3967 occides,
1376 3903 1498 3958 Non
1525 3907 1911 3973 mmchaberis,

333 3983 456 4037 Non
490 3984 693 4040 furtum
716 3986 903 4054 facies,
924 3989 1150 4046 cuilibet
1168 3992 1466 4063 ignoscitur
1496 3997 1627 4051 :sed
1653 4013 1913 4068 quorum-

332 4076 461 4128 dam
488 4077 800 4147 partialium
826 4096 1231 4152 parvorumque
1254 4085 1630 4143 mandatorum
1664 4087 1917 4159 ignoran-

337 4167 433 4232 tia,
462 4169 629 4224 veluti
672 4173 891 4241 quando
931 4184 1147 4243 oportet
1200 4176 1449 4233 mundari
1501 4188 1914 4249 menstruatam,

333 4260 558 4327 quando
611 4262 791 4317 oll‘erri
846 4279 947 4334 pro
1001 4266 1250 4335 pariente
1312 4270 1653 4345 masculum,
1696 4275 1918 4343 quando

332 4350 500 4405 etiam
531 4368 630 4422 pro
668 4368 731 4409 ea
764 4369 885 4425 quae
924 4355 1183 4413 feminam
1226 4361 1457 4430 peperit.
1510 4362 1736 4434 Propter
1772 4366 1917 4436 quod

334 4457 403 4496 ea
426 4442 824 4502 subobscurum
857 4448 1119 4514 alborem,
1151 4459 1342 4534 utpote
1374 4469 1572 4523 parvas
1608 4457 1912 4525 cicatrices,

2018 3274 2140 3330 cina
2164 3274 2356 3330 veniae.
2384 3274 2614 3345 Propter
2638 3274 2784 3345 quod
2814 3274 2919 3330 erit
2944 3275 3203 3341 mundus,
3229 3276 3359 3345 quia
3404 3291 3606 3331 secun-

2016 3362 2147 3418 dum
2165 3362 2380 3430 faciem,
2414 3363 2599 3419 divina
2634 3364 2913 3434 Scriptura
2949 3364 3105 3435 prodi
3136 3365 3387 3432 virtutes,
3415 3374 3472 3421 et
3502 3382 3597 3421 co-

2017 3472 2135 3511 ram
2171 3457 2484 3514 hominibus
2510 3473 2612 3529 per
2641 3474 2735 3513 eas
2765 3456 2897 3513 dicit
2952 3459 3157 3514 ornari.
3185 3458 3422 3516 Attende
3458 3459 3602 3516 Pau-

2017 3548 2129 3604 lum
2153 3550 2424 3606 dicentem
2459 3569 2472 3606 :
2513 3549 2595 3605 Ea
2615 3566 2734 3623 qua:
2752 3551 3038 3607 secundum
3068 3553 3262 3621 faciem
3292 3563 3434 3619 sunt,
3464 3555 3603 3609 vide-

2019 3652 2087 3698 te.
2112 3641 2171 3697 Si
2200 3644 2318 3713 quis
2378 3643 2581 3698 videtur
2609 3643 2710 3697 sibi
2755 3643 2946 3699 Christi
3010 3660 3066 3698 se
3098 3660 3223 3707 esse,
3276 3645 3372 3698 hoc
3413 3646 3601 3714 cogitet

2018 3733 2209 3787 iterum
2237 3733 2381 3802 apud
2407 3733 2764 3801 semetipsum,
2806 3734 2931 3803 quia
2962 3734 3097 3787 sicut
3129 3735 3238 3804 ipse
3271 3732 3465 3789 Christi
3502 3746 3598 3800 est,

2018 3826 2096 3879 ita
2128 3832 2178 3878 et
2205 3840 2298 3877 nos
2351 3824 2415 3877 ²¹.
2450 3823 2565 3879 Hoc
2588 3824 2683 3889 ait,
2732 3823 2775 3877 si
2809 3824 3019 3879 nullum
3046 3835 3328 3894 peccatum
3380 3841 3444 3880 ex
3471 3826 3601 3880 sim-

2018 3917 2260 3986 plicitate
2284 3914 2548 3985 simplicis
2572 3915 2962 3972 committatur.
2995 3916 3052 3970 Si
3082 3926 3264 3971 autem
3298 3916 3438 3972 facta
3482 3917 3601 3972 fue-

2019 4008 2092 4063 rit
2124 4007 2183 4062 in
2215 4005 2436 4062 calvitio
2469 4006 2611 4075 ejus,
2648 4014 2741 4061 aut
2775 4007 2829 4061 in
2876 4007 3157 4062 recalvitio
3191 4009 3411 4061 macula.
3453 4009 3598 4073 alba,

2016 4108 2113 4155 aut
2135 4097 2274 4165 rufa,
2308 4097 2458 4168 lepra
2486 4105 2588 4153 est.
2620 4096 2842 4163 Quare?
2874 4098 3012 4164 Quia
3043 4113 3200 4153 nemo
3225 4100 3305 4154 sic
3331 4109 3413 4154 est
3468 4100 3598 4156 sim-

2016 4192 2160 4263 plex,
2191 4199 2250 4246 ut
2276 4191 2505 4257 nesciat,
2535 4191 2664 4261 quia
2694 4207 2802 4247 non
2832 4191 3029 4247 debeat
3066 4207 3288 4247 manum
3321 4192 3374 4245 in
3418 4192 3594 4262 ignem

2016 4282 2253 4349 mittere,
2285 4296 2467 4352 neque
2507 4282 2559 4337 in
2600 4280 2886 4352 pmcipitii
2918 4282 3205 4337 altitudine
3243 4282 3595 4352 semetipsum

2017 4375 2168 4440 dare,
2191 4388 2371 4445 neque
2398 4373 2549 4429 abuti
2576 4373 2753 4445 gladio
2782 4373 2837 4427 in
2864 4374 2998 4434 locis
3021 4374 3297 4429 vitalibus.
3328 4373 3385 4428 Si
3415 4385 3596 4428 autem

2018 4466 2136 4521 hinc
2154 4466 2277 4531 scit,
2308 4465 2581 4535 quomodo
2609 4480 2722 4520 non
2775 4465 3008 4535 amplius
3069 4465 3235 4530 norit,
3264 4465 3410 4535 quod
3457 4465 3601 4520 occi-

333 4550 557 4604 parvam
599 4537 711 4607 jam
756 4550 1150 4611 praeceptorum
1196 4545 1556 4615 ignorantiam
1594 4550 1907 4618 habentem,
1949 4548 1993 4604 D
2020 4555 2149 4611 dere
2196 4555 2397 4612 malum
2433 4555 2525 4620 sit,
2562 4554 2707 4624 quod
2761 4554 3049 4609 detrahere
3084 4554 3403 4622 pessimum,
3455 4556 3599 4624 quod

332 4626 662 4696 appellavit;
693 4630 789 4700 qui
837 4646 966 4704 ergo
999 4634 1122 4690 talis
1181 4644 1263 4689 est
1311 4653 1424 4693 non
1484 4640 1648 4697 habet
1685 4658 1913 4700 necesse

335 4716 586 4771 mundari
615 4735 628 4772 :
659 4734 839 4790 neque
873 4723 1024 4778 enim
1073 4725 1139 4780 ad
1159 4726 1601 4795 iustiﬁcationem
1639 4734 1915 4803 pertinent

331 4804 665 4874 Judaaorum,
688 4811 786 4866 sed
809 4822 868 4867 ut
914 4827 1298 4886 aggravaretur
1346 4834 1536 4875 eorum
1557 4823 1771 4895 jugum,
1802 4836 1912 4882 tra-

333 4898 449 4952 dita
472 4908 621 4957 sunt.
653 4900 884 4973 Propter
911 4908 1053 4976 quod
1080 4917 1133 4963 et
1162 4909 1303 4965 Deus
1332 4928 1429 4982 per
1465 4917 1787 4986 prOphetam
1830 4922 1914 4976 di—

333 4990 530 5045 citbat:
562 4991 697 5047 Dedi
754 4995 828 5049 eis
874 5010 1133 5067 praecepta
1169 5018 1271 5055 non
1308 5003 1467 5071 bona,
1514 5015 1563 5060 et
1596 5008 1805 5077 judicia
1861 5014 1916 5066 in

333 5080 524 5151 quibus
552 5099 657 5138 non
684 5086 849 5141 vivent
883 5089 948 5144 ".

412 5168 576 5228 Vsus.
607 5173 796 5231 40-45.
834 5196 849 5230 ι
876 5177 970 5233 Vir
995 5181 1062 5236 de
1089 5183 1246 5253 cujus
1287 5185 1464 5256 capite
1510 5189 1690 5260 capilli
1718 5189 1916 5258 linunt,

333 5262 527 5319 calvus
566 5282 631 5321 ac
658 5271 896 5326 mundus
920 5281 1021 5328 est.
1054 5274 1117 5329 Et
1137 5276 1182 5330 si
1211 5291 1243 5330 a
1268 5275 1451 5333 fronte
1479 5280 1780 5338 ceciderint
1801 5283 1916 5354 pili,

337 5354 665 5414 recalvaster
691 5369 748 5415 et
791 5364 1025 5420 mundus
1080 5378 1186 5422 est.
1236 5367 1293 5423 Si
1351 5379 1535 5426 autem
1590 5373 1649 5428 in
1677 5376 1917 5444 calvitio,

337 5444 455 5499 sive
476 5445 535 5500 in
567 5451 846 5509 recalvitio
874 5454 1049 5525 albus,
1072 5459 1159 5513 vel
1202 5460 1357 5518 rufus
1396 5463 1546 5520 color
1570 5464 1734 5522 fuerit
1759 5483 1919 5523 exor-

339 5544 448 5625 tus,
481 5546 536 5592 et
570 5539 677 5597 hoc
706 5546 962 5603 sacerdos
996 5549 1213 5619 viderit,
1244 5554 1546 5625 inquinabit
1581 5574 1704 5615 eum
1732 5579 1745 5615 :
1774 5561 1918 5617 haud

337 5624 506 5685 dubie
534 5629 683 5703 lepra
721 5644 825 5706 est,
859 5654 980 5710 quae
1010 5652 1126 5699 orta
1155 5655 1238 5701 est
1267 5624 1329 5702 in
1346 5649 1581 5704 calvitio.
1611 5673 1630 5703 ι

2018 4647 2312 4720 idolothyta
2330 4646 2614 4702 comedere
2632 4646 2880 4715 impium,
2903 4653 3065 4713 atque
3083 4646 3358 4710 mulierem
3372 4646 3602 4701 alienam

2019 4740 2408 4809 concupiscere
2458 4739 2530 4794 sit
2587 4736 2959 4807 iniquum‘ISi
2993 4753 3122 4808 ergo
3169 4754 3294 4791 eum
3347 4740 3602 4793 sacerdo.

2021 4833 2287 4888 maculam
2346 4832 2640 4887 habentem
2675 4832 2850 4885 albarn
2901 4836 2997 4884 aut
3042 4830 3215 4883 rufam
3274 4829 3327 4883 in
3382 4831 3602 4884 calvitio

2021 4936 2116 4983 aut
2146 4929 2197 4983 in
2226 4928 2502 4984 recalvitio
2530 4929 2671 4996 ejus,
2700 4928 2750 4982 id
2782 4936 2885 4991 est,
2919 4928 2973 4981 in
3006 4944 3068 4981 ea
3101 4943 3222 4997 quze
3260 4934 3344 4981 cst
3368 4941 3432 4980 ex
3466 4935 3599 4997 toto,

2026 5022 2105 5075 vel
2132 5039 2194 5077 es
2222 5031 2392 5091 parte,
2421 5022 2786 5091 simplicitate,
2835 5021 3221 5093 evangelicum,
3248 5021 3331 5074 vel
3375 5018 3598 5089 legalem

2022 5125 2146 5164 cum
2174 5126 2418 5164 normam
2447 5120 2759 5180 peccantem
2794 5111 3207 5180 praevaricatum
3243 5109 3414 5163 fuisse
3442 5120 3600 5175 repe-

2025 5204 2114 5267 rit,
2148 5203 2553 5267 condemnabit,
2577 5203 2690 5257 sive
2712 5202 3102 5257 contaminabit
3130 5216 3278 5255 eum.
3310 5199 3491 5264 Quare
3508 5198 3533 5250 ?

2093 5289 2227 5353 Quia
2252 5288 2394 5342 haud
2430 5289 2775 5360 dubieﬂlcpru
2824 5298 2941 5344 orta
2994 5298 3072 5344 est
3110 5290 3165 5342 in
3214 5287 3442 5342 calvitio.
3480 5287 3597 5347 vel,

2022 5381 2164 5433 sicut
2196 5379 2356 5445 LXX,
2391 5382 2515 5451 quia
2544 5381 2599 5432 iu
2632 5381 2804 5448 capite
2835 5379 2948 5450 ejus
2998 5377 3211 5432 macula
3249 5377 3383 5446 ejus,
3416 5377 3512 5443 ait;
3546 5376 3597 5429 id

2023 5482 2126 5533 cst,
2154 5471 2279 5541 quia
2321 5471 2375 5524 in
2408 5472 2597 5527 validis
2617 5480 2672 5525 et
2702 5471 3027 5527 necessariis
3075 5470 3341 5540 peccavit,
3385 5470 3443 5524 in
3480 5486 3605 5539 quz~

2022 5563 2123 5616 bus
2197 5578 2359 5617 nemo
2432 5578 2665 5632 peccans
2724 5562 2938 5617 veniam
3008 5570 3269 5618 meretur.
3330 5560 3602 5619 Naturalis
3643 5620 3657 5635 _

2022 5655 2166 5708 enini
2208 5656 2311 5720 ch,
2340 5656 2407 5709 ad
2469 5673 2630 5724 quam
2682 5656 2992 5712 necessaria
3034 5657 3166 5728 legis
3233 5658 3489 5723 tendunt,
3544 5668 3599 5713 et

417 5842 463 5878 "
487 5843 646 5904 Cant.
695 5867 736 5945 ι,
765 5853 819 5909 4.
898 5854 942 5887 ⁸⁸
971 5857 1115 5912 Psal.
1151 5876 1349 5929 cum,
1376 5863 1464 5919 ‘20.
1548 5867 1586 5897 "
1622 5866 1820 5921 [ἱκανὴ.
1860 5886 1921 5922 xx

2024 5869 2038 5922 l
2074 5887 2184 5924 sec.
2214 5870 2372 5925 LXX.
2452 5873 2497 5903 ²⁰
2523 5870 2714 5926 Matth.
2747 5888 2798 5937 Χ,
2837 5872 2918 5927 l6.
2996 5872 3037 5906 ἰ
3071 5872 3119 5928 ll
3142 5871 3270 5929 Cor.
3293 5889 3346 5935 χ.
3383 5872 3436 5926 7.
