  <div class='ocr_page' id='page_1' title='image "/cluster/home/n/w/nwhite01/storage/ocr_20150623/93/mdp.39015078384313/481.png"; bbox 0 0 4044 6224; ppageno 0'>
   <div class='ocr_carea' id='block_1_1' title="bbox 527 373 634 438">
    <p class='ocr_par' dir='ltr' id='par_1_1' title="bbox 527 373 634 438">
     <span class='ocr_line' id='line_1_1' title="bbox 527 373 634 438; baseline 0.019 -3"><span class='ocrx_word' id='word_1_1' title='bbox 527 373 634 438; x_wconf 67' lang='grc'><strong>947</strong></span> 
     </span>
    </p>
   </div>
   <div class='ocr_carea' id='block_1_2' title="bbox 1750 380 3753 446">
    <p class='ocr_par' dir='ltr' id='par_1_2' title="bbox 1750 380 3753 446">
     <span class='ocr_line' id='line_1_2' title="bbox 1750 380 3753 446; baseline 0.003 -6"><span class='ocrx_word' id='word_1_2' title='bbox 1750 380 2113 443; x_wconf 75' lang='lat' dir='ltr'><strong>HESYCHII</strong></span> <span class='ocrx_word' id='word_1_3' title='bbox 2162 380 2638 443; x_wconf 81' lang='lat' dir='ltr'><strong>PBESBYTERI</strong></span> <span class='ocrx_word' id='word_1_4' title='bbox 3667 381 3753 446; x_wconf 71' lang='lat' dir='ltr'><strong>stt</strong></span> 
     </span>
    </p>
   </div>
   <div class='ocr_carea' id='block_1_3' title="bbox 529 487 3756 563">
    <p class='ocr_par' dir='ltr' id='par_1_3' title="bbox 529 487 3756 563">
     <span class='ocr_line' id='line_1_3' title="bbox 529 487 3756 563; baseline 0.004 -24"><span class='ocrx_word' id='word_1_5' title='bbox 529 487 702 540; x_wconf 82' lang='lat' dir='ltr'><strong>mutto</strong></span> <span class='ocrx_word' id='word_1_6' title='bbox 737 487 908 557; x_wconf 83' lang='lat' dir='ltr'><strong>magis</strong></span> <span class='ocrx_word' id='word_1_7' title='bbox 964 490 1274 561; x_wconf 84' lang='lat' dir='ltr'><strong>evangelica</strong></span> <span class='ocrx_word' id='word_1_8' title='bbox 1329 500 1621 563; x_wconf 70' lang='lat' dir='ltr'><strong>pnecepta,</strong></span> <span class='ocrx_word' id='word_1_9' title='bbox 1661 507 1771 548; x_wconf 84' lang='lat' dir='ltr'><strong>nec</strong></span> <span class='ocrx_word' id='word_1_10' title='bbox 1831 492 2118 547; x_wconf 81' lang='lat' dir='ltr'><strong>animabus</strong></span> <span class='ocrx_word' id='word_1_11' title='bbox 2145 494 2194 553; x_wconf 76' lang='grc' dir='ltr'><strong>Δ</strong></span> <span class='ocrx_word' id='word_1_12' title='bbox 2220 490 2648 562; x_wconf 88' lang='lat' dir='ltr'><strong>ostendeturque</strong></span> <span class='ocrx_word' id='word_1_13' title='bbox 2686 491 2970 549; x_wconf 70' lang='lat' dir='ltr'><strong>sacerdoti.</strong></span> <span class='ocrx_word' id='word_1_14' title='bbox 3012 490 3117 558; x_wconf 86' lang='lat' dir='ltr'><strong>Qui</strong></span> <span class='ocrx_word' id='word_1_15' title='bbox 3159 492 3526 561; x_wconf 88' lang='lat' dir='ltr'><strong>considerans,</strong></span> <span class='ocrx_word' id='word_1_16' title='bbox 3558 494 3756 553; x_wconf 86' lang='lat' dir='ltr'><strong>recludet</strong></span> 
     </span>
    </p>
   </div>
   <div class='ocr_carea' id='block_1_4' title="bbox 533 578 1510 654">
    <p class='ocr_par' dir='ltr' id='par_1_4' title="bbox 533 578 1510 654">
     <span class='ocr_line' id='line_1_4' title="bbox 533 578 1510 654; baseline 0.011 -24"><span class='ocrx_word' id='word_1_17' title='bbox 533 578 749 643; x_wconf 65' lang='lat' dir='ltr'><strong>(tandem</strong></span> <span class='ocrx_word' id='word_1_18' title='bbox 780 589 909 634; x_wconf 86' lang='lat' dir='ltr'><strong>sunt</strong></span> <span class='ocrx_word' id='word_1_19' title='bbox 948 582 1126 637; x_wconf 86' lang='lat' dir='ltr'><strong>aliena</strong></span> <span class='ocrx_word' id='word_1_20' title='bbox 1148 584 1510 654; x_wconf 86' lang='lat' dir='ltr'><strong>simplicibus.</strong></span> 
     </span>
    </p>
   </div>
   <div class='ocr_carea' id='block_1_5' title="bbox 598 665 2116 750">
    <p class='ocr_par' dir='ltr' id='par_1_5' title="bbox 598 665 2116 750">
     <span class='ocr_line' id='line_1_5' title="bbox 598 665 2116 750; baseline 0.007 -26"><span class='ocrx_word' id='word_1_21' title='bbox 598 665 764 725; x_wconf 74' lang='lat' dir='ltr'><strong>Vens.</strong></span> <span class='ocrx_word' id='word_1_22' title='bbox 794 671 985 728; x_wconf 68' lang='grc' dir='ltr'><em>ιι-ιδ.</em></span> <span class='ocrx_word' id='word_1_23' title='bbox 1017 694 1036 726; x_wconf 87' lang='grc'><em>‹</em></span> <span class='ocrx_word' id='word_1_24' title='bbox 1068 674 1393 746; x_wconf 86' lang='lat' dir='ltr'><strong>Quicunque</strong></span> <span class='ocrx_word' id='word_1_25' title='bbox 1415 692 1545 750; x_wconf 81' lang='lat' dir='ltr'><strong>ergo</strong></span> <span class='ocrx_word' id='word_1_26' title='bbox 1594 679 1897 735; x_wconf 89' lang='lat' dir='ltr'><strong>maculatus</strong></span> <span class='ocrx_word' id='word_1_27' title='bbox 1950 678 2116 734; x_wconf 83' lang='lat' dir='ltr'><strong>fuerit</strong></span> 
     </span>
    </p>
   </div>
   <div class='ocr_carea' id='block_1_6' title="bbox 524 759 2116 839">
    <p class='ocr_par' dir='ltr' id='par_1_6' title="bbox 524 759 2116 839">
     <span class='ocr_line' id='line_1_6' title="bbox 524 759 2116 839; baseline 0.008 -25"><span class='ocrx_word' id='word_1_28' title='bbox 524 759 698 830; x_wconf 84' lang='lat' dir='ltr'><strong>lepra,</strong></span> <span class='ocrx_word' id='word_1_29' title='bbox 733 774 789 817; x_wconf 89' lang='lat' dir='ltr'><strong>et</strong></span> <span class='ocrx_word' id='word_1_30' title='bbox 817 775 1102 835; x_wconf 89' lang='lat' dir='ltr'><strong>separatus</strong></span> <span class='ocrx_word' id='word_1_31' title='bbox 1131 768 1200 822; x_wconf 87' lang='lat' dir='ltr'><strong>ad</strong></span> <span class='ocrx_word' id='word_1_32' title='bbox 1248 769 1538 825; x_wconf 73' lang='lat' dir='ltr'><strong>arbitrium</strong></span> <span class='ocrx_word' id='word_1_33' title='bbox 1589 772 1907 839; x_wconf 79' lang='lat' dir='ltr'><strong>sacerdotis,</strong></span> <span class='ocrx_word' id='word_1_34' title='bbox 1945 773 2116 827; x_wconf 90' lang='lat' dir='ltr'><strong>habe-</strong></span> 
     </span>
    </p>
   </div>
   <div class='ocr_carea' id='block_1_7' title="bbox 524 850 2117 931">
    <p class='ocr_par' dir='ltr' id='par_1_7' title="bbox 524 850 2117 931">
     <span class='ocr_line' id='line_1_7' title="bbox 524 850 2117 931; baseline 0.008 -25"><span class='ocrx_word' id='word_1_35' title='bbox 524 850 607 907; x_wconf 86' lang='lat' dir='ltr'><strong>bit</strong></span> <span class='ocrx_word' id='word_1_36' title='bbox 628 854 956 912; x_wconf 85' lang='lat' dir='ltr'><strong>vestimenta</strong></span> <span class='ocrx_word' id='word_1_37' title='bbox 985 858 1218 925; x_wconf 89' lang='lat' dir='ltr'><strong>dissuta,</strong></span> <span class='ocrx_word' id='word_1_38' title='bbox 1254 870 1418 931; x_wconf 88' lang='lat' dir='ltr'><strong>caput</strong></span> <span class='ocrx_word' id='word_1_39' title='bbox 1450 861 1681 929; x_wconf 91' lang='lat' dir='ltr'><strong>nudum,</strong></span> <span class='ocrx_word' id='word_1_40' title='bbox 1721 879 1782 920; x_wconf 80' lang='lat' dir='ltr'><strong>os</strong></span> <span class='ocrx_word' id='word_1_41' title='bbox 1813 871 1962 919; x_wconf 91' lang='lat' dir='ltr'><strong>veste</strong></span> <span class='ocrx_word' id='word_1_42' title='bbox 1985 879 2117 918; x_wconf 87' lang='lat' dir='ltr'><strong>con-</strong></span> 
     </span>
    </p>
   </div>
   <div class='ocr_carea' id='block_1_8' title="bbox 480 951 2116 1020">
    <p class='ocr_par' dir='ltr' id='par_1_8' title="bbox 480 951 2116 1020">
     <span class='ocr_line' id='line_1_8' title="bbox 480 951 2116 1020; baseline 0.006 -19"><span class='ocrx_word' id='word_1_43' title='bbox 480 952 484 957; x_wconf 83' lang='lat'><strong>&#39;</strong></span> <span class='ocrx_word' id='word_1_44' title='bbox 526 956 754 1014; x_wconf 90' lang='lat' dir='ltr'><strong>tectum,</strong></span> <span class='ocrx_word' id='word_1_45' title='bbox 790 951 1218 1007; x_wconf 89' lang='lat' dir='ltr'><strong>contaminatum</strong></span> <span class='ocrx_word' id='word_1_46' title='bbox 1247 969 1312 1008; x_wconf 89' lang='lat' dir='ltr'><strong>ac</strong></span> <span class='ocrx_word' id='word_1_47' title='bbox 1342 954 1643 1020; x_wconf 88' lang='lat' dir='ltr'><strong>sordidum,</strong></span> <span class='ocrx_word' id='word_1_48' title='bbox 1680 956 1940 1010; x_wconf 79' lang='lat' dir='ltr'><strong>clamabit</strong></span> <span class='ocrx_word' id='word_1_49' title='bbox 1965 956 2116 1011; x_wconf 86' lang='lat' dir='ltr'><strong>omni</strong></span> 
     </span>
    </p>
   </div>
   <div class='ocr_carea' id='block_1_9' title="bbox 527 1042 2117 1113">
    <p class='ocr_par' dir='ltr' id='par_1_9' title="bbox 527 1042 2117 1113">
     <span class='ocr_line' id='line_1_9' title="bbox 527 1042 2117 1113; baseline 0.006 -21"><span class='ocrx_word' id='word_1_50' title='bbox 527 1048 773 1110; x_wconf 88' lang='lat' dir='ltr'><strong>tempore</strong></span> <span class='ocrx_word' id='word_1_51' title='bbox 800 1057 911 1111; x_wconf 89' lang='lat' dir='ltr'><strong>quo</strong></span> <span class='ocrx_word' id='word_1_52' title='bbox 932 1042 1181 1113; x_wconf 81' lang='lat' dir='ltr'><strong>leprosus</strong></span> <span class='ocrx_word' id='word_1_53' title='bbox 1206 1054 1309 1111; x_wconf 88' lang='lat' dir='ltr'><strong>est,</strong></span> <span class='ocrx_word' id='word_1_54' title='bbox 1338 1054 1393 1100; x_wconf 91' lang='lat' dir='ltr'><strong>et</strong></span> <span class='ocrx_word' id='word_1_55' title='bbox 1414 1046 1730 1101; x_wconf 87' lang='lat' dir='ltr'><strong>immundus</strong></span> <span class='ocrx_word' id='word_1_56' title='bbox 1775 1047 1924 1103; x_wconf 92' lang='lat' dir='ltr'><strong>solus</strong></span> <span class='ocrx_word' id='word_1_57' title='bbox 1957 1047 2117 1102; x_wconf 83' lang='lat' dir='ltr'><strong>habi-</strong></span> 
     </span>
    </p>
   </div>
   <div class='ocr_carea' id='block_1_10' title="bbox 527 1129 1113 1188">
    <p class='ocr_par' dir='ltr' id='par_1_10' title="bbox 527 1129 1113 1188">
     <span class='ocr_line' id='line_1_10' title="bbox 527 1129 1113 1188; baseline 0.002 -3"><span class='ocrx_word' id='word_1_58' title='bbox 527 1129 662 1186; x_wconf 88' lang='lat' dir='ltr'><strong>tabit</strong></span> <span class='ocrx_word' id='word_1_59' title='bbox 688 1138 840 1186; x_wconf 84' lang='lat' dir='ltr'><strong>extra</strong></span> <span class='ocrx_word' id='word_1_60' title='bbox 859 1142 1058 1188; x_wconf 89' lang='lat' dir='ltr'><strong>castra.</strong></span> <span class='ocrx_word' id='word_1_61' title='bbox 1093 1153 1113 1186; x_wconf 74' lang='grc' dir='ltr'><strong>ι</strong></span> 
     </span>
    </p>
   </div>
   <div class='ocr_carea' id='block_1_11' title="bbox 597 1221 2116 1299">
    <p class='ocr_par' dir='ltr' id='par_1_11' title="bbox 597 1221 2116 1299">
     <span class='ocr_line' id='line_1_11' title="bbox 597 1221 2116 1299; baseline 0.005 -24"><span class='ocrx_word' id='word_1_62' title='bbox 597 1221 673 1276; x_wconf 90' lang='lat' dir='ltr'><strong>Ea</strong></span> <span class='ocrx_word' id='word_1_63' title='bbox 703 1238 825 1292; x_wconf 67' lang='lat' dir='ltr'><strong>quae</strong></span> <span class='ocrx_word' id='word_1_64' title='bbox 852 1225 919 1278; x_wconf 91' lang='lat' dir='ltr'><strong>ad</strong></span> <span class='ocrx_word' id='word_1_65' title='bbox 944 1225 1135 1281; x_wconf 79' lang='lat' dir='ltr'><strong>facient</strong></span> <span class='ocrx_word' id='word_1_66' title='bbox 1167 1235 1250 1282; x_wconf 88' lang='lat' dir='ltr'><strong>est</strong></span> <span class='ocrx_word' id='word_1_67' title='bbox 1272 1227 1652 1299; x_wconf 88' lang='lat' dir='ltr'><strong>interpretatio</strong></span> <span class='ocrx_word' id='word_1_68' title='bbox 1688 1229 1905 1297; x_wconf 71' lang='lat' dir='ltr'><strong>litterae,</strong></span> <span class='ocrx_word' id='word_1_69' title='bbox 1932 1228 2116 1284; x_wconf 91' lang='lat' dir='ltr'><strong>omni-</strong></span> 
     </span>
    </p>
   </div>
   <div class='ocr_carea' id='block_1_12' title="bbox 523 1314 2119 1391">
    <p class='ocr_par' dir='ltr' id='par_1_12' title="bbox 523 1314 2119 1391">
     <span class='ocr_line' id='line_1_12' title="bbox 523 1314 2119 1391; baseline 0.005 -24"><span class='ocrx_word' id='word_1_70' title='bbox 523 1327 601 1368; x_wconf 89' lang='lat' dir='ltr'><strong>no</strong></span> <span class='ocrx_word' id='word_1_71' title='bbox 629 1314 816 1369; x_wconf 91' lang='lat' dir='ltr'><strong>multis</strong></span> <span class='ocrx_word' id='word_1_72' title='bbox 847 1316 1063 1371; x_wconf 88' lang='lat' dir='ltr'><strong>videtur</strong></span> <span class='ocrx_word' id='word_1_73' title='bbox 1105 1333 1225 1372; x_wconf 88' lang='lat' dir='ltr'><strong>esse</strong></span> <span class='ocrx_word' id='word_1_74' title='bbox 1256 1319 1504 1374; x_wconf 86' lang='lat' dir='ltr'><strong>ridicula.</strong></span> <span class='ocrx_word' id='word_1_75' title='bbox 1527 1319 1669 1385; x_wconf 83' lang='lat' dir='ltr'><strong>Quid</strong></span> <span class='ocrx_word' id='word_1_76' title='bbox 1697 1320 1844 1374; x_wconf 91' lang='lat' dir='ltr'><strong>enim</strong></span> <span class='ocrx_word' id='word_1_77' title='bbox 1897 1320 2119 1391; x_wconf 85' lang='lat' dir='ltr'><strong>prodest</strong></span> 
     </span>
    </p>
   </div>
   <div class='ocr_carea' id='block_1_13' title="bbox 523 1402 2112 1478">
    <p class='ocr_par' dir='ltr' id='par_1_13' title="bbox 523 1402 2112 1478">
     <span class='ocr_line' id='line_1_13' title="bbox 523 1402 2112 1478; baseline 0.004 -21"><span class='ocrx_word' id='word_1_78' title='bbox 523 1402 852 1458; x_wconf 83' lang='lat' dir='ltr'><strong>vestimenta</strong></span> <span class='ocrx_word' id='word_1_79' title='bbox 885 1405 1169 1472; x_wconf 71' lang='lat' dir='ltr'><strong>.dissuere,</strong></span> <span class='ocrx_word' id='word_1_80' title='bbox 1199 1415 1293 1462; x_wconf 90' lang='lat' dir='ltr'><strong>aut</strong></span> <span class='ocrx_word' id='word_1_81' title='bbox 1342 1417 1505 1478; x_wconf 85' lang='lat' dir='ltr'><strong>caput</strong></span> <span class='ocrx_word' id='word_1_82' title='bbox 1566 1409 1765 1464; x_wconf 81' lang='lat' dir='ltr'><strong>habere</strong></span> <span class='ocrx_word' id='word_1_83' title='bbox 1824 1410 2112 1476; x_wconf 87' lang='lat' dir='ltr'><strong>nudatum,</strong></span> 
     </span>
    </p>
   </div>
   <div class='ocr_carea' id='block_1_14' title="bbox 521 1492 2112 1573">
    <p class='ocr_par' dir='ltr' id='par_1_14' title="bbox 521 1492 2112 1573">
     <span class='ocr_line' id='line_1_14' title="bbox 521 1492 2112 1573; baseline 0.006 -29"><span class='ocrx_word' id='word_1_84' title='bbox 521 1504 590 1544; x_wconf 88' lang='lat' dir='ltr'><strong>os</strong></span> <span class='ocrx_word' id='word_1_85' title='bbox 613 1499 924 1546; x_wconf 92' lang='lat' dir='ltr'><strong>contectum</strong></span> <span class='ocrx_word' id='word_1_86' title='bbox 999 1492 1112 1548; x_wconf 84' lang='lat' dir='ltr'><strong>Nec</strong></span> <span class='ocrx_word' id='word_1_87' title='bbox 1143 1494 1232 1549; x_wconf 90' lang='lat' dir='ltr'><strong>ille</strong></span> <span class='ocrx_word' id='word_1_88' title='bbox 1265 1496 1413 1549; x_wconf 91' lang='lat' dir='ltr'><strong>enim</strong></span> <span class='ocrx_word' id='word_1_89' title='bbox 1459 1497 1552 1567; x_wconf 92' lang='lat' dir='ltr'><strong>qui</strong></span> <span class='ocrx_word' id='word_1_90' title='bbox 1582 1513 1811 1568; x_wconf 89' lang='lat' dir='ltr'><strong>corpore</strong></span> <span class='ocrx_word' id='word_1_91' title='bbox 1843 1499 2112 1568; x_wconf 75' lang='lat' dir='ltr'><strong>leprdsus,</strong></span> 
     </span>
    </p>
   </div>
   <div class='ocr_carea' id='block_1_15' title="bbox 522 1583 2114 1662">
    <p class='ocr_par' dir='ltr' id='par_1_15' title="bbox 522 1583 2114 1662">
     <span class='ocr_line' id='line_1_15' title="bbox 522 1583 2114 1662; baseline 0.007 -26"><span class='ocrx_word' id='word_1_92' title='bbox 522 1583 748 1638; x_wconf 81' lang='lat' dir='ltr'><strong>odorem</strong></span> <span class='ocrx_word' id='word_1_93' title='bbox 782 1585 952 1654; x_wconf 89' lang='lat' dir='ltr'><strong>spirat</strong></span> <span class='ocrx_word' id='word_1_94' title='bbox 984 1587 1224 1655; x_wconf 90' lang='lat' dir='ltr'><strong>pudoris,</strong></span> <span class='ocrx_word' id='word_1_95' title='bbox 1250 1597 1310 1642; x_wconf 87' lang='lat' dir='ltr'><strong>ut</strong></span> <span class='ocrx_word' id='word_1_96' title='bbox 1358 1598 1505 1643; x_wconf 88' lang='lat' dir='ltr'><strong>recte</strong></span> <span class='ocrx_word' id='word_1_97' title='bbox 1530 1604 1591 1644; x_wconf 89' lang='lat' dir='ltr'><strong>os</strong></span> <span class='ocrx_word' id='word_1_98' title='bbox 1638 1605 1798 1646; x_wconf 84' lang='lat' dir='ltr'><strong>suum</strong></span> <span class='ocrx_word' id='word_1_99' title='bbox 1850 1592 2013 1662; x_wconf 92' lang='lat' dir='ltr'><strong>hujus</strong></span> <span class='ocrx_word' id='word_1_100' title='bbox 2036 1594 2114 1648; x_wconf 94' lang='lat' dir='ltr'><strong>rei</strong></span> 
     </span>
    </p>
   </div>
   <div class='ocr_carea' id='block_1_16' title="bbox 522 1664 2113 1752">
    <p class='ocr_par' dir='ltr' id='par_1_16' title="bbox 522 1664 2113 1752">
     <span class='ocr_line' id='line_1_16' title="bbox 522 1664 2113 1752; baseline 0.005 -22"><span class='ocrx_word' id='word_1_101' title='bbox 522 1677 736 1744; x_wconf 87' lang='lat' dir='ltr'><strong>operiat</strong></span> <span class='ocrx_word' id='word_1_102' title='bbox 763 1664 959 1747; x_wconf 75' lang='lat' dir='ltr'><strong>gratia.</strong></span> <span class='ocrx_word' id='word_1_103' title='bbox 991 1678 1097 1732; x_wconf 91' lang='lat' dir='ltr'><strong>Sed</strong></span> <span class='ocrx_word' id='word_1_104' title='bbox 1135 1680 1262 1748; x_wconf 90' lang='lat' dir='ltr'><strong>quia</strong></span> <span class='ocrx_word' id='word_1_105' title='bbox 1296 1681 1571 1750; x_wconf 90' lang='lat' dir='ltr'><strong>leprosum</strong></span> <span class='ocrx_word' id='word_1_106' title='bbox 1616 1680 1896 1752; x_wconf 81' lang='lat' dir='ltr'><strong>legislator</strong></span> <span class='ocrx_word' id='word_1_107' title='bbox 1948 1682 2113 1738; x_wconf 88' lang='lat' dir='ltr'><strong>intel-</strong></span> 
     </span>
    </p>
   </div>
   <div class='ocr_carea' id='block_1_17' title="bbox 523 1765 2114 1844">
    <p class='ocr_par' dir='ltr' id='par_1_17' title="bbox 523 1765 2114 1844">
     <span class='ocr_line' id='line_1_17' title="bbox 523 1765 2114 1844; baseline 0.006 -23"><span class='ocrx_word' id='word_1_108' title='bbox 523 1765 655 1822; x_wconf 77' lang='lat' dir='ltr'><strong>lexit</strong></span> <span class='ocrx_word' id='word_1_109' title='bbox 684 1782 832 1835; x_wconf 91' lang='lat' dir='ltr'><strong>eum,</strong></span> <span class='ocrx_word' id='word_1_110' title='bbox 867 1770 958 1839; x_wconf 90' lang='lat' dir='ltr'><strong>qui</strong></span> <span class='ocrx_word' id='word_1_111' title='bbox 991 1771 1290 1825; x_wconf 88' lang='lat' dir='ltr'><strong>secundum</strong></span> <span class='ocrx_word' id='word_1_112' title='bbox 1325 1773 1580 1842; x_wconf 69' lang='lat' dir='ltr'><strong>prmdicta</strong></span> <span class='ocrx_word' id='word_1_113' title='bbox 1622 1782 1844 1844; x_wconf 85' lang='lat' dir='ltr'><strong>peccata</strong></span> <span class='ocrx_word' id='word_1_114' title='bbox 1875 1775 2114 1830; x_wconf 90' lang='lat' dir='ltr'><strong>immun-</strong></span> 
     </span>
    </p>
   </div>
   <div class='ocr_carea' id='block_1_18' title="bbox 521 1856 2117 1937">
    <p class='ocr_par' dir='ltr' id='par_1_18' title="bbox 521 1856 2117 1937">
     <span class='ocr_line' id='line_1_18' title="bbox 521 1856 2117 1937; baseline 0.005 -22"><span class='ocrx_word' id='word_1_115' title='bbox 521 1856 627 1915; x_wconf 89' lang='lat' dir='ltr'><strong>dus</strong></span> <span class='ocrx_word' id='word_1_116' title='bbox 655 1867 759 1924; x_wconf 88' lang='lat' dir='ltr'><strong>est,</strong></span> <span class='ocrx_word' id='word_1_117' title='bbox 788 1862 1101 1916; x_wconf 85' lang='lat' dir='ltr'><strong>necessarie</strong></span> <span class='ocrx_word' id='word_1_118' title='bbox 1130 1862 1250 1932; x_wconf 85' lang='lat' dir='ltr'><strong>ejus</strong></span> <span class='ocrx_word' id='word_1_119' title='bbox 1278 1863 1503 1919; x_wconf 86' lang='lat' dir='ltr'><strong>dissolvi</strong></span> <span class='ocrx_word' id='word_1_120' title='bbox 1531 1865 1854 1920; x_wconf 85' lang='lat' dir='ltr'><strong>vestimenta</strong></span> <span class='ocrx_word' id='word_1_121' title='bbox 1907 1882 2117 1937; x_wconf 70' lang='lat' dir='ltr'><strong>praece-</strong></span> 
     </span>
    </p>
   </div>
   <div class='ocr_carea' id='block_1_19' title="bbox 514 1950 2119 2026">
    <p class='ocr_par' dir='ltr' id='par_1_19' title="bbox 514 1950 2119 2026">
     <span class='ocr_line' id='line_1_19' title="bbox 514 1950 2119 2026; baseline 0.008 -25"><span class='ocrx_word' id='word_1_122' title='bbox 514 1950 689 2019; x_wconf 79' lang='lat' dir='ltr'><strong>cepit,</strong></span> <span class='ocrx_word' id='word_1_123' title='bbox 718 1961 777 2004; x_wconf 91' lang='lat' dir='ltr'><strong>ut</strong></span> <span class='ocrx_word' id='word_1_124' title='bbox 824 1967 923 2022; x_wconf 91' lang='lat' dir='ltr'><strong>per</strong></span> <span class='ocrx_word' id='word_1_125' title='bbox 967 1954 1071 2008; x_wconf 89' lang='lat' dir='ltr'><strong>hoc</strong></span> <span class='ocrx_word' id='word_1_126' title='bbox 1122 1955 1379 2025; x_wconf 79' lang='lat' dir='ltr'><strong>cognosci</strong></span> <span class='ocrx_word' id='word_1_127' title='bbox 1425 1956 1599 2026; x_wconf 84' lang='lat' dir='ltr'><strong>possit</strong></span> <span class='ocrx_word' id='word_1_128' title='bbox 1646 1958 1773 2026; x_wconf 88' lang='lat' dir='ltr'><strong>quia</strong></span> <span class='ocrx_word' id='word_1_129' title='bbox 1821 1958 2119 2014; x_wconf 88' lang='lat' dir='ltr'><strong>dissolutas</strong></span> 
     </span>
    </p>
   </div>
   <div class='ocr_carea' id='block_1_20' title="bbox 524 2034 2119 2120">
    <p class='ocr_par' dir='ltr' id='par_1_20' title="bbox 524 2034 2119 2120">
     <span class='ocr_line' id='line_1_20' title="bbox 524 2034 2119 2120; baseline 0.008 -27"><span class='ocrx_word' id='word_1_130' title='bbox 524 2041 721 2097; x_wconf 76' lang='lat' dir='ltr'><strong>habeat</strong></span> <span class='ocrx_word' id='word_1_131' title='bbox 761 2045 990 2101; x_wconf 70' lang='lat' dir='ltr'><strong>virtutes</strong></span> <span class='ocrx_word' id='word_1_132' title='bbox 1025 2056 1190 2116; x_wconf 92' lang='lat' dir='ltr'><strong>atque</strong></span> <span class='ocrx_word' id='word_1_133' title='bbox 1226 2047 1368 2102; x_wconf 90' lang='lat' dir='ltr'><strong>vires</strong></span> <span class='ocrx_word' id='word_1_134' title='bbox 1425 2050 1620 2104; x_wconf 72' lang='lat' dir='ltr'><strong>animae</strong></span> <span class='ocrx_word' id='word_1_135' title='bbox 1660 2066 1821 2120; x_wconf 75' lang='lat' dir='ltr'><strong>:qua:</strong></span> <span class='ocrx_word' id='word_1_136' title='bbox 1877 2066 1996 2105; x_wconf 90' lang='lat' dir='ltr'><strong>eam</strong></span> <span class='ocrx_word' id='word_1_137' title='bbox 2020 2034 2119 2106; x_wconf 36' lang='lat' dir='ltr'><strong>(ab</strong></span> 
     </span>
    </p>
   </div>
   <div class='ocr_carea' id='block_1_21' title="bbox 515 2134 2119 2206">
    <p class='ocr_par' dir='ltr' id='par_1_21' title="bbox 515 2134 2119 2206">
     <span class='ocr_line' id='line_1_21' title="bbox 515 2134 2119 2206; baseline 0.005 -19"><span class='ocrx_word' id='word_1_138' title='bbox 515 2138 656 2187; x_wconf 68' lang='grc' dir='ltr'><em>,ωειιι</em></span> <span class='ocrx_word' id='word_1_139' title='bbox 685 2141 849 2202; x_wconf 85' lang='lat' dir='ltr'><strong>atque</strong></span> <span class='ocrx_word' id='word_1_140' title='bbox 876 2134 1001 2204; x_wconf 74' lang='lat' dir='ltr'><strong>gelu</strong></span> <span class='ocrx_word' id='word_1_141' title='bbox 1042 2135 1253 2204; x_wconf 88' lang='lat' dir='ltr'><strong>peccati</strong></span> <span class='ocrx_word' id='word_1_142' title='bbox 1282 2143 1543 2206; x_wconf 83' lang='lat' dir='ltr'><strong>poterant</strong></span> <span class='ocrx_word' id='word_1_143' title='bbox 1577 2139 1875 2193; x_wconf 87' lang='lat' dir='ltr'><strong>custodire.</strong></span> <span class='ocrx_word' id='word_1_144' title='bbox 1906 2138 2119 2195; x_wconf 86' lang='lat' dir='ltr'><strong>Habere</strong></span> 
     </span>
    </p>
   </div>
   <div class='ocr_carea' id='block_1_22' title="bbox 515 2226 2121 2299">
    <p class='ocr_par' dir='ltr' id='par_1_22' title="bbox 515 2226 2121 2299">
     <span class='ocr_line' id='line_1_22' title="bbox 515 2226 2121 2299; baseline 0.006 -23"><span class='ocrx_word' id='word_1_145' title='bbox 515 2230 704 2285; x_wconf 73' lang='lat' dir='ltr'><strong>autem</strong></span> <span class='ocrx_word' id='word_1_146' title='bbox 730 2239 855 2278; x_wconf 89' lang='lat' dir='ltr'><strong>eum</strong></span> <span class='ocrx_word' id='word_1_147' title='bbox 886 2233 942 2280; x_wconf 95' lang='lat' dir='ltr'><strong>et</strong></span> <span class='ocrx_word' id='word_1_148' title='bbox 963 2236 1128 2295; x_wconf 89' lang='lat' dir='ltr'><strong>caput</strong></span> <span class='ocrx_word' id='word_1_149' title='bbox 1156 2226 1419 2281; x_wconf 85' lang='lat' dir='ltr'><strong>nudatum</strong></span> <span class='ocrx_word' id='word_1_150' title='bbox 1452 2229 1730 2298; x_wconf 66' lang='lat' dir='ltr'><strong>praecepit,</strong></span> <span class='ocrx_word' id='word_1_151' title='bbox 1755 2237 1945 2299; x_wconf 90' lang='lat' dir='ltr'><strong>utpote</strong></span> <span class='ocrx_word' id='word_1_152' title='bbox 1974 2231 2121 2285; x_wconf 86' lang='lat' dir='ltr'><strong>salu-</strong></span> 
     </span>
    </p>
   </div>
   <div class='ocr_carea' id='block_1_23' title="bbox 517 2316 2118 2391">
    <p class='ocr_par' dir='ltr' id='par_1_23' title="bbox 517 2316 2118 2391">
     <span class='ocr_line' id='line_1_23' title="bbox 517 2316 2118 2391; baseline 0.006 -23"><span class='ocrx_word' id='word_1_153' title='bbox 517 2316 596 2377; x_wconf 68' lang='lat' dir='ltr'><strong>tis</strong></span> <span class='ocrx_word' id='word_1_154' title='bbox 626 2317 831 2386; x_wconf 79' lang='lat' dir='ltr'><strong>galeam</strong></span> <span class='ocrx_word' id='word_1_155' title='bbox 871 2333 983 2372; x_wconf 89' lang='lat' dir='ltr'><strong>non</strong></span> <span class='ocrx_word' id='word_1_156' title='bbox 1028 2318 1345 2384; x_wconf 85' lang='lat' dir='ltr'><strong>habentem,</strong></span> <span class='ocrx_word' id='word_1_157' title='bbox 1385 2336 1548 2391; x_wconf 86' lang='lat' dir='ltr'><strong>quam</strong></span> <span class='ocrx_word' id='word_1_158' title='bbox 1603 2320 1807 2376; x_wconf 84' lang='lat' dir='ltr'><strong>Paulus</strong></span> <span class='ocrx_word' id='word_1_159' title='bbox 1844 2322 1989 2378; x_wconf 89' lang='lat' dir='ltr'><strong>inter</strong></span> <span class='ocrx_word' id='word_1_160' title='bbox 2030 2323 2118 2377; x_wconf 89' lang='lat' dir='ltr'><strong>in-</strong></span> 
     </span>
    </p>
   </div>
   <div class='ocr_carea' id='block_1_24' title="bbox 525 2410 2116 2482">
    <p class='ocr_par' dir='ltr' id='par_1_24' title="bbox 525 2410 2116 2482">
     <span class='ocr_line' id='line_1_24' title="bbox 525 2410 2116 2482; baseline 0.006 -23"><span class='ocrx_word' id='word_1_161' title='bbox 525 2410 830 2480; x_wconf 77' lang='lat' dir='ltr'><strong>tcHigihiI-ia</strong></span> <span class='ocrx_word' id='word_1_162' title='bbox 870 2427 1026 2466; x_wconf 89' lang='lat' dir='ltr'><strong>arma</strong></span> <span class='ocrx_word' id='word_1_163' title='bbox 1074 2411 1214 2466; x_wconf 89' lang='lat' dir='ltr'><strong>sumi</strong></span> <span class='ocrx_word' id='word_1_164' title='bbox 1270 2412 1529 2482; x_wconf 68' lang='lat' dir='ltr'><strong>praecepit</strong></span> <span class='ocrx_word' id='word_1_165' title='bbox 1567 2413 1634 2467; x_wconf 82' lang='lat'><strong>&quot;.</strong></span> <span class='ocrx_word' id='word_1_166' title='bbox 1667 2410 1741 2467; x_wconf 88' lang='lat' dir='ltr'><strong>Os</strong></span> <span class='ocrx_word' id='word_1_167' title='bbox 1790 2413 1954 2468; x_wconf 90' lang='lat' dir='ltr'><strong>etiam</strong></span> <span class='ocrx_word' id='word_1_168' title='bbox 2006 2429 2116 2468; x_wconf 92' lang='lat' dir='ltr'><strong>non</strong></span> 
     </span>
    </p>
   </div>
   <div class='ocr_carea' id='block_1_25' title="bbox 523 2503 2120 2574">
    <p class='ocr_par' dir='ltr' id='par_1_25' title="bbox 523 2503 2120 2574">
     <span class='ocr_line' id='line_1_25' title="bbox 523 2503 2120 2574; baseline 0.003 -18"><span class='ocrx_word' id='word_1_169' title='bbox 523 2503 734 2558; x_wconf 78' lang='lat' dir='ltr'><strong>frustra</strong></span> <span class='ocrx_word' id='word_1_170' title='bbox 758 2504 962 2573; x_wconf 70' lang='lat' dir='ltr'><strong>openiri</strong></span> <span class='ocrx_word' id='word_1_171' title='bbox 1002 2504 1279 2574; x_wconf 67' lang='lat' dir='ltr'><strong>praecepit,</strong></span> <span class='ocrx_word' id='word_1_172' title='bbox 1317 2504 1412 2559; x_wconf 90' lang='lat' dir='ltr'><strong>sed</strong></span> <span class='ocrx_word' id='word_1_173' title='bbox 1454 2504 1581 2574; x_wconf 89' lang='lat' dir='ltr'><strong>quia</strong></span> <span class='ocrx_word' id='word_1_174' title='bbox 1610 2519 1735 2561; x_wconf 85' lang='lat' dir='ltr'><strong>cum</strong></span> <span class='ocrx_word' id='word_1_175' title='bbox 1764 2505 1888 2559; x_wconf 90' lang='lat' dir='ltr'><strong>mali</strong></span> <span class='ocrx_word' id='word_1_176' title='bbox 1935 2506 2120 2560; x_wconf 90' lang='lat' dir='ltr'><strong>odoris</strong></span> 
     </span>
    </p>
   </div>
   <div class='ocr_carea' id='block_1_26' title="bbox 522 2593 2120 2664">
    <p class='ocr_par' dir='ltr' id='par_1_26' title="bbox 522 2593 2120 2664">
     <span class='ocr_line' id='line_1_26' title="bbox 522 2593 2120 2664; baseline 0.003 -19"><span class='ocrx_word' id='word_1_177' title='bbox 522 2599 804 2660; x_wconf 84' lang='lat' dir='ltr'><strong>peccatum</strong></span> <span class='ocrx_word' id='word_1_178' title='bbox 840 2593 930 2659; x_wconf 88' lang='lat' dir='ltr'><strong>sit,</strong></span> <span class='ocrx_word' id='word_1_179' title='bbox 961 2600 1015 2647; x_wconf 90' lang='lat' dir='ltr'><strong>et</strong></span> <span class='ocrx_word' id='word_1_180' title='bbox 1047 2607 1265 2648; x_wconf 91' lang='lat' dir='ltr'><strong>onmem</strong></span> <span class='ocrx_word' id='word_1_181' title='bbox 1306 2609 1534 2664; x_wconf 84' lang='lat' dir='ltr'><strong>pravam</strong></span> <span class='ocrx_word' id='word_1_182' title='bbox 1571 2594 1786 2649; x_wconf 89' lang='lat' dir='ltr'><strong>emittat</strong></span> <span class='ocrx_word' id='word_1_183' title='bbox 1822 2596 2120 2650; x_wconf 77' lang='lat' dir='ltr'><strong>exhalatio—</strong></span> 
     </span>
    </p>
   </div>
   <div class='ocr_carea' id='block_1_27' title="bbox 521 2684 2116 2757">
    <p class='ocr_par' dir='ltr' id='par_1_27' title="bbox 521 2684 2116 2757">
     <span class='ocr_line' id='line_1_27' title="bbox 521 2684 2116 2757; baseline 0.004 -21"><span class='ocrx_word' id='word_1_184' title='bbox 521 2695 673 2747; x_wconf 85' lang='lat' dir='ltr'><strong>nem,</strong></span> <span class='ocrx_word' id='word_1_185' title='bbox 713 2684 884 2738; x_wconf 92' lang='lat' dir='ltr'><strong>multo</strong></span> <span class='ocrx_word' id='word_1_186' title='bbox 914 2685 1086 2754; x_wconf 83' lang='lat' dir='ltr'><strong>magis</strong></span> <span class='ocrx_word' id='word_1_187' title='bbox 1110 2695 1290 2741; x_wconf 90' lang='lat' dir='ltr'><strong>tamen</strong></span> <span class='ocrx_word' id='word_1_188' title='bbox 1324 2701 1443 2741; x_wconf 89' lang='lat' dir='ltr'><strong>eam</strong></span> <span class='ocrx_word' id='word_1_189' title='bbox 1465 2702 1588 2757; x_wconf 68' lang='lat' dir='ltr'><strong>qua:</strong></span> <span class='ocrx_word' id='word_1_190' title='bbox 1612 2703 1710 2757; x_wconf 90' lang='lat' dir='ltr'><strong>per</strong></span> <span class='ocrx_word' id='word_1_191' title='bbox 1745 2688 1985 2754; x_wconf 77' lang='lat' dir='ltr'><strong>linguam</strong></span> <span class='ocrx_word' id='word_1_192' title='bbox 2004 2698 2116 2752; x_wconf 86' lang='lat' dir='ltr'><strong>est,</strong></span> 
     </span>
    </p>
   </div>
   <div class='ocr_carea' id='block_1_28' title="bbox 523 2774 2120 2848">
    <p class='ocr_par' dir='ltr' id='par_1_28' title="bbox 523 2774 2120 2848">
     <span class='ocr_line' id='line_1_28' title="bbox 523 2774 2120 2848; baseline 0.005 -22"><span class='ocrx_word' id='word_1_193' title='bbox 523 2774 771 2842; x_wconf 80' lang='lat' dir='ltr'><strong>possidet</strong></span> <span class='ocrx_word' id='word_1_194' title='bbox 798 2790 812 2827; x_wconf 91' lang='lat'><strong>:</strong></span> <span class='ocrx_word' id='word_1_195' title='bbox 845 2774 1007 2829; x_wconf 84' lang='lat' dir='ltr'><strong>simul</strong></span> <span class='ocrx_word' id='word_1_196' title='bbox 1034 2776 1198 2830; x_wconf 91' lang='lat' dir='ltr'><strong>etiam</strong></span> <span class='ocrx_word' id='word_1_197' title='bbox 1231 2786 1286 2830; x_wconf 90' lang='lat' dir='ltr'><strong>et</strong></span> <span class='ocrx_word' id='word_1_198' title='bbox 1316 2792 1346 2831; x_wconf 91' lang='lat' dir='ltr'><strong>a</strong></span> <span class='ocrx_word' id='word_1_199' title='bbox 1380 2776 1642 2831; x_wconf 87' lang='lat' dir='ltr'><strong>doctorali</strong></span> <span class='ocrx_word' id='word_1_200' title='bbox 1675 2777 1942 2848; x_wconf 82' lang='lat' dir='ltr'><strong>dignitate</strong></span> <span class='ocrx_word' id='word_1_201' title='bbox 1970 2782 2120 2834; x_wconf 87' lang='lat' dir='ltr'><strong>hunc</strong></span> 
     </span>
    </p>
   </div>
   <div class='ocr_carea' id='block_1_29' title="bbox 521 2865 2118 2941">
    <p class='ocr_par' dir='ltr' id='par_1_29' title="bbox 521 2865 2118 2941">
     <span class='ocr_line' id='line_1_29' title="bbox 521 2865 2118 2941; baseline 0.006 -22"><span class='ocrx_word' id='word_1_202' title='bbox 521 2865 616 2935; x_wconf 87' lang='lat' dir='ltr'><strong>qui</strong></span> <span class='ocrx_word' id='word_1_203' title='bbox 651 2866 772 2920; x_wconf 84' lang='lat' dir='ltr'><strong>talis</strong></span> <span class='ocrx_word' id='word_1_204' title='bbox 804 2875 891 2922; x_wconf 86' lang='lat' dir='ltr'><strong>est</strong></span> <span class='ocrx_word' id='word_1_205' title='bbox 913 2868 1188 2937; x_wconf 88' lang='lat' dir='ltr'><strong>prohibet.</strong></span> <span class='ocrx_word' id='word_1_206' title='bbox 1220 2868 1505 2935; x_wconf 82' lang='lat' dir='ltr'><strong>Quomodo</strong></span> <span class='ocrx_word' id='word_1_207' title='bbox 1532 2871 1677 2925; x_wconf 87' lang='lat' dir='ltr'><strong>enim</strong></span> <span class='ocrx_word' id='word_1_208' title='bbox 1707 2872 1882 2941; x_wconf 69' lang='lat' dir='ltr'><strong>culpae</strong></span> <span class='ocrx_word' id='word_1_209' title='bbox 1929 2887 2118 2927; x_wconf 88' lang='lat' dir='ltr'><strong>casum</strong></span> 
     </span>
    </p>
   </div>
   <div class='ocr_carea' id='block_1_30' title="bbox 520 2958 2121 3034">
    <p class='ocr_par' dir='ltr' id='par_1_30' title="bbox 520 2958 2121 3034">
     <span class='ocr_line' id='line_1_30' title="bbox 520 2958 2121 3034; baseline 0.006 -24"><span class='ocrx_word' id='word_1_210' title='bbox 520 2967 794 3023; x_wconf 78' lang='lat' dir='ltr'><strong>coerceat,</strong></span> <span class='ocrx_word' id='word_1_211' title='bbox 823 2958 914 3029; x_wconf 82' lang='lat' dir='ltr'><strong>qui</strong></span> <span class='ocrx_word' id='word_1_212' title='bbox 955 2970 1039 3014; x_wconf 89' lang='lat' dir='ltr'><strong>est</strong></span> <span class='ocrx_word' id='word_1_213' title='bbox 1082 2960 1198 3029; x_wconf 92' lang='lat' dir='ltr'><strong>ipse</strong></span> <span class='ocrx_word' id='word_1_214' title='bbox 1228 2961 1559 3032; x_wconf 87' lang='lat' dir='ltr'><strong>culpabilis?</strong></span> <span class='ocrx_word' id='word_1_215' title='bbox 1587 2962 1875 3029; x_wconf 81' lang='lat' dir='ltr'><strong>Quomodo</strong></span> <span class='ocrx_word' id='word_1_216' title='bbox 1898 2965 1991 3034; x_wconf 91' lang='lat' dir='ltr'><strong>qui</strong></span> <span class='ocrx_word' id='word_1_217' title='bbox 2033 2965 2121 3019; x_wconf 77' lang='lat' dir='ltr'><strong>fu-</strong></span> 
     </span>
    </p>
   </div>
   <div class='ocr_carea' id='block_1_31' title="bbox 523 3049 2120 3126">
    <p class='ocr_par' dir='ltr' id='par_1_31' title="bbox 523 3049 2120 3126">
     <span class='ocr_line' id='line_1_31' title="bbox 523 3049 2120 3126; baseline 0.005 -24"><span class='ocrx_word' id='word_1_218' title='bbox 523 3056 699 3111; x_wconf 85' lang='lat' dir='ltr'><strong>ratur,</strong></span> <span class='ocrx_word' id='word_1_219' title='bbox 730 3049 1012 3118; x_wconf 61' lang='lat' dir='ltr'><strong>praecipiat</strong></span> <span class='ocrx_word' id='word_1_220' title='bbox 1042 3067 1151 3105; x_wconf 92' lang='lat' dir='ltr'><strong>non</strong></span> <span class='ocrx_word' id='word_1_221' title='bbox 1192 3051 1403 3107; x_wconf 81' lang='lat' dir='ltr'><strong>furari?</strong></span> <span class='ocrx_word' id='word_1_222' title='bbox 1439 3054 1532 3123; x_wconf 86' lang='lat' dir='ltr'><strong>qui</strong></span> <span class='ocrx_word' id='word_1_223' title='bbox 1568 3055 1898 3122; x_wconf 86' lang='lat' dir='ltr'><strong>moechatur,</strong></span> <span class='ocrx_word' id='word_1_224' title='bbox 1930 3055 2120 3126; x_wconf 84' lang='lat' dir='ltr'><strong>jubeat</strong></span> 
     </span>
    </p>
   </div>
   <div class='ocr_carea' id='block_1_32' title="bbox 2222 584 3754 658">
    <p class='ocr_par' dir='ltr' id='par_1_32' title="bbox 2222 584 3754 658">
     <span class='ocr_line' id='line_1_32' title="bbox 2222 584 3754 658; baseline 0.004 -21"><span class='ocrx_word' id='word_1_225' title='bbox 2222 592 2434 654; x_wconf 84' lang='lat' dir='ltr'><strong>septem</strong></span> <span class='ocrx_word' id='word_1_226' title='bbox 2472 584 2686 652; x_wconf 89' lang='lat' dir='ltr'><strong>diebus,</strong></span> <span class='ocrx_word' id='word_1_227' title='bbox 2730 595 2786 640; x_wconf 90' lang='lat' dir='ltr'><strong>et</strong></span> <span class='ocrx_word' id='word_1_228' title='bbox 2843 586 2932 641; x_wconf 88' lang='lat' dir='ltr'><strong>die</strong></span> <span class='ocrx_word' id='word_1_229' title='bbox 2981 586 3214 656; x_wconf 86' lang='lat' dir='ltr'><strong>septimo</strong></span> <span class='ocrx_word' id='word_1_230' title='bbox 3265 602 3478 641; x_wconf 87' lang='lat' dir='ltr'><strong>rursum</strong></span> <span class='ocrx_word' id='word_1_231' title='bbox 3514 588 3754 658; x_wconf 83' lang='lat' dir='ltr'><strong>aspiciens,</strong></span> 
     </span>
    </p>
   </div>
   <div class='ocr_carea' id='block_1_33' title="bbox 2220 676 3754 750">
    <p class='ocr_par' dir='ltr' id='par_1_33' title="bbox 2220 676 3754 750">
     <span class='ocr_line' id='line_1_33' title="bbox 2220 676 3754 750; baseline 0.002 -19"><span class='ocrx_word' id='word_1_232' title='bbox 2220 676 2264 731; x_wconf 91' lang='lat' dir='ltr'><strong>si</strong></span> <span class='ocrx_word' id='word_1_233' title='bbox 2312 678 2553 732; x_wconf 87' lang='lat' dir='ltr'><strong>crevisse</strong></span> <span class='ocrx_word' id='word_1_234' title='bbox 2596 677 3021 747; x_wconf 84' lang='lat' dir='ltr'><strong>deprehenderit</strong></span> <span class='ocrx_word' id='word_1_235' title='bbox 3088 678 3240 747; x_wconf 86' lang='lat' dir='ltr'><strong>lepra</strong></span> <span class='ocrx_word' id='word_1_236' title='bbox 3298 693 3640 750; x_wconf 81' lang='lat' dir='ltr'><strong>perseverans</strong></span> <span class='ocrx_word' id='word_1_237' title='bbox 3674 689 3754 745; x_wconf 85' lang='lat' dir='ltr'><strong>est,</strong></span> 
     </span>
    </p>
   </div>
   <div class='ocr_carea' id='block_1_34' title="bbox 2219 756 3754 841">
    <p class='ocr_par' dir='ltr' id='par_1_34' title="bbox 2219 756 3754 841">
     <span class='ocr_line' id='line_1_34' title="bbox 2219 756 3754 841; baseline 0.003 -19"><span class='ocrx_word' id='word_1_238' title='bbox 2219 770 2490 839; x_wconf 88' lang='lat' dir='ltr'><strong>pollutum</strong></span> <span class='ocrx_word' id='word_1_239' title='bbox 2527 770 2795 839; x_wconf 89' lang='lat' dir='ltr'><strong>judicahit</strong></span> <span class='ocrx_word' id='word_1_240' title='bbox 2842 756 3253 837; x_wconf 82' lang='lat' dir='ltr'><strong>vestimentum,</strong></span> <span class='ocrx_word' id='word_1_241' title='bbox 3286 780 3341 826; x_wconf 89' lang='lat' dir='ltr'><strong>et</strong></span> <span class='ocrx_word' id='word_1_242' title='bbox 3386 787 3545 827; x_wconf 90' lang='lat' dir='ltr'><strong>omne</strong></span> <span class='ocrx_word' id='word_1_243' title='bbox 3581 772 3631 825; x_wconf 90' lang='lat' dir='ltr'><strong>in</strong></span> <span class='ocrx_word' id='word_1_244' title='bbox 3669 788 3754 841; x_wconf 87' lang='lat' dir='ltr'><strong>quo</strong></span> 
     </span>
    </p>
   </div>
   <div class='ocr_carea' id='block_1_35' title="bbox 2219 859 3755 928">
    <p class='ocr_par' dir='ltr' id='par_1_35' title="bbox 2219 859 3755 928">
     <span class='ocr_line' id='line_1_35' title="bbox 2219 859 3755 928; baseline 0.003 -14"><span class='ocrx_word' id='word_1_245' title='bbox 2219 859 2385 916; x_wconf 88' lang='lat' dir='ltr'><strong>fuerit</strong></span> <span class='ocrx_word' id='word_1_246' title='bbox 2409 862 2654 928; x_wconf 83' lang='lat' dir='ltr'><strong>inventa,</strong></span> <span class='ocrx_word' id='word_1_247' title='bbox 2676 872 2732 917; x_wconf 94' lang='lat' dir='ltr'><strong>et</strong></span> <span class='ocrx_word' id='word_1_248' title='bbox 2757 861 2960 917; x_wconf 90' lang='lat' dir='ltr'><strong>idcirco</strong></span> <span class='ocrx_word' id='word_1_249' title='bbox 2986 863 3341 918; x_wconf 86' lang='lat' dir='ltr'><strong>comburetur</strong></span> <span class='ocrx_word' id='word_1_250' title='bbox 3365 862 3604 918; x_wconf 79' lang='lat' dir='ltr'><strong>ﬂammis.</strong></span> <span class='ocrx_word' id='word_1_251' title='bbox 3633 863 3755 928; x_wconf 84' lang='lat' dir='ltr'><strong>Quod</strong></span> 
     </span>
    </p>
   </div>
   <div class='ocr_carea' id='block_1_36' title="bbox 2218 952 3759 1025">
    <p class='ocr_par' dir='ltr' id='par_1_36' title="bbox 2218 952 3759 1025">
     <span class='ocr_line' id='line_1_36' title="bbox 2218 952 3759 1025; baseline 0.002 -18"><span class='ocrx_word' id='word_1_252' title='bbox 2218 952 2262 1008; x_wconf 91' lang='lat' dir='ltr'><strong>si</strong></span> <span class='ocrx_word' id='word_1_253' title='bbox 2301 970 2423 1008; x_wconf 77' lang='lat' dir='ltr'><strong>eam</strong></span> <span class='ocrx_word' id='word_1_254' title='bbox 2450 954 2647 1009; x_wconf 88' lang='lat' dir='ltr'><strong>viderit</strong></span> <span class='ocrx_word' id='word_1_255' title='bbox 2685 971 2794 1009; x_wconf 89' lang='lat' dir='ltr'><strong>non</strong></span> <span class='ocrx_word' id='word_1_256' title='bbox 2829 955 3095 1021; x_wconf 82' lang='lat' dir='ltr'><strong>crevisse,</strong></span> <span class='ocrx_word' id='word_1_257' title='bbox 3136 955 3434 1025; x_wconf 65' lang='lat' dir='ltr'><strong>pra&#39;cipiet,</strong></span> <span class='ocrx_word' id='word_1_258' title='bbox 3466 965 3520 1010; x_wconf 88' lang='lat' dir='ltr'><strong>et</strong></span> <span class='ocrx_word' id='word_1_259' title='bbox 3548 955 3759 1010; x_wconf 84' lang='lat' dir='ltr'><strong>lavabunt</strong></span> 
     </span>
    </p>
   </div>
   <div class='ocr_carea' id='block_1_37' title="bbox 2224 1042 3758 1114">
    <p class='ocr_par' dir='ltr' id='par_1_37' title="bbox 2224 1042 3758 1114">
     <span class='ocr_line' id='line_1_37' title="bbox 2224 1042 3758 1114; baseline 0.002 -19"><span class='ocrx_word' id='word_1_260' title='bbox 2224 1042 2276 1096; x_wconf 89' lang='lat' dir='ltr'><strong>id</strong></span> <span class='ocrx_word' id='word_1_261' title='bbox 2311 1043 2363 1096; x_wconf 82' lang='lat' dir='ltr'><strong>in</strong></span> <span class='ocrx_word' id='word_1_262' title='bbox 2392 1059 2502 1112; x_wconf 92' lang='lat' dir='ltr'><strong>quo</strong></span> <span class='ocrx_word' id='word_1_263' title='bbox 2526 1044 2677 1113; x_wconf 83' lang='lat' dir='ltr'><strong>lepra</strong></span> <span class='ocrx_word' id='word_1_264' title='bbox 2716 1052 2818 1099; x_wconf 82' lang='lat' dir='ltr'><strong>est.</strong></span> <span class='ocrx_word' id='word_1_265' title='bbox 2846 1043 3264 1114; x_wconf 78' lang='lat' dir='ltr'><strong>Recludensque</strong></span> <span class='ocrx_word' id='word_1_266' title='bbox 3287 1045 3415 1099; x_wconf 86' lang='lat' dir='ltr'><strong>illud</strong></span> <span class='ocrx_word' id='word_1_267' title='bbox 3460 1054 3649 1114; x_wconf 86' lang='lat' dir='ltr'><strong>septem</strong></span> <span class='ocrx_word' id='word_1_268' title='bbox 3670 1044 3758 1098; x_wconf 46' lang='lat' dir='ltr'><strong>die.</strong></span> 
     </span>
    </p>
   </div>
   <div class='ocr_carea' id='block_1_38' title="bbox 2221 1133 3756 1203">
    <p class='ocr_par' dir='ltr' id='par_1_38' title="bbox 2221 1133 3756 1203">
     <span class='ocr_line' id='line_1_38' title="bbox 2221 1133 3756 1203; baseline 0 -16"><span class='ocrx_word' id='word_1_269' title='bbox 2221 1133 2325 1188; x_wconf 84' lang='lat' dir='ltr'><strong>bus</strong></span> <span class='ocrx_word' id='word_1_270' title='bbox 2352 1134 2494 1197; x_wconf 85' lang='lat' dir='ltr'><strong>aliis,</strong></span> <span class='ocrx_word' id='word_1_271' title='bbox 2538 1144 2591 1189; x_wconf 87' lang='lat' dir='ltr'><strong>et</strong></span> <span class='ocrx_word' id='word_1_272' title='bbox 2639 1150 2763 1189; x_wconf 87' lang='lat' dir='ltr'><strong>eum</strong></span> <span class='ocrx_word' id='word_1_273' title='bbox 2795 1134 2994 1190; x_wconf 80' lang='lat' dir='ltr'><strong>viderit</strong></span> <span class='ocrx_word' id='word_1_274' title='bbox 3028 1135 3221 1189; x_wconf 77' lang='lat' dir='ltr'><strong>facient</strong></span> <span class='ocrx_word' id='word_1_275' title='bbox 3271 1135 3489 1202; x_wconf 86' lang='lat' dir='ltr'><strong>quidem</strong></span> <span class='ocrx_word' id='word_1_276' title='bbox 3522 1133 3756 1203; x_wconf 83' lang='lat' dir='ltr'><strong>pristinam</strong></span> 
     </span>
    </p>
   </div>
   <div class='ocr_carea' id='block_1_39' title="bbox 2221 1225 3759 1294">
    <p class='ocr_par' dir='ltr' id='par_1_39' title="bbox 2221 1225 3759 1294">
     <span class='ocr_line' id='line_1_39' title="bbox 2221 1225 3759 1294; baseline -0.001 -16"><span class='ocrx_word' id='word_1_277' title='bbox 2221 1239 2331 1279; x_wconf 90' lang='lat' dir='ltr'><strong>non</strong></span> <span class='ocrx_word' id='word_1_278' title='bbox 2362 1240 2661 1290; x_wconf 80' lang='lat' dir='ltr'><strong>reversam,</strong></span> <span class='ocrx_word' id='word_1_279' title='bbox 2686 1241 2792 1280; x_wconf 86' lang='lat' dir='ltr'><strong>nec</strong></span> <span class='ocrx_word' id='word_1_280' title='bbox 2827 1236 3009 1280; x_wconf 91' lang='lat' dir='ltr'><strong>tamen</strong></span> <span class='ocrx_word' id='word_1_281' title='bbox 3040 1226 3284 1280; x_wconf 86' lang='lat' dir='ltr'><strong>crevisse</strong></span> <span class='ocrx_word' id='word_1_282' title='bbox 3315 1225 3536 1294; x_wconf 89' lang='lat' dir='ltr'><strong>lepram,</strong></span> <span class='ocrx_word' id='word_1_283' title='bbox 3564 1225 3759 1282; x_wconf 78' lang='lat' dir='ltr'><strong>immun-</strong></span> 
     </span>
    </p>
   </div>
   <div class='ocr_carea' id='block_1_40' title="bbox 2220 1313 3752 1386">
    <p class='ocr_par' dir='ltr' id='par_1_40' title="bbox 2220 1313 3752 1386">
     <span class='ocr_line' id='line_1_40' title="bbox 2220 1313 3752 1386; baseline -0.003 -16"><span class='ocrx_word' id='word_1_284' title='bbox 2220 1315 2660 1386; x_wconf 87' lang='lat' dir='ltr'><strong>dumjudicabit,</strong></span> <span class='ocrx_word' id='word_1_285' title='bbox 2714 1325 2771 1371; x_wconf 90' lang='lat' dir='ltr'><strong>et</strong></span> <span class='ocrx_word' id='word_1_286' title='bbox 2808 1316 2934 1386; x_wconf 82' lang='lat' dir='ltr'><strong>igne</strong></span> <span class='ocrx_word' id='word_1_287' title='bbox 2985 1317 3293 1381; x_wconf 82' lang='lat' dir='ltr'><strong>cotnhuret,</strong></span> <span class='ocrx_word' id='word_1_288' title='bbox 3323 1331 3390 1370; x_wconf 89' lang='lat' dir='ltr'><strong>eo</strong></span> <span class='ocrx_word' id='word_1_289' title='bbox 3441 1314 3578 1384; x_wconf 83' lang='lat' dir='ltr'><strong>quod</strong></span> <span class='ocrx_word' id='word_1_290' title='bbox 3610 1313 3752 1367; x_wconf 75' lang='lat' dir='ltr'><strong>infusa</strong></span> 
     </span>
    </p>
   </div>
   <div class='ocr_carea' id='block_1_41' title="bbox 2219 1404 3756 1478">
    <p class='ocr_par' dir='ltr' id='par_1_41' title="bbox 2219 1404 3756 1478">
     <span class='ocr_line' id='line_1_41' title="bbox 2219 1404 3756 1478; baseline -0.004 -16"><span class='ocrx_word' id='word_1_291' title='bbox 2219 1407 2291 1463; x_wconf 88' lang='lat' dir='ltr'><strong>sit</strong></span> <span class='ocrx_word' id='word_1_292' title='bbox 2338 1409 2393 1462; x_wconf 90' lang='lat' dir='ltr'><strong>in</strong></span> <span class='ocrx_word' id='word_1_293' title='bbox 2441 1408 2728 1478; x_wconf 83' lang='lat' dir='ltr'><strong>superﬁcie</strong></span> <span class='ocrx_word' id='word_1_294' title='bbox 2757 1408 3090 1473; x_wconf 85' lang='lat' dir='ltr'><strong>vestimenti,</strong></span> <span class='ocrx_word' id='word_1_295' title='bbox 3124 1409 3208 1463; x_wconf 86' lang='lat' dir='ltr'><strong>vel</strong></span> <span class='ocrx_word' id='word_1_296' title='bbox 3270 1422 3366 1475; x_wconf 83' lang='lat' dir='ltr'><strong>per</strong></span> <span class='ocrx_word' id='word_1_297' title='bbox 3409 1415 3593 1470; x_wconf 88' lang='lat' dir='ltr'><strong>totum,</strong></span> <span class='ocrx_word' id='word_1_298' title='bbox 3621 1404 3756 1474; x_wconf 86' lang='lat' dir='ltr'><strong>lepra.</strong></span> 
     </span>
    </p>
   </div>
   <div class='ocr_carea' id='block_1_42' title="bbox 2219 1498 3756 1567">
    <p class='ocr_par' dir='ltr' id='par_1_42' title="bbox 2219 1498 3756 1567">
     <span class='ocr_line' id='line_1_42' title="bbox 2219 1498 3756 1567; baseline -0.005 -13"><span class='ocrx_word' id='word_1_299' title='bbox 2219 1498 2315 1554; x_wconf 91' lang='lat' dir='ltr'><strong>Sin</strong></span> <span class='ocrx_word' id='word_1_300' title='bbox 2358 1510 2536 1554; x_wconf 87' lang='lat' dir='ltr'><strong>autem</strong></span> <span class='ocrx_word' id='word_1_301' title='bbox 2568 1500 2858 1554; x_wconf 88' lang='lat' dir='ltr'><strong>obscurior</strong></span> <span class='ocrx_word' id='word_1_302' title='bbox 2878 1499 3043 1553; x_wconf 83' lang='lat' dir='ltr'><strong>fuerit</strong></span> <span class='ocrx_word' id='word_1_303' title='bbox 3082 1499 3234 1553; x_wconf 82' lang='lat' dir='ltr'><strong>locus</strong></span> <span class='ocrx_word' id='word_1_304' title='bbox 3288 1498 3471 1567; x_wconf 71' lang='lat' dir='ltr'><strong>leprar,</strong></span> <span class='ocrx_word' id='word_1_305' title='bbox 3518 1503 3756 1566; x_wconf 82' lang='lat' dir='ltr'><strong>postquam</strong></span> 
     </span>
    </p>
   </div>
   <div class='ocr_carea' id='block_1_43' title="bbox 2220 1585 3756 1660">
    <p class='ocr_par' dir='ltr' id='par_1_43' title="bbox 2220 1585 3756 1660">
     <span class='ocr_line' id='line_1_43' title="bbox 2220 1585 3756 1660; baseline -0.007 -12"><span class='ocrx_word' id='word_1_306' title='bbox 2220 1591 2390 1648; x_wconf 90' lang='lat' dir='ltr'><strong>vestis</strong></span> <span class='ocrx_word' id='word_1_307' title='bbox 2415 1601 2501 1647; x_wconf 86' lang='lat' dir='ltr'><strong>est</strong></span> <span class='ocrx_word' id='word_1_308' title='bbox 2529 1592 2659 1656; x_wconf 88' lang='lat' dir='ltr'><strong>lota,</strong></span> <span class='ocrx_word' id='word_1_309' title='bbox 2686 1592 2975 1660; x_wconf 85' lang='lat' dir='ltr'><strong>abrumpet</strong></span> <span class='ocrx_word' id='word_1_310' title='bbox 3025 1606 3173 1655; x_wconf 87' lang='lat' dir='ltr'><strong>eum,</strong></span> <span class='ocrx_word' id='word_1_311' title='bbox 3204 1599 3260 1643; x_wconf 89' lang='lat' dir='ltr'><strong>et</strong></span> <span class='ocrx_word' id='word_1_312' title='bbox 3307 1604 3339 1642; x_wconf 88' lang='lat' dir='ltr'><strong>a</strong></span> <span class='ocrx_word' id='word_1_313' title='bbox 3390 1588 3545 1643; x_wconf 92' lang='lat' dir='ltr'><strong>solito</strong></span> <span class='ocrx_word' id='word_1_314' title='bbox 3573 1585 3756 1641; x_wconf 84' lang='lat' dir='ltr'><strong>dividet.</strong></span> 
     </span>
    </p>
   </div>
   <div class='ocr_carea' id='block_1_44' title="bbox 2221 1674 3758 1750">
    <p class='ocr_par' dir='ltr' id='par_1_44' title="bbox 2221 1674 3758 1750">
     <span class='ocr_line' id='line_1_44' title="bbox 2221 1674 3758 1750; baseline -0.006 -14"><span class='ocrx_word' id='word_1_315' title='bbox 2221 1680 2377 1747; x_wconf 82' lang='lat' dir='ltr'><strong>Quod</strong></span> <span class='ocrx_word' id='word_1_316' title='bbox 2406 1680 2451 1735; x_wconf 87' lang='lat' dir='ltr'><strong>si</strong></span> <span class='ocrx_word' id='word_1_317' title='bbox 2481 1682 2621 1735; x_wconf 88' lang='lat' dir='ltr'><strong>ultra</strong></span> <span class='ocrx_word' id='word_1_318' title='bbox 2654 1679 2966 1750; x_wconf 83' lang='lat' dir='ltr'><strong>apparuerit</strong></span> <span class='ocrx_word' id='word_1_319' title='bbox 2996 1680 3048 1733; x_wconf 89' lang='lat' dir='ltr'><strong>in</strong></span> <span class='ocrx_word' id='word_1_320' title='bbox 3082 1680 3167 1733; x_wconf 90' lang='lat' dir='ltr'><strong>his</strong></span> <span class='ocrx_word' id='word_1_321' title='bbox 3190 1680 3346 1744; x_wconf 89' lang='lat' dir='ltr'><strong>locis,</strong></span> <span class='ocrx_word' id='word_1_322' title='bbox 3386 1694 3502 1748; x_wconf 65' lang='lat' dir='ltr'><strong>quae</strong></span> <span class='ocrx_word' id='word_1_323' title='bbox 3534 1676 3666 1746; x_wconf 88' lang='lat' dir='ltr'><strong>prius</strong></span> <span class='ocrx_word' id='word_1_324' title='bbox 3685 1674 3758 1728; x_wconf 63' lang='lat' dir='ltr'><strong>imv</strong></span> 
     </span>
    </p>
   </div>
   <div class='ocr_carea' id='block_1_45' title="bbox 2220 1762 3750 1839">
    <p class='ocr_par' dir='ltr' id='par_1_45' title="bbox 2220 1762 3750 1839">
     <span class='ocr_line' id='line_1_45' title="bbox 2220 1762 3750 1839; baseline -0.005 -15"><span class='ocrx_word' id='word_1_325' title='bbox 2220 1770 2489 1824; x_wconf 89' lang='lat' dir='ltr'><strong>maculata</strong></span> <span class='ocrx_word' id='word_1_326' title='bbox 2525 1778 2704 1835; x_wconf 88' lang='lat' dir='ltr'><strong>erant,</strong></span> <span class='ocrx_word' id='word_1_327' title='bbox 2734 1769 2885 1839; x_wconf 90' lang='lat' dir='ltr'><strong>lepra</strong></span> <span class='ocrx_word' id='word_1_328' title='bbox 2937 1768 3175 1824; x_wconf 89' lang='lat' dir='ltr'><strong>volatilis</strong></span> <span class='ocrx_word' id='word_1_329' title='bbox 3203 1778 3259 1822; x_wconf 87' lang='lat' dir='ltr'><strong>et</strong></span> <span class='ocrx_word' id='word_1_330' title='bbox 3295 1784 3447 1838; x_wconf 78' lang='lat' dir='ltr'><strong>vaga,</strong></span> <span class='ocrx_word' id='word_1_331' title='bbox 3476 1767 3626 1821; x_wconf 83' lang='lat' dir='ltr'><strong>debet</strong></span> <span class='ocrx_word' id='word_1_332' title='bbox 3668 1762 3750 1835; x_wconf 77' lang='lat' dir='ltr'><strong>igni</strong></span> 
     </span>
    </p>
   </div>
   <div class='ocr_carea' id='block_1_46' title="bbox 2221 1860 3758 1930">
    <p class='ocr_par' dir='ltr' id='par_1_46' title="bbox 2221 1860 3758 1930">
     <span class='ocr_line' id='line_1_46' title="bbox 2221 1860 3758 1930; baseline -0.006 -13"><span class='ocrx_word' id='word_1_333' title='bbox 2221 1862 2491 1917; x_wconf 87' lang='lat' dir='ltr'><strong>comburi.</strong></span> <span class='ocrx_word' id='word_1_334' title='bbox 2533 1861 2590 1917; x_wconf 93' lang='lat' dir='ltr'><strong>Si</strong></span> <span class='ocrx_word' id='word_1_335' title='bbox 2622 1860 2940 1927; x_wconf 89' lang='lat' dir='ltr'><strong>cessaverit,</strong></span> <span class='ocrx_word' id='word_1_336' title='bbox 2983 1860 3187 1917; x_wconf 89' lang='lat' dir='ltr'><strong>lavabit</strong></span> <span class='ocrx_word' id='word_1_337' title='bbox 3238 1875 3302 1915; x_wconf 90' lang='lat' dir='ltr'><strong>ea</strong></span> <span class='ocrx_word' id='word_1_338' title='bbox 3333 1875 3452 1930; x_wconf 59' lang='lat' dir='ltr'><strong>quia;</strong></span> <span class='ocrx_word' id='word_1_339' title='bbox 3494 1875 3616 1929; x_wconf 86' lang='lat' dir='ltr'><strong>pura</strong></span> <span class='ocrx_word' id='word_1_340' title='bbox 3659 1864 3758 1910; x_wconf 89' lang='lat' dir='ltr'><strong>suut</strong></span> 
     </span>
    </p>
   </div>
   <div class='ocr_carea' id='block_1_47' title="bbox 2221 1946 3759 2022">
    <p class='ocr_par' dir='ltr' id='par_1_47' title="bbox 2221 1946 3759 2022">
     <span class='ocr_line' id='line_1_47' title="bbox 2221 1946 3759 2022; baseline -0.008 -10"><span class='ocrx_word' id='word_1_341' title='bbox 2221 1956 2486 2022; x_wconf 88' lang='lat' dir='ltr'><strong>secundo,</strong></span> <span class='ocrx_word' id='word_1_342' title='bbox 2522 1964 2576 2009; x_wconf 89' lang='lat' dir='ltr'><strong>et</strong></span> <span class='ocrx_word' id='word_1_343' title='bbox 2607 1954 2808 2011; x_wconf 89' lang='lat' dir='ltr'><strong>munda</strong></span> <span class='ocrx_word' id='word_1_344' title='bbox 2835 1962 3017 2009; x_wconf 88' lang='lat' dir='ltr'><strong>erunt.</strong></span> <span class='ocrx_word' id='word_1_345' title='bbox 3046 1953 3158 2010; x_wconf 84' lang='lat' dir='ltr'><strong>Ista</strong></span> <span class='ocrx_word' id='word_1_346' title='bbox 3199 1961 3286 2007; x_wconf 89' lang='lat' dir='ltr'><strong>est</strong></span> <span class='ocrx_word' id='word_1_347' title='bbox 3313 1952 3396 2007; x_wconf 86' lang='lat' dir='ltr'><strong>lex</strong></span> <span class='ocrx_word' id='word_1_348' title='bbox 3429 1952 3585 2022; x_wconf 64' lang='lat' dir='ltr'><strong>lepra</strong></span> <span class='ocrx_word' id='word_1_349' title='bbox 3627 1946 3759 2002; x_wconf 61' lang='lat' dir='ltr'><strong>vestiv</strong></span> 
     </span>
    </p>
   </div>
   <div class='ocr_carea' id='block_1_48' title="bbox 2220 2039 3760 2111">
    <p class='ocr_par' dir='ltr' id='par_1_48' title="bbox 2220 2039 3760 2111">
     <span class='ocr_line' id='line_1_48' title="bbox 2220 2039 3760 2111; baseline -0.008 -10"><span class='ocrx_word' id='word_1_350' title='bbox 2220 2047 2388 2101; x_wconf 87' lang='lat' dir='ltr'><strong>menti</strong></span> <span class='ocrx_word' id='word_1_351' title='bbox 2414 2045 2578 2111; x_wconf 82' lang='lat' dir='ltr'><strong>lanci,</strong></span> <span class='ocrx_word' id='word_1_352' title='bbox 2600 2054 2654 2100; x_wconf 89' lang='lat' dir='ltr'><strong>et</strong></span> <span class='ocrx_word' id='word_1_353' title='bbox 2681 2044 2834 2109; x_wconf 90' lang='lat' dir='ltr'><strong>linei,</strong></span> <span class='ocrx_word' id='word_1_354' title='bbox 2864 2042 3100 2099; x_wconf 88' lang='lat' dir='ltr'><strong>ﬂaminis</strong></span> <span class='ocrx_word' id='word_1_355' title='bbox 3123 2050 3289 2111; x_wconf 86' lang='lat' dir='ltr'><strong>atque</strong></span> <span class='ocrx_word' id='word_1_356' title='bbox 3312 2039 3651 2111; x_wconf 82' lang='lat' dir='ltr'><strong>subtegminis</strong></span> <span class='ocrx_word' id='word_1_357' title='bbox 3675 2051 3760 2091; x_wconf 56' lang='lat' dir='ltr'><strong>om.</strong></span> 
     </span>
    </p>
   </div>
   <div class='ocr_carea' id='block_1_49' title="bbox 2219 2126 3758 2207">
    <p class='ocr_par' dir='ltr' id='par_1_49' title="bbox 2219 2126 3758 2207">
     <span class='ocr_line' id='line_1_49' title="bbox 2219 2126 3758 2207; baseline -0.008 -15"><span class='ocrx_word' id='word_1_358' title='bbox 2219 2138 2414 2207; x_wconf 89' lang='lat' dir='ltr'><strong>nisque</strong></span> <span class='ocrx_word' id='word_1_359' title='bbox 2439 2136 2791 2205; x_wconf 88' lang='lat' dir='ltr'><strong>supellectilis</strong></span> <span class='ocrx_word' id='word_1_360' title='bbox 2819 2134 3066 2205; x_wconf 60' lang='lat' dir='ltr'><strong>pelliciat,</strong></span> <span class='ocrx_word' id='word_1_361' title='bbox 3090 2134 3370 2203; x_wconf 86' lang='lat' dir='ltr'><strong>quomodo</strong></span> <span class='ocrx_word' id='word_1_362' title='bbox 3420 2128 3655 2188; x_wconf 86' lang='lat' dir='ltr'><strong>mundari</strong></span> <span class='ocrx_word' id='word_1_363' title='bbox 3685 2126 3758 2182; x_wconf 62' lang='lat' dir='ltr'><strong>dev</strong></span> 
     </span>
    </p>
   </div>
   <div class='ocr_carea' id='block_1_50' title="bbox 2221 2227 2966 2286">
    <p class='ocr_par' dir='ltr' id='par_1_50' title="bbox 2221 2227 2966 2286">
     <span class='ocr_line' id='line_1_50' title="bbox 2221 2227 2966 2286; baseline -0.009 0"><span class='ocrx_word' id='word_1_364' title='bbox 2221 2231 2386 2286; x_wconf 85' lang='lat' dir='ltr'><strong>beant</strong></span> <span class='ocrx_word' id='word_1_365' title='bbox 2412 2230 2499 2285; x_wconf 86' lang='lat' dir='ltr'><strong>vel</strong></span> <span class='ocrx_word' id='word_1_366' title='bbox 2531 2227 2912 2283; x_wconf 88' lang='lat' dir='ltr'><strong>contaminari.</strong></span> <span class='ocrx_word' id='word_1_367' title='bbox 2947 2246 2966 2278; x_wconf 74' lang='grc' dir='ltr'><strong>ι</strong></span> 
     </span>
    </p>
   </div>
   <div class='ocr_carea' id='block_1_51' title="bbox 2292 2306 3759 2389">
    <p class='ocr_par' dir='ltr' id='par_1_51' title="bbox 2292 2306 3759 2389">
     <span class='ocr_line' id='line_1_51' title="bbox 2292 2306 3759 2389; baseline -0.012 -13"><span class='ocrx_word' id='word_1_368' title='bbox 2292 2323 2612 2377; x_wconf 88' lang='lat' dir='ltr'><strong>lndecorum</strong></span> <span class='ocrx_word' id='word_1_369' title='bbox 2646 2320 2868 2389; x_wconf 88' lang='lat' dir='ltr'><strong>quidam</strong></span> <span class='ocrx_word' id='word_1_370' title='bbox 2894 2319 3118 2374; x_wconf 83' lang='lat' dir='ltr'><strong>forsitan</strong></span> <span class='ocrx_word' id='word_1_371' title='bbox 3148 2337 3213 2375; x_wconf 91' lang='lat' dir='ltr'><strong>ac</strong></span> <span class='ocrx_word' id='word_1_372' title='bbox 3242 2318 3408 2374; x_wconf 90' lang='lat' dir='ltr'><strong>nimis</strong></span> <span class='ocrx_word' id='word_1_373' title='bbox 3431 2316 3675 2385; x_wconf 89' lang='lat' dir='ltr'><strong>ahjcctum</strong></span> <span class='ocrx_word' id='word_1_374' title='bbox 3700 2306 3759 2360; x_wconf 84' lang='lat' dir='ltr'><strong>le—</strong></span> 
     </span>
    </p>
   </div>
   <div class='ocr_carea' id='block_1_52' title="bbox 2220 2396 3761 2485">
    <p class='ocr_par' dir='ltr' id='par_1_52' title="bbox 2220 2396 3761 2485">
     <span class='ocr_line' id='line_1_52' title="bbox 2220 2396 3761 2485; baseline -0.005 -20"><span class='ocrx_word' id='word_1_375' title='bbox 2220 2414 2528 2485; x_wconf 79' lang='lat' dir='ltr'><strong>gislatorem</strong></span> <span class='ocrx_word' id='word_1_376' title='bbox 2551 2412 2840 2476; x_wconf 72' lang='lat' dir='ltr'><strong>aestimant,</strong></span> <span class='ocrx_word' id='word_1_377' title='bbox 2860 2414 2986 2480; x_wconf 87' lang='lat' dir='ltr'><strong>quia</strong></span> <span class='ocrx_word' id='word_1_378' title='bbox 3002 2411 3068 2465; x_wconf 81' lang='lat' dir='ltr'><strong>de</strong></span> <span class='ocrx_word' id='word_1_379' title='bbox 3087 2410 3323 2465; x_wconf 88' lang='lat' dir='ltr'><strong>stamine</strong></span> <span class='ocrx_word' id='word_1_380' title='bbox 3342 2421 3498 2477; x_wconf 89' lang='lat' dir='ltr'><strong>atque</strong></span> <span class='ocrx_word' id='word_1_381' title='bbox 3513 2396 3761 2471; x_wconf 72' lang='lat' dir='ltr'><strong>subtegmi°</strong></span> 
     </span>
    </p>
   </div>
   <div class='ocr_carea' id='block_1_53' title="bbox 2220 2497 3758 2574">
    <p class='ocr_par' dir='ltr' id='par_1_53' title="bbox 2220 2497 3758 2574">
     <span class='ocr_line' id='line_1_53' title="bbox 2220 2497 3758 2574; baseline -0.007 -15"><span class='ocrx_word' id='word_1_382' title='bbox 2220 2520 2326 2567; x_wconf 90' lang='lat' dir='ltr'><strong>ne,</strong></span> <span class='ocrx_word' id='word_1_383' title='bbox 2370 2503 2515 2574; x_wconf 91' lang='lat' dir='ltr'><strong>quod</strong></span> <span class='ocrx_word' id='word_1_384' title='bbox 2564 2512 2735 2558; x_wconf 88' lang='lat' dir='ltr'><strong>trama</strong></span> <span class='ocrx_word' id='word_1_385' title='bbox 2782 2503 2942 2574; x_wconf 81' lang='lat' dir='ltr'><strong>vulgo</strong></span> <span class='ocrx_word' id='word_1_386' title='bbox 2987 2510 3360 2572; x_wconf 86' lang='lat' dir='ltr'><strong>nuncupatur,</strong></span> <span class='ocrx_word' id='word_1_387' title='bbox 3410 2497 3647 2568; x_wconf 87' lang='lat' dir='ltr'><strong>loquitur,</strong></span> <span class='ocrx_word' id='word_1_388' title='bbox 3687 2504 3758 2543; x_wconf 85' lang='lat' dir='ltr'><strong>re-</strong></span> 
     </span>
    </p>
   </div>
   <div class='ocr_carea' id='block_1_54' title="bbox 2221 2591 3759 2665">
    <p class='ocr_par' dir='ltr' id='par_1_54' title="bbox 2221 2591 3759 2665">
     <span class='ocr_line' id='line_1_54' title="bbox 2221 2591 3759 2665; baseline -0.007 -15"><span class='ocrx_word' id='word_1_389' title='bbox 2221 2596 2476 2665; x_wconf 86' lang='lat' dir='ltr'><strong>linquens</strong></span> <span class='ocrx_word' id='word_1_390' title='bbox 2497 2610 2838 2664; x_wconf 74' lang='lat' dir='ltr'><strong>qumcunque</strong></span> <span class='ocrx_word' id='word_1_391' title='bbox 2864 2593 3077 2649; x_wconf 88' lang='lat' dir='ltr'><strong>animas</strong></span> <span class='ocrx_word' id='word_1_392' title='bbox 3106 2593 3447 2648; x_wconf 87' lang='lat' dir='ltr'><strong>audientium</strong></span> <span class='ocrx_word' id='word_1_393' title='bbox 3476 2591 3632 2659; x_wconf 77' lang='lat' dir='ltr'><strong>legem</strong></span> <span class='ocrx_word' id='word_1_394' title='bbox 3661 2600 3759 2654; x_wconf 79' lang='lat' dir='ltr'><strong>pos-</strong></span> 
     </span>
    </p>
   </div>
   <div class='ocr_carea' id='block_1_55' title="bbox 2218 2681 3758 2758">
    <p class='ocr_par' dir='ltr' id='par_1_55' title="bbox 2218 2681 3758 2758">
     <span class='ocr_line' id='line_1_55' title="bbox 2218 2681 3758 2758; baseline -0.008 -14"><span class='ocrx_word' id='word_1_395' title='bbox 2218 2697 2347 2744; x_wconf 88' lang='lat' dir='ltr'><strong>sunt</strong></span> <span class='ocrx_word' id='word_1_396' title='bbox 2380 2690 2449 2744; x_wconf 89' lang='lat' dir='ltr'><strong>ad</strong></span> <span class='ocrx_word' id='word_1_397' title='bbox 2489 2690 2718 2743; x_wconf 86' lang='lat' dir='ltr'><strong>meliora</strong></span> <span class='ocrx_word' id='word_1_398' title='bbox 2752 2702 3104 2758; x_wconf 89' lang='lat' dir='ltr'><strong>componere.</strong></span> <span class='ocrx_word' id='word_1_399' title='bbox 3141 2687 3287 2753; x_wconf 86' lang='lat' dir='ltr'><strong>Quid</strong></span> <span class='ocrx_word' id='word_1_400' title='bbox 3323 2685 3487 2750; x_wconf 91' lang='lat' dir='ltr'><strong>enim,</strong></span> <span class='ocrx_word' id='word_1_401' title='bbox 3528 2681 3758 2752; x_wconf 86' lang='lat' dir='ltr'><strong>inquiunt,</strong></span> 
     </span>
    </p>
   </div>
   <div class='ocr_carea' id='block_1_56' title="bbox 2222 2775 3762 2848">
    <p class='ocr_par' dir='ltr' id='par_1_56' title="bbox 2222 2775 3762 2848">
     <span class='ocr_line' id='line_1_56' title="bbox 2222 2775 3762 2848; baseline -0.008 -13"><span class='ocrx_word' id='word_1_402' title='bbox 2222 2779 2559 2835; x_wconf 89' lang='lat' dir='ltr'><strong>sordidatum</strong></span> <span class='ocrx_word' id='word_1_403' title='bbox 2619 2789 2853 2843; x_wconf 87' lang='lat' dir='ltr'><strong>stamen,</strong></span> <span class='ocrx_word' id='word_1_404' title='bbox 2900 2778 3031 2848; x_wconf 89' lang='lat' dir='ltr'><strong>quid</strong></span> <span class='ocrx_word' id='word_1_405' title='bbox 3084 2777 3428 2848; x_wconf 85' lang='lat' dir='ltr'><strong>subtegmen,</strong></span> <span class='ocrx_word' id='word_1_406' title='bbox 3477 2775 3583 2829; x_wconf 85' lang='lat' dir='ltr'><strong>sive</strong></span> <span class='ocrx_word' id='word_1_407' title='bbox 3623 2781 3762 2825; x_wconf 84' lang='lat' dir='ltr'><strong>trama</strong></span> 
     </span>
    </p>
   </div>
   <div class='ocr_carea' id='block_1_57' title="bbox 2220 2864 3763 2942">
    <p class='ocr_par' dir='ltr' id='par_1_57' title="bbox 2220 2864 3763 2942">
     <span class='ocr_line' id='line_1_57' title="bbox 2220 2864 3763 2942; baseline -0.006 -15"><span class='ocrx_word' id='word_1_408' title='bbox 2220 2873 2499 2942; x_wconf 90' lang='lat' dir='ltr'><strong>leprosum</strong></span> <span class='ocrx_word' id='word_1_409' title='bbox 2535 2871 2761 2934; x_wconf 87' lang='lat' dir='ltr'><strong>factum.</strong></span> <span class='ocrx_word' id='word_1_410' title='bbox 2800 2872 2928 2942; x_wconf 86' lang='lat' dir='ltr'><strong>quid</strong></span> <span class='ocrx_word' id='word_1_411' title='bbox 2964 2871 3243 2942; x_wconf 85' lang='lat' dir='ltr'><strong>pellicium</strong></span> <span class='ocrx_word' id='word_1_412' title='bbox 3281 2886 3374 2925; x_wconf 90' lang='lat' dir='ltr'><strong>vas</strong></span> <span class='ocrx_word' id='word_1_413' title='bbox 3406 2867 3649 2923; x_wconf 88' lang='lat' dir='ltr'><strong>maculam</strong></span> <span class='ocrx_word' id='word_1_414' title='bbox 3684 2864 3763 2918; x_wconf 77' lang='lat' dir='ltr'><strong>ha-</strong></span> 
     </span>
    </p>
   </div>
   <div class='ocr_carea' id='block_1_58' title="bbox 2220 2961 3762 3031">
    <p class='ocr_par' dir='ltr' id='par_1_58' title="bbox 2220 2961 3762 3031">
     <span class='ocr_line' id='line_1_58' title="bbox 2220 2961 3762 3031; baseline -0.009 -9"><span class='ocrx_word' id='word_1_415' title='bbox 2220 2967 2377 3031; x_wconf 88' lang='lat' dir='ltr'><strong>bens,</strong></span> <span class='ocrx_word' id='word_1_416' title='bbox 2417 2974 2619 3020; x_wconf 70' lang='lat' dir='ltr'><strong>nostra:</strong></span> <span class='ocrx_word' id='word_1_417' title='bbox 2667 2965 2843 3019; x_wconf 88' lang='lat' dir='ltr'><strong>oberit</strong></span> <span class='ocrx_word' id='word_1_418' title='bbox 2891 2964 3048 3019; x_wconf 70' lang='lat' dir='ltr'><strong>vitae?</strong></span> <span class='ocrx_word' id='word_1_419' title='bbox 3088 2963 3251 3020; x_wconf 89' lang='lat' dir='ltr'><strong>Unde</strong></span> <span class='ocrx_word' id='word_1_420' title='bbox 3298 2978 3407 3018; x_wconf 90' lang='lat' dir='ltr'><strong>non</strong></span> <span class='ocrx_word' id='word_1_421' title='bbox 3457 2975 3552 3016; x_wconf 90' lang='lat' dir='ltr'><strong>nos</strong></span> <span class='ocrx_word' id='word_1_422' title='bbox 3585 2961 3762 3028; x_wconf 85' lang='lat' dir='ltr'><strong>oportet</strong></span> 
     </span>
    </p>
   </div>
   <div class='ocr_carea' id='block_1_59' title="bbox 2221 3047 3763 3121">
    <p class='ocr_par' dir='ltr' id='par_1_59' title="bbox 2221 3047 3763 3121">
     <span class='ocr_line' id='line_1_59' title="bbox 2221 3047 3763 3121; baseline -0.008 -6"><span class='ocrx_word' id='word_1_423' title='bbox 2221 3059 2296 3115; x_wconf 87' lang='lat' dir='ltr'><strong>ad</strong></span> <span class='ocrx_word' id='word_1_424' title='bbox 2326 3060 2497 3114; x_wconf 85' lang='lat' dir='ltr'><strong>solam</strong></span> <span class='ocrx_word' id='word_1_425' title='bbox 2531 3059 2821 3113; x_wconf 79' lang='lat' dir='ltr'><strong>intendere</strong></span> <span class='ocrx_word' id='word_1_426' title='bbox 2855 3058 3114 3121; x_wconf 90' lang='lat' dir='ltr'><strong>litteram,</strong></span> <span class='ocrx_word' id='word_1_427' title='bbox 3151 3057 3247 3112; x_wconf 84' lang='lat' dir='ltr'><strong>sed</strong></span> <span class='ocrx_word' id='word_1_428' title='bbox 3281 3057 3347 3112; x_wconf 89' lang='lat' dir='ltr'><strong>ad</strong></span> <span class='ocrx_word' id='word_1_429' title='bbox 3379 3056 3601 3110; x_wconf 86' lang='lat' dir='ltr'><strong>fructum</strong></span> <span class='ocrx_word' id='word_1_430' title='bbox 3631 3047 3763 3120; x_wconf 87' lang='lat' dir='ltr'><strong>spiri-</strong></span> 
     </span>
    </p>
   </div>
   <div class='ocr_carea' id='block_1_60' title="bbox 517 3128 2119 3236">
    <p class='ocr_par' dir='ltr' id='par_1_60' title="bbox 517 3128 2119 3204">
     <span class='ocr_line' id='line_1_60' title="bbox 517 3128 2119 3204; baseline 0.006 -13"><span class='ocrx_word' id='word_1_431' title='bbox 517 3155 631 3204; x_wconf 66' lang='lat' dir='ltr'><strong>Jzou</strong></span> <span class='ocrx_word' id='word_1_432' title='bbox 679 3128 1174 3198; x_wconf 14' lang='lat' dir='ltr'><strong>maechari?‘Uude</strong></span> <span class='ocrx_word' id='word_1_433' title='bbox 1214 3153 1269 3200; x_wconf 91' lang='lat' dir='ltr'><strong>et</strong></span> <span class='ocrx_word' id='word_1_434' title='bbox 1326 3145 1496 3200; x_wconf 88' lang='lat' dir='ltr'><strong>David</strong></span> <span class='ocrx_word' id='word_1_435' title='bbox 1546 3146 1810 3201; x_wconf 81' lang='lat' dir='ltr'><strong>dicebat:</strong></span> <span class='ocrx_word' id='word_1_436' title='bbox 1851 3146 2119 3202; x_wconf 79' lang='lat' dir='ltr'><strong>Peccalori</strong></span> 
     </span>
    </p>
   </div>
   <div class='ocr_carea' id='block_1_61' title="bbox 2220 3128 3763 3236">
    <p class='ocr_par' dir='ltr' id='par_1_61' title="bbox 2223 3143 3763 3236">
     <span class='ocr_line' id='line_1_61' title="bbox 2223 3143 3763 3236; baseline -0.009 -29"><span class='ocrx_word' id='word_1_437' title='bbox 2223 3162 2355 3207; x_wconf 86' lang='lat' dir='ltr'><strong>tus:</strong></span> <span class='ocrx_word' id='word_1_438' title='bbox 2392 3153 2485 3222; x_wconf 88' lang='lat' dir='ltr'><strong>qui</strong></span> <span class='ocrx_word' id='word_1_439' title='bbox 2536 3150 3000 3220; x_wconf 88' lang='lat' dir='ltr'><strong>quemadmodum</strong></span> <span class='ocrx_word' id='word_1_440' title='bbox 3044 3149 3147 3204; x_wconf 90' lang='lat' dir='ltr'><strong>sub</strong></span> <span class='ocrx_word' id='word_1_441' title='bbox 3198 3149 3350 3215; x_wconf 84' lang='lat' dir='ltr'><strong>folio,</strong></span> <span class='ocrx_word' id='word_1_442' title='bbox 3384 3148 3452 3202; x_wconf 85' lang='lat' dir='ltr'><strong>ita</strong></span> <span class='ocrx_word' id='word_1_443' title='bbox 3500 3145 3592 3201; x_wconf 92' lang='lat' dir='ltr'><strong>sub</strong></span> <span class='ocrx_word' id='word_1_444' title='bbox 3621 3143 3763 3236; x_wconf 62' lang='lat' dir='ltr'><strong>littera</strong></span> 
     </span>
    </p>
   </div>
   <div class='ocr_carea' id='block_1_62' title="bbox 523 3233 2114 3309">
    <p class='ocr_par' dir='ltr' id='par_1_62' title="bbox 523 3233 2114 3309">
     <span class='ocr_line' id='line_1_62' title="bbox 523 3233 2114 3309; baseline 0.006 -24"><span class='ocrx_word' id='word_1_445' title='bbox 523 3242 707 3285; x_wconf 82' lang='lat' dir='ltr'><strong>autent</strong></span> <span class='ocrx_word' id='word_1_446' title='bbox 741 3234 876 3287; x_wconf 68' lang='lat' dir='ltr'><strong>dixit</strong></span> <span class='ocrx_word' id='word_1_447' title='bbox 908 3233 1049 3288; x_wconf 85' lang='lat' dir='ltr'><strong>Deus</strong></span> <span class='ocrx_word' id='word_1_448' title='bbox 1076 3251 1094 3290; x_wconf 88' lang='lat'><strong><em>:</em></strong></span> <span class='ocrx_word' id='word_1_449' title='bbox 1128 3236 1307 3299; x_wconf 83' lang='lat' dir='ltr'><strong>Quare</strong></span> <span class='ocrx_word' id='word_1_450' title='bbox 1335 3245 1389 3290; x_wconf 87' lang='lat' dir='ltr'><strong>tu</strong></span> <span class='ocrx_word' id='word_1_451' title='bbox 1416 3253 1637 3292; x_wconf 83' lang='lat' dir='ltr'><strong>euarras</strong></span> <span class='ocrx_word' id='word_1_452' title='bbox 1674 3239 1916 3309; x_wconf 87' lang='lat' dir='ltr'><strong>justitias</strong></span> <span class='ocrx_word' id='word_1_453' title='bbox 1947 3256 2114 3307; x_wconf 83' lang='lat' dir='ltr'><strong>meas,</strong></span> 
     </span>
    </p>
   </div>
   <div class='ocr_carea' id='block_1_63' title="bbox 522 3326 2120 3398">
    <p class='ocr_par' dir='ltr' id='par_1_63' title="bbox 522 3326 2120 3398">
     <span class='ocr_line' id='line_1_63' title="bbox 522 3326 2120 3398; baseline 0.005 -19"><span class='ocrx_word' id='word_1_454' title='bbox 522 3335 571 3380; x_wconf 78' lang='lat' dir='ltr'><strong>et</strong></span> <span class='ocrx_word' id='word_1_455' title='bbox 597 3328 824 3380; x_wconf 78' lang='lat' dir='ltr'><strong>assumis</strong></span> <span class='ocrx_word' id='word_1_456' title='bbox 880 3326 1252 3381; x_wconf 82' lang='lat' dir='ltr'><strong>testamentum</strong></span> <span class='ocrx_word' id='word_1_457' title='bbox 1273 3344 1448 3383; x_wconf 87' lang='lat' dir='ltr'><strong>meum</strong></span> <span class='ocrx_word' id='word_1_458' title='bbox 1480 3346 1573 3398; x_wconf 86' lang='lat' dir='ltr'><strong>per</strong></span> <span class='ocrx_word' id='word_1_459' title='bbox 1600 3347 1655 3384; x_wconf 90' lang='lat' dir='ltr'><strong>os</strong></span> <span class='ocrx_word' id='word_1_460' title='bbox 1694 3332 1879 3385; x_wconf 81' lang='lat' dir='ltr'><strong>tuum?</strong></span> <span class='ocrx_word' id='word_1_461' title='bbox 1901 3331 1975 3385; x_wconf 84' lang='lat' dir='ltr'><strong>Tu</strong></span> <span class='ocrx_word' id='word_1_462' title='bbox 2003 3348 2120 3387; x_wconf 77' lang='lat' dir='ltr'><strong>vero</strong></span> 
     </span>
    </p>
   </div>
   <div class='ocr_carea' id='block_1_64' title="bbox 516 3416 2120 3496">
    <p class='ocr_par' dir='ltr' id='par_1_64' title="bbox 516 3416 2120 3496">
     <span class='ocr_line' id='line_1_64' title="bbox 516 3416 2120 3496; baseline 0.005 -24"><span class='ocrx_word' id='word_1_463' title='bbox 516 3419 683 3480; x_wconf 61' lang='lat' dir='ltr'><strong>odisti</strong></span> <span class='ocrx_word' id='word_1_464' title='bbox 728 3419 1082 3488; x_wconf 79' lang='lat' dir='ltr'><strong>disciplinam,</strong></span> <span class='ocrx_word' id='word_1_465' title='bbox 1127 3432 1174 3474; x_wconf 87' lang='lat' dir='ltr'><strong>et</strong></span> <span class='ocrx_word' id='word_1_466' title='bbox 1218 3421 1482 3490; x_wconf 84' lang='lat' dir='ltr'><strong>projecisti</strong></span> <span class='ocrx_word' id='word_1_467' title='bbox 1521 3439 1783 3479; x_wconf 77' lang='lat' dir='ltr'><strong>sermones</strong></span> <span class='ocrx_word' id='word_1_468' title='bbox 1820 3416 1959 3480; x_wconf 81' lang='lat' dir='ltr'><strong>meos</strong></span> <span class='ocrx_word' id='word_1_469' title='bbox 2004 3436 2120 3496; x_wconf 78' lang='lat' dir='ltr'><strong>post</strong></span> 
     </span>
    </p>
   </div>
   <div class='ocr_carea' id='block_1_65' title="bbox 523 3511 2119 3588">
    <p class='ocr_par' dir='ltr' id='par_1_65' title="bbox 523 3511 2119 3588">
     <span class='ocr_line' id='line_1_65' title="bbox 523 3511 2119 3588; baseline 0.007 -25"><span class='ocrx_word' id='word_1_470' title='bbox 523 3511 662 3564; x_wconf 61' lang='lat' dir='ltr'><strong>te”.</strong></span> <span class='ocrx_word' id='word_1_471' title='bbox 696 3511 761 3566; x_wconf 83' lang='lat' dir='ltr'><strong>Et</strong></span> <span class='ocrx_word' id='word_1_472' title='bbox 778 3526 887 3565; x_wconf 91' lang='lat' dir='ltr'><strong>non</strong></span> <span class='ocrx_word' id='word_1_473' title='bbox 915 3513 1134 3581; x_wconf 82' lang='lat' dir='ltr'><strong>quidem</strong></span> <span class='ocrx_word' id='word_1_474' title='bbox 1155 3529 1373 3584; x_wconf 88' lang='lat' dir='ltr'><strong>semper</strong></span> <span class='ocrx_word' id='word_1_475' title='bbox 1400 3514 1505 3570; x_wconf 92' lang='lat' dir='ltr'><strong>hoc</strong></span> <span class='ocrx_word' id='word_1_476' title='bbox 1529 3525 1677 3570; x_wconf 90' lang='lat' dir='ltr'><strong>esset</strong></span> <span class='ocrx_word' id='word_1_477' title='bbox 1705 3516 1853 3571; x_wconf 90' lang='lat' dir='ltr'><strong>omni</strong></span> <span class='ocrx_word' id='word_1_478' title='bbox 1874 3525 2119 3588; x_wconf 84' lang='lat' dir='ltr'><strong>tempore</strong></span> 
     </span>
    </p>
   </div>
   <div class='ocr_carea' id='block_1_66' title="bbox 522 3598 2118 3674">
    <p class='ocr_par' dir='ltr' id='par_1_66' title="bbox 522 3598 2118 3674">
     <span class='ocr_line' id='line_1_66' title="bbox 522 3598 2118 3674; baseline 0.008 -26"><span class='ocrx_word' id='word_1_479' title='bbox 522 3613 634 3666; x_wconf 70' lang='lat' dir='ltr'><strong>qua</strong></span> <span class='ocrx_word' id='word_1_480' title='bbox 672 3598 917 3667; x_wconf 59' lang='lat' dir='ltr'><strong>leprosus</strong></span> <span class='ocrx_word' id='word_1_481' title='bbox 946 3608 1050 3664; x_wconf 86' lang='lat' dir='ltr'><strong>est,</strong></span> <span class='ocrx_word' id='word_1_482' title='bbox 1081 3601 1135 3655; x_wconf 92' lang='lat' dir='ltr'><strong>id</strong></span> <span class='ocrx_word' id='word_1_483' title='bbox 1171 3609 1256 3655; x_wconf 83' lang='lat' dir='ltr'><strong>cst</strong></span> <span class='ocrx_word' id='word_1_484' title='bbox 1287 3603 1543 3657; x_wconf 89' lang='lat' dir='ltr'><strong>omnibus</strong></span> <span class='ocrx_word' id='word_1_485' title='bbox 1579 3604 1793 3670; x_wconf 90' lang='lat' dir='ltr'><strong>diebus,</strong></span> <span class='ocrx_word' id='word_1_486' title='bbox 1819 3605 2016 3674; x_wconf 89' lang='lat' dir='ltr'><strong>quibus</strong></span> <span class='ocrx_word' id='word_1_487' title='bbox 2062 3607 2118 3661; x_wconf 91' lang='lat' dir='ltr'><strong>in</strong></span> 
     </span>
    </p>
   </div>
   <div class='ocr_carea' id='block_1_67' title="bbox 523 3690 2120 3770">
    <p class='ocr_par' dir='ltr' id='par_1_67' title="bbox 523 3690 2120 3770">
     <span class='ocr_line' id='line_1_67' title="bbox 523 3690 2120 3770; baseline 0.007 -27"><span class='ocrx_word' id='word_1_488' title='bbox 523 3706 590 3743; x_wconf 86' lang='lat' dir='ltr'><strong>eo</strong></span> <span class='ocrx_word' id='word_1_489' title='bbox 637 3690 801 3746; x_wconf 85' lang='lat' dir='ltr'><strong>fuerit</strong></span> <span class='ocrx_word' id='word_1_490' title='bbox 851 3692 1087 3749; x_wconf 88' lang='lat' dir='ltr'><strong>macula.</strong></span> <span class='ocrx_word' id='word_1_491' title='bbox 1118 3692 1258 3759; x_wconf 90' lang='lat' dir='ltr'><strong>Quid</strong></span> <span class='ocrx_word' id='word_1_492' title='bbox 1311 3710 1441 3764; x_wconf 80' lang='lat' dir='ltr'><strong>ergo</strong></span> <span class='ocrx_word' id='word_1_493' title='bbox 1494 3711 1593 3766; x_wconf 89' lang='lat' dir='ltr'><strong>per</strong></span> <span class='ocrx_word' id='word_1_494' title='bbox 1644 3697 1762 3753; x_wconf 69' lang='lat' dir='ltr'><strong>haec</strong></span> <span class='ocrx_word' id='word_1_495' title='bbox 1810 3698 2120 3770; x_wconf 78' lang='lat' dir='ltr'><strong>significat?</strong></span> 
     </span>
    </p>
   </div>
   <div class='ocr_carea' id='block_1_68' title="bbox 524 3781 2118 3855">
    <p class='ocr_par' dir='ltr' id='par_1_68' title="bbox 524 3781 2118 3855">
     <span class='ocr_line' id='line_1_68' title="bbox 524 3781 2118 3855; baseline 0.008 -21"><span class='ocrx_word' id='word_1_496' title='bbox 524 3781 667 3847; x_wconf 78' lang='lat' dir='ltr'><strong>Quia’</strong></span> <span class='ocrx_word' id='word_1_497' title='bbox 702 3783 805 3838; x_wconf 80' lang='lat' dir='ltr'><strong>etsi</strong></span> <span class='ocrx_word' id='word_1_498' title='bbox 839 3785 1008 3838; x_wconf 85' lang='lat' dir='ltr'><strong>semel</strong></span> <span class='ocrx_word' id='word_1_499' title='bbox 1058 3786 1388 3855; x_wconf 87' lang='lat' dir='ltr'><strong>peccaverit,</strong></span> <span class='ocrx_word' id='word_1_500' title='bbox 1424 3787 1637 3843; x_wconf 88' lang='lat' dir='ltr'><strong>etiamsi</strong></span> <span class='ocrx_word' id='word_1_501' title='bbox 1682 3805 1792 3844; x_wconf 92' lang='lat' dir='ltr'><strong>non</strong></span> <span class='ocrx_word' id='word_1_502' title='bbox 1847 3791 2118 3847; x_wconf 86' lang='lat' dir='ltr'><strong>addiderit</strong></span> 
     </span>
    </p>
   </div>
   <div class='ocr_carea' id='block_1_69' title="bbox 524 3873 2116 3954">
    <p class='ocr_par' dir='ltr' id='par_1_69' title="bbox 524 3873 2116 3954">
     <span class='ocr_line' id='line_1_69' title="bbox 524 3873 2116 3954; baseline 0.009 -30"><span class='ocrx_word' id='word_1_503' title='bbox 524 3873 589 3925; x_wconf 87' lang='lat' dir='ltr'><strong>ad</strong></span> <span class='ocrx_word' id='word_1_504' title='bbox 628 3875 989 3941; x_wconf 87' lang='lat' dir='ltr'><strong>peccandum,</strong></span> <span class='ocrx_word' id='word_1_505' title='bbox 1021 3875 1339 3932; x_wconf 85' lang='lat' dir='ltr'><strong>immundus</strong></span> <span class='ocrx_word' id='word_1_506' title='bbox 1367 3886 1550 3934; x_wconf 89' lang='lat' dir='ltr'><strong>tamen</strong></span> <span class='ocrx_word' id='word_1_507' title='bbox 1579 3896 1752 3951; x_wconf 88' lang='lat' dir='ltr'><strong>usque</strong></span> <span class='ocrx_word' id='word_1_508' title='bbox 1775 3882 1904 3937; x_wconf 91' lang='lat' dir='ltr'><strong>dum</strong></span> <span class='ocrx_word' id='word_1_509' title='bbox 1938 3883 2116 3954; x_wconf 86' lang='lat' dir='ltr'><strong>poeni-</strong></span> 
     </span>
    </p>
   </div>
   <div class='ocr_carea' id='block_1_70' title="bbox 525 3964 2161 4045">
    <p class='ocr_par' dir='ltr' id='par_1_70' title="bbox 525 3964 2161 4045">
     <span class='ocr_line' id='line_1_70' title="bbox 525 3964 2161 4045; baseline 0.009 -28"><span class='ocrx_word' id='word_1_510' title='bbox 525 3972 656 4029; x_wconf 77' lang='lat' dir='ltr'><strong>teat,</strong></span> <span class='ocrx_word' id='word_1_511' title='bbox 678 3964 878 4019; x_wconf 88' lang='lat' dir='ltr'><strong>dicitur</strong></span> <span class='ocrx_word' id='word_1_512' title='bbox 902 3983 915 4020; x_wconf 70' lang='grc' dir='ltr'><strong>ε</strong></span> <span class='ocrx_word' id='word_1_513' title='bbox 942 3967 1069 4035; x_wconf 84' lang='lat' dir='ltr'><strong>quia</strong></span> <span class='ocrx_word' id='word_1_514' title='bbox 1098 3968 1220 4022; x_wconf 83' lang='lat' dir='ltr'><strong>sine</strong></span> <span class='ocrx_word' id='word_1_515' title='bbox 1252 3969 1575 4038; x_wconf 67' lang='lat' dir='ltr'><strong>pmnitentia</strong></span> <span class='ocrx_word' id='word_1_516' title='bbox 1597 3972 1749 4042; x_wconf 90' lang='lat' dir='ltr'><strong>lepra</strong></span> <span class='ocrx_word' id='word_1_517' title='bbox 1780 3975 1989 4043; x_wconf 87' lang='lat' dir='ltr'><strong>peccati</strong></span> <span class='ocrx_word' id='word_1_518' title='bbox 2018 3990 2117 4045; x_wconf 89' lang='lat' dir='ltr'><strong>pe—</strong></span> <span class='ocrx_word' id='word_1_519' title='bbox 2158 4006 2161 4007; x_wconf 53' lang='grc' dir='ltr'><em>ν</em></span> 
     </span>
    </p>
   </div>
   <div class='ocr_carea' id='block_1_71' title="bbox 522 4055 2116 4138">
    <p class='ocr_par' dir='ltr' id='par_1_71' title="bbox 522 4055 2116 4138">
     <span class='ocr_line' id='line_1_71' title="bbox 522 4055 2116 4138; baseline 0.009 -30"><span class='ocrx_word' id='word_1_520' title='bbox 522 4055 674 4111; x_wconf 88' lang='lat' dir='ltr'><strong>nitus</strong></span> <span class='ocrx_word' id='word_1_521' title='bbox 720 4071 831 4111; x_wconf 87' lang='lat' dir='ltr'><strong>non</strong></span> <span class='ocrx_word' id='word_1_522' title='bbox 874 4059 1191 4124; x_wconf 78' lang='lat' dir='ltr'><strong>mandatur,</strong></span> <span class='ocrx_word' id='word_1_523' title='bbox 1231 4061 1465 4130; x_wconf 90' lang='lat' dir='ltr'><strong>ideoque</strong></span> <span class='ocrx_word' id='word_1_524' title='bbox 1504 4064 1714 4119; x_wconf 85' lang='lat' dir='ltr'><strong>macula</strong></span> <span class='ocrx_word' id='word_1_525' title='bbox 1763 4064 2116 4138; x_wconf 72' lang='lat' dir='ltr'><strong>intelligibilis</strong></span> 
     </span>
    </p>
   </div>
   <div class='ocr_carea' id='block_1_72' title="bbox 525 4148 2114 4226">
    <p class='ocr_par' dir='ltr' id='par_1_72' title="bbox 525 4148 2114 4226">
     <span class='ocr_line' id='line_1_72' title="bbox 525 4148 2114 4226; baseline 0.009 -27"><span class='ocrx_word' id='word_1_526' title='bbox 525 4148 691 4217; x_wconf 60' lang='lat' dir='ltr'><strong>lepra;</strong></span> <span class='ocrx_word' id='word_1_527' title='bbox 734 4148 788 4202; x_wconf 92' lang='lat' dir='ltr'><strong>in</strong></span> <span class='ocrx_word' id='word_1_528' title='bbox 826 4149 948 4219; x_wconf 90' lang='lat' dir='ltr'><strong>ipso</strong></span> <span class='ocrx_word' id='word_1_529' title='bbox 994 4160 1202 4205; x_wconf 85' lang='lat' dir='ltr'><strong>manet.</strong></span> <span class='ocrx_word' id='word_1_530' title='bbox 1251 4148 1519 4209; x_wconf 63' lang='lat' dir='ltr'><strong>Praeterea</strong></span> <span class='ocrx_word' id='word_1_531' title='bbox 1547 4170 1713 4211; x_wconf 80' lang='lat' dir='ltr'><strong>verus</strong></span> <span class='ocrx_word' id='word_1_532' title='bbox 1757 4157 2027 4226; x_wconf 91' lang='lat' dir='ltr'><strong>leprosus,</strong></span> <span class='ocrx_word' id='word_1_533' title='bbox 2059 4158 2114 4214; x_wconf 92' lang='lat' dir='ltr'><strong>id</strong></span> 
     </span>
    </p>
   </div>
   <div class='ocr_carea' id='block_1_73' title="bbox 523 4239 2115 4311">
    <p class='ocr_par' dir='ltr' id='par_1_73' title="bbox 523 4239 2115 4311">
     <span class='ocr_line' id='line_1_73' title="bbox 523 4239 2115 4311; baseline 0.006 -20"><span class='ocrx_word' id='word_1_534' title='bbox 523 4248 611 4292; x_wconf 85' lang='lat' dir='ltr'><strong>est</strong></span> <span class='ocrx_word' id='word_1_535' title='bbox 639 4247 915 4307; x_wconf 89' lang='lat' dir='ltr'><strong>peccator,</strong></span> <span class='ocrx_word' id='word_1_536' title='bbox 938 4239 1087 4294; x_wconf 85' lang='lat' dir='ltr'><strong>solus</strong></span> <span class='ocrx_word' id='word_1_537' title='bbox 1103 4256 1166 4294; x_wconf 89' lang='lat' dir='ltr'><strong>ac</strong></span> <span class='ocrx_word' id='word_1_538' title='bbox 1194 4252 1478 4311; x_wconf 84' lang='lat' dir='ltr'><strong>separatus</strong></span> <span class='ocrx_word' id='word_1_539' title='bbox 1509 4245 1734 4311; x_wconf 87' lang='lat' dir='ltr'><strong>habitat,</strong></span> <span class='ocrx_word' id='word_1_540' title='bbox 1760 4254 1872 4301; x_wconf 82' lang='lat' dir='ltr'><strong>tam</strong></span> <span class='ocrx_word' id='word_1_541' title='bbox 1899 4255 1961 4306; x_wconf 84' lang='lat' dir='ltr'><strong>nt</strong></span> <span class='ocrx_word' id='word_1_542' title='bbox 1982 4261 2115 4301; x_wconf 90' lang='lat' dir='ltr'><strong>con-</strong></span> 
     </span>
    </p>
   </div>
   <div class='ocr_carea' id='block_1_74' title="bbox 522 4329 2114 4412">
    <p class='ocr_par' dir='ltr' id='par_1_74' title="bbox 522 4329 2114 4412">
     <span class='ocr_line' id='line_1_74' title="bbox 522 4329 2114 4412; baseline 0.009 -30"><span class='ocrx_word' id='word_1_543' title='bbox 522 4329 803 4397; x_wconf 81' lang='lat' dir='ltr'><strong>fundatur,</strong></span> <span class='ocrx_word' id='word_1_544' title='bbox 841 4347 1002 4400; x_wconf 88' lang='lat' dir='ltr'><strong>quam</strong></span> <span class='ocrx_word' id='word_1_545' title='bbox 1040 4342 1099 4386; x_wconf 89' lang='lat' dir='ltr'><strong>ut</strong></span> <span class='ocrx_word' id='word_1_546' title='bbox 1146 4334 1330 4389; x_wconf 89' lang='lat' dir='ltr'><strong>nullus</strong></span> <span class='ocrx_word' id='word_1_547' title='bbox 1376 4337 1655 4392; x_wconf 84' lang='lat' dir='ltr'><strong>societatis</strong></span> <span class='ocrx_word' id='word_1_548' title='bbox 1697 4338 1817 4408; x_wconf 86' lang='lat' dir='ltr'><strong>ejus</strong></span> <span class='ocrx_word' id='word_1_549' title='bbox 1863 4341 2114 4412; x_wconf 77' lang='lat' dir='ltr'><strong>contagio</strong></span> 
     </span>
    </p>
   </div>
   <div class='ocr_carea' id='block_1_75' title="bbox 523 4425 2115 4501">
    <p class='ocr_par' dir='ltr' id='par_1_75' title="bbox 523 4425 2115 4501">
     <span class='ocr_line' id='line_1_75' title="bbox 523 4425 2115 4501; baseline 0.007 -24"><span class='ocrx_word' id='word_1_550' title='bbox 523 4431 809 4479; x_wconf 82' lang='lat' dir='ltr'><strong>noceatur.</strong></span> <span class='ocrx_word' id='word_1_551' title='bbox 835 4425 991 4482; x_wconf 88' lang='lat' dir='ltr'><strong>Unde</strong></span> <span class='ocrx_word' id='word_1_552' title='bbox 1027 4427 1287 4485; x_wconf 77' lang='lat' dir='ltr'><strong>Dominus</strong></span> <span class='ocrx_word' id='word_1_553' title='bbox 1317 4427 1497 4494; x_wconf 83' lang='lat' dir='ltr'><strong>Petro,</strong></span> <span class='ocrx_word' id='word_1_554' title='bbox 1522 4429 1595 4484; x_wconf 88' lang='lat' dir='ltr'><strong>de</strong></span> <span class='ocrx_word' id='word_1_555' title='bbox 1623 4444 1690 4484; x_wconf 87' lang='lat' dir='ltr'><strong>eo</strong></span> <span class='ocrx_word' id='word_1_556' title='bbox 1727 4430 1820 4500; x_wconf 85' lang='lat' dir='ltr'><strong>qui</strong></span> <span class='ocrx_word' id='word_1_557' title='bbox 1848 4446 2115 4501; x_wconf 79' lang='lat' dir='ltr'><strong>peccave—</strong></span> 
     </span>
    </p>
   </div>
   <div class='ocr_carea' id='block_1_76' title="bbox 522 4518 2195 4592">
    <p class='ocr_par' dir='ltr' id='par_1_76' title="bbox 522 4518 2195 4592">
     <span class='ocr_line' id='line_1_76' title="bbox 522 4518 2195 4592; baseline 0.008 -24"><span class='ocrx_word' id='word_1_558' title='bbox 522 4524 628 4582; x_wconf 85' lang='lat' dir='ltr'><strong>rat,</strong></span> <span class='ocrx_word' id='word_1_559' title='bbox 654 4525 710 4572; x_wconf 89' lang='lat' dir='ltr'><strong>et</strong></span> <span class='ocrx_word' id='word_1_560' title='bbox 738 4518 994 4575; x_wconf 63' lang='lat' dir='ltr'><strong>Ecclesiae</strong></span> <span class='ocrx_word' id='word_1_561' title='bbox 1025 4529 1084 4576; x_wconf 87' lang='lat' dir='ltr'><strong>ut</strong></span> <span class='ocrx_word' id='word_1_562' title='bbox 1137 4529 1555 4577; x_wconf 84' lang='lat' dir='ltr'><strong>converteretur</strong></span> <span class='ocrx_word' id='word_1_563' title='bbox 1598 4531 1760 4592; x_wconf 85' lang='lat' dir='ltr'><strong>atque</strong></span> <span class='ocrx_word' id='word_1_564' title='bbox 1798 4525 2121 4580; x_wconf 85' lang='lat' dir='ltr'><strong>emendare-</strong></span> <span class='ocrx_word' id='word_1_565' title='bbox 2153 4527 2195 4581; x_wconf 91' lang='lat' dir='ltr'><strong>D</strong></span> 
     </span>
    </p>
   </div>
   <div class='ocr_carea' id='block_1_77' title="bbox 524 4610 2117 4687">
    <p class='ocr_par' dir='ltr' id='par_1_77' title="bbox 524 4610 2117 4687">
     <span class='ocr_line' id='line_1_77' title="bbox 524 4610 2117 4687; baseline 0.008 -26"><span class='ocrx_word' id='word_1_566' title='bbox 524 4617 634 4670; x_wconf 86' lang='lat' dir='ltr'><strong>tur.</strong></span> <span class='ocrx_word' id='word_1_567' title='bbox 656 4610 992 4667; x_wconf 86' lang='lat' dir='ltr'><strong>detrectabat</strong></span> <span class='ocrx_word' id='word_1_568' title='bbox 1017 4614 1239 4670; x_wconf 86' lang='lat' dir='ltr'><strong>obedire</strong></span> <span class='ocrx_word' id='word_1_569' title='bbox 1262 4633 1279 4668; x_wconf 60' lang='grc' dir='ltr'><em>ηε</em></span> <span class='ocrx_word' id='word_1_570' title='bbox 1309 4614 1388 4670; x_wconf 91' lang='lat' dir='ltr'><strong>Sit</strong></span> <span class='ocrx_word' id='word_1_571' title='bbox 1416 4616 1533 4681; x_wconf 83' lang='lat' dir='ltr'><strong>tibi,</strong></span> <span class='ocrx_word' id='word_1_572' title='bbox 1564 4616 1756 4687; x_wconf 79' lang='lat' dir='ltr'><strong>inquit,</strong></span> <span class='ocrx_word' id='word_1_573' title='bbox 1785 4618 1922 4672; x_wconf 87' lang='lat' dir='ltr'><strong>sicut</strong></span> <span class='ocrx_word' id='word_1_574' title='bbox 1944 4620 2117 4673; x_wconf 79' lang='lat' dir='ltr'><strong>ethni-</strong></span> 
     </span>
    </p>
   </div>
   <div class='ocr_carea' id='block_1_78' title="bbox 521 4697 2111 4778">
    <p class='ocr_par' dir='ltr' id='par_1_78' title="bbox 521 4697 2111 4778">
     <span class='ocr_line' id='line_1_78' title="bbox 521 4697 2111 4778; baseline 0.009 -27"><span class='ocrx_word' id='word_1_575' title='bbox 521 4716 616 4753; x_wconf 78' lang='lat' dir='ltr'><strong>cus</strong></span> <span class='ocrx_word' id='word_1_576' title='bbox 647 4708 697 4752; x_wconf 82' lang='lat' dir='ltr'><strong>ct</strong></span> <span class='ocrx_word' id='word_1_577' title='bbox 734 4702 1043 4769; x_wconf 83' lang='lat' dir='ltr'><strong>publicanus</strong></span> <span class='ocrx_word' id='word_1_578' title='bbox 1068 4704 1140 4757; x_wconf 68' lang='grc'><strong>³³.</strong></span> <span class='ocrx_word' id='word_1_579' title='bbox 1175 4704 1452 4762; x_wconf 86' lang='lat' dir='ltr'><strong>Habitabit</strong></span> <span class='ocrx_word' id='word_1_580' title='bbox 1478 4697 1692 4778; x_wconf 13' lang='lat' dir='ltr'><strong>{quippe</strong></span> <span class='ocrx_word' id='word_1_581' title='bbox 1723 4718 1876 4764; x_wconf 82' lang='lat' dir='ltr'><strong>extra</strong></span> <span class='ocrx_word' id='word_1_582' title='bbox 1910 4719 2111 4766; x_wconf 90' lang='lat' dir='ltr'><strong>castra.</strong></span> 
     </span>
    </p>
   </div>
   <div class='ocr_carea' id='block_1_79' title="bbox 525 4789 2116 4870">
    <p class='ocr_par' dir='ltr' id='par_1_79' title="bbox 525 4789 2116 4870">
     <span class='ocr_line' id='line_1_79' title="bbox 525 4789 2116 4870; baseline 0.01 -27"><span class='ocrx_word' id='word_1_583' title='bbox 525 4789 686 4860; x_wconf 79' lang='lat' dir='ltr'><strong>Legis</strong></span> <span class='ocrx_word' id='word_1_584' title='bbox 712 4792 913 4861; x_wconf 80' lang='lat' dir='ltr'><strong>quippe</strong></span> <span class='ocrx_word' id='word_1_585' title='bbox 960 4796 1212 4851; x_wconf 89' lang='lat' dir='ltr'><strong>mandata</strong></span> <span class='ocrx_word' id='word_1_586' title='bbox 1259 4799 1586 4869; x_wconf 70' lang='lat' dir='ltr'><strong>evangelicis</strong></span> <span class='ocrx_word' id='word_1_587' title='bbox 1634 4801 1799 4857; x_wconf 89' lang='lat' dir='ltr'><strong>nimis</strong></span> <span class='ocrx_word' id='word_1_588' title='bbox 1832 4811 1982 4870; x_wconf 89' lang='lat' dir='ltr'><strong>sunt,</strong></span> <span class='ocrx_word' id='word_1_589' title='bbox 2028 4819 2116 4859; x_wconf 92' lang='lat' dir='ltr'><strong>sc-</strong></span> 
     </span>
    </p>
   </div>
   <div class='ocr_carea' id='block_1_80' title="bbox 525 4881 2113 4966">
    <p class='ocr_par' dir='ltr' id='par_1_80' title="bbox 525 4881 2113 4966">
     <span class='ocr_line' id='line_1_80' title="bbox 525 4881 2113 4966; baseline 0.014 -35"><span class='ocrx_word' id='word_1_590' title='bbox 525 4881 766 4936; x_wconf 72' lang='lat' dir='ltr'><strong>cuudum</strong></span> <span class='ocrx_word' id='word_1_591' title='bbox 791 4883 1065 4952; x_wconf 89' lang='lat' dir='ltr'><strong>spiritum,</strong></span> <span class='ocrx_word' id='word_1_592' title='bbox 1101 4891 1479 4956; x_wconf 89' lang='lat' dir='ltr'><strong>consonantia,</strong></span> <span class='ocrx_word' id='word_1_593' title='bbox 1509 4895 1652 4947; x_wconf 89' lang='lat' dir='ltr'><strong>unde</strong></span> <span class='ocrx_word' id='word_1_594' title='bbox 1677 4893 1917 4951; x_wconf 87' lang='lat' dir='ltr'><strong>Joannes</strong></span> <span class='ocrx_word' id='word_1_595' title='bbox 1951 4913 2113 4966; x_wconf 87' lang='lat' dir='ltr'><strong>sepa-</strong></span> 
     </span>
    </p>
   </div>
   <div class='ocr_carea' id='block_1_81' title="bbox 526 4973 2181 5060">
    <p class='ocr_par' dir='ltr' id='par_1_81' title="bbox 526 4973 2181 5060">
     <span class='ocr_line' id='line_1_81' title="bbox 526 4973 2181 5060; baseline 0.013 -36"><span class='ocrx_word' id='word_1_596' title='bbox 526 4989 654 5028; x_wconf 83' lang='lat' dir='ltr'><strong>rans</strong></span> <span class='ocrx_word' id='word_1_597' title='bbox 678 4976 747 5029; x_wconf 88' lang='lat' dir='ltr'><strong>ab</strong></span> <span class='ocrx_word' id='word_1_598' title='bbox 784 4973 1108 5048; x_wconf 79' lang='lat' dir='ltr'><strong>intelligibili</strong></span> <span class='ocrx_word' id='word_1_599' title='bbox 1139 4981 1489 5038; x_wconf 89' lang='lat' dir='ltr'><strong>tabernaculo</strong></span> <span class='ocrx_word' id='word_1_600' title='bbox 1518 4985 1908 5058; x_wconf 79' lang='lat' dir='ltr'><strong>intelligibilem</strong></span> <span class='ocrx_word' id='word_1_601' title='bbox 1938 4990 2117 5060; x_wconf 89' lang='lat' dir='ltr'><strong>lepro-</strong></span> <span class='ocrx_word' id='word_1_602' title='bbox 2151 5034 2181 5054; x_wconf 71' lang='lat'><strong>,</strong></span> 
     </span>
    </p>
   </div>
   <div class='ocr_carea' id='block_1_82' title="bbox 527 5067 2111 5148">
    <p class='ocr_par' dir='ltr' id='par_1_82' title="bbox 527 5067 2111 5148">
     <span class='ocr_line' id='line_1_82' title="bbox 527 5067 2111 5148; baseline 0.011 -30"><span class='ocrx_word' id='word_1_603' title='bbox 527 5081 646 5119; x_wconf 87' lang='lat' dir='ltr'><strong>sum</strong></span> <span class='ocrx_word' id='word_1_604' title='bbox 684 5067 737 5120; x_wconf 91' lang='lat' dir='ltr'><strong>in</strong></span> <span class='ocrx_word' id='word_1_605' title='bbox 768 5068 1052 5125; x_wconf 80' lang='lat' dir='ltr'><strong>catholicis</strong></span> <span class='ocrx_word' id='word_1_606' title='bbox 1084 5071 1347 5142; x_wconf 83' lang='lat' dir='ltr'><strong>Epistolis</strong></span> <span class='ocrx_word' id='word_1_607' title='bbox 1369 5075 1596 5133; x_wconf 86' lang='lat' dir='ltr'><strong>scribit:</strong></span> <span class='ocrx_word' id='word_1_608' title='bbox 1632 5077 1939 5148; x_wconf 83' lang='lat' dir='ltr'><strong>Quicunque</strong></span> <span class='ocrx_word' id='word_1_609' title='bbox 1975 5083 2111 5138; x_wconf 82' lang='lat' dir='ltr'><strong>venit</strong></span> 
     </span>
    </p>
   </div>
   <div class='ocr_carea' id='block_1_83' title="bbox 524 5160 2114 5242">
    <p class='ocr_par' dir='ltr' id='par_1_83' title="bbox 524 5160 2114 5242">
     <span class='ocr_line' id='line_1_83' title="bbox 524 5160 2114 5242; baseline 0.011 -30"><span class='ocrx_word' id='word_1_610' title='bbox 524 5160 596 5213; x_wconf 81' lang='lat' dir='ltr'><strong>ad</strong></span> <span class='ocrx_word' id='word_1_611' title='bbox 644 5176 749 5224; x_wconf 85' lang='lat' dir='ltr'><strong>vos,</strong></span> <span class='ocrx_word' id='word_1_612' title='bbox 780 5169 828 5215; x_wconf 84' lang='lat' dir='ltr'><strong>et</strong></span> <span class='ocrx_word' id='word_1_613' title='bbox 857 5161 994 5215; x_wconf 84' lang='lat' dir='ltr'><strong>hanc</strong></span> <span class='ocrx_word' id='word_1_614' title='bbox 1024 5163 1319 5218; x_wconf 79' lang='lat' dir='ltr'><strong>doctrinam</strong></span> <span class='ocrx_word' id='word_1_615' title='bbox 1354 5182 1458 5219; x_wconf 86' lang='lat' dir='ltr'><strong>non</strong></span> <span class='ocrx_word' id='word_1_616' title='bbox 1502 5169 1674 5238; x_wconf 72' lang='lat' dir='ltr'><strong>affert,</strong></span> <span class='ocrx_word' id='word_1_617' title='bbox 1703 5187 1804 5224; x_wconf 88' lang='lat' dir='ltr'><strong>non</strong></span> <span class='ocrx_word' id='word_1_618' title='bbox 1850 5173 2114 5242; x_wconf 78' lang='lat' dir='ltr'><strong>recipiatis</strong></span> 
     </span>
    </p>
   </div>
   <div class='ocr_carea' id='block_1_84' title="bbox 524 5252 1730 5318">
    <p class='ocr_par' dir='ltr' id='par_1_84' title="bbox 524 5252 1730 5318">
     <span class='ocr_line' id='line_1_84' title="bbox 524 5252 1730 5318; baseline 0.012 -15"><span class='ocrx_word' id='word_1_619' title='bbox 524 5268 641 5303; x_wconf 83' lang='lat' dir='ltr'><strong>eum</strong></span> <span class='ocrx_word' id='word_1_620' title='bbox 690 5252 746 5303; x_wconf 81' lang='lat' dir='ltr'><strong>in</strong></span> <span class='ocrx_word' id='word_1_621' title='bbox 777 5252 1012 5317; x_wconf 86' lang='lat' dir='ltr'><strong>domum,</strong></span> <span class='ocrx_word' id='word_1_622' title='bbox 1042 5265 1088 5307; x_wconf 85' lang='lat' dir='ltr'><strong>et</strong></span> <span class='ocrx_word' id='word_1_623' title='bbox 1116 5271 1210 5310; x_wconf 84' lang='lat' dir='ltr'><strong>auc</strong></span> <span class='ocrx_word' id='word_1_624' title='bbox 1231 5256 1279 5309; x_wconf 86' lang='lat' dir='ltr'><strong>ei</strong></span> <span class='ocrx_word' id='word_1_625' title='bbox 1309 5273 1373 5310; x_wconf 84' lang='lat' dir='ltr'><strong>ne</strong></span> <span class='ocrx_word' id='word_1_626' title='bbox 1404 5258 1642 5314; x_wconf 71' lang='lat' dir='ltr'><strong>dixeritis</strong></span> <span class='ocrx_word' id='word_1_627' title='bbox 1664 5262 1730 5318; x_wconf 79' lang='lat'><strong>&quot;.</strong></span> 
     </span>
    </p>
   </div>
   <div class='ocr_carea' id='block_1_85' title="bbox 594 5339 2113 5430">
    <p class='ocr_par' dir='ltr' id='par_1_85' title="bbox 594 5339 2113 5430">
     <span class='ocr_line' id='line_1_85' title="bbox 594 5339 2113 5430; baseline 0.012 -34"><span class='ocrx_word' id='word_1_628' title='bbox 594 5339 761 5397; x_wconf 65' lang='lat' dir='ltr'><strong>Vsus.</strong></span> <span class='ocrx_word' id='word_1_629' title='bbox 784 5342 972 5399; x_wconf 60' lang='lat'><strong>47-59.</strong></span> <span class='ocrx_word' id='word_1_630' title='bbox 1000 5362 1020 5396; x_wconf 72' lang='grc' dir='ltr'><strong>ι</strong></span> <span class='ocrx_word' id='word_1_631' title='bbox 1044 5343 1226 5400; x_wconf 84' lang='lat' dir='ltr'><strong>Vestis</strong></span> <span class='ocrx_word' id='word_1_632' title='bbox 1254 5347 1433 5416; x_wconf 88' lang='lat' dir='ltr'><strong>lanea,</strong></span> <span class='ocrx_word' id='word_1_633' title='bbox 1454 5360 1547 5406; x_wconf 87' lang='lat' dir='ltr'><strong>aut</strong></span> <span class='ocrx_word' id='word_1_634' title='bbox 1572 5353 1742 5419; x_wconf 77' lang='lat' dir='ltr'><strong>linea,</strong></span> <span class='ocrx_word' id='word_1_635' title='bbox 1766 5372 1885 5425; x_wconf 78' lang='lat' dir='ltr'><strong>quae</strong></span> <span class='ocrx_word' id='word_1_636' title='bbox 1909 5358 2113 5430; x_wconf 86' lang='lat' dir='ltr'><strong>lepram</strong></span> 
     </span>
    </p>
   </div>
   <div class='ocr_carea' id='block_1_86' title="bbox 525 5432 2115 5517">
    <p class='ocr_par' dir='ltr' id='par_1_86' title="bbox 525 5432 2115 5517">
     <span class='ocr_line' id='line_1_86' title="bbox 525 5432 2115 5517; baseline 0.016 -34"><span class='ocrx_word' id='word_1_637' title='bbox 525 5432 782 5489; x_wconf 80' lang='lat' dir='ltr'><strong>habuerit</strong></span> <span class='ocrx_word' id='word_1_638' title='bbox 825 5437 881 5490; x_wconf 90' lang='lat' dir='ltr'><strong>in</strong></span> <span class='ocrx_word' id='word_1_639' title='bbox 921 5439 1154 5494; x_wconf 89' lang='lat' dir='ltr'><strong>stamine</strong></span> <span class='ocrx_word' id='word_1_640' title='bbox 1201 5448 1365 5511; x_wconf 82' lang='lat' dir='ltr'><strong>atque</strong></span> <span class='ocrx_word' id='word_1_641' title='bbox 1408 5446 1773 5517; x_wconf 77' lang='lat' dir='ltr'><strong>subtegmine,</strong></span> <span class='ocrx_word' id='word_1_642' title='bbox 1812 5461 1907 5506; x_wconf 89' lang='lat' dir='ltr'><strong>aut</strong></span> <span class='ocrx_word' id='word_1_643' title='bbox 1964 5464 2115 5508; x_wconf 82' lang='lat' dir='ltr'><strong>certe</strong></span> 
     </span>
    </p>
   </div>
   <div class='ocr_carea' id='block_1_87' title="bbox 524 5522 2113 5606">
    <p class='ocr_par' dir='ltr' id='par_1_87' title="bbox 524 5522 2113 5606">
     <span class='ocr_line' id='line_1_87' title="bbox 524 5522 2113 5606; baseline 0.017 -35"><span class='ocrx_word' id='word_1_644' title='bbox 524 5522 702 5592; x_wconf 65' lang='lat' dir='ltr'><strong>pellis,</strong></span> <span class='ocrx_word' id='word_1_645' title='bbox 726 5523 813 5578; x_wconf 85' lang='lat' dir='ltr'><strong>vel</strong></span> <span class='ocrx_word' id='word_1_646' title='bbox 837 5526 1097 5598; x_wconf 79' lang='lat' dir='ltr'><strong>quidquid</strong></span> <span class='ocrx_word' id='word_1_647' title='bbox 1130 5546 1195 5585; x_wconf 74' lang='lat' dir='ltr'><strong>ex</strong></span> <span class='ocrx_word' id='word_1_648' title='bbox 1246 5534 1386 5603; x_wconf 85' lang='lat' dir='ltr'><strong>pelle</strong></span> <span class='ocrx_word' id='word_1_649' title='bbox 1416 5546 1729 5593; x_wconf 80' lang='lat' dir='ltr'><strong>contextum</strong></span> <span class='ocrx_word' id='word_1_650' title='bbox 1761 5549 1864 5606; x_wconf 89' lang='lat' dir='ltr'><strong>est,</strong></span> <span class='ocrx_word' id='word_1_651' title='bbox 1913 5542 1956 5597; x_wconf 91' lang='lat' dir='ltr'><strong>si</strong></span> <span class='ocrx_word' id='word_1_652' title='bbox 1993 5543 2113 5598; x_wconf 85' lang='lat' dir='ltr'><strong>alba</strong></span> 
     </span>
    </p>
   </div>
   <div class='ocr_carea' id='block_1_88' title="bbox 525 5613 2109 5702">
    <p class='ocr_par' dir='ltr' id='par_1_88' title="bbox 525 5613 2109 5702">
     <span class='ocr_line' id='line_1_88' title="bbox 525 5613 2109 5702; baseline 0.016 -36"><span class='ocrx_word' id='word_1_653' title='bbox 525 5621 621 5668; x_wconf 83' lang='lat' dir='ltr'><strong>aut</strong></span> <span class='ocrx_word' id='word_1_654' title='bbox 651 5613 770 5670; x_wconf 78' lang='lat' dir='ltr'><strong>rufa</strong></span> <span class='ocrx_word' id='word_1_655' title='bbox 817 5620 1025 5675; x_wconf 83' lang='lat' dir='ltr'><strong>macula</strong></span> <span class='ocrx_word' id='word_1_656' title='bbox 1064 5622 1248 5689; x_wconf 83' lang='lat' dir='ltr'><strong>fuerit,</strong></span> <span class='ocrx_word' id='word_1_657' title='bbox 1289 5626 1485 5683; x_wconf 53' lang='lat' dir='ltr'><strong>inferte</strong></span> <span class='ocrx_word' id='word_1_658' title='bbox 1536 5630 1699 5700; x_wconf 69' lang='lat' dir='ltr'><strong>lepra:</strong></span> <span class='ocrx_word' id='word_1_659' title='bbox 1748 5635 2109 5702; x_wconf 85' lang='lat' dir='ltr'><strong>reputabitur,</strong></span> 
     </span>
    </p>
   </div>
   <div class='ocr_carea' id='block_1_89' title="bbox 597 5772 1116 5842">
    <p class='ocr_par' dir='ltr' id='par_1_89' title="bbox 597 5772 1116 5842">
     <span class='ocr_line' id='line_1_89' title="bbox 597 5772 1116 5842; baseline 0.029 -22"><span class='ocrx_word' id='word_1_660' title='bbox 597 5772 643 5807; x_wconf 64' lang='grc' dir='ltr'><strong>τ’</strong></span> <span class='ocrx_word' id='word_1_661' title='bbox 675 5772 869 5842; x_wconf 78' lang='lat' dir='ltr'><strong>Ephes.</strong></span> <span class='ocrx_word' id='word_1_662' title='bbox 908 5795 993 5834; x_wconf 74' lang='lat' dir='ltr'><strong>vn.</strong></span> <span class='ocrx_word' id='word_1_663' title='bbox 1037 5780 1116 5835; x_wconf 79' lang='lat' dir='ltr'><strong>l5.</strong></span> 
     </span>
    </p>
   </div>
   <div class='ocr_carea' id='block_1_90' title="bbox 1218 5786 1900 5861">
    <p class='ocr_par' dir='ltr' id='par_1_90' title="bbox 1218 5786 1900 5861">
     <span class='ocr_line' id='line_1_90' title="bbox 1218 5786 1900 5861; baseline 0.013 -23"><span class='ocrx_word' id='word_1_664' title='bbox 1218 5788 1260 5817; x_wconf 76' lang='grc'><strong>³³</strong></span> <span class='ocrx_word' id='word_1_665' title='bbox 1296 5786 1437 5843; x_wconf 71' lang='lat' dir='ltr'><strong>Psal.</strong></span> <span class='ocrx_word' id='word_1_666' title='bbox 1476 5806 1632 5858; x_wconf 60' lang='lat' dir='ltr'><strong>Atax,</strong></span> <span class='ocrx_word' id='word_1_667' title='bbox 1690 5792 1781 5861; x_wconf 54' lang='lat' dir='ltr'><strong>If»,</strong></span> <span class='ocrx_word' id='word_1_668' title='bbox 1822 5795 1900 5859; x_wconf 67' lang='lat' dir='ltr'><strong>II.</strong></span> 
     </span>
    </p>
   </div>
   <div class='ocr_carea' id='block_1_91' title="bbox 522 5842 1054 5909">
    <p class='ocr_par' dir='ltr' id='par_1_91' title="bbox 522 5842 1054 5909">
     <span class='ocr_line' id='line_1_91' title="bbox 522 5842 1054 5909; baseline 0.004 -10"><span class='ocrx_word' id='word_1_669' title='bbox 522 5849 570 5886; x_wconf 75' lang='grc'><strong>⁸⁷</strong></span> <span class='ocrx_word' id='word_1_670' title='bbox 602 5842 743 5899; x_wconf 78' lang='lat' dir='ltr'><strong>Psal.</strong></span> <span class='ocrx_word' id='word_1_671' title='bbox 786 5862 929 5909; x_wconf 73' lang='lat' dir='ltr'><strong>xttv,</strong></span> <span class='ocrx_word' id='word_1_672' title='bbox 973 5850 1054 5901; x_wconf 76' lang='lat' dir='ltr'><strong>lt).</strong></span> 
     </span>
    </p>
   </div>
   <div class='ocr_carea' id='block_1_92' title="bbox 2002 5794 2584 5864">
    <p class='ocr_par' dir='ltr' id='par_1_92' title="bbox 2002 5794 2584 5864">
     <span class='ocr_line' id='line_1_92' title="bbox 2002 5794 2584 5864; baseline 0.015 -16"><span class='ocrx_word' id='word_1_673' title='bbox 2002 5796 2052 5839; x_wconf 81' lang='grc'><strong>.³”</strong></span> <span class='ocrx_word' id='word_1_674' title='bbox 2077 5794 2263 5852; x_wconf 76' lang='lat' dir='ltr'><strong>Matth.</strong></span> <span class='ocrx_word' id='word_1_675' title='bbox 2302 5813 2466 5864; x_wconf 69' lang='lat' dir='ltr'><strong>H‘lll,</strong></span> <span class='ocrx_word' id='word_1_676' title='bbox 2500 5798 2584 5851; x_wconf 74' lang='lat' dir='ltr'><strong>i7-</strong></span> 
     </span>
    </p>
   </div>
   <div class='ocr_carea' id='block_1_93' title="bbox 2222 3229 3763 3315">
    <p class='ocr_par' dir='ltr' id='par_1_93' title="bbox 2222 3229 3763 3315">
     <span class='ocr_line' id='line_1_93' title="bbox 2222 3229 3763 3315; baseline -0.009 -16"><span class='ocrx_word' id='word_1_677' title='bbox 2222 3245 2410 3315; x_wconf 83' lang='lat' dir='ltr'><strong>legalis</strong></span> <span class='ocrx_word' id='word_1_678' title='bbox 2440 3244 2615 3298; x_wconf 66' lang='lat' dir='ltr'><strong>vincte</strong></span> <span class='ocrx_word' id='word_1_679' title='bbox 2649 3243 2971 3298; x_wconf 80' lang='lat' dir='ltr'><strong>custoditur.</strong></span> <span class='ocrx_word' id='word_1_680' title='bbox 2999 3242 3230 3296; x_wconf 86' lang='lat' dir='ltr'><strong>Tantam</strong></span> <span class='ocrx_word' id='word_1_681' title='bbox 3256 3243 3400 3296; x_wconf 81' lang='lat' dir='ltr'><strong>enim</strong></span> <span class='ocrx_word' id='word_1_682' title='bbox 3424 3254 3598 3295; x_wconf 89' lang='lat' dir='ltr'><strong>curam</strong></span> <span class='ocrx_word' id='word_1_683' title='bbox 3624 3229 3763 3289; x_wconf 87' lang='lat' dir='ltr'><strong>nostri</strong></span> 
     </span>
    </p>
   </div>
   <div class='ocr_carea' id='block_1_94' title="bbox 2220 3324 3764 3408">
    <p class='ocr_par' dir='ltr' id='par_1_94' title="bbox 2220 3324 3764 3408">
     <span class='ocr_line' id='line_1_94' title="bbox 2220 3324 3764 3408; baseline -0.008 -16"><span class='ocrx_word' id='word_1_684' title='bbox 2220 3337 2496 3408; x_wconf 82' lang='lat' dir='ltr'><strong>legislator</strong></span> <span class='ocrx_word' id='word_1_685' title='bbox 2534 3336 2697 3407; x_wconf 77' lang='lat' dir='ltr'><strong>gerit,</strong></span> <span class='ocrx_word' id='word_1_686' title='bbox 2731 3345 2789 3389; x_wconf 89' lang='lat' dir='ltr'><strong>ut</strong></span> <span class='ocrx_word' id='word_1_687' title='bbox 2830 3352 2941 3390; x_wconf 90' lang='lat' dir='ltr'><strong>non</strong></span> <span class='ocrx_word' id='word_1_688' title='bbox 2986 3336 3161 3390; x_wconf 91' lang='lat' dir='ltr'><strong>solum</strong></span> <span class='ocrx_word' id='word_1_689' title='bbox 3202 3335 3273 3390; x_wconf 90' lang='lat' dir='ltr'><strong>de</strong></span> <span class='ocrx_word' id='word_1_690' title='bbox 3310 3335 3399 3389; x_wconf 89' lang='lat' dir='ltr'><strong>illa</strong></span> <span class='ocrx_word' id='word_1_691' title='bbox 3434 3340 3608 3387; x_wconf 86' lang='lat' dir='ltr'><strong>cautos</strong></span> <span class='ocrx_word' id='word_1_692' title='bbox 3636 3324 3764 3383; x_wconf 72' lang='lat' dir='ltr'><strong>faciat</strong></span> 
     </span>
    </p>
   </div>
   <div class='ocr_carea' id='block_1_95' title="bbox 2221 3429 3763 3500">
    <p class='ocr_par' dir='ltr' id='par_1_95' title="bbox 2221 3429 3763 3500">
     <span class='ocr_line' id='line_1_95' title="bbox 2221 3429 3763 3500; baseline -0.008 -16"><span class='ocrx_word' id='word_1_693' title='bbox 2221 3431 2390 3500; x_wconf 91' lang='lat' dir='ltr'><strong>lepra,</strong></span> <span class='ocrx_word' id='word_1_694' title='bbox 2438 3444 2561 3499; x_wconf 68' lang='lat' dir='ltr'><strong>qum</strong></span> <span class='ocrx_word' id='word_1_695' title='bbox 2606 3444 2671 3483; x_wconf 80' lang='lat' dir='ltr'><strong>ex</strong></span> <span class='ocrx_word' id='word_1_696' title='bbox 2725 3429 2810 3483; x_wconf 92' lang='lat' dir='ltr'><strong>his</strong></span> <span class='ocrx_word' id='word_1_697' title='bbox 2861 3444 2984 3499; x_wconf 65' lang='lat' dir='ltr'><strong>quae</strong></span> <span class='ocrx_word' id='word_1_698' title='bbox 3039 3430 3153 3498; x_wconf 88' lang='lat' dir='ltr'><strong>jam</strong></span> <span class='ocrx_word' id='word_1_699' title='bbox 3203 3429 3348 3483; x_wconf 86' lang='lat' dir='ltr'><strong>dicta</strong></span> <span class='ocrx_word' id='word_1_700' title='bbox 3394 3437 3534 3490; x_wconf 92' lang='lat' dir='ltr'><strong>sunt,</strong></span> <span class='ocrx_word' id='word_1_701' title='bbox 3567 3429 3763 3494; x_wconf 80' lang='lat' dir='ltr'><strong>peccans</strong></span> 
     </span>
    </p>
   </div>
   <div class='ocr_carea' id='block_1_96' title="bbox 2220 3514 3764 3597">
    <p class='ocr_par' dir='ltr' id='par_1_96' title="bbox 2220 3514 3764 3597">
     <span class='ocr_line' id='line_1_96' title="bbox 2220 3514 3764 3597; baseline -0.012 -20"><span class='ocrx_word' id='word_1_702' title='bbox 2220 3523 2424 3589; x_wconf 88' lang='lat' dir='ltr'><strong>evenit,</strong></span> <span class='ocrx_word' id='word_1_703' title='bbox 2461 3521 2555 3597; x_wconf 72' lang='lat' dir='ltr'><strong>sed</strong></span> <span class='ocrx_word' id='word_1_704' title='bbox 2585 3528 2642 3575; x_wconf 91' lang='lat' dir='ltr'><strong>et</strong></span> <span class='ocrx_word' id='word_1_705' title='bbox 2670 3521 2737 3575; x_wconf 91' lang='lat' dir='ltr'><strong>de</strong></span> <span class='ocrx_word' id='word_1_706' title='bbox 2778 3522 2879 3575; x_wconf 88' lang='lat' dir='ltr'><strong>hac</strong></span> <span class='ocrx_word' id='word_1_707' title='bbox 2911 3536 3030 3589; x_wconf 75' lang='lat' dir='ltr'><strong>quae</strong></span> <span class='ocrx_word' id='word_1_708' title='bbox 3062 3520 3383 3588; x_wconf 84' lang='lat' dir='ltr'><strong>frequenter</strong></span> <span class='ocrx_word' id='word_1_709' title='bbox 3413 3519 3548 3575; x_wconf 83' lang='lat' dir='ltr'><strong>circa</strong></span> <span class='ocrx_word' id='word_1_710' title='bbox 3576 3514 3764 3568; x_wconf 83' lang='lat' dir='ltr'><strong>virtutes</strong></span> 
     </span>
    </p>
   </div>
   <div class='ocr_carea' id='block_1_97' title="bbox 2220 3600 3762 3683">
    <p class='ocr_par' dir='ltr' id='par_1_97' title="bbox 2220 3600 3762 3683">
     <span class='ocr_line' id='line_1_97' title="bbox 2220 3600 3762 3683; baseline -0.01 -12"><span class='ocrx_word' id='word_1_711' title='bbox 2220 3612 2463 3681; x_wconf 84' lang='lat' dir='ltr'><strong>evenire,</strong></span> <span class='ocrx_word' id='word_1_712' title='bbox 2509 3616 2641 3671; x_wconf 91' lang='lat' dir='ltr'><strong>dum</strong></span> <span class='ocrx_word' id='word_1_713' title='bbox 2690 3616 2835 3670; x_wconf 88' lang='lat' dir='ltr'><strong>male</strong></span> <span class='ocrx_word' id='word_1_714' title='bbox 2886 3615 2970 3669; x_wconf 88' lang='lat' dir='ltr'><strong>eis</strong></span> <span class='ocrx_word' id='word_1_715' title='bbox 3020 3613 3217 3683; x_wconf 87' lang='lat' dir='ltr'><strong>aliquis</strong></span> <span class='ocrx_word' id='word_1_716' title='bbox 3264 3614 3452 3677; x_wconf 90' lang='lat' dir='ltr'><strong>utitur,</strong></span> <span class='ocrx_word' id='word_1_717' title='bbox 3486 3610 3629 3666; x_wconf 87' lang='lat' dir='ltr'><strong>solet.</strong></span> <span class='ocrx_word' id='word_1_718' title='bbox 3668 3600 3762 3656; x_wconf 72' lang='lat' dir='ltr'><strong>Alia</strong></span> 
     </span>
    </p>
   </div>
   <div class='ocr_carea' id='block_1_98' title="bbox 2219 3704 3764 3794">
    <p class='ocr_par' dir='ltr' id='par_1_98' title="bbox 2219 3704 3764 3794">
     <span class='ocr_line' id='line_1_98' title="bbox 2219 3704 3764 3794; baseline -0.009 -31"><span class='ocrx_word' id='word_1_719' title='bbox 2219 3723 2350 3779; x_wconf 81' lang='lat' dir='ltr'><strong>ergo</strong></span> <span class='ocrx_word' id='word_1_720' title='bbox 2394 3707 2723 3762; x_wconf 87' lang='lat' dir='ltr'><strong>vestimenta</strong></span> <span class='ocrx_word' id='word_1_721' title='bbox 2768 3706 2983 3769; x_wconf 73' lang='lat' dir='ltr'><strong>animae,</strong></span> <span class='ocrx_word' id='word_1_722' title='bbox 3026 3704 3130 3759; x_wconf 78' lang='lat' dir='ltr'><strong>alia</strong></span> <span class='ocrx_word' id='word_1_723' title='bbox 3172 3706 3495 3760; x_wconf 82' lang='lat' dir='ltr'><strong>vestimenta</strong></span> <span class='ocrx_word' id='word_1_724' title='bbox 3525 3704 3641 3755; x_wconf 90' lang='lat' dir='ltr'><strong>sunt</strong></span> <span class='ocrx_word' id='word_1_725' title='bbox 3666 3707 3764 3794; x_wconf 66' lang='grc' dir='ltr'><em>σοι’·</em></span> 
     </span>
    </p>
   </div>
   <div class='ocr_carea' id='block_1_99' title="bbox 2218 3794 3760 3870">
    <p class='ocr_par' dir='ltr' id='par_1_99' title="bbox 2218 3794 3760 3870">
     <span class='ocr_line' id='line_1_99' title="bbox 2218 3794 3760 3870; baseline -0.012 -15"><span class='ocrx_word' id='word_1_726' title='bbox 2218 3800 2367 3870; x_wconf 89' lang='lat' dir='ltr'><strong>poris</strong></span> <span class='ocrx_word' id='word_1_727' title='bbox 2398 3818 2411 3853; x_wconf 91' lang='lat'><strong>:</strong></span> <span class='ocrx_word' id='word_1_728' title='bbox 2440 3815 2561 3870; x_wconf 66' lang='lat' dir='ltr'><strong>qua:</strong></span> <span class='ocrx_word' id='word_1_729' title='bbox 2604 3816 2709 3854; x_wconf 88' lang='lat' dir='ltr'><strong>nec</strong></span> <span class='ocrx_word' id='word_1_730' title='bbox 2760 3799 3057 3857; x_wconf 83' lang='lat' dir='ltr'><strong>sordidata.</strong></span> <span class='ocrx_word' id='word_1_731' title='bbox 3106 3813 3210 3851; x_wconf 90' lang='lat' dir='ltr'><strong>nec</strong></span> <span class='ocrx_word' id='word_1_732' title='bbox 3262 3795 3553 3867; x_wconf 81' lang='lat' dir='ltr'><strong>exspoliata</strong></span> <span class='ocrx_word' id='word_1_733' title='bbox 3592 3794 3760 3843; x_wconf 84' lang='lat' dir='ltr'><strong>contn-</strong></span> 
     </span>
    </p>
   </div>
   <div class='ocr_carea' id='block_1_100' title="bbox 2219 3876 3759 3962">
    <p class='ocr_par' dir='ltr' id='par_1_100' title="bbox 2219 3876 3759 3962">
     <span class='ocr_line' id='line_1_100' title="bbox 2219 3876 3759 3962; baseline -0.006 -15"><span class='ocrx_word' id='word_1_734' title='bbox 2219 3901 2384 3958; x_wconf 85' lang='lat' dir='ltr'><strong>stant,</strong></span> <span class='ocrx_word' id='word_1_735' title='bbox 2418 3893 2695 3962; x_wconf 89' lang='lat' dir='ltr'><strong>quomodo</strong></span> <span class='ocrx_word' id='word_1_736' title='bbox 2745 3906 2875 3962; x_wconf 80' lang='lat' dir='ltr'><strong>ergo</strong></span> <span class='ocrx_word' id='word_1_737' title='bbox 2921 3888 3124 3958; x_wconf 70' lang='lat' dir='ltr'><strong>Ioseph</strong></span> <span class='ocrx_word' id='word_1_738' title='bbox 3173 3891 3517 3959; x_wconf 78' lang='lat' dir='ltr'><strong>pertingente</strong></span> <span class='ocrx_word' id='word_1_739' title='bbox 3550 3876 3759 3953; x_wconf 63' lang='lat' dir='ltr'><strong>Egyplia</strong></span> 
     </span>
    </p>
   </div>
   <div class='ocr_carea' id='block_1_101' title="bbox 2217 3965 3762 4051">
    <p class='ocr_par' dir='ltr' id='par_1_101' title="bbox 2217 3965 3762 4051">
     <span class='ocr_line' id='line_1_101' title="bbox 2217 3965 3762 4051; baseline -0.008 -14"><span class='ocrx_word' id='word_1_740' title='bbox 2217 3982 2558 4038; x_wconf 86' lang='lat' dir='ltr'><strong>vestimentis</strong></span> <span class='ocrx_word' id='word_1_741' title='bbox 2617 3980 2940 4051; x_wconf 87' lang='lat' dir='ltr'><strong>spoliamlus</strong></span> <span class='ocrx_word' id='word_1_742' title='bbox 2993 3988 3145 4044; x_wconf 88' lang='lat' dir='ltr'><strong>erat,</strong></span> <span class='ocrx_word' id='word_1_743' title='bbox 3205 3978 3295 4034; x_wconf 91' lang='lat' dir='ltr'><strong>vel</strong></span> <span class='ocrx_word' id='word_1_744' title='bbox 3351 3973 3609 4047; x_wconf 89' lang='lat' dir='ltr'><strong>quomodo</strong></span> <span class='ocrx_word' id='word_1_745' title='bbox 3663 3965 3762 4038; x_wconf 66' lang='lat' dir='ltr'><strong>pilis</strong></span> 
     </span>
    </p>
   </div>
   <div class='ocr_carea' id='block_1_102' title="bbox 2216 4066 3762 4142">
    <p class='ocr_par' dir='ltr' id='par_1_102' title="bbox 2216 4066 3762 4142">
     <span class='ocr_line' id='line_1_102' title="bbox 2216 4066 3762 4142; baseline -0.01 -12"><span class='ocrx_word' id='word_1_746' title='bbox 2216 4075 2410 4130; x_wconf 85' lang='lat' dir='ltr'><strong>cameli</strong></span> <span class='ocrx_word' id='word_1_747' title='bbox 2450 4075 2688 4142; x_wconf 85' lang='lat' dir='ltr'><strong>Baptista</strong></span> <span class='ocrx_word' id='word_1_748' title='bbox 2728 4072 2968 4128; x_wconf 85' lang='lat' dir='ltr'><strong>Joannes</strong></span> <span class='ocrx_word' id='word_1_749' title='bbox 3002 4071 3231 4125; x_wconf 89' lang='lat' dir='ltr'><strong>indutus</strong></span> <span class='ocrx_word' id='word_1_750' title='bbox 3270 4079 3405 4125; x_wconf 88' lang='lat' dir='ltr'><strong>erat.</strong></span> <span class='ocrx_word' id='word_1_751' title='bbox 3450 4066 3548 4122; x_wconf 89' lang='lat' dir='ltr'><strong>Sed</strong></span> <span class='ocrx_word' id='word_1_752' title='bbox 3585 4077 3641 4118; x_wconf 86' lang='lat' dir='ltr'><strong>ea</strong></span> <span class='ocrx_word' id='word_1_753' title='bbox 3666 4069 3762 4127; x_wconf 65' lang='grc' dir='ltr'><em>ίιιιλθ</em></span> 
     </span>
    </p>
   </div>
   <div class='ocr_carea' id='block_1_103' title="bbox 2217 4150 3762 4235">
    <p class='ocr_par' dir='ltr' id='par_1_103' title="bbox 2217 4150 3762 4235">
     <span class='ocr_line' id='line_1_103' title="bbox 2217 4150 3762 4235; baseline -0.014 -12"><span class='ocrx_word' id='word_1_754' title='bbox 2217 4176 2346 4223; x_wconf 90' lang='lat' dir='ltr'><strong>sunt</strong></span> <span class='ocrx_word' id='word_1_755' title='bbox 2383 4167 2580 4221; x_wconf 73' lang='lat' dir='ltr'><strong>anima:</strong></span> <span class='ocrx_word' id='word_1_756' title='bbox 2620 4156 2851 4235; x_wconf 81' lang='lat' dir='ltr'><strong>Oportet.</strong></span> <span class='ocrx_word' id='word_1_757' title='bbox 2879 4179 3001 4218; x_wconf 86' lang='lat' dir='ltr'><strong>esse</strong></span> <span class='ocrx_word' id='word_1_758' title='bbox 3042 4163 3301 4226; x_wconf 88' lang='lat' dir='ltr'><strong>clariora,</strong></span> <span class='ocrx_word' id='word_1_759' title='bbox 3333 4163 3399 4218; x_wconf 87' lang='lat' dir='ltr'><strong>de</strong></span> <span class='ocrx_word' id='word_1_760' title='bbox 3425 4160 3611 4230; x_wconf 88' lang='lat' dir='ltr'><strong>quibus</strong></span> <span class='ocrx_word' id='word_1_761' title='bbox 3634 4150 3762 4207; x_wconf 88' lang='lat' dir='ltr'><strong>Salo-</strong></span> 
     </span>
    </p>
   </div>
   <div class='ocr_carea' id='block_1_104' title="bbox 2217 4252 3759 4327">
    <p class='ocr_par' dir='ltr' id='par_1_104' title="bbox 2217 4252 3759 4327">
     <span class='ocr_line' id='line_1_104' title="bbox 2217 4252 3759 4327; baseline -0.012 -10"><span class='ocrx_word' id='word_1_762' title='bbox 2217 4277 2344 4316; x_wconf 91' lang='lat' dir='ltr'><strong>mon</strong></span> <span class='ocrx_word' id='word_1_763' title='bbox 2398 4260 2656 4315; x_wconf 85' lang='lat' dir='ltr'><strong>dieebat:</strong></span> <span class='ocrx_word' id='word_1_764' title='bbox 2691 4258 2847 4315; x_wconf 88' lang='lat' dir='ltr'><strong>Omni</strong></span> <span class='ocrx_word' id='word_1_765' title='bbox 2908 4268 3141 4327; x_wconf 82' lang='lat' dir='ltr'><strong>tempore</strong></span> <span class='ocrx_word' id='word_1_766' title='bbox 3194 4257 3303 4311; x_wconf 82' lang='lat' dir='ltr'><strong>sint</strong></span> <span class='ocrx_word' id='word_1_767' title='bbox 3360 4255 3647 4311; x_wconf 79' lang='lat' dir='ltr'><strong>vestimenta</strong></span> <span class='ocrx_word' id='word_1_768' title='bbox 3687 4252 3759 4295; x_wconf 76' lang='lat' dir='ltr'><strong>tua</strong></span> 
     </span>
    </p>
   </div>
   <div class='ocr_carea' id='block_1_105' title="bbox 2216 4332 3762 4419">
    <p class='ocr_par' dir='ltr' id='par_1_105' title="bbox 2216 4332 3762 4419">
     <span class='ocr_line' id='line_1_105' title="bbox 2216 4332 3762 4419; baseline -0.012 -11"><span class='ocrx_word' id='word_1_769' title='bbox 2216 4354 2443 4408; x_wconf 83' lang='lat' dir='ltr'><strong>candida</strong></span> <span class='ocrx_word' id='word_1_770' title='bbox 2464 4353 2530 4407; x_wconf 78' lang='lat'><strong>&quot;.</strong></span> <span class='ocrx_word' id='word_1_771' title='bbox 2564 4350 2729 4405; x_wconf 83' lang='lat' dir='ltr'><strong>David</strong></span> <span class='ocrx_word' id='word_1_772' title='bbox 2763 4364 2893 4419; x_wconf 82' lang='lat' dir='ltr'><strong>ergo</strong></span> <span class='ocrx_word' id='word_1_773' title='bbox 2923 4348 2998 4402; x_wconf 87' lang='lat' dir='ltr'><strong>ait</strong></span> <span class='ocrx_word' id='word_1_774' title='bbox 3035 4366 3047 4401; x_wconf 90' lang='lat'><strong>:</strong></span> <span class='ocrx_word' id='word_1_775' title='bbox 3087 4347 3274 4403; x_wconf 85' lang='lat' dir='ltr'><strong>Omnis</strong></span> <span class='ocrx_word' id='word_1_776' title='bbox 3308 4347 3475 4418; x_wconf 84' lang='lat' dir='ltr'><strong>gloria</strong></span> <span class='ocrx_word' id='word_1_777' title='bbox 3504 4343 3627 4412; x_wconf 72' lang='lat' dir='ltr'><strong>ejus,</strong></span> <span class='ocrx_word' id='word_1_778' title='bbox 3661 4332 3762 4404; x_wconf 65' lang='lat' dir='ltr'><strong>ﬁlia!</strong></span> 
     </span>
    </p>
   </div>
   <div class='ocr_carea' id='block_1_106' title="bbox 2218 4433 3761 4514">
    <p class='ocr_par' dir='ltr' id='par_1_106' title="bbox 2218 4433 3761 4514">
     <span class='ocr_line' id='line_1_106' title="bbox 2218 4433 3761 4514; baseline -0.012 -17"><span class='ocrx_word' id='word_1_779' title='bbox 2218 4444 2352 4514; x_wconf 84' lang='lat' dir='ltr'><strong>regis</strong></span> <span class='ocrx_word' id='word_1_780' title='bbox 2399 4443 2465 4496; x_wconf 88' lang='lat' dir='ltr'><strong>ab</strong></span> <span class='ocrx_word' id='word_1_781' title='bbox 2513 4442 2699 4504; x_wconf 86' lang='lat' dir='ltr'><strong>intra,</strong></span> <span class='ocrx_word' id='word_1_782' title='bbox 2738 4439 3054 4509; x_wconf 82' lang='lat' dir='ltr'><strong>iu_ﬁmbriis</strong></span> <span class='ocrx_word' id='word_1_783' title='bbox 3106 4439 3285 4491; x_wconf 89' lang='lat' dir='ltr'><strong>aureis</strong></span> <span class='ocrx_word' id='word_1_784' title='bbox 3343 4433 3649 4491; x_wconf 84' lang='lat' dir='ltr'><strong>circumdata</strong></span> <span class='ocrx_word' id='word_1_785' title='bbox 3688 4438 3761 4476; x_wconf 78' lang='grc' dir='ltr'><strong>ιά-</strong></span> 
     </span>
    </p>
   </div>
   <div class='ocr_carea' id='block_1_107' title="bbox 2224 4529 3759 4594">
    <p class='ocr_par' dir='ltr' id='par_1_107' title="bbox 2224 4529 3759 4594">
     <span class='ocr_line' id='line_1_107' title="bbox 2224 4529 3759 4594; baseline -0.011 -3"><span class='ocrx_word' id='word_1_786' title='bbox 2224 4538 2413 4591; x_wconf 84' lang='lat' dir='ltr'><strong>rietate</strong></span> <span class='ocrx_word' id='word_1_787' title='bbox 2442 4534 2509 4586; x_wconf 76' lang='grc'><strong>’⁷.</strong></span> <span class='ocrx_word' id='word_1_788' title='bbox 2545 4531 2783 4587; x_wconf 88' lang='lat' dir='ltr'><strong>Gloriam</strong></span> <span class='ocrx_word' id='word_1_789' title='bbox 2821 4530 2984 4594; x_wconf 87' lang='lat' dir='ltr'><strong>intra,</strong></span> <span class='ocrx_word' id='word_1_790' title='bbox 3009 4529 3206 4583; x_wconf 68' lang='lat' dir='ltr'><strong>animae</strong></span> <span class='ocrx_word' id='word_1_791' title='bbox 3228 4529 3480 4584; x_wconf 87' lang='lat' dir='ltr'><strong>decorem</strong></span> <span class='ocrx_word' id='word_1_792' title='bbox 3511 4529 3728 4577; x_wconf 85' lang='lat' dir='ltr'><strong>asserens</strong></span> <span class='ocrx_word' id='word_1_793' title='bbox 3746 4551 3759 4574; x_wconf 78' lang='grc' dir='ltr'><strong>ν</strong></span> 
     </span>
    </p>
   </div>
   <div class='ocr_carea' id='block_1_108' title="bbox 2223 4600 3759 4690">
    <p class='ocr_par' dir='ltr' id='par_1_108' title="bbox 2223 4600 3759 4690">
     <span class='ocr_line' id='line_1_108' title="bbox 2223 4600 3759 4690; baseline -0.012 -9"><span class='ocrx_word' id='word_1_794' title='bbox 2223 4627 2279 4682; x_wconf 85' lang='lat' dir='ltr'><strong>in</strong></span> <span class='ocrx_word' id='word_1_795' title='bbox 2319 4624 2554 4680; x_wconf 84' lang='lat' dir='ltr'><strong>ﬁmbriis</strong></span> <span class='ocrx_word' id='word_1_796' title='bbox 2584 4622 2785 4683; x_wconf 89' lang='lat' dir='ltr'><strong>aureis,</strong></span> <span class='ocrx_word' id='word_1_797' title='bbox 2817 4636 2940 4690; x_wconf 68' lang='lat' dir='ltr'><strong>quae</strong></span> <span class='ocrx_word' id='word_1_798' title='bbox 2970 4619 3227 4674; x_wconf 71' lang='lat' dir='ltr'><strong>videlicet</strong></span> <span class='ocrx_word' id='word_1_799' title='bbox 3257 4628 3382 4673; x_wconf 85' lang='lat' dir='ltr'><strong>sunt</strong></span> <span class='ocrx_word' id='word_1_800' title='bbox 3415 4617 3648 4672; x_wconf 87' lang='lat' dir='ltr'><strong>virtutes.</strong></span> <span class='ocrx_word' id='word_1_801' title='bbox 3677 4600 3759 4658; x_wconf 77' lang='lat' dir='ltr'><strong>Sed</strong></span> 
     </span>
    </p>
   </div>
   <div class='ocr_carea' id='block_1_109' title="bbox 2223 4697 3762 4795">
    <p class='ocr_par' dir='ltr' id='par_1_109' title="bbox 2223 4697 3762 4795">
     <span class='ocr_line' id='line_1_109' title="bbox 2223 4697 3762 4795; baseline -0.014 -22"><span class='ocrx_word' id='word_1_802' title='bbox 2223 4718 2417 4773; x_wconf 89' lang='lat' dir='ltr'><strong>horum</strong></span> <span class='ocrx_word' id='word_1_803' title='bbox 2445 4716 2899 4772; x_wconf 88' lang='lat' dir='ltr'><strong>vestimentorum</strong></span> <span class='ocrx_word' id='word_1_804' title='bbox 2930 4709 3179 4781; x_wconf 72' lang='lat' dir='ltr'><strong>quaédam</strong></span> <span class='ocrx_word' id='word_1_805' title='bbox 3209 4719 3337 4765; x_wconf 90' lang='lat' dir='ltr'><strong>sunt</strong></span> <span class='ocrx_word' id='word_1_806' title='bbox 3361 4711 3530 4770; x_wconf 91' lang='lat' dir='ltr'><strong>lanea,</strong></span> <span class='ocrx_word' id='word_1_807' title='bbox 3552 4697 3762 4795; x_wconf 65' lang='lat' dir='ltr'><strong>quaedatn</strong></span> 
     </span>
    </p>
   </div>
   <div class='ocr_carea' id='block_1_110' title="bbox 2222 4802 3761 4878">
    <p class='ocr_par' dir='ltr' id='par_1_110' title="bbox 2222 4802 3761 4878">
     <span class='ocr_line' id='line_1_110' title="bbox 2222 4802 3761 4878; baseline -0.017 -12"><span class='ocrx_word' id='word_1_808' title='bbox 2222 4811 2367 4866; x_wconf 86' lang='lat' dir='ltr'><strong>linea</strong></span> <span class='ocrx_word' id='word_1_809' title='bbox 2401 4831 2412 4864; x_wconf 94' lang='lat'><strong>:</strong></span> <span class='ocrx_word' id='word_1_810' title='bbox 2448 4810 2623 4873; x_wconf 87' lang='lat' dir='ltr'><strong>lanea,</strong></span> <span class='ocrx_word' id='word_1_811' title='bbox 2669 4807 2908 4878; x_wconf 76' lang='lat' dir='ltr'><strong>pretiosa</strong></span> <span class='ocrx_word' id='word_1_812' title='bbox 2957 4813 3012 4859; x_wconf 84' lang='lat' dir='ltr'><strong>ct</strong></span> <span class='ocrx_word' id='word_1_813' title='bbox 3056 4820 3272 4875; x_wconf 82' lang='lat' dir='ltr'><strong>magna,</strong></span> <span class='ocrx_word' id='word_1_814' title='bbox 3311 4803 3633 4867; x_wconf 84' lang='lat' dir='ltr'><strong>multumque</strong></span> <span class='ocrx_word' id='word_1_815' title='bbox 3665 4802 3761 4844; x_wconf 87' lang='lat' dir='ltr'><strong>am-</strong></span> 
     </span>
    </p>
   </div>
   <div class='ocr_carea' id='block_1_111' title="bbox 2223 4887 3761 4961">
    <p class='ocr_par' dir='ltr' id='par_1_111' title="bbox 2223 4887 3761 4961">
     <span class='ocr_line' id='line_1_111' title="bbox 2223 4887 3761 4961; baseline -0.014 -4"><span class='ocrx_word' id='word_1_816' title='bbox 2223 4919 2367 4957; x_wconf 89' lang='lat' dir='ltr'><strong>mam</strong></span> <span class='ocrx_word' id='word_1_817' title='bbox 2417 4898 2827 4961; x_wconf 86' lang='lat' dir='ltr'><strong>calefacientia;</strong></span> <span class='ocrx_word' id='word_1_818' title='bbox 2884 4896 3029 4951; x_wconf 87' lang='lat' dir='ltr'><strong>linea</strong></span> <span class='ocrx_word' id='word_1_819' title='bbox 3084 4908 3245 4957; x_wconf 88' lang='lat' dir='ltr'><strong>vero,</strong></span> <span class='ocrx_word' id='word_1_820' title='bbox 3298 4893 3449 4955; x_wconf 89' lang='lat' dir='ltr'><strong>vilia,</strong></span> <span class='ocrx_word' id='word_1_821' title='bbox 3501 4887 3761 4960; x_wconf 71' lang='lat' dir='ltr'><strong>parumque</strong></span> 
     </span>
    </p>
   </div>
   <div class='ocr_carea' id='block_1_112' title="bbox 2223 4975 3759 5052">
    <p class='ocr_par' dir='ltr' id='par_1_112' title="bbox 2223 4975 3759 5052">
     <span class='ocr_line' id='line_1_112' title="bbox 2223 4975 3759 5052; baseline -0.015 -2"><span class='ocrx_word' id='word_1_822' title='bbox 2223 4992 2619 5051; x_wconf 82' lang='lat' dir='ltr'><strong>calefacientia.</strong></span> <span class='ocrx_word' id='word_1_823' title='bbox 2659 4990 2838 5044; x_wconf 84' lang='lat' dir='ltr'><strong>Lanea</strong></span> <span class='ocrx_word' id='word_1_824' title='bbox 2887 4988 3076 5052; x_wconf 88' lang='lat' dir='ltr'><strong>vestis,</strong></span> <span class='ocrx_word' id='word_1_825' title='bbox 3118 4988 3315 5041; x_wconf 73' lang='lat' dir='ltr'><strong>anima:</strong></span> <span class='ocrx_word' id='word_1_826' title='bbox 3364 4993 3445 5040; x_wconf 86' lang='lat' dir='ltr'><strong>est</strong></span> <span class='ocrx_word' id='word_1_827' title='bbox 3480 4975 3759 5051; x_wconf 73' lang='lat' dir='ltr'><strong>virginitas;</strong></span> 
     </span>
    </p>
   </div>
   <div class='ocr_carea' id='block_1_113' title="bbox 2222 5064 3759 5153">
    <p class='ocr_par' dir='ltr' id='par_1_113' title="bbox 2222 5064 3759 5153">
     <span class='ocr_line' id='line_1_113' title="bbox 2222 5064 3759 5153; baseline -0.008 -13"><span class='ocrx_word' id='word_1_828' title='bbox 2222 5087 2387 5149; x_wconf 88' lang='lat' dir='ltr'><strong>linea,</strong></span> <span class='ocrx_word' id='word_1_829' title='bbox 2421 5084 2645 5139; x_wconf 87' lang='lat' dir='ltr'><strong>castitas</strong></span> <span class='ocrx_word' id='word_1_830' title='bbox 2691 5082 3017 5153; x_wconf 82' lang='lat' dir='ltr'><strong>conjugalis.</strong></span> <span class='ocrx_word' id='word_1_831' title='bbox 3064 5080 3263 5144; x_wconf 88' lang='lat' dir='ltr'><strong>Lanea,</strong></span> <span class='ocrx_word' id='word_1_832' title='bbox 3308 5097 3337 5133; x_wconf 92' lang='lat' dir='ltr'><strong>a</strong></span> <span class='ocrx_word' id='word_1_833' title='bbox 3380 5083 3600 5149; x_wconf 75' lang='lat' dir='ltr'><strong>qumstu,</strong></span> <span class='ocrx_word' id='word_1_834' title='bbox 3638 5064 3709 5120; x_wconf 74' lang='lat' dir='ltr'><strong>vel</strong></span> <span class='ocrx_word' id='word_1_835' title='bbox 3735 5076 3759 5114; x_wconf 65' lang='grc' dir='ltr'><strong>θ</strong></span> 
     </span>
    </p>
   </div>
   <div class='ocr_carea' id='block_1_114' title="bbox 2225 5159 3761 5255">
    <p class='ocr_par' dir='ltr' id='par_1_114' title="bbox 2225 5159 3761 5255">
     <span class='ocr_line' id='line_1_114' title="bbox 2225 5159 3761 5255; baseline -0.012 -22"><span class='ocrx_word' id='word_1_836' title='bbox 2225 5176 2553 5250; x_wconf 78' lang='lat' dir='ltr'><strong>possidendo</strong></span> <span class='ocrx_word' id='word_1_837' title='bbox 2600 5174 2970 5239; x_wconf 87' lang='lat' dir='ltr'><strong>continentia;</strong></span> <span class='ocrx_word' id='word_1_838' title='bbox 3022 5173 3186 5236; x_wconf 87' lang='lat' dir='ltr'><strong>linea,</strong></span> <span class='ocrx_word' id='word_1_839' title='bbox 3227 5173 3526 5228; x_wconf 80' lang='lat' dir='ltr'><strong>habitarunt</strong></span> <span class='ocrx_word' id='word_1_840' title='bbox 3577 5159 3761 5255; x_wconf 47' lang='lat' dir='ltr'><strong>largitas</strong></span> 
     </span>
    </p>
   </div>
   <div class='ocr_carea' id='block_1_115' title="bbox 2224 5259 3758 5336">
    <p class='ocr_par' dir='ltr' id='par_1_115' title="bbox 2224 5259 3758 5336">
     <span class='ocr_line' id='line_1_115' title="bbox 2224 5259 3758 5336; baseline -0.009 -10"><span class='ocrx_word' id='word_1_841' title='bbox 2224 5287 2428 5326; x_wconf 87' lang='lat' dir='ltr'><strong>rerum.</strong></span> <span class='ocrx_word' id='word_1_842' title='bbox 2481 5264 2758 5333; x_wconf 76' lang='lat' dir='ltr'><strong>Lane&#39;um,</strong></span> <span class='ocrx_word' id='word_1_843' title='bbox 2813 5267 2982 5321; x_wconf 90' lang='lat' dir='ltr'><strong>eremi</strong></span> <span class='ocrx_word' id='word_1_844' title='bbox 3035 5265 3407 5336; x_wconf 86' lang='lat' dir='ltr'><strong>philosophia;</strong></span> <span class='ocrx_word' id='word_1_845' title='bbox 3456 5261 3673 5314; x_wconf 71' lang='lat' dir='ltr'><strong>lincum.</strong></span> <span class='ocrx_word' id='word_1_846' title='bbox 3716 5259 3758 5336; x_wconf 60' lang='grc' dir='ltr'><em>ιη</em></span> 
     </span>
    </p>
   </div>
   <div class='ocr_carea' id='block_1_116' title="bbox 2220 5334 3756 5424">
    <p class='ocr_par' dir='ltr' id='par_1_116' title="bbox 2220 5334 3756 5424">
     <span class='ocr_line' id='line_1_116' title="bbox 2220 5334 3756 5424; baseline -0.005 -9"><span class='ocrx_word' id='word_1_847' title='bbox 2220 5360 2444 5418; x_wconf 87' lang='lat' dir='ltr'><strong>civitate</strong></span> <span class='ocrx_word' id='word_1_848' title='bbox 2480 5361 2757 5424; x_wconf 89' lang='lat' dir='ltr'><strong>honestas,</strong></span> <span class='ocrx_word' id='word_1_849' title='bbox 2793 5359 2907 5412; x_wconf 89' lang='lat' dir='ltr'><strong>sive</strong></span> <span class='ocrx_word' id='word_1_850' title='bbox 2938 5358 3224 5413; x_wconf 87' lang='lat' dir='ltr'><strong>modestia.</strong></span> <span class='ocrx_word' id='word_1_851' title='bbox 3260 5359 3492 5411; x_wconf 89' lang='lat' dir='ltr'><strong>Lancum</strong></span> <span class='ocrx_word' id='word_1_852' title='bbox 3528 5358 3679 5416; x_wconf 68' lang='lat' dir='ltr'><strong>usque</strong></span> <span class='ocrx_word' id='word_1_853' title='bbox 3705 5334 3756 5390; x_wconf 63' lang='lat' dir='ltr'><strong>ad</strong></span> 
     </span>
    </p>
   </div>
   <div class='ocr_carea' id='block_1_117' title="bbox 2218 5430 3759 5535">
    <p class='ocr_par' dir='ltr' id='par_1_117' title="bbox 2218 5430 3759 5535">
     <span class='ocr_line' id='line_1_117' title="bbox 2218 5430 3759 5535; baseline -0.012 -27"><span class='ocrx_word' id='word_1_854' title='bbox 2218 5461 2454 5508; x_wconf 82' lang='lat' dir='ltr'><strong>mortem</strong></span> <span class='ocrx_word' id='word_1_855' title='bbox 2486 5468 2585 5522; x_wconf 90' lang='lat' dir='ltr'><strong>pro</strong></span> <span class='ocrx_word' id='word_1_856' title='bbox 2614 5451 2844 5505; x_wconf 89' lang='lat' dir='ltr'><strong>veritate</strong></span> <span class='ocrx_word' id='word_1_857' title='bbox 2889 5453 3121 5515; x_wconf 89' lang='lat' dir='ltr'><strong>certari;</strong></span> <span class='ocrx_word' id='word_1_858' title='bbox 3164 5452 3367 5506; x_wconf 74' lang='lat' dir='ltr'><strong>linteum</strong></span> <span class='ocrx_word' id='word_1_859' title='bbox 3413 5447 3538 5501; x_wconf 86' lang='lat' dir='ltr'><strong>falsa</strong></span> <span class='ocrx_word' id='word_1_860' title='bbox 3574 5430 3759 5535; x_wconf 29' lang='lat' dir='ltr'><strong>nor-1‘10-</strong></span> 
     </span>
    </p>
   </div>
   <div class='ocr_carea' id='block_1_118' title="bbox 2216 5531 3755 5616">
    <p class='ocr_par' dir='ltr' id='par_1_118' title="bbox 2216 5531 3755 5616">
     <span class='ocr_line' id='line_1_118' title="bbox 2216 5531 3755 5616; baseline -0.014 -17"><span class='ocrx_word' id='word_1_861' title='bbox 2216 5545 2330 5616; x_wconf 89' lang='lat' dir='ltr'><strong>qui.</strong></span> <span class='ocrx_word' id='word_1_862' title='bbox 2347 5544 2504 5600; x_wconf 90' lang='lat' dir='ltr'><strong>Unde</strong></span> <span class='ocrx_word' id='word_1_863' title='bbox 2531 5552 2585 5598; x_wconf 90' lang='lat' dir='ltr'><strong>et</strong></span> <span class='ocrx_word' id='word_1_864' title='bbox 2603 5541 2863 5597; x_wconf 85' lang='lat' dir='ltr'><strong>Salomon</strong></span> <span class='ocrx_word' id='word_1_865' title='bbox 2895 5543 3192 5598; x_wconf 73' lang='lat' dir='ltr'><strong>Ecclesium</strong></span> <span class='ocrx_word' id='word_1_866' title='bbox 3214 5538 3515 5610; x_wconf 84' lang='lat' dir='ltr'><strong>duplicibus</strong></span> <span class='ocrx_word' id='word_1_867' title='bbox 3539 5531 3755 5616; x_wconf 74' lang='lat' dir='ltr'><strong>vestitam</strong></span> 
     </span>
    </p>
   </div>
   <div class='ocr_carea' id='block_1_119' title="bbox 2218 5612 3755 5708">
    <p class='ocr_par' dir='ltr' id='par_1_119' title="bbox 2218 5612 3755 5708">
     <span class='ocr_line' id='line_1_119' title="bbox 2218 5612 3755 5708; baseline -0.012 -16"><span class='ocrx_word' id='word_1_868' title='bbox 2218 5612 2312 5708; x_wconf 80' lang='lat' dir='ltr'><strong>per</strong></span> <span class='ocrx_word' id='word_1_869' title='bbox 2349 5634 2801 5707; x_wconf 80' lang='lat' dir='ltr'><strong>significationem</strong></span> <span class='ocrx_word' id='word_1_870' title='bbox 2844 5650 3099 5691; x_wconf 85' lang='lat' dir='ltr'><strong>asserens</strong></span> <span class='ocrx_word' id='word_1_871' title='bbox 3132 5635 3348 5691; x_wconf 78' lang='lat' dir='ltr'><strong>dicebat</strong></span> <span class='ocrx_word' id='word_1_872' title='bbox 3378 5651 3389 5685; x_wconf 91' lang='lat'><strong><em>:</em></strong></span> <span class='ocrx_word' id='word_1_873' title='bbox 3433 5620 3657 5694; x_wconf 64' lang='lat' dir='ltr'><strong>Quaesivit</strong></span> <span class='ocrx_word' id='word_1_874' title='bbox 3689 5612 3755 5665; x_wconf 68' lang='grc' dir='ltr'><strong>Ισο</strong></span> 
     </span>
    </p>
   </div>
   <div class='ocr_carea' id='block_1_120' title="bbox 2699 5772 3750 5861">
    <p class='ocr_par' dir='ltr' id='par_1_120' title="bbox 2699 5772 3750 5861">
     <span class='ocr_line' id='line_1_120' title="bbox 2699 5772 3750 5861; baseline -0.011 -11"><span class='ocrx_word' id='word_1_875' title='bbox 2699 5795 2741 5825; x_wconf 76' lang='grc'><strong>’⁵</strong></span> <span class='ocrx_word' id='word_1_876' title='bbox 2773 5794 2817 5850; x_wconf 86' lang='grc' dir='ltr'>ΙΙ</span> <span class='ocrx_word' id='word_1_877' title='bbox 2844 5794 2996 5859; x_wconf 74' lang='lat' dir='ltr'><strong>Joau.</strong></span> <span class='ocrx_word' id='word_1_878' title='bbox 3031 5812 3085 5861; x_wconf 86' lang='grc' dir='ltr'><strong>ι,</strong></span> <span class='ocrx_word' id='word_1_879' title='bbox 3118 5797 3201 5850; x_wconf 78' lang='lat'><strong>{0.</strong></span> <span class='ocrx_word' id='word_1_880' title='bbox 3310 5794 3353 5829; x_wconf 61' lang='grc' dir='ltr'>η</span> <span class='ocrx_word' id='word_1_881' title='bbox 3385 5789 3555 5845; x_wconf 78' lang='lat' dir='ltr'><strong>Ecclc.</strong></span> <span class='ocrx_word' id='word_1_882' title='bbox 3601 5796 3675 5843; x_wconf 72' lang='lat' dir='ltr'><strong>IX,</strong></span> <span class='ocrx_word' id='word_1_883' title='bbox 3708 5772 3750 5825; x_wconf 77' lang='grc'>8·</span> 
     </span>
    </p>
   </div>
  </div>
